1894 3223
141 113 214 148 >384
735 105 823 140 [ΑΒ.
852 103 914 146 111,
943 103 1042 139 CAP.
1069 101 1173 139 XCII.

148 193 225 230 hoc
245 189 350 237 quod
383 187 595 224 efficaciter
620 187 838 231 exequatur
855 192 925 229 per
946 182 1130 220 virtutem
1154 191 1177 220 a
1196 181 1393 229 superiori
1426 189 1548 219 causa
1567 179 1762 227 adeptam.

149 238 256 276 Unde
287 236 457 281 primum
490 231 682 269 auxilium
718 233 780 268 est
810 229 1092 267 universalius.
1114 229 1296 267 Secunda
1325 228 1550 266 differentia
1582 231 1654 272 est,
1671 227 1766 274 quia

149 283 365 322 secundum
388 279 580 316 auxilium
615 277 730 314 datur
749 276 798 314 ad
824 276 1146 323 prosequendum
1167 275 1382 313 efficaciter
1407 284 1453 312 ea
1473 284 1558 322 quae
1580 274 1762 311 intendit.

150 330 271 372 Unde,
290 336 380 365 cum
401 325 562 363 fortuita
577 324 658 362 sint
673 327 814 370 praeter
831 324 1106 368 intentionem,
1122 332 1170 360 ex
1183 323 1254 360 tali
1268 322 1417 359 auxilio
1436 331 1516 360 non
1535 324 1665 368 potest
1685 320 1764 358 dici

150 378 284 419 horno,
306 373 463 420 proprie
478 371 692 418 loquendo,
711 371 813 408 bene
831 370 1068 412 fortunatus,
1094 370 1198 407 sicut
1228 371 1360 415 potest
1376 368 1454 405 dici
1486 378 1533 405 ex
1558 368 1700 414 prime,
1723 370 1767 405 ut

152 432 197 460 su
230 431 272 458 ra
289 424 496 458 ostensum
512 422 585 456 est.

197 432 400 514 Eontingit
430 469 562 504 autem
586 464 739 502 homini
770 463 871 501 bene
903 464 963 500 vel
1003 463 1105 501 male
1140 462 1360 500 secundum
1393 461 1607 506 fortunam,
1639 467 1766 508 quan·

151 515 281 562 doque
301 513 459 560 quidem
479 513 569 559 ipso
589 511 678 549 solo
699 510 982 558 agente‚sicut‚
998 519 1088 546 cum
1110 509 1267 547 fodiens
1282 513 1425 545 terram
1440 509 1590 545 invenit
1606 508 1766 545 thesau-

151 571 239 599 rum
250 562 521 608 quiescentem
537 570 546 604 3
569 558 806 605 quandoque
820 561 950 594 autem
961 556 1332 594 additionealterius
1342 565 1474 592 causae
1490 557 1765 600 concurrente,

152 609 256 646 sicut
276 616 366 644 cum
386 605 533 653 aliquis
551 605 702 642 vadens
721 605 769 641 ad
789 604 918 641 forum
939 612 1061 641 causa
1088 602 1244 641 emendi
1264 602 1428 649 aliquid,
1450 601 1600 639 invenit
1618 601 1768 638 debito·

152 665 235 692 rem
257 663 373 701 quem
393 661 475 691 non
495 652 679 690 credebat
697 651 889 688 invenire.
912 653 953 687 ln
973 650 1101 696 primo
1122 653 1253 687 autem
1285 652 1426 686 eventu
1456 649 1578 686 homo
1608 648 1767 694 adjuva-

152 707 216 739 tur
235 702 285 739 ad
301 701 376 738 hoc
397 700 502 747 quod
530 698 679 746 aliquid
699 698 776 736 sibi
807 698 907 735 bene
939 697 1143 744 contingat
1162 696 1381 734 secundum
1402 695 1478 732 hoc
1500 695 1630 732 solum
1661 693 1767 741 quod

153 749 346 795 dirigatur
365 748 407 784 in
425 745 609 794 eligendo
629 745 727 783 illud
746 745 811 782 cui
831 744 1087 790 conjunctum
1108 746 1168 781 est
1185 751 1256 789 per
1271 742 1457 779 accidens
1478 741 1639 788 aliquod
1660 749 1767 778 com-

153 796 330 839 modum,
351 793 456 841 quod
487 792 669 839 provenit
695 796 836 838 praeter
862 791 1137 827 intentionem.
1157 791 1200 827 In
1244 789 1420 827 secundo
1459 792 1591 825 autem
1625 790 1768 825 eventu

154 841 434 925 opoirtetkquod
455 844 620 887 uterque
639 847 763 886 agens
779 838 973 885 dirigatur
988 837 1035 874 ad
1059 836 1286 884 eligendum
1319 835 1517 873 actionem
1534 835 1596 871 vel
1616 837 1768 871 motum

154 898 208 926 un
238 898 259 925 e
279 888 312 925 si
343 888 355 924 i
376 890 598 925 occurrant.

203 936 364 981 Oportet
382 937 512 971 autem
531 937 570 970 et
588 932 694 970 aliud
715 932 967 969 considerare
987 931 1093 968 circa
1108 939 1156 967 ea
1175 939 1261 977 quae
1281 928 1387 966 dicta
1407 932 1513 965 sunt.
1533 927 1687 965 Dictum
1709 930 1770 965 est

155 983 275 1026 enini,
289 981 394 1028 quod
405 980 454 1018 ad
469 981 545 1017 hoc
564 979 671 1026 quod
685 979 835 1016 homini
852 977 1001 1025 aliquid
1016 977 1116 1014 bene
1133 977 1338 1023 contingat
1351 975 1412 1012 vel
1427 975 1528 1012 male
1547 974 1767 1013 secundum

155 1030 368 1071 fortunam,
391 1032 429 1064 et
448 1037 495 1064 ex
526 1029 606 1063 Deo
636 1030 709 1070 est,
727 1030 764 1062 et
792 1035 815 1062 a
833 1034 999 1071 corpore
1032 1024 1184 1061 coelesti
1214 1032 1303 1061 esse
1334 1025 1478 1069 potest,
1501 1022 1542 1058 in
1575 1025 1768 1070 quantum

156 1076 276 1113 homo
295 1084 318 1112 a
335 1077 414 1112 Deo
435 1074 650 1111 inclinatur
668 1073 717 1110 ad
746 1072 973 1119 eligendum
993 1071 1144 1118 aliquid
1163 1071 1227 1108 cui
1249 1069 1503 1116 conjunctum
1527 1072 1588 1105 est
1607 1067 1769 1115 aliquod

156 1122 409 1160 commodum
439 1121 500 1157 vel
529 1119 840 1164 incommodum,
863 1119 968 1166 quod
1004 1118 1157 1164 eligens
1195 1126 1275 1154 non
1312 1115 1634 1163 praeconsiderat,
1655 1119 1692 1151 et
1727 1114 1769 1152 in

155 1173 348 1215 quantum
397 1178 422 1205 a
458 1176 624 1213 corpore
660 1167 810 1203 coelesti
846 1166 893 1202 ad
933 1165 1009 1202 tale
1055 1164 1204 1211 aliquid
1251 1163 1476 1210 eligendum
1529 1162 1766 1208 disponitur.

158 1218 238 1253 Hoc
277 1218 406 1252 autem
454 1213 705 1250 commodum
753 1213 814 1249 vel
852 1211 1150 1248 incommodum
1195 1210 1354 1257 quidem
1393 1209 1559 1245 relatum
1598 1208 1646 1245 ad
1685 1208 1768 1245 ele·

158 1263 328 1299 ctionem
362 1261 538 1298 hominis
558 1264 619 1297 est
649 1259 867 1304 fortuitum,
890 1259 1054 1296 relatum
1085 1257 1135 1295 ad
1155 1259 1276 1294 Deum
1298 1256 1490 1293 rationem
1520 1255 1661 1293 amittit
1690 1256 1768 1291 for-

157 1310 357 1352 tuiti‚non
387 1312 517 1345 autem
547 1307 713 1343 relatum
735 1306 782 1343 ad
813 1314 957 1351 corpus
987 1305 1160 1343 coeleste.
1183 1303 1295 1349 Quod
1328 1303 1386 1340 sic
1405 1306 1523 1348 patet,
1546 1311 1624 1339 non
1664 1302 1769 1339 enim

158 1356 303 1402 aliquis
333 1358 496 1392 eventus
529 1354 672 1390 amittit
700 1353 892 1390 rationem
922 1352 1087 1396 fortuiti,
1108 1351 1186 1389 nisi
1217 1351 1428 1387 reducatur
1447 1350 1487 1385 in
1518 1358 1679 1386 causan]
1702 1356 1770 1394 per

158 1412 214 1439 se.
236 1402 366 1438 Virtus
384 1405 515 1438 autem
537 1399 712 1437 coelestis
741 1400 920 1444 corporis
941 1403 1001 1435 est
1034 1407 1156 1436 causa
1177 1406 1314 1444 agens,
1336 1405 1417 1433 non
1437 1405 1505 1441 per
1526 1395 1685 1432 modum
1708 1396 1769 1431 in·

157 1449 338 1485 tellectus
368 1452 406 1491 et
434 1447 654 1490 electionis,
678 1446 747 1482 sed
777 1455 846 1491 per
873 1446 1033 1482 modum
1070 1448 1232 1482 naturae.
1252 1445 1406 1480 Naturae
1439 1445 1569 1478 autem
1602 1445 1662 1478 est
1681 1450 1770 1487 pro·

157 1496 287 1542 prium
306 1494 467 1531 tendere
487 1493 536 1530 ad
547 1502 684 1530 unum.
706 1493 744 1529 Si
761 1502 855 1539 ergo
871 1492 1016 1539 aliquis
1035 1491 1201 1528 effectus
1220 1499 1301 1527 non
1317 1492 1378 1527 est
1398 1497 1516 1533 unus,
1541 1497 1622 1525 non
1641 1490 1777 1534 potest.v

156 1552 226 1588 per
255 1551 298 1578 se
324 1550 413 1578 esse
446 1549 567 1577 causa
599 1539 684 1592 eJus
704 1539 836 1586 aliqua
866 1540 991 1576 virtus
1012 1538 1218 1575 naturalis.
1242 1538 1337 1574 Cum
1367 1539 1497 1574 autem
1533 1536 1665 1582 aliqua
1692 1535 1771 1572 duo

157 1589 234 1626 sihi
253 1598 322 1634 per
341 1587 526 1625 accidens
538 1592 847 1633 conjunguntur,
869 1595 951 1623 non
971 1589 1065 1622 sunt
1090 1594 1181 1622 vere
1200 1593 1339 1624 unum,
1360 1583 1430 1621 sed
1447 1582 1576 1620 solum
1588 1591 1657 1629 per
1671 1581 1774 1619 acci-

157 1636 270 1672 dens.
291 1634 399 1672 Unde
419 1634 538 1680 hujus
569 1633 865 1680 conjunctionis
895 1633 1004 1669 nulla
1031 1641 1152 1670 causa
1170 1630 1361 1668 naturalis
1378 1639 1447 1677 per
1469 1639 1511 1667 se
1533 1638 1655 1667 causa
1682 1637 1773 1667 esse

157 1686 299 1728 potest.
321 1682 360 1719 Si
380 1690 475 1727 ergo
490 1681 565 1718 iste
582 1681 703 1718 homo
724 1689 772 1717 ex
789 1680 1054 1726 impressione
1074 1679 1249 1716 coelestis
1269 1677 1448 1724 corporis
1470 1676 1685 1723 instigatur
1702 1684 1772 1722 per

156 1729 319 1766 modum
348 1728 568 1774 passionis,
588 1731 631 1764 ut
650 1727 799 1764 dictum
834 1731 907 1771 est,
925 1727 975 1763 ad
1005 1726 1238 1763 fodiendum
1267 1724 1519 1772 sepulcrum3
1545 1723 1772 1769 sepulcrum

158 1780 289 1813 autem
324 1779 363 1812 et
389 1776 502 1812 locus
533 1774 710 1811 thesauri
740 1783 820 1810 non
856 1777 950 1810 sunt
981 1782 1104 1810 unum
1134 1772 1212 1809 nisi
1242 1781 1312 1818 per
1340 1771 1538 1814 accidens,
1562 1770 1656 1817 quia
1690 1777 1771 1807 non

158 1822 304 1860 habent
325 1822 498 1868 aliquem
530 1821 710 1858 ordinem
741 1820 789 1857 ad
820 1821 1004 1864 invicem,
1024 1819 1128 1856 unde
1146 1823 1183 1856 et
1201 1819 1326 1855 virtus
1345 1817 1520 1856 coelestis
1541 1825 1620 1854 non
1641 1820 1772 1862 potest

157 1878 227 1915 per
247 1878 290 1905 se
310 1868 502 1905 inclinare
536 1868 585 1905 ad
604 1867 680 1904 hoc
706 1871 832 1903 totum
853 1867 959 1913 quod
988 1867 1064 1903 iste
1085 1866 1209 1903 fodiat
1240 1864 1466 1911 sepulcrum
1487 1867 1524 1900 et
1550 1863 1681 1900 locum
1704 1862 1771 1900 ubi

157 1919 218 1952 est
238 1916 464 1952 thesaurus.
488 1914 562 1952 Sed
593 1913 740 1961 aliquis
758 1923 826 1959 per
847 1913 1090 1949 intellectum
1111 1921 1235 1959 agens
1255 1915 1386 1958 potest
1405 1919 1493 1948 esse
1514 1918 1637 1947 causa
1656 1909 1771 1947 incli-

157 1962 332 1999 nationis
352 1961 392 1998 in
429 1961 504 1998 hoc
532 1964 673 2005 totum,
695 1960 789 2007 quia
813 1960 1072 2006 intelligentis
1099 1962 1160 1997 est
1189 1959 1314 1996 multa
1344 1957 1528 1995 ordinare
1561 1957 1603 1994 in
1631 1965 1769 1994 unum.

158 2010 267 2045 Patet
287 2008 391 2044 enim
407 2008 512 2054 quod
534 2008 651 2044 etiam
670 2007 791 2043 1101110
813 2007 879 2053 qui
902 2008 1022 2043 sciret
1038 2006 1270 2044 thesaurum
1288 2013 1377 2042 esse
1404 2004 1472 2046 ihi,
1494 2006 1631 2050 posset
1650 2003 1769 2041 alium

156 2056 406 2102 ignorantem
427 2054 580 2091 mittere
609 2054 659 2091 ad
692 2053 921 2091 fodiendum
953 2053 1179 2099 sepulcrum
1200 2053 1242 2089 in
1270 2052 1358 2089 loco
1392 2051 1545 2094 eodem,
1565 2054 1609 2088 ut
1632 2054 1773 2097 praeter

156 2102 418 2138 intentionem
440 2110 554 2138 suam
571 2100 765 2138 inveniret
784 2100 1027 2137 thesaurum.
1046 2100 1110 2137 Sic
1130 2108 1224 2145 ergo
1245 2098 1473 2145 hujusmodi
1497 2097 1646 2134 fortuiti
1662 2105 1775 2135 even-

156 2153 221 2200 tus
242 2148 392 2185 reducti
423 2148 464 2184 in
483 2157 645 2185 causam
674 2147 861 2191 divinam,
885 2147 1070 2183 amittunt
1089 2147 1282 2183 rationem
1304 2145 1453 2183 fortuiti
1474 2156 1482 2189 ς
1505 2144 1656 2181 reducti
1680 2151 1774 2182 vero

152 2204 198 2231 ,111
219 2204 381 2232 causam
401 2195 617 2239 coelestem‚
637 2203 902 2240 nequaquam.

206 2243 277 2278 Per
298 2241 477 2278 eamdem
499 2242 617 2278 etiam
650 2241 843 2278 rationem
863 2243 1023 2286 apparet
1041 2239 1146 2286 quod
1168 2239 1288 2276 homo
1310 2247 1390 2276 non
1410 2241 1542 2284 potest
1562 2246 1650 2275 esse
1671 2237 1775 2276 bene

157 2288 382 2326 fortunatus
400 2288 678 2326 universaliter
698 2297 746 2324 ex
773 2288 916 2324 virtute
936 2287 1116 2333 corporis
1136 2286 1325 2331 coelestis,
1344 2285 1415 2323 sed
1430 2284 1560 2323 solum
1581 2287 1773 2332 quantum

156 2335 310 2380 adhoc,
328 2336 389 2373 vel
421 2335 536 2372 illud.
555 2335 650 2373 Dico
682 2338 814 2372 autem
846 2333 1136 2378 universaliter,
1159 2336 1203 2370 111
1233 2332 1379 2380 aliquis
1411 2332 1531 2370 homo
1568 2331 1709 2369 habeat
1732 2331 1773 2368 in

156 2385 298 2419 natura
316 2391 390 2420 sua
409 2382 718 2428 impressionem
738 2381 914 2419 coelestis
929 2380 1123 2426 corporis,
1146 2384 1188 2417 ut
1207 2380 1329 2426 eligat
1362 2388 1519 2425 semper
1537 2381 1575 2415 et
1594 2379 1635 2415 in
1654 2377 1773 2425 pluri·

155 2428 230 2466 bus
251 2429 384 2476 aliqua
405 2430 550 2475 quibus
587 2429 669 2466 sint
698 2429 910 2475 conjuncta
939 2437 1008 2473 per
1030 2427 1215 2464 accidens
1251 2427 1384 2474 aliqua
1403 2424 1612 2463 commoda
1631 2424 1692 2462 vel
1712 2424 1772 2461 in·

156 2477 378 2513 commoda.
397 2478 544 2514 Natura
565 2476 672 2512 enim
691 2484 773 2513 non
791 2475 998 2512 ordinatur
1011 2474 1090 2511 nisi
1109 2474 1159 2511 ad
1179 2482 1316 2511 unum.
1336 2475 1388 2510 Ea
1399 2477 1530 2510 autern
1553 2470 1772 2509 secundum

156 2532 242 2573 quae
262 2523 414 2560 1101111111
435 2522 579 2560 accidit
597 2522 698 2560 bene
727 2522 789 2558 vel
818 2522 920 2558 male
954 2520 1173 2558 secundum
1208 2521 1420 2564 fortunam,
1443 2528 1523 2557 non
1545 2522 1638 2556 sunt
1656 2517 1772 2556 redu·

156 2568 290 2606 emilia
322 2570 362 2606 in
393 2570 554 2616 aliquod
586 2578 726 2613 unum,
747 2569 817 2606 sed
844 2572 939 2606 sunt
958 2568 1263 2606 indeterminata
1282 2571 1320 2604 et
1339 2566 1508 2610 infinita,
1530 2570 1571 2602 ut
1590 2564 1771 2602 Philoso-

155 2614 259 2659 phus
292 2615 386 2653 dicit
407 2617 446 2652 in
480 2615 657 2654 secundo
685 2616 798 2660 Phys.
820 2615 928 2661 (text.
948 2623 1093 2652 comm.
1116 2615 1190 2661 50),
1213 2618 1252 2651 et
1281 2614 1329 2651 ad
1363 2622 1526 2651 sensum
1547 2614 1664 2658 patet.
1684 2612 1772 2648 Non

157 2664 218 2696 est
236 2670 329 2707 ergo
350 2663 542 2714 possibile
573 2662 679 2710 quod
711 2663 857 2710 aliquis
887 2661 1032 2699 haheat
1047 2662 1090 2699 in
1110 2665 1251 2699 natura
1282 2669 1358 2699 sua
1377 2660 1522 2707 eligere
1550 2666 1707 2703 semper
1726 2667 1774 2696 ea

156 2706 206 2743 ad
222 2716 309 2752 quae
331 2713 447 2760 etiam
467 2719 537 2756 per
569 2709 756 2748 accidens
791 2712 1014 2756 sequuntur
1033 2708 1166 2756 aliqua
1183 2706 1418 2751 commoda;
1441 2705 1510 2743 sed
1530 2708 1660 2751 potest
1680 2713 1772 2756 esse

156 2753 262 2799 quod
283 2763 329 2790 ex
349 2756 609 2807 inclinatione
627 2755 781 2794 coelesti
805 2756 1018 2793 inclinetur
1036 2755 1086 2793 ad
1105 2755 1333 2803 eligendum
1352 2752 1501 2799 aliquid
1521 2752 1584 2788 cui
1604 2759 1771 2797 conjun-

154 2803 270 2846 gatur
301 2810 375 2852 per·
401 2803 586 2853 aceidens
617 2802 780 2850 aliquod
809 2802 1078 2847 commodum,
1098 2805 1136 2840 et
1177 2811 1226 2840 ex
1256 2801 1335 2838 alia
1365 2798 1625 2837 inclinatione
1647 2798 1772 2843 aliud,

155 2850 193 2882 et
223 2855 270 2883 ex
290 2850 405 2884 tertia
420 2851 606 2893 tertium3
630 2857 712 2887 non
744 2853 876 2887 autem
894 2850 947 2886 ita
974 2849 1080 2896 quod
1109 2858 1157 2886 ex
1182 2845 1442 2886 inclinatione
1480 2845 1695 2883 inclinetur
1722 2844 1772 2883 ad
