<?xml version="1.0" encoding="UTF-8"?>
<!DOCTYPE html PUBLIC "-//W3C//DTD XHTML 1.0 Transitional//EN"
    "http://www.w3.org/TR/xhtml1/DTD/xhtml1-transitional.dtd">
<html xmlns="http://www.w3.org/1999/xhtml" xml:lang="en" lang="en">
 <head>
  <title>
</title>
<meta http-equiv="Content-Type" content="text/html;charset=utf-8" />
  <meta name='ocr-system' content='tesseract 3.04.00' />
  <meta name='ocr-capabilities' content='ocr_page ocr_carea ocr_par ocr_line ocrx_word'/>
</head>
<body>
  <div class='ocr_page' id='page_1' title='image "./deveritatecathol00thomuoft_0222.png"; bbox 0 0 1894 3223; ppageno 0'>
   <div class='ocr_carea' id='block_1_1' title="bbox 161 131 1174 178">
    <p class='ocr_par' dir='ltr' id='par_1_1' title="bbox 161 131 1174 178">
     <span class='ocr_line' id='line_1_1' title="bbox 161 131 1174 178; baseline -0.012 0"><span class='ocrx_word' id='word_1_1' title='bbox 161 142 230 178; x_wconf 78' lang='lat'>182</span> <span class='ocrx_word' id='word_1_2' title='bbox 783 133 872 169; x_wconf 90' lang='lat' dir='ltr'><strong>LIB.</strong></span> <span class='ocrx_word' id='word_1_3' title='bbox 901 133 947 176; x_wconf 83' lang='grc' dir='ltr'>ΙΙ,</span> <span class='ocrx_word' id='word_1_4' title='bbox 975 132 1077 168; x_wconf 88' lang='lat' dir='ltr'><strong>CAP.</strong></span> <span class='ocrx_word' id='word_1_5' title='bbox 1105 131 1174 168; x_wconf 89' lang='lat' dir='ltr'>LX.</span> 
     </span>
    </p>
   </div>
   <div class='ocr_carea' id='block_1_2' title="bbox 159 210 1804 2944">
    <p class='ocr_par' dir='ltr' id='par_1_2' title="bbox 159 210 1802 1149">
     <span class='ocr_line' id='line_1_2' title="bbox 162 210 1786 259; baseline -0.007 0"><span class='ocrx_word' id='word_1_6' title='bbox 162 221 280 259; x_wconf 87' lang='lat' dir='ltr'>etiam</span> <span class='ocrx_word' id='word_1_7' title='bbox 315 222 428 255; x_wconf 89' lang='lat' dir='ltr'>actus</span> <span class='ocrx_word' id='word_1_8' title='bbox 462 215 681 254; x_wconf 85' lang='lat' dir='ltr'>voluntatis</span> <span class='ocrx_word' id='word_1_9' title='bbox 701 214 745 251; x_wconf 90' lang='lat' dir='ltr'>in</span> <span class='ocrx_word' id='word_1_10' title='bbox 769 212 1013 258; x_wconf 82' lang='lat' dir='ltr'>universali3</span> <span class='ocrx_word' id='word_1_11' title='bbox 1034 212 1194 250; x_wconf 92' lang='lat' dir='ltr'>odimus</span> <span class='ocrx_word' id='word_1_12' title='bbox 1215 211 1336 257; x_wconf 87' lang='lat' dir='ltr'>enim,</span> <span class='ocrx_word' id='word_1_13' title='bbox 1365 214 1409 249; x_wconf 89' lang='lat' dir='ltr'>ut</span> <span class='ocrx_word' id='word_1_14' title='bbox 1427 210 1524 248; x_wconf 87' lang='lat' dir='ltr'>dicit</span> <span class='ocrx_word' id='word_1_15' title='bbox 1551 210 1786 248; x_wconf 81' lang='lat' dir='ltr'>Aristoteles</span> 
     </span>
     <span class='ocr_line' id='line_1_3' title="bbox 159 258 1790 309; baseline -0.005 -6"><span class='ocrx_word' id='word_1_16' title='bbox 159 269 204 309; x_wconf 82' lang='lat' dir='ltr'>in</span> <span class='ocrx_word' id='word_1_17' title='bbox 222 276 296 304; x_wconf 87' lang='lat' dir='ltr'>sua</span> <span class='ocrx_word' id='word_1_18' title='bbox 318 265 510 301; x_wconf 78' lang='lat' dir='ltr'><em>Rhetorica</em></span> <span class='ocrx_word' id='word_1_19' title='bbox 543 262 585 308; x_wconf 90' lang='lat' dir='ltr'>(l.</span> <span class='ocrx_word' id='word_1_20' title='bbox 617 269 705 299; x_wconf 81' lang='lat' dir='ltr'>vm.</span> <span class='ocrx_word' id='word_1_21' title='bbox 736 270 772 298; x_wconf 88' lang='lat' dir='ltr'>c.</span> <span class='ocrx_word' id='word_1_22' title='bbox 794 260 845 308; x_wconf 85' lang='lat'>4),</span> <span class='ocrx_word' id='word_1_23' title='bbox 867 260 910 296; x_wconf 91' lang='lat' dir='ltr'>in</span> <span class='ocrx_word' id='word_1_24' title='bbox 939 259 1155 297; x_wconf 89' lang='lat' dir='ltr'>universali</span> <span class='ocrx_word' id='word_1_25' title='bbox 1177 260 1376 296; x_wconf 88' lang='lat' dir='ltr'>latronum</span> <span class='ocrx_word' id='word_1_26' title='bbox 1404 266 1558 305; x_wconf 84' lang='lat' dir='ltr'>genus;</span> <span class='ocrx_word' id='word_1_27' title='bbox 1577 258 1790 295; x_wconf 84' lang='lat' dir='ltr'>irascimur</span> 
     </span>
     <span class='ocr_line' id='line_1_4' title="bbox 164 304 1792 357; baseline -0.006 -7"><span class='ocrx_word' id='word_1_28' title='bbox 164 318 297 351; x_wconf 89' lang='lat' dir='ltr'>autem</span> <span class='ocrx_word' id='word_1_29' title='bbox 330 309 637 357; x_wconf 84' lang='lat' dir='ltr'>particularibus</span> <span class='ocrx_word' id='word_1_30' title='bbox 662 311 831 345; x_wconf 86' lang='lat' dir='ltr'>tantum.</span> <span class='ocrx_word' id='word_1_31' title='bbox 857 307 1048 344; x_wconf 84' lang='lat' dir='ltr'>Voluntas</span> <span class='ocrx_word' id='word_1_32' title='bbox 1068 307 1189 353; x_wconf 84' lang='lat' dir='ltr'>igitur</span> <span class='ocrx_word' id='word_1_33' title='bbox 1210 315 1289 343; x_wconf 90' lang='lat' dir='ltr'>non</span> <span class='ocrx_word' id='word_1_34' title='bbox 1310 308 1440 352; x_wconf 88' lang='lat' dir='ltr'>potest</span> <span class='ocrx_word' id='word_1_35' title='bbox 1471 313 1561 342; x_wconf 86' lang='lat' dir='ltr'>esse</span> <span class='ocrx_word' id='word_1_36' title='bbox 1584 308 1696 341; x_wconf 90' lang='lat' dir='ltr'>actus</span> <span class='ocrx_word' id='word_1_37' title='bbox 1722 304 1792 341; x_wconf 88' lang='lat' dir='ltr'>ali-</span> 
     </span>
     <span class='ocr_line' id='line_1_5' title="bbox 163 352 1789 406; baseline -0.005 -10"><span class='ocrx_word' id='word_1_38' title='bbox 163 360 278 406; x_wconf 87' lang='lat' dir='ltr'>cujus</span> <span class='ocrx_word' id='word_1_39' title='bbox 310 358 435 403; x_wconf 88' lang='lat' dir='ltr'>partis</span> <span class='ocrx_word' id='word_1_40' title='bbox 472 356 654 403; x_wconf 89' lang='lat' dir='ltr'>corporis</span> <span class='ocrx_word' id='word_1_41' title='bbox 689 364 763 392; x_wconf 90' lang='lat' dir='ltr'>nec</span> <span class='ocrx_word' id='word_1_42' title='bbox 803 354 996 401; x_wconf 85' lang='lat' dir='ltr'>consequi</span> <span class='ocrx_word' id='word_1_43' title='bbox 1027 354 1201 401; x_wconf 83' lang='lat' dir='ltr'>aliquam</span> <span class='ocrx_word' id='word_1_44' title='bbox 1223 353 1442 400; x_wconf 87' lang='lat' dir='ltr'>potentiam</span> <span class='ocrx_word' id='word_1_45' title='bbox 1473 361 1560 399; x_wconf 85' lang='lat' dir='ltr'>quae</span> <span class='ocrx_word' id='word_1_46' title='bbox 1583 352 1646 404; x_wconf 37' lang='lat' dir='ltr'>&#39;sit</span> <span class='ocrx_word' id='word_1_47' title='bbox 1677 354 1789 389; x_wconf 89' lang='lat' dir='ltr'>actus</span> 
     </span>
     <span class='ocr_line' id='line_1_6' title="bbox 163 399 1791 451; baseline -0.005 -8"><span class='ocrx_word' id='word_1_48' title='bbox 163 406 372 451; x_wconf 82' lang='lat' dir='ltr'>corporis3</span> <span class='ocrx_word' id='word_1_49' title='bbox 395 404 528 440; x_wconf 89' lang='lat' dir='ltr'>omnis</span> <span class='ocrx_word' id='word_1_50' title='bbox 559 406 690 440; x_wconf 89' lang='lat' dir='ltr'>autem</span> <span class='ocrx_word' id='word_1_51' title='bbox 717 411 811 448; x_wconf 88' lang='lat' dir='ltr'>pars</span> <span class='ocrx_word' id='word_1_52' title='bbox 842 401 985 438; x_wconf 85' lang='lat' dir='ltr'>animae</span> <span class='ocrx_word' id='word_1_53' title='bbox 1012 404 1074 439; x_wconf 88' lang='lat' dir='ltr'>est</span> <span class='ocrx_word' id='word_1_54' title='bbox 1104 404 1216 438; x_wconf 86' lang='lat' dir='ltr'>actus</span> <span class='ocrx_word' id='word_1_55' title='bbox 1244 399 1415 446; x_wconf 89' lang='lat' dir='ltr'>alicujus</span> <span class='ocrx_word' id='word_1_56' title='bbox 1435 407 1629 445; x_wconf 82' lang='lat' dir='ltr'>corporls,</span> <span class='ocrx_word' id='word_1_57' title='bbox 1650 402 1791 444; x_wconf 83' lang='lat' dir='ltr'>praeter</span> 
     </span>
     <span class='ocr_line' id='line_1_7' title="bbox 164 445 1792 495; baseline -0.006 -5"><span class='ocrx_word' id='word_1_58' title='bbox 164 454 296 491; x_wconf 90' lang='lat' dir='ltr'>solum</span> <span class='ocrx_word' id='word_1_59' title='bbox 343 451 589 487; x_wconf 86' lang='lat' dir='ltr'>intellectum</span> <span class='ocrx_word' id='word_1_60' title='bbox 639 449 797 495; x_wconf 85' lang='lat' dir='ltr'>proprie</span> <span class='ocrx_word' id='word_1_61' title='bbox 846 449 1009 485; x_wconf 90' lang='lat' dir='ltr'>dictum.</span> <span class='ocrx_word' id='word_1_62' title='bbox 1053 448 1178 495; x_wconf 86' lang='lat' dir='ltr'>Igitur</span> <span class='ocrx_word' id='word_1_63' title='bbox 1223 447 1409 485; x_wconf 87' lang='lat' dir='ltr'>voluntas</span> <span class='ocrx_word' id='word_1_64' title='bbox 1459 446 1500 482; x_wconf 93' lang='lat' dir='ltr'>in</span> <span class='ocrx_word' id='word_1_65' title='bbox 1551 445 1792 482; x_wconf 85' lang='lat' dir='ltr'>intellectiva</span> 
     </span>
     <span class='ocr_line' id='line_1_8' title="bbox 161 492 1790 547; baseline -0.004 -11"><span class='ocrx_word' id='word_1_66' title='bbox 161 504 273 547; x_wconf 86' lang='lat' dir='ltr'>parte</span> <span class='ocrx_word' id='word_1_67' title='bbox 309 502 395 542; x_wconf 89' lang='lat' dir='ltr'>est;</span> <span class='ocrx_word' id='word_1_68' title='bbox 430 497 534 534; x_wconf 92' lang='lat' dir='ltr'>unde</span> <span class='ocrx_word' id='word_1_69' title='bbox 568 500 606 533; x_wconf 87' lang='lat' dir='ltr'>et</span> <span class='ocrx_word' id='word_1_70' title='bbox 623 496 856 533; x_wconf 83' lang='lat' dir='ltr'>Aristoteles</span> <span class='ocrx_word' id='word_1_71' title='bbox 878 495 972 532; x_wconf 89' lang='lat' dir='ltr'>dicit</span> <span class='ocrx_word' id='word_1_72' title='bbox 996 494 1060 541; x_wconf 81' lang='lat' dir='ltr'>(De</span> <span class='ocrx_word' id='word_1_73' title='bbox 1080 497 1216 536; x_wconf 80' lang='lat' dir='ltr'>anima,</span> <span class='ocrx_word' id='word_1_74' title='bbox 1237 503 1296 539; x_wconf 93' lang='lat'>111,</span> <span class='ocrx_word' id='word_1_75' title='bbox 1314 498 1408 530; x_wconf 83' lang='lat' dir='ltr'>text.</span> <span class='ocrx_word' id='word_1_76' title='bbox 1433 502 1578 530; x_wconf 91' lang='lat' dir='ltr'>comm.</span> <span class='ocrx_word' id='word_1_77' title='bbox 1601 493 1659 539; x_wconf 83' lang='lat'>42)</span> <span class='ocrx_word' id='word_1_78' title='bbox 1683 492 1790 539; x_wconf 87' lang='lat' dir='ltr'>quod</span> 
     </span>
     <span class='ocr_line' id='line_1_9' title="bbox 162 540 1788 588; baseline -0.004 -6"><span class='ocrx_word' id='word_1_79' title='bbox 162 547 351 584; x_wconf 84' lang='lat' dir='ltr'>voluntas</span> <span class='ocrx_word' id='word_1_80' title='bbox 370 544 411 580; x_wconf 91' lang='lat' dir='ltr'>in</span> <span class='ocrx_word' id='word_1_81' title='bbox 433 544 587 581; x_wconf 87' lang='lat' dir='ltr'>ratione</span> <span class='ocrx_word' id='word_1_82' title='bbox 608 547 682 587; x_wconf 87' lang='lat' dir='ltr'>est,</span> <span class='ocrx_word' id='word_1_83' title='bbox 699 542 914 579; x_wconf 82' lang='lat' dir='ltr'>irascibilis</span> <span class='ocrx_word' id='word_1_84' title='bbox 933 546 1064 579; x_wconf 89' lang='lat' dir='ltr'>autem</span> <span class='ocrx_word' id='word_1_85' title='bbox 1085 545 1124 578; x_wconf 90' lang='lat' dir='ltr'>et</span> <span class='ocrx_word' id='word_1_86' title='bbox 1141 540 1468 588; x_wconf 90' lang='lat' dir='ltr'>concupiscibilis</span> <span class='ocrx_word' id='word_1_87' title='bbox 1489 540 1531 577; x_wconf 89' lang='lat' dir='ltr'>in</span> <span class='ocrx_word' id='word_1_88' title='bbox 1565 544 1674 586; x_wconf 88' lang='lat' dir='ltr'>parte</span> <span class='ocrx_word' id='word_1_89' title='bbox 1697 548 1788 576; x_wconf 90' lang='lat' dir='ltr'>sen-</span> 
     </span>
     <span class='ocr_line' id='line_1_10' title="bbox 164 586 1790 638; baseline -0.005 -7"><span class='ocrx_word' id='word_1_90' title='bbox 164 594 306 637; x_wconf 84' lang='lat' dir='ltr'>sitiva3</span> <span class='ocrx_word' id='word_1_91' title='bbox 326 595 486 638; x_wconf 88' lang='lat' dir='ltr'>propter</span> <span class='ocrx_word' id='word_1_92' title='bbox 516 591 624 637; x_wconf 90' lang='lat' dir='ltr'>quod</span> <span class='ocrx_word' id='word_1_93' title='bbox 646 594 684 627; x_wconf 86' lang='lat' dir='ltr'>et</span> <span class='ocrx_word' id='word_1_94' title='bbox 703 593 816 627; x_wconf 89' lang='lat' dir='ltr'>actus</span> <span class='ocrx_word' id='word_1_95' title='bbox 836 588 1165 635; x_wconf 89' lang='lat' dir='ltr'>concupiscibilis</span> <span class='ocrx_word' id='word_1_96' title='bbox 1186 592 1223 625; x_wconf 87' lang='lat' dir='ltr'>et</span> <span class='ocrx_word' id='word_1_97' title='bbox 1243 588 1458 625; x_wconf 82' lang='lat' dir='ltr'>irascibilis</span> <span class='ocrx_word' id='word_1_98' title='bbox 1488 596 1577 624; x_wconf 91' lang='lat' dir='ltr'>cum</span> <span class='ocrx_word' id='word_1_99' title='bbox 1600 586 1790 633; x_wconf 83' lang='lat' dir='ltr'>passione</span> 
     </span>
     <span class='ocr_line' id='line_1_11' title="bbox 164 634 1791 683; baseline -0.004 -6"><span class='ocrx_word' id='word_1_100' title='bbox 164 644 272 683; x_wconf 89' lang='lat' dir='ltr'>sunt,</span> <span class='ocrx_word' id='word_1_101' title='bbox 307 648 389 676; x_wconf 89' lang='lat' dir='ltr'>non</span> <span class='ocrx_word' id='word_1_102' title='bbox 417 642 549 676; x_wconf 90' lang='lat' dir='ltr'>autem</span> <span class='ocrx_word' id='word_1_103' title='bbox 583 641 696 674; x_wconf 88' lang='lat' dir='ltr'>actus</span> <span class='ocrx_word' id='word_1_104' title='bbox 717 636 948 680; x_wconf 89' lang='lat' dir='ltr'>voluntatis,</span> <span class='ocrx_word' id='word_1_105' title='bbox 983 635 1054 672; x_wconf 89' lang='lat' dir='ltr'>sed</span> <span class='ocrx_word' id='word_1_106' title='bbox 1086 645 1175 672; x_wconf 90' lang='lat' dir='ltr'>cum</span> <span class='ocrx_word' id='word_1_107' title='bbox 1209 635 1416 673; x_wconf 88' lang='lat' dir='ltr'>electione.</span> <span class='ocrx_word' id='word_1_108' title='bbox 1438 634 1630 671; x_wconf 87' lang='lat' dir='ltr'>Voluntas</span> <span class='ocrx_word' id='word_1_109' title='bbox 1659 638 1791 671; x_wconf 89' lang='lat' dir='ltr'>autem</span> 
     </span>
     <span class='ocr_line' id='line_1_12' title="bbox 165 681 1794 729; baseline -0.004 -5"><span class='ocrx_word' id='word_1_110' title='bbox 165 687 344 725; x_wconf 88' lang='lat' dir='ltr'>hominis</span> <span class='ocrx_word' id='word_1_111' title='bbox 364 695 441 722; x_wconf 90' lang='lat' dir='ltr'>non</span> <span class='ocrx_word' id='word_1_112' title='bbox 465 689 525 722; x_wconf 85' lang='lat' dir='ltr'>est</span> <span class='ocrx_word' id='word_1_113' title='bbox 543 685 767 721; x_wconf 84' lang='lat' dir='ltr'>extrinseca</span> <span class='ocrx_word' id='word_1_114' title='bbox 788 683 835 720; x_wconf 89' lang='lat' dir='ltr'>ab</span> <span class='ocrx_word' id='word_1_115' title='bbox 860 682 1036 727; x_wconf 88' lang='lat' dir='ltr'>homine,</span> <span class='ocrx_word' id='word_1_116' title='bbox 1057 682 1172 729; x_wconf 90' lang='lat' dir='ltr'>quasi</span> <span class='ocrx_word' id='word_1_117' title='bbox 1193 682 1232 718; x_wconf 93' lang='lat' dir='ltr'>in</span> <span class='ocrx_word' id='word_1_118' title='bbox 1249 682 1420 729; x_wconf 87' lang='lat' dir='ltr'>quadam</span> <span class='ocrx_word' id='word_1_119' title='bbox 1436 681 1663 719; x_wconf 83' lang='lat' dir='ltr'>substantia</span> <span class='ocrx_word' id='word_1_120' title='bbox 1683 690 1794 726; x_wconf 88' lang='lat' dir='ltr'>sepa-</span> 
     </span>
     <span class='ocr_line' id='line_1_13' title="bbox 163 728 1793 777; baseline -0.005 -6"><span class='ocrx_word' id='word_1_121' title='bbox 163 738 251 772; x_wconf 87' lang='lat' dir='ltr'>rata</span> <span class='ocrx_word' id='word_1_122' title='bbox 284 733 462 776; x_wconf 83' lang='lat' dir='ltr'>fundata,</span> <span class='ocrx_word' id='word_1_123' title='bbox 496 732 567 769; x_wconf 88' lang='lat' dir='ltr'>sed</span> <span class='ocrx_word' id='word_1_124' title='bbox 597 735 657 768; x_wconf 90' lang='lat' dir='ltr'>est</span> <span class='ocrx_word' id='word_1_125' title='bbox 688 731 728 767; x_wconf 92' lang='lat' dir='ltr'>in</span> <span class='ocrx_word' id='word_1_126' title='bbox 761 731 850 777; x_wconf 92' lang='lat' dir='ltr'>ipso</span> <span class='ocrx_word' id='word_1_127' title='bbox 872 729 1056 773; x_wconf 83' lang='lat' dir='ltr'>homiue3</span> <span class='ocrx_word' id='word_1_128' title='bbox 1093 729 1207 765; x_wconf 89' lang='lat' dir='ltr'>aliter</span> <span class='ocrx_word' id='word_1_129' title='bbox 1238 728 1345 765; x_wconf 90' lang='lat' dir='ltr'>enim</span> <span class='ocrx_word' id='word_1_130' title='bbox 1375 737 1457 766; x_wconf 91' lang='lat' dir='ltr'>non</span> <span class='ocrx_word' id='word_1_131' title='bbox 1478 732 1584 765; x_wconf 88' lang='lat' dir='ltr'>esset</span> <span class='ocrx_word' id='word_1_132' title='bbox 1604 728 1793 765; x_wconf 89' lang='lat' dir='ltr'>dominus</span> 
     </span>
     <span class='ocr_line' id='line_1_14' title="bbox 165 774 1796 826; baseline -0.005 -8"><span class='ocrx_word' id='word_1_133' title='bbox 165 790 330 819; x_wconf 90' lang='lat' dir='ltr'>suarum</span> <span class='ocrx_word' id='word_1_134' title='bbox 357 781 574 823; x_wconf 86' lang='lat' dir='ltr'>actionum,</span> <span class='ocrx_word' id='word_1_135' title='bbox 605 778 700 826; x_wconf 89' lang='lat' dir='ltr'>quia</span> <span class='ocrx_word' id='word_1_136' title='bbox 729 781 912 824; x_wconf 84' lang='lat' dir='ltr'>ageretur</span> <span class='ocrx_word' id='word_1_137' title='bbox 943 776 1145 813; x_wconf 87' lang='lat' dir='ltr'>voluntate</span> <span class='ocrx_word' id='word_1_138' title='bbox 1175 775 1384 822; x_wconf 89' lang='lat' dir='ltr'>cujusdam</span> <span class='ocrx_word' id='word_1_139' title='bbox 1418 774 1652 812; x_wconf 85' lang='lat' dir='ltr'>substantiae</span> <span class='ocrx_word' id='word_1_140' title='bbox 1685 783 1796 820; x_wconf 89' lang='lat' dir='ltr'>sepa-</span> 
     </span>
     <span class='ocr_line' id='line_1_15' title="bbox 164 822 1794 873; baseline -0.004 -9"><span class='ocrx_word' id='word_1_141' title='bbox 164 833 229 871; x_wconf 84' lang='lat' dir='ltr'>tae‚</span> <span class='ocrx_word' id='word_1_142' title='bbox 252 831 289 864; x_wconf 86' lang='lat' dir='ltr'>ct</span> <span class='ocrx_word' id='word_1_143' title='bbox 311 829 349 863; x_wconf 87' lang='lat' dir='ltr'>in</span> <span class='ocrx_word' id='word_1_144' title='bbox 370 827 457 873; x_wconf 90' lang='lat' dir='ltr'>ipso</span> <span class='ocrx_word' id='word_1_145' title='bbox 478 829 614 863; x_wconf 85' lang='lat' dir='ltr'>essent</span> <span class='ocrx_word' id='word_1_146' title='bbox 634 829 787 862; x_wconf 89' lang='lat' dir='ltr'>tantum</span> <span class='ocrx_word' id='word_1_147' title='bbox 806 824 994 871; x_wconf 82' lang='lat' dir='ltr'>potentiae</span> <span class='ocrx_word' id='word_1_148' title='bbox 1015 823 1236 870; x_wconf 84' lang='lat' dir='ltr'>appetitivae</span> <span class='ocrx_word' id='word_1_149' title='bbox 1251 832 1341 860; x_wconf 93' lang='lat' dir='ltr'>cum</span> <span class='ocrx_word' id='word_1_150' title='bbox 1355 822 1546 869; x_wconf 85' lang='lat' dir='ltr'>passione</span> <span class='ocrx_word' id='word_1_151' title='bbox 1565 825 1794 868; x_wconf 83' lang='lat' dir='ltr'>operantes,</span> 
     </span>
     <span class='ocr_line' id='line_1_16' title="bbox 167 868 1794 918; baseline -0.006 -5"><span class='ocrx_word' id='word_1_152' title='bbox 167 875 324 913; x_wconf 83' lang='lat' dir='ltr'>scilicet</span> <span class='ocrx_word' id='word_1_153' title='bbox 340 873 557 910; x_wconf 86' lang='lat' dir='ltr'>irascibilis</span> <span class='ocrx_word' id='word_1_154' title='bbox 578 876 616 909; x_wconf 90' lang='lat' dir='ltr'>et</span> <span class='ocrx_word' id='word_1_155' title='bbox 636 871 963 918; x_wconf 88' lang='lat' dir='ltr'>concupiscibilis</span> <span class='ocrx_word' id='word_1_156' title='bbox 985 880 1071 918; x_wconf 83' lang='lat' dir='ltr'>quae</span> <span class='ocrx_word' id='word_1_157' title='bbox 1092 873 1186 907; x_wconf 93' lang='lat' dir='ltr'>sunt</span> <span class='ocrx_word' id='word_1_158' title='bbox 1206 870 1246 906; x_wconf 92' lang='lat' dir='ltr'>in</span> <span class='ocrx_word' id='word_1_159' title='bbox 1268 873 1377 916; x_wconf 82' lang='lat' dir='ltr'>parte</span> <span class='ocrx_word' id='word_1_160' title='bbox 1401 869 1605 909; x_wconf 90' lang='lat' dir='ltr'>sensitiva,</span> <span class='ocrx_word' id='word_1_161' title='bbox 1631 868 1736 905; x_wconf 87' lang='lat' dir='ltr'>sicut</span> <span class='ocrx_word' id='word_1_162' title='bbox 1755 871 1794 904; x_wconf 93' lang='lat' dir='ltr'>et</span> 
     </span>
     <span class='ocr_line' id='line_1_17' title="bbox 166 917 1802 966; baseline -0.004 -8"><span class='ocrx_word' id='word_1_163' title='bbox 166 923 210 960; x_wconf 89' lang='lat' dir='ltr'>in</span> <span class='ocrx_word' id='word_1_164' title='bbox 237 921 390 958; x_wconf 84' lang='lat' dir='ltr'>caeteris</span> <span class='ocrx_word' id='word_1_165' title='bbox 415 919 658 958; x_wconf 82' lang='lat' dir='ltr'>animalibus</span> <span class='ocrx_word' id='word_1_166' title='bbox 691 929 778 966; x_wconf 82' lang='lat' dir='ltr'>quae</span> <span class='ocrx_word' id='word_1_167' title='bbox 811 919 940 964; x_wconf 78' lang='lat' dir='ltr'>magis</span> <span class='ocrx_word' id='word_1_168' title='bbox 970 921 1143 964; x_wconf 85' lang='lat' dir='ltr'>aguntur</span> <span class='ocrx_word' id='word_1_169' title='bbox 1174 926 1292 964; x_wconf 88' lang='lat' dir='ltr'>quam</span> <span class='ocrx_word' id='word_1_170' title='bbox 1314 920 1451 963; x_wconf 85' lang='lat' dir='ltr'>agunt.</span> <span class='ocrx_word' id='word_1_171' title='bbox 1487 917 1568 952; x_wconf 86' lang='lat' dir='ltr'>Hoc</span> <span class='ocrx_word' id='word_1_172' title='bbox 1584 919 1715 952; x_wconf 88' lang='lat' dir='ltr'>autem</span> <span class='ocrx_word' id='word_1_173' title='bbox 1737 917 1802 956; x_wconf 40' lang='lat' dir='ltr'>est,</span> 
     </span>
     <span class='ocr_line' id='line_1_18' title="bbox 167 963 1798 1015; baseline -0.004 -9"><span class='ocrx_word' id='word_1_174' title='bbox 167 968 420 1015; x_wconf 87' lang='lat' dir='ltr'>impossibile</span> <span class='ocrx_word' id='word_1_175' title='bbox 451 971 490 1004; x_wconf 86' lang='lat' dir='ltr'>et</span> <span class='ocrx_word' id='word_1_176' title='bbox 522 967 803 1004; x_wconf 89' lang='lat' dir='ltr'>destructivum</span> <span class='ocrx_word' id='word_1_177' title='bbox 838 966 961 1002; x_wconf 85' lang='lat' dir='ltr'>totius</span> <span class='ocrx_word' id='word_1_178' title='bbox 987 965 1152 1002; x_wconf 88' lang='lat' dir='ltr'>moralis</span> <span class='ocrx_word' id='word_1_179' title='bbox 1172 964 1438 1011; x_wconf 82' lang='lat' dir='ltr'>philosophiae</span> <span class='ocrx_word' id='word_1_180' title='bbox 1457 967 1494 1000; x_wconf 89' lang='lat' dir='ltr'>et</span> <span class='ocrx_word' id='word_1_181' title='bbox 1514 963 1684 1009; x_wconf 83' lang='lat' dir='ltr'>politicae</span> <span class='ocrx_word' id='word_1_182' title='bbox 1705 970 1798 1000; x_wconf 89' lang='lat' dir='ltr'>con·</span> 
     </span>
     <span class='ocr_line' id='line_1_19' title="bbox 168 1009 1798 1060; baseline -0.004 -7"><span class='ocrx_word' id='word_1_183' title='bbox 168 1015 441 1054; x_wconf 84' lang='lat' dir='ltr'>siderationis.</span> <span class='ocrx_word' id='word_1_184' title='bbox 473 1015 633 1060; x_wconf 82' lang='lat' dir='ltr'>Oportet</span> <span class='ocrx_word' id='word_1_185' title='bbox 665 1013 786 1060; x_wconf 80' lang='lat' dir='ltr'>igitur</span> <span class='ocrx_word' id='word_1_186' title='bbox 820 1013 1064 1049; x_wconf 90' lang='lat' dir='ltr'>intellectum</span> <span class='ocrx_word' id='word_1_187' title='bbox 1096 1011 1330 1058; x_wconf 89' lang='lat' dir='ltr'>possibilem</span> <span class='ocrx_word' id='word_1_188' title='bbox 1366 1011 1408 1047; x_wconf 92' lang='lat' dir='ltr'>in</span> <span class='ocrx_word' id='word_1_189' title='bbox 1437 1009 1554 1047; x_wconf 89' lang='lat' dir='ltr'>nobis</span> <span class='ocrx_word' id='word_1_190' title='bbox 1591 1019 1695 1056; x_wconf 90' lang='lat' dir='ltr'>esse,</span> <span class='ocrx_word' id='word_1_191' title='bbox 1728 1018 1798 1056; x_wconf 91' lang='lat' dir='ltr'>per</span> 
     </span>
     <span class='ocr_line' id='line_1_20' title="bbox 168 1057 1796 1115; baseline -0.004 -15"><span class='ocrx_word' id='word_1_192' title='bbox 168 1072 286 1115; x_wconf 83' lang='lat' dir='ltr'>quem</span> <span class='ocrx_word' id='word_1_193' title='bbox 324 1073 348 1099; x_wconf 89' lang='lat' dir='ltr'>a</span> <span class='ocrx_word' id='word_1_194' title='bbox 384 1062 513 1099; x_wconf 86' lang='lat' dir='ltr'>brutis</span> <span class='ocrx_word' id='word_1_195' title='bbox 545 1060 792 1105; x_wconf 82' lang='lat' dir='ltr'>differamus,</span> <span class='ocrx_word' id='word_1_196' title='bbox 822 1064 860 1097; x_wconf 89' lang='lat' dir='ltr'>et</span> <span class='ocrx_word' id='word_1_197' title='bbox 892 1069 974 1097; x_wconf 90' lang='lat' dir='ltr'>non</span> <span class='ocrx_word' id='word_1_198' title='bbox 1005 1059 1138 1097; x_wconf 86' lang='lat' dir='ltr'>solum</span> <span class='ocrx_word' id='word_1_199' title='bbox 1168 1058 1389 1096; x_wconf 89' lang='lat' dir='ltr'>secundum</span> <span class='ocrx_word' id='word_1_200' title='bbox 1417 1057 1663 1095; x_wconf 89' lang='lat' dir='ltr'>intellectum</span> <span class='ocrx_word' id='word_1_201' title='bbox 1704 1065 1796 1103; x_wconf 89' lang='lat' dir='ltr'>pas-</span> 
     </span>
     <span class='ocr_line' id='line_1_21' title="bbox 168 1119 316 1149; baseline -0.027 0"><span class='ocrx_word' id='word_1_202' title='bbox 168 1119 316 1149; x_wconf 79' lang='lat' dir='ltr'>sivum.</span> 
     </span>
    </p>

    <p class='ocr_par' dir='ltr' id='par_1_3' title="bbox 169 1151 1798 1720">
     <span class='ocr_line' id='line_1_22' title="bbox 215 1151 1795 1201; baseline -0.003 -8"><span class='ocrx_word' id='word_1_203' title='bbox 215 1159 316 1201; x_wconf 81' lang='lat' dir='ltr'>Item,</span> <span class='ocrx_word' id='word_1_204' title='bbox 339 1156 443 1193; x_wconf 81' lang='lat' dir='ltr'>sicut</span> <span class='ocrx_word' id='word_1_205' title='bbox 473 1155 574 1192; x_wconf 89' lang='lat' dir='ltr'>nihil</span> <span class='ocrx_word' id='word_1_206' title='bbox 601 1158 661 1192; x_wconf 89' lang='lat' dir='ltr'>est</span> <span class='ocrx_word' id='word_1_207' title='bbox 677 1158 820 1200; x_wconf 90' lang='lat' dir='ltr'>potens</span> <span class='ocrx_word' id='word_1_208' title='bbox 842 1163 958 1200; x_wconf 83' lang='lat' dir='ltr'>agere</span> <span class='ocrx_word' id='word_1_209' title='bbox 985 1153 1064 1190; x_wconf 88' lang='lat' dir='ltr'>nisi</span> <span class='ocrx_word' id='word_1_210' title='bbox 1088 1162 1157 1199; x_wconf 88' lang='lat' dir='ltr'>per</span> <span class='ocrx_word' id='word_1_211' title='bbox 1186 1153 1404 1199; x_wconf 87' lang='lat' dir='ltr'>potentiam</span> <span class='ocrx_word' id='word_1_212' title='bbox 1437 1152 1604 1189; x_wconf 82' lang='lat' dir='ltr'>activam</span> <span class='ocrx_word' id='word_1_213' title='bbox 1633 1152 1674 1188; x_wconf 91' lang='lat' dir='ltr'>in</span> <span class='ocrx_word' id='word_1_214' title='bbox 1706 1151 1795 1197; x_wconf 92' lang='lat' dir='ltr'>ipso</span> 
     </span>
     <span class='ocr_line' id='line_1_23' title="bbox 169 1200 1797 1247; baseline -0.003 -7"><span class='ocrx_word' id='word_1_215' title='bbox 169 1205 422 1247; x_wconf 81' lang='lat' dir='ltr'>existentem,</span> <span class='ocrx_word' id='word_1_216' title='bbox 445 1202 498 1239; x_wconf 84' lang='lat' dir='ltr'>ita</span> <span class='ocrx_word' id='word_1_217' title='bbox 519 1202 619 1238; x_wconf 88' lang='lat' dir='ltr'>nihil</span> <span class='ocrx_word' id='word_1_218' title='bbox 641 1206 782 1247; x_wconf 91' lang='lat' dir='ltr'>potens</span> <span class='ocrx_word' id='word_1_219' title='bbox 804 1204 864 1238; x_wconf 92' lang='lat' dir='ltr'>est</span> <span class='ocrx_word' id='word_1_220' title='bbox 884 1201 963 1246; x_wconf 87' lang='lat' dir='ltr'>pati</span> <span class='ocrx_word' id='word_1_221' title='bbox 986 1200 1062 1237; x_wconf 90' lang='lat' dir='ltr'>nisi</span> <span class='ocrx_word' id='word_1_222' title='bbox 1085 1209 1154 1246; x_wconf 89' lang='lat' dir='ltr'>per</span> <span class='ocrx_word' id='word_1_223' title='bbox 1173 1200 1392 1246; x_wconf 89' lang='lat' dir='ltr'>potentiam</span> <span class='ocrx_word' id='word_1_224' title='bbox 1410 1200 1609 1245; x_wconf 86' lang='lat' dir='ltr'>passivam</span> <span class='ocrx_word' id='word_1_225' title='bbox 1629 1208 1716 1246; x_wconf 84' lang='lat' dir='ltr'>quae</span> <span class='ocrx_word' id='word_1_226' title='bbox 1734 1202 1797 1235; x_wconf 89' lang='lat' dir='ltr'>est</span> 
     </span>
     <span class='ocr_line' id='line_1_24' title="bbox 171 1245 1795 1296; baseline -0.004 -8"><span class='ocrx_word' id='word_1_227' title='bbox 171 1251 212 1288; x_wconf 88' lang='lat' dir='ltr'>in</span> <span class='ocrx_word' id='word_1_228' title='bbox 236 1252 322 1296; x_wconf 88' lang='lat' dir='ltr'>ipso</span> <span class='ocrx_word' id='word_1_229' title='bbox 341 1262 349 1293; x_wconf 82' lang='lat'><em>3</em></span> <span class='ocrx_word' id='word_1_230' title='bbox 373 1249 651 1286; x_wconf 86' lang='lat' dir='ltr'>combustibile</span> <span class='ocrx_word' id='word_1_231' title='bbox 669 1249 774 1285; x_wconf 90' lang='lat' dir='ltr'>enim</span> <span class='ocrx_word' id='word_1_232' title='bbox 797 1251 857 1285; x_wconf 86' lang='lat' dir='ltr'>est</span> <span class='ocrx_word' id='word_1_233' title='bbox 874 1252 1015 1294; x_wconf 90' lang='lat' dir='ltr'>potens</span> <span class='ocrx_word' id='word_1_234' title='bbox 1035 1247 1229 1293; x_wconf 88' lang='lat' dir='ltr'>comburi,</span> <span class='ocrx_word' id='word_1_235' title='bbox 1251 1256 1330 1284; x_wconf 90' lang='lat' dir='ltr'>non</span> <span class='ocrx_word' id='word_1_236' title='bbox 1353 1247 1484 1284; x_wconf 91' lang='lat' dir='ltr'>solum</span> <span class='ocrx_word' id='word_1_237' title='bbox 1507 1247 1600 1293; x_wconf 84' lang='lat' dir='ltr'>quia</span> <span class='ocrx_word' id='word_1_238' title='bbox 1633 1250 1693 1283; x_wconf 87' lang='lat' dir='ltr'>est</span> <span class='ocrx_word' id='word_1_239' title='bbox 1723 1245 1795 1282; x_wconf 89' lang='lat' dir='ltr'>ali-</span> 
     </span>
     <span class='ocr_line' id='line_1_25' title="bbox 171 1293 1796 1344; baseline -0.003 -10"><span class='ocrx_word' id='word_1_240' title='bbox 171 1298 265 1344; x_wconf 85' lang='lat' dir='ltr'>quid</span> <span class='ocrx_word' id='word_1_241' title='bbox 289 1301 430 1343; x_wconf 85' lang='lat' dir='ltr'>potens</span> <span class='ocrx_word' id='word_1_242' title='bbox 459 1297 691 1333; x_wconf 87' lang='lat' dir='ltr'>comburere</span> <span class='ocrx_word' id='word_1_243' title='bbox 712 1296 858 1342; x_wconf 87' lang='lat' dir='ltr'>ipsum,</span> <span class='ocrx_word' id='word_1_244' title='bbox 881 1295 950 1332; x_wconf 87' lang='lat' dir='ltr'>sed</span> <span class='ocrx_word' id='word_1_245' title='bbox 981 1294 1099 1331; x_wconf 89' lang='lat' dir='ltr'>etiam</span> <span class='ocrx_word' id='word_1_246' title='bbox 1132 1295 1227 1341; x_wconf 88' lang='lat' dir='ltr'>quia</span> <span class='ocrx_word' id='word_1_247' title='bbox 1245 1294 1286 1330; x_wconf 91' lang='lat' dir='ltr'>in</span> <span class='ocrx_word' id='word_1_248' title='bbox 1307 1303 1349 1331; x_wconf 92' lang='lat' dir='ltr'>se</span> <span class='ocrx_word' id='word_1_249' title='bbox 1371 1293 1488 1330; x_wconf 88' lang='lat' dir='ltr'>habet</span> <span class='ocrx_word' id='word_1_250' title='bbox 1508 1294 1725 1339; x_wconf 89' lang='lat' dir='ltr'>potentiam</span> <span class='ocrx_word' id='word_1_251' title='bbox 1752 1295 1796 1329; x_wconf 89' lang='lat' dir='ltr'>ut</span> 
     </span>
     <span class='ocr_line' id='line_1_26' title="bbox 171 1341 1796 1390; baseline -0.002 -9"><span class='ocrx_word' id='word_1_252' title='bbox 171 1345 444 1382; x_wconf 87' lang='lat' dir='ltr'>comburatur.</span> <span class='ocrx_word' id='word_1_253' title='bbox 467 1343 692 1390; x_wconf 79' lang='lat' dir='ltr'>Intelligere</span> <span class='ocrx_word' id='word_1_254' title='bbox 714 1346 845 1379; x_wconf 86' lang='lat' dir='ltr'>autem</span> <span class='ocrx_word' id='word_1_255' title='bbox 867 1346 927 1378; x_wconf 91' lang='lat' dir='ltr'>est</span> <span class='ocrx_word' id='word_1_256' title='bbox 947 1341 1145 1388; x_wconf 83' lang='lat' dir='ltr'>quoddam</span> <span class='ocrx_word' id='word_1_257' title='bbox 1168 1341 1262 1387; x_wconf 86' lang='lat' dir='ltr'>pati,</span> <span class='ocrx_word' id='word_1_258' title='bbox 1282 1345 1325 1378; x_wconf 87' lang='lat' dir='ltr'>ut</span> <span class='ocrx_word' id='word_1_259' title='bbox 1343 1341 1487 1378; x_wconf 88' lang='lat' dir='ltr'>dicitur</span> <span class='ocrx_word' id='word_1_260' title='bbox 1503 1343 1566 1387; x_wconf 80' lang='lat' dir='ltr'>(De</span> <span class='ocrx_word' id='word_1_261' title='bbox 1584 1342 1720 1385; x_wconf 80' lang='lat' dir='ltr'>anima,</span> <span class='ocrx_word' id='word_1_262' title='bbox 1735 1348 1796 1385; x_wconf 87' lang='lat'>111,</span> 
     </span>
     <span class='ocr_line' id='line_1_27' title="bbox 170 1388 1797 1436; baseline -0.002 -8"><span class='ocrx_word' id='word_1_263' title='bbox 170 1395 265 1429; x_wconf 78' lang='lat' dir='ltr'>text.</span> <span class='ocrx_word' id='word_1_264' title='bbox 289 1400 432 1428; x_wconf 88' lang='lat' dir='ltr'>comm.</span> <span class='ocrx_word' id='word_1_265' title='bbox 455 1391 505 1436; x_wconf 81' lang='lat'>4).</span> <span class='ocrx_word' id='word_1_266' title='bbox 543 1393 671 1434; x_wconf 69' lang='lat' dir='ltr'>Quum</span> <span class='ocrx_word' id='word_1_267' title='bbox 693 1390 814 1435; x_wconf 82' lang='lat' dir='ltr'>igitur</span> <span class='ocrx_word' id='word_1_268' title='bbox 836 1399 934 1434; x_wconf 89' lang='lat' dir='ltr'>puer</span> <span class='ocrx_word' id='word_1_269' title='bbox 954 1389 1006 1425; x_wconf 86' lang='lat' dir='ltr'>sit</span> <span class='ocrx_word' id='word_1_270' title='bbox 1026 1389 1256 1435; x_wconf 78' lang='lat' dir='ltr'>intelligens</span> <span class='ocrx_word' id='word_1_271' title='bbox 1282 1388 1471 1434; x_wconf 85' lang='lat' dir='ltr'>potentia,</span> <span class='ocrx_word' id='word_1_272' title='bbox 1493 1388 1567 1425; x_wconf 91' lang='lat' dir='ltr'>etsi</span> <span class='ocrx_word' id='word_1_273' title='bbox 1598 1396 1680 1425; x_wconf 91' lang='lat' dir='ltr'>non</span> <span class='ocrx_word' id='word_1_274' title='bbox 1706 1389 1797 1424; x_wconf 86' lang='lat' dir='ltr'>actu</span> 
     </span>
     <span class='ocr_line' id='line_1_28' title="bbox 171 1435 1795 1484; baseline -0.002 -10"><span class='ocrx_word' id='word_1_275' title='bbox 171 1438 386 1484; x_wconf 80' lang='lat' dir='ltr'>intelligat,</span> <span class='ocrx_word' id='word_1_276' title='bbox 408 1441 561 1483; x_wconf 87' lang='lat' dir='ltr'>oportet</span> <span class='ocrx_word' id='word_1_277' title='bbox 578 1436 683 1483; x_wconf 87' lang='lat' dir='ltr'>quod</span> <span class='ocrx_word' id='word_1_278' title='bbox 703 1437 755 1473; x_wconf 91' lang='lat' dir='ltr'>sit</span> <span class='ocrx_word' id='word_1_279' title='bbox 774 1437 815 1472; x_wconf 89' lang='lat' dir='ltr'>in</span> <span class='ocrx_word' id='word_1_280' title='bbox 830 1445 876 1472; x_wconf 92' lang='lat' dir='ltr'>eo</span> <span class='ocrx_word' id='word_1_281' title='bbox 898 1436 1031 1482; x_wconf 86' lang='lat' dir='ltr'>aliqua</span> <span class='ocrx_word' id='word_1_282' title='bbox 1047 1435 1224 1481; x_wconf 90' lang='lat' dir='ltr'>potentia</span> <span class='ocrx_word' id='word_1_283' title='bbox 1237 1444 1315 1482; x_wconf 89' lang='lat' dir='ltr'>quo</span> <span class='ocrx_word' id='word_1_284' title='bbox 1330 1435 1535 1480; x_wconf 89' lang='lat' dir='ltr'>sitpotens</span> <span class='ocrx_word' id='word_1_285' title='bbox 1554 1435 1795 1481; x_wconf 81' lang='lat' dir='ltr'>intelligere.</span> 
     </span>
     <span class='ocr_line' id='line_1_29' title="bbox 171 1480 1798 1530; baseline -0.002 -8"><span class='ocrx_word' id='word_1_286' title='bbox 171 1486 262 1523; x_wconf 80' lang='lat' dir='ltr'>Haec</span> <span class='ocrx_word' id='word_1_287' title='bbox 301 1489 433 1521; x_wconf 90' lang='lat' dir='ltr'>autem</span> <span class='ocrx_word' id='word_1_288' title='bbox 464 1484 641 1530; x_wconf 89' lang='lat' dir='ltr'>potentia</span> <span class='ocrx_word' id='word_1_289' title='bbox 672 1487 733 1520; x_wconf 91' lang='lat' dir='ltr'>est</span> <span class='ocrx_word' id='word_1_290' title='bbox 770 1483 994 1520; x_wconf 89' lang='lat' dir='ltr'>intellectus</span> <span class='ocrx_word' id='word_1_291' title='bbox 1042 1482 1263 1528; x_wconf 87' lang='lat' dir='ltr'>possibilis.</span> <span class='ocrx_word' id='word_1_292' title='bbox 1315 1483 1474 1528; x_wconf 89' lang='lat' dir='ltr'>Oportet</span> <span class='ocrx_word' id='word_1_293' title='bbox 1522 1482 1644 1528; x_wconf 84' lang='lat' dir='ltr'>igitur</span> <span class='ocrx_word' id='word_1_294' title='bbox 1691 1480 1798 1528; x_wconf 91' lang='lat' dir='ltr'>quod</span> 
     </span>
     <span class='ocr_line' id='line_1_30' title="bbox 170 1528 1795 1579; baseline -0.002 -11"><span class='ocrx_word' id='word_1_295' title='bbox 170 1540 296 1579; x_wconf 84' lang='lat' dir='ltr'>puero</span> <span class='ocrx_word' id='word_1_296' title='bbox 313 1532 393 1578; x_wconf 72' lang='lat' dir='ltr'>Jam</span> <span class='ocrx_word' id='word_1_297' title='bbox 414 1531 466 1568; x_wconf 89' lang='lat' dir='ltr'>sit</span> <span class='ocrx_word' id='word_1_298' title='bbox 484 1532 722 1576; x_wconf 86' lang='lat' dir='ltr'>conjunctus</span> <span class='ocrx_word' id='word_1_299' title='bbox 755 1530 981 1567; x_wconf 90' lang='lat' dir='ltr'>intellectus</span> <span class='ocrx_word' id='word_1_300' title='bbox 1012 1529 1218 1576; x_wconf 87' lang='lat' dir='ltr'>possibilis</span> <span class='ocrx_word' id='word_1_301' title='bbox 1240 1532 1451 1576; x_wconf 89' lang='lat' dir='ltr'>antequam</span> <span class='ocrx_word' id='word_1_302' title='bbox 1473 1533 1563 1566; x_wconf 90' lang='lat' dir='ltr'>actu</span> <span class='ocrx_word' id='word_1_303' title='bbox 1587 1528 1795 1575; x_wconf 82' lang='lat' dir='ltr'>intelligat.</span> 
     </span>
     <span class='ocr_line' id='line_1_31' title="bbox 170 1576 1798 1624; baseline -0.002 -8"><span class='ocrx_word' id='word_1_304' title='bbox 170 1582 255 1616; x_wconf 69' lang='lat' dir='ltr'>Non</span> <span class='ocrx_word' id='word_1_305' title='bbox 274 1583 335 1616; x_wconf 89' lang='lat' dir='ltr'>est</span> <span class='ocrx_word' id='word_1_306' title='bbox 355 1579 476 1624; x_wconf 80' lang='lat' dir='ltr'>igitur</span> <span class='ocrx_word' id='word_1_307' title='bbox 499 1578 746 1615; x_wconf 86' lang='lat' dir='ltr'>continuatio</span> <span class='ocrx_word' id='word_1_308' title='bbox 764 1577 990 1614; x_wconf 88' lang='lat' dir='ltr'>intellectus</span> <span class='ocrx_word' id='word_1_309' title='bbox 1011 1577 1218 1623; x_wconf 91' lang='lat' dir='ltr'>possibilis</span> <span class='ocrx_word' id='word_1_310' title='bbox 1239 1586 1329 1613; x_wconf 90' lang='lat' dir='ltr'>cum</span> <span class='ocrx_word' id='word_1_311' title='bbox 1360 1576 1521 1613; x_wconf 88' lang='lat' dir='ltr'>homine</span> <span class='ocrx_word' id='word_1_312' title='bbox 1541 1585 1609 1622; x_wconf 88' lang='lat' dir='ltr'>per</span> <span class='ocrx_word' id='word_1_313' title='bbox 1630 1577 1798 1613; x_wconf 84' lang='lat' dir='ltr'>formam</span> 
     </span>
     <span class='ocr_line' id='line_1_32' title="bbox 170 1622 1798 1671; baseline -0.003 -7"><span class='ocrx_word' id='word_1_314' title='bbox 170 1626 414 1664; x_wconf 87' lang='lat' dir='ltr'>intellectam</span> <span class='ocrx_word' id='word_1_315' title='bbox 436 1626 474 1662; x_wconf 89' lang='lat' dir='ltr'>in</span> <span class='ocrx_word' id='word_1_316' title='bbox 497 1630 612 1670; x_wconf 83' lang='lat' dir='ltr'>actu3</span> <span class='ocrx_word' id='word_1_317' title='bbox 635 1625 706 1662; x_wconf 85' lang='lat' dir='ltr'>sed</span> <span class='ocrx_word' id='word_1_318' title='bbox 726 1625 811 1671; x_wconf 89' lang='lat' dir='ltr'>ipse</span> <span class='ocrx_word' id='word_1_319' title='bbox 841 1624 1067 1662; x_wconf 86' lang='lat' dir='ltr'>intellectus</span> <span class='ocrx_word' id='word_1_320' title='bbox 1097 1624 1307 1671; x_wconf 87' lang='lat' dir='ltr'>possibilis</span> <span class='ocrx_word' id='word_1_321' title='bbox 1340 1624 1446 1661; x_wconf 90' lang='lat' dir='ltr'>inest</span> <span class='ocrx_word' id='word_1_322' title='bbox 1475 1623 1627 1660; x_wconf 88' lang='lat' dir='ltr'>homini</span> <span class='ocrx_word' id='word_1_323' title='bbox 1649 1632 1672 1659; x_wconf 90' lang='lat' dir='ltr'>a</span> <span class='ocrx_word' id='word_1_324' title='bbox 1691 1622 1798 1669; x_wconf 90' lang='lat' dir='ltr'>prin-</span> 
     </span>
     <span class='ocr_line' id='line_1_33' title="bbox 171 1672 694 1720; baseline -0.006 -8"><span class='ocrx_word' id='word_1_325' title='bbox 171 1673 278 1720; x_wconf 88' lang='lat' dir='ltr'>cipio</span> <span class='ocrx_word' id='word_1_326' title='bbox 301 1674 404 1711; x_wconf 88' lang='lat' dir='ltr'>sicut</span> <span class='ocrx_word' id='word_1_327' title='bbox 423 1673 573 1720; x_wconf 87' lang='lat' dir='ltr'>aliquid</span> <span class='ocrx_word' id='word_1_328' title='bbox 594 1672 694 1719; x_wconf 82' lang='lat' dir='ltr'>ejus.</span> 
     </span>
    </p>

    <p class='ocr_par' dir='ltr' id='par_1_4' title="bbox 170 1716 1801 1954">
     <span class='ocr_line' id='line_1_34' title="bbox 221 1716 1799 1765; baseline -0.002 -9"><span class='ocrx_word' id='word_1_329' title='bbox 221 1721 317 1757; x_wconf 87' lang='lat' dir='ltr'>Huic</span> <span class='ocrx_word' id='word_1_330' title='bbox 353 1724 483 1757; x_wconf 87' lang='lat' dir='ltr'>autem</span> <span class='ocrx_word' id='word_1_331' title='bbox 515 1719 660 1756; x_wconf 85' lang='lat' dir='ltr'>rationi</span> <span class='ocrx_word' id='word_1_332' title='bbox 692 1719 906 1765; x_wconf 89' lang='lat' dir='ltr'>respondet</span> <span class='ocrx_word' id='word_1_333' title='bbox 923 1719 1143 1756; x_wconf 84' lang='lat' dir='ltr'>Averrhoes</span> <span class='ocrx_word' id='word_1_334' title='bbox 1177 1718 1401 1764; x_wconf 85' lang='lat' dir='ltr'>praedictus.</span> <span class='ocrx_word' id='word_1_335' title='bbox 1426 1718 1527 1755; x_wconf 88' lang='lat' dir='ltr'>Dicit</span> <span class='ocrx_word' id='word_1_336' title='bbox 1558 1717 1664 1754; x_wconf 88' lang='lat' dir='ltr'>enim</span> <span class='ocrx_word' id='word_1_337' title='bbox 1692 1716 1799 1763; x_wconf 89' lang='lat' dir='ltr'>quod</span> 
     </span>
     <span class='ocr_line' id='line_1_35' title="bbox 171 1764 1798 1814; baseline -0.002 -10"><span class='ocrx_word' id='word_1_338' title='bbox 171 1777 271 1814; x_wconf 84' lang='lat' dir='ltr'>puer</span> <span class='ocrx_word' id='word_1_339' title='bbox 300 1767 444 1804; x_wconf 89' lang='lat' dir='ltr'>dicitur</span> <span class='ocrx_word' id='word_1_340' title='bbox 476 1767 653 1813; x_wconf 87' lang='lat' dir='ltr'>potentia</span> <span class='ocrx_word' id='word_1_341' title='bbox 673 1767 893 1813; x_wconf 82' lang='lat' dir='ltr'>intelligere</span> <span class='ocrx_word' id='word_1_342' title='bbox 920 1766 1067 1811; x_wconf 89' lang='lat' dir='ltr'>duplici</span> <span class='ocrx_word' id='word_1_343' title='bbox 1098 1765 1251 1802; x_wconf 88' lang='lat' dir='ltr'>ratione</span> <span class='ocrx_word' id='word_1_344' title='bbox 1273 1777 1281 1802; x_wconf 92' lang='lat'><strong>:</strong></span> <span class='ocrx_word' id='word_1_345' title='bbox 1304 1774 1384 1802; x_wconf 91' lang='lat' dir='ltr'>uno</span> <span class='ocrx_word' id='word_1_346' title='bbox 1405 1765 1538 1810; x_wconf 89' lang='lat' dir='ltr'>modo,</span> <span class='ocrx_word' id='word_1_347' title='bbox 1559 1765 1654 1811; x_wconf 85' lang='lat' dir='ltr'>quia</span> <span class='ocrx_word' id='word_1_348' title='bbox 1673 1764 1798 1810; x_wconf 91' lang='lat' dir='ltr'>phan-</span> 
     </span>
     <span class='ocr_line' id='line_1_36' title="bbox 171 1811 1801 1860; baseline -0.003 -9"><span class='ocrx_word' id='word_1_349' title='bbox 171 1819 342 1851; x_wconf 85' lang='lat' dir='ltr'>tasmata</span> <span class='ocrx_word' id='word_1_350' title='bbox 363 1823 450 1860; x_wconf 84' lang='lat' dir='ltr'>quae</span> <span class='ocrx_word' id='word_1_351' title='bbox 472 1818 564 1850; x_wconf 86' lang='lat' dir='ltr'>sunt</span> <span class='ocrx_word' id='word_1_352' title='bbox 584 1815 623 1849; x_wconf 90' lang='lat' dir='ltr'>in</span> <span class='ocrx_word' id='word_1_353' title='bbox 644 1814 733 1859; x_wconf 92' lang='lat' dir='ltr'>ipso</span> <span class='ocrx_word' id='word_1_354' title='bbox 754 1817 848 1850; x_wconf 87' lang='lat' dir='ltr'>sunt</span> <span class='ocrx_word' id='word_1_355' title='bbox 867 1813 1136 1858; x_wconf 82' lang='lat' dir='ltr'>intelligibilia</span> <span class='ocrx_word' id='word_1_356' title='bbox 1156 1813 1197 1849; x_wconf 86' lang='lat' dir='ltr'>in</span> <span class='ocrx_word' id='word_1_357' title='bbox 1218 1813 1418 1858; x_wconf 82' lang='lat' dir='ltr'>potentia3</span> <span class='ocrx_word' id='word_1_358' title='bbox 1441 1813 1520 1849; x_wconf 88' lang='lat' dir='ltr'>alio</span> <span class='ocrx_word' id='word_1_359' title='bbox 1549 1811 1682 1851; x_wconf 87' lang='lat' dir='ltr'>modo,</span> <span class='ocrx_word' id='word_1_360' title='bbox 1706 1811 1801 1858; x_wconf 89' lang='lat' dir='ltr'>quia</span> 
     </span>
     <span class='ocr_line' id='line_1_37' title="bbox 170 1857 1799 1912; baseline -0.002 -14"><span class='ocrx_word' id='word_1_361' title='bbox 170 1861 400 1912; x_wconf 80' lang='lat' dir='ltr'>intellectus</span> <span class='ocrx_word' id='word_1_362' title='bbox 427 1861 633 1906; x_wconf 86' lang='lat' dir='ltr'>possibilis</span> <span class='ocrx_word' id='word_1_363' title='bbox 655 1864 716 1897; x_wconf 90' lang='lat' dir='ltr'>est</span> <span class='ocrx_word' id='word_1_364' title='bbox 743 1864 886 1907; x_wconf 89' lang='lat' dir='ltr'>potens</span> <span class='ocrx_word' id='word_1_365' title='bbox 913 1860 1138 1897; x_wconf 85' lang='lat' dir='ltr'>continuari</span> <span class='ocrx_word' id='word_1_366' title='bbox 1159 1868 1249 1896; x_wconf 89' lang='lat' dir='ltr'>cum</span> <span class='ocrx_word' id='word_1_367' title='bbox 1282 1859 1385 1906; x_wconf 90' lang='lat' dir='ltr'>ipso,</span> <span class='ocrx_word' id='word_1_368' title='bbox 1408 1863 1446 1896; x_wconf 88' lang='lat' dir='ltr'>et</span> <span class='ocrx_word' id='word_1_369' title='bbox 1465 1868 1545 1896; x_wconf 89' lang='lat' dir='ltr'>non</span> <span class='ocrx_word' id='word_1_370' title='bbox 1564 1858 1659 1906; x_wconf 87' lang='lat' dir='ltr'>quia</span> <span class='ocrx_word' id='word_1_371' title='bbox 1682 1857 1799 1894; x_wconf 89' lang='lat' dir='ltr'>intel-</span> 
     </span>
     <span class='ocr_line' id='line_1_38' title="bbox 172 1907 695 1954; baseline -0.006 -7"><span class='ocrx_word' id='word_1_372' title='bbox 172 1908 301 1947; x_wconf 87' lang='lat' dir='ltr'>lectus</span> <span class='ocrx_word' id='word_1_373' title='bbox 322 1912 374 1945; x_wconf 83' lang='lat' dir='ltr'>sit</span> <span class='ocrx_word' id='word_1_374' title='bbox 388 1917 468 1954; x_wconf 81' lang='lat' dir='ltr'>Jam</span> <span class='ocrx_word' id='word_1_375' title='bbox 491 1908 627 1945; x_wconf 88' lang='lat' dir='ltr'>unitus</span> <span class='ocrx_word' id='word_1_376' title='bbox 645 1907 695 1944; x_wconf 88' lang='lat' dir='ltr'>ei.</span> 
     </span>
    </p>

    <p class='ocr_par' dir='ltr' id='par_1_5' title="bbox 222 1952 1579 2000">
     <span class='ocr_line' id='line_1_39' title="bbox 222 1952 1579 2000; baseline -0.002 -8"><span class='ocrx_word' id='word_1_377' title='bbox 222 1955 519 1993; x_wconf 81' lang='lat' dir='ltr'>ostendendum</span> <span class='ocrx_word' id='word_1_378' title='bbox 541 1958 601 1991; x_wconf 91' lang='lat' dir='ltr'>est</span> <span class='ocrx_word' id='word_1_379' title='bbox 621 1958 753 1991; x_wconf 89' lang='lat' dir='ltr'>autem</span> <span class='ocrx_word' id='word_1_380' title='bbox 771 1953 877 2000; x_wconf 89' lang='lat' dir='ltr'>quod</span> <span class='ocrx_word' id='word_1_381' title='bbox 896 1957 1058 2000; x_wconf 87' lang='lat' dir='ltr'>uterque</span> <span class='ocrx_word' id='word_1_382' title='bbox 1079 1952 1223 1990; x_wconf 85' lang='lat' dir='ltr'>modus</span> <span class='ocrx_word' id='word_1_383' title='bbox 1240 1953 1292 1991; x_wconf 88' lang='lat' dir='ltr'>sit</span> <span class='ocrx_word' id='word_1_384' title='bbox 1311 1952 1579 1991; x_wconf 82' lang='lat' dir='ltr'>insufficiens.</span> 
     </span>
    </p>

    <p class='ocr_par' dir='ltr' id='par_1_6' title="bbox 171 1999 1803 2378">
     <span class='ocr_line' id='line_1_40' title="bbox 220 1999 1801 2048; baseline -0.003 -9"><span class='ocrx_word' id='word_1_385' title='bbox 220 2002 307 2039; x_wconf 89' lang='lat' dir='ltr'>Alia</span> <span class='ocrx_word' id='word_1_386' title='bbox 338 2002 443 2038; x_wconf 89' lang='lat' dir='ltr'>enim</span> <span class='ocrx_word' id='word_1_387' title='bbox 474 2001 652 2048; x_wconf 91' lang='lat' dir='ltr'>potentia</span> <span class='ocrx_word' id='word_1_388' title='bbox 683 2005 744 2038; x_wconf 87' lang='lat' dir='ltr'>est</span> <span class='ocrx_word' id='word_1_389' title='bbox 775 2010 853 2047; x_wconf 86' lang='lat' dir='ltr'>qua</span> <span class='ocrx_word' id='word_1_390' title='bbox 874 2009 997 2047; x_wconf 82' lang='lat' dir='ltr'>agens</span> <span class='ocrx_word' id='word_1_391' title='bbox 1018 2004 1150 2046; x_wconf 87' lang='lat' dir='ltr'>potest</span> <span class='ocrx_word' id='word_1_392' title='bbox 1182 2009 1314 2047; x_wconf 83' lang='lat' dir='ltr'>agere,</span> <span class='ocrx_word' id='word_1_393' title='bbox 1335 2004 1373 2037; x_wconf 91' lang='lat' dir='ltr'>et</span> <span class='ocrx_word' id='word_1_394' title='bbox 1403 2000 1482 2037; x_wconf 89' lang='lat' dir='ltr'>alia</span> <span class='ocrx_word' id='word_1_395' title='bbox 1512 1999 1690 2046; x_wconf 88' lang='lat' dir='ltr'>potentia</span> <span class='ocrx_word' id='word_1_396' title='bbox 1723 2008 1801 2046; x_wconf 89' lang='lat' dir='ltr'>qua</span> 
     </span>
     <span class='ocr_line' id='line_1_41' title="bbox 172 2046 1802 2096; baseline -0.002 -10"><span class='ocrx_word' id='word_1_397' title='bbox 172 2050 331 2096; x_wconf 86' lang='lat' dir='ltr'>patiens</span> <span class='ocrx_word' id='word_1_398' title='bbox 351 2053 481 2095; x_wconf 87' lang='lat' dir='ltr'>potest</span> <span class='ocrx_word' id='word_1_399' title='bbox 498 2048 578 2094; x_wconf 89' lang='lat' dir='ltr'>pati</span> <span class='ocrx_word' id='word_1_400' title='bbox 597 2060 604 2093; x_wconf 84' lang='lat'>3</span> <span class='ocrx_word' id='word_1_401' title='bbox 626 2052 662 2084; x_wconf 90' lang='lat' dir='ltr'>et</span> <span class='ocrx_word' id='word_1_402' title='bbox 683 2058 730 2085; x_wconf 76' lang='lat' dir='ltr'>ex</span> <span class='ocrx_word' id='word_1_403' title='bbox 750 2048 934 2094; x_wconf 87' lang='lat' dir='ltr'>opposito</span> <span class='ocrx_word' id='word_1_404' title='bbox 956 2047 1197 2085; x_wconf 89' lang='lat' dir='ltr'>dividuntur.</span> <span class='ocrx_word' id='word_1_405' title='bbox 1213 2050 1266 2085; x_wconf 83' lang='lat' dir='ltr'>Ex</span> <span class='ocrx_word' id='word_1_406' title='bbox 1285 2056 1332 2084; x_wconf 91' lang='lat' dir='ltr'>eo</span> <span class='ocrx_word' id='word_1_407' title='bbox 1350 2047 1473 2095; x_wconf 85' lang='lat' dir='ltr'>igitur</span> <span class='ocrx_word' id='word_1_408' title='bbox 1488 2046 1594 2094; x_wconf 91' lang='lat' dir='ltr'>quod</span> <span class='ocrx_word' id='word_1_409' title='bbox 1616 2046 1802 2083; x_wconf 86' lang='lat' dir='ltr'>convenit</span> 
     </span>
     <span class='ocr_line' id='line_1_42' title="bbox 174 2094 1802 2142; baseline -0.002 -9"><span class='ocrx_word' id='word_1_410' title='bbox 174 2096 293 2134; x_wconf 90' lang='lat' dir='ltr'>alicui</span> <span class='ocrx_word' id='word_1_411' title='bbox 327 2096 432 2142; x_wconf 82' lang='lat' dir='ltr'>quod</span> <span class='ocrx_word' id='word_1_412' title='bbox 454 2096 583 2141; x_wconf 88' lang='lat' dir='ltr'>possit</span> <span class='ocrx_word' id='word_1_413' title='bbox 603 2104 733 2142; x_wconf 85' lang='lat' dir='ltr'>agere,</span> <span class='ocrx_word' id='word_1_414' title='bbox 755 2104 837 2132; x_wconf 91' lang='lat' dir='ltr'>non</span> <span class='ocrx_word' id='word_1_415' title='bbox 858 2095 1046 2140; x_wconf 86' lang='lat' dir='ltr'>competit</span> <span class='ocrx_word' id='word_1_416' title='bbox 1064 2095 1097 2131; x_wconf 88' lang='lat' dir='ltr'>ei</span> <span class='ocrx_word' id='word_1_417' title='bbox 1120 2094 1227 2142; x_wconf 86' lang='lat' dir='ltr'>quod</span> <span class='ocrx_word' id='word_1_418' title='bbox 1248 2095 1378 2141; x_wconf 90' lang='lat' dir='ltr'>possit</span> <span class='ocrx_word' id='word_1_419' title='bbox 1408 2094 1502 2141; x_wconf 88' lang='lat' dir='ltr'>pati.</span> <span class='ocrx_word' id='word_1_420' title='bbox 1526 2096 1649 2131; x_wconf 91' lang='lat' dir='ltr'>Posse</span> <span class='ocrx_word' id='word_1_421' title='bbox 1669 2096 1802 2130; x_wconf 89' lang='lat' dir='ltr'>autem</span> 
     </span>
     <span class='ocr_line' id='line_1_43' title="bbox 172 2140 1801 2189; baseline -0.001 -10"><span class='ocrx_word' id='word_1_422' title='bbox 172 2143 398 2189; x_wconf 81' lang='lat' dir='ltr'>intelligere</span> <span class='ocrx_word' id='word_1_423' title='bbox 418 2147 479 2180; x_wconf 90' lang='lat' dir='ltr'>est</span> <span class='ocrx_word' id='word_1_424' title='bbox 495 2152 614 2189; x_wconf 90' lang='lat' dir='ltr'>posse</span> <span class='ocrx_word' id='word_1_425' title='bbox 635 2143 729 2188; x_wconf 89' lang='lat' dir='ltr'>pati,</span> <span class='ocrx_word' id='word_1_426' title='bbox 752 2151 873 2189; x_wconf 90' lang='lat' dir='ltr'>quum</span> <span class='ocrx_word' id='word_1_427' title='bbox 904 2142 1128 2189; x_wconf 82' lang='lat' dir='ltr'>intelligere</span> <span class='ocrx_word' id='word_1_428' title='bbox 1149 2142 1350 2189; x_wconf 87' lang='lat' dir='ltr'>quoddam</span> <span class='ocrx_word' id='word_1_429' title='bbox 1370 2142 1452 2188; x_wconf 87' lang='lat' dir='ltr'>pati</span> <span class='ocrx_word' id='word_1_430' title='bbox 1481 2141 1546 2186; x_wconf 92' lang='lat' dir='ltr'>sit,</span> <span class='ocrx_word' id='word_1_431' title='bbox 1577 2140 1801 2178; x_wconf 90' lang='lat' dir='ltr'>secundum</span> 
     </span>
     <span class='ocr_line' id='line_1_44' title="bbox 174 2189 1803 2237; baseline -0.001 -10"><span class='ocrx_word' id='word_1_432' title='bbox 174 2189 464 2236; x_wconf 88' lang='lat' dir='ltr'>Philosophum</span> <span class='ocrx_word' id='word_1_433' title='bbox 485 2190 549 2237; x_wconf 86' lang='lat' dir='ltr'>(De</span> <span class='ocrx_word' id='word_1_434' title='bbox 569 2191 706 2230; x_wconf 76' lang='lat' dir='ltr'>anima,</span> <span class='ocrx_word' id='word_1_435' title='bbox 727 2198 768 2233; x_wconf 90' lang='lat'>11,</span> <span class='ocrx_word' id='word_1_436' title='bbox 790 2193 882 2226; x_wconf 79' lang='lat' dir='ltr'>text.</span> <span class='ocrx_word' id='word_1_437' title='bbox 902 2198 1047 2226; x_wconf 90' lang='lat' dir='ltr'>comm.</span> <span class='ocrx_word' id='word_1_438' title='bbox 1063 2189 1113 2235; x_wconf 84' lang='lat'>2).</span> <span class='ocrx_word' id='word_1_439' title='bbox 1136 2190 1223 2226; x_wconf 88' lang='lat' dir='ltr'>Non</span> <span class='ocrx_word' id='word_1_440' title='bbox 1244 2189 1365 2236; x_wconf 86' lang='lat' dir='ltr'>igitur</span> <span class='ocrx_word' id='word_1_441' title='bbox 1386 2189 1530 2226; x_wconf 86' lang='lat' dir='ltr'>dicitur</span> <span class='ocrx_word' id='word_1_442' title='bbox 1545 2198 1643 2234; x_wconf 87' lang='lat' dir='ltr'>puer</span> <span class='ocrx_word' id='word_1_443' title='bbox 1660 2191 1803 2234; x_wconf 86' lang='lat' dir='ltr'>potens</span> 
     </span>
     <span class='ocr_line' id='line_1_45' title="bbox 171 2236 1800 2284; baseline 0.001 -10"><span class='ocrx_word' id='word_1_444' title='bbox 171 2238 396 2284; x_wconf 83' lang='lat' dir='ltr'>intelligere</span> <span class='ocrx_word' id='word_1_445' title='bbox 417 2247 464 2274; x_wconf 85' lang='lat' dir='ltr'>cx</span> <span class='ocrx_word' id='word_1_446' title='bbox 484 2246 531 2274; x_wconf 89' lang='lat' dir='ltr'>eo</span> <span class='ocrx_word' id='word_1_447' title='bbox 549 2237 655 2284; x_wconf 89' lang='lat' dir='ltr'>quod</span> <span class='ocrx_word' id='word_1_448' title='bbox 672 2237 951 2282; x_wconf 88' lang='lat' dir='ltr'>phantasmata</span> <span class='ocrx_word' id='word_1_449' title='bbox 970 2237 1013 2272; x_wconf 91' lang='lat' dir='ltr'>in</span> <span class='ocrx_word' id='word_1_450' title='bbox 1034 2245 1080 2273; x_wconf 93' lang='lat' dir='ltr'>eo</span> <span class='ocrx_word' id='word_1_451' title='bbox 1098 2241 1270 2282; x_wconf 91' lang='lat' dir='ltr'>possunt</span> <span class='ocrx_word' id='word_1_452' title='bbox 1290 2245 1379 2273; x_wconf 91' lang='lat' dir='ltr'>esse</span> <span class='ocrx_word' id='word_1_453' title='bbox 1400 2236 1601 2273; x_wconf 85' lang='lat' dir='ltr'>intellecta</span> <span class='ocrx_word' id='word_1_454' title='bbox 1620 2236 1662 2271; x_wconf 89' lang='lat' dir='ltr'>in</span> <span class='ocrx_word' id='word_1_455' title='bbox 1694 2239 1800 2275; x_wconf 79' lang='lat' dir='ltr'>actu,</span> 
     </span>
     <span class='ocr_line' id='line_1_46' title="bbox 173 2281 1802 2331; baseline -0.001 -10"><span class='ocrx_word' id='word_1_456' title='bbox 173 2294 297 2331; x_wconf 87' lang='lat' dir='ltr'>quum</span> <span class='ocrx_word' id='word_1_457' title='bbox 331 2285 406 2321; x_wconf 87' lang='lat' dir='ltr'>hoc</span> <span class='ocrx_word' id='word_1_458' title='bbox 437 2284 632 2330; x_wconf 87' lang='lat' dir='ltr'>pertineat</span> <span class='ocrx_word' id='word_1_459' title='bbox 663 2283 709 2321; x_wconf 87' lang='lat' dir='ltr'>ad</span> <span class='ocrx_word' id='word_1_460' title='bbox 747 2293 867 2330; x_wconf 88' lang='lat' dir='ltr'>posse</span> <span class='ocrx_word' id='word_1_461' title='bbox 906 2293 1048 2330; x_wconf 81' lang='lat' dir='ltr'>agere3</span> <span class='ocrx_word' id='word_1_462' title='bbox 1070 2284 1350 2330; x_wconf 88' lang='lat' dir='ltr'>phantasmata</span> <span class='ocrx_word' id='word_1_463' title='bbox 1369 2284 1476 2320; x_wconf 91' lang='lat' dir='ltr'>enim</span> <span class='ocrx_word' id='word_1_464' title='bbox 1497 2286 1657 2320; x_wconf 86' lang='lat' dir='ltr'>movent</span> <span class='ocrx_word' id='word_1_465' title='bbox 1683 2281 1802 2319; x_wconf 85' lang='lat' dir='ltr'>intel·</span> 
     </span>
     <span class='ocr_line' id='line_1_47' title="bbox 178 2332 601 2378; baseline 0 -9"><span class='ocrx_word' id='word_1_466' title='bbox 178 2332 326 2369; x_wconf 88' lang='lat' dir='ltr'>lectum</span> <span class='ocrx_word' id='word_1_467' title='bbox 353 2332 601 2378; x_wconf 89' lang='lat' dir='ltr'>possibilem.</span> 
     </span>
    </p>

    <p class='ocr_par' dir='ltr' id='par_1_7' title="bbox 174 2376 1803 2660">
     <span class='ocr_line' id='line_1_48' title="bbox 220 2376 1800 2425; baseline -0.002 -10"><span class='ocrx_word' id='word_1_468' title='bbox 220 2379 365 2419; x_wconf 77' lang='lat' dir='ltr'>Adhuc,</span> <span class='ocrx_word' id='word_1_469' title='bbox 387 2379 565 2425; x_wconf 88' lang='lat' dir='ltr'>potentia</span> <span class='ocrx_word' id='word_1_470' title='bbox 581 2386 834 2425; x_wconf 89' lang='lat' dir='ltr'>consequens</span> <span class='ocrx_word' id='word_1_471' title='bbox 851 2378 1025 2424; x_wconf 88' lang='lat' dir='ltr'>speciem</span> <span class='ocrx_word' id='word_1_472' title='bbox 1044 2378 1214 2425; x_wconf 88' lang='lat' dir='ltr'>alicujus</span> <span class='ocrx_word' id='word_1_473' title='bbox 1227 2387 1309 2416; x_wconf 91' lang='lat' dir='ltr'>non</span> <span class='ocrx_word' id='word_1_474' title='bbox 1322 2377 1511 2423; x_wconf 84' lang='lat' dir='ltr'>competit</span> <span class='ocrx_word' id='word_1_475' title='bbox 1525 2377 1560 2413; x_wconf 90' lang='lat' dir='ltr'>ei</span> <span class='ocrx_word' id='word_1_476' title='bbox 1580 2376 1800 2414; x_wconf 88' lang='lat' dir='ltr'>secundum</span> 
     </span>
     <span class='ocr_line' id='line_1_49' title="bbox 175 2424 1803 2472; baseline -0.003 -9"><span class='ocrx_word' id='word_1_477' title='bbox 175 2425 217 2463; x_wconf 89' lang='lat' dir='ltr'>id</span> <span class='ocrx_word' id='word_1_478' title='bbox 255 2425 362 2472; x_wconf 86' lang='lat' dir='ltr'>quod</span> <span class='ocrx_word' id='word_1_479' title='bbox 398 2426 572 2472; x_wconf 76' lang='lat' dir='ltr'>speciem</span> <span class='ocrx_word' id='word_1_480' title='bbox 611 2434 692 2463; x_wconf 90' lang='lat' dir='ltr'>non</span> <span class='ocrx_word' id='word_1_481' title='bbox 724 2425 903 2472; x_wconf 85' lang='lat' dir='ltr'>largitur.</span> <span class='ocrx_word' id='word_1_482' title='bbox 942 2427 1066 2463; x_wconf 89' lang='lat' dir='ltr'>Posse</span> <span class='ocrx_word' id='word_1_483' title='bbox 1111 2429 1242 2463; x_wconf 84' lang='lat' dir='ltr'>autem</span> <span class='ocrx_word' id='word_1_484' title='bbox 1279 2425 1505 2471; x_wconf 83' lang='lat' dir='ltr'>intelligere</span> <span class='ocrx_word' id='word_1_485' title='bbox 1543 2424 1803 2470; x_wconf 88' lang='lat' dir='ltr'>consequitur</span> 
     </span>
     <span class='ocr_line' id='line_1_50' title="bbox 174 2471 1800 2520; baseline -0.003 -10"><span class='ocrx_word' id='word_1_486' title='bbox 174 2474 351 2519; x_wconf 87' lang='lat' dir='ltr'>speciem</span> <span class='ocrx_word' id='word_1_487' title='bbox 372 2473 611 2518; x_wconf 82' lang='lat' dir='ltr'>humanam3</span> <span class='ocrx_word' id='word_1_488' title='bbox 641 2476 702 2510; x_wconf 88' lang='lat' dir='ltr'>est</span> <span class='ocrx_word' id='word_1_489' title='bbox 726 2473 833 2510; x_wconf 88' lang='lat' dir='ltr'>enim</span> <span class='ocrx_word' id='word_1_490' title='bbox 862 2472 1085 2520; x_wconf 86' lang='lat' dir='ltr'>intelligere</span> <span class='ocrx_word' id='word_1_491' title='bbox 1115 2472 1293 2519; x_wconf 87' lang='lat' dir='ltr'>operatio</span> <span class='ocrx_word' id='word_1_492' title='bbox 1324 2472 1501 2509; x_wconf 84' lang='lat' dir='ltr'>hominis</span> <span class='ocrx_word' id='word_1_493' title='bbox 1535 2471 1576 2508; x_wconf 91' lang='lat' dir='ltr'>in</span> <span class='ocrx_word' id='word_1_494' title='bbox 1608 2474 1800 2517; x_wconf 87' lang='lat' dir='ltr'>quantum</span> 
     </span>
     <span class='ocr_line' id='line_1_51' title="bbox 176 2517 1803 2566; baseline -0.002 -9"><span class='ocrx_word' id='word_1_495' title='bbox 176 2520 407 2566; x_wconf 86' lang='lat' dir='ltr'>hujusmodi</span> <span class='ocrx_word' id='word_1_496' title='bbox 426 2532 434 2565; x_wconf 92' lang='lat'>;</span> <span class='ocrx_word' id='word_1_497' title='bbox 457 2521 736 2566; x_wconf 84' lang='lat' dir='ltr'>phantasmata</span> <span class='ocrx_word' id='word_1_498' title='bbox 755 2523 886 2558; x_wconf 86' lang='lat' dir='ltr'>autem</span> <span class='ocrx_word' id='word_1_499' title='bbox 908 2529 989 2557; x_wconf 89' lang='lat' dir='ltr'>non</span> <span class='ocrx_word' id='word_1_500' title='bbox 1010 2520 1106 2558; x_wconf 88' lang='lat' dir='ltr'>dant</span> <span class='ocrx_word' id='word_1_501' title='bbox 1135 2520 1309 2566; x_wconf 89' lang='lat' dir='ltr'>speciem</span> <span class='ocrx_word' id='word_1_502' title='bbox 1330 2519 1561 2562; x_wconf 88' lang='lat' dir='ltr'>humanam,</span> <span class='ocrx_word' id='word_1_503' title='bbox 1584 2517 1653 2554; x_wconf 89' lang='lat' dir='ltr'>sed</span> <span class='ocrx_word' id='word_1_504' title='bbox 1673 2517 1803 2562; x_wconf 82' lang='lat' dir='ltr'>magis</span> 
     </span>
     <span class='ocr_line' id='line_1_52' title="bbox 175 2566 1801 2614; baseline -0.003 -11"><span class='ocrx_word' id='word_1_505' title='bbox 175 2571 478 2613; x_wconf 88' lang='lat' dir='ltr'>consequuntur</span> <span class='ocrx_word' id='word_1_506' title='bbox 516 2568 788 2613; x_wconf 86' lang='lat' dir='ltr'>operationem</span> <span class='ocrx_word' id='word_1_507' title='bbox 821 2567 1011 2605; x_wconf 90' lang='lat' dir='ltr'>hominis.</span> <span class='ocrx_word' id='word_1_508' title='bbox 1040 2569 1128 2605; x_wconf 83' lang='lat' dir='ltr'>Non</span> <span class='ocrx_word' id='word_1_509' title='bbox 1161 2575 1257 2614; x_wconf 87' lang='lat' dir='ltr'>ergo</span> <span class='ocrx_word' id='word_1_510' title='bbox 1292 2567 1446 2605; x_wconf 89' lang='lat' dir='ltr'>ratione</span> <span class='ocrx_word' id='word_1_511' title='bbox 1479 2566 1801 2612; x_wconf 85' lang='lat' dir='ltr'>phantasmatum</span> 
     </span>
     <span class='ocr_line' id='line_1_53' title="bbox 174 2614 982 2660; baseline 0.004 -12"><span class='ocrx_word' id='word_1_512' title='bbox 174 2617 307 2658; x_wconf 86' lang='lat' dir='ltr'>potest</span> <span class='ocrx_word' id='word_1_513' title='bbox 324 2614 401 2650; x_wconf 90' lang='lat' dir='ltr'>dici</span> <span class='ocrx_word' id='word_1_514' title='bbox 425 2624 523 2660; x_wconf 88' lang='lat' dir='ltr'>puer</span> <span class='ocrx_word' id='word_1_515' title='bbox 540 2615 718 2660; x_wconf 88' lang='lat' dir='ltr'>potentia</span> <span class='ocrx_word' id='word_1_516' title='bbox 737 2614 982 2660; x_wconf 80' lang='lat' dir='ltr'>intelligens.</span> 
     </span>
    </p>

    <p class='ocr_par' dir='ltr' id='par_1_8' title="bbox 175 2657 1804 2944">
     <span class='ocr_line' id='line_1_54' title="bbox 227 2657 1802 2711; baseline -0.001 -16"><span class='ocrx_word' id='word_1_517' title='bbox 227 2660 415 2711; x_wconf 26' lang='lat' dir='ltr'>Simili-ter</span> <span class='ocrx_word' id='word_1_518' title='bbox 435 2665 567 2698; x_wconf 87' lang='lat' dir='ltr'>autem</span> <span class='ocrx_word' id='word_1_519' title='bbox 586 2671 713 2708; x_wconf 87' lang='lat' dir='ltr'>neque</span> <span class='ocrx_word' id='word_1_520' title='bbox 728 2661 806 2699; x_wconf 90' lang='lat' dir='ltr'>dici</span> <span class='ocrx_word' id='word_1_521' title='bbox 826 2665 958 2708; x_wconf 88' lang='lat' dir='ltr'>potest</span> <span class='ocrx_word' id='word_1_522' title='bbox 977 2671 1075 2708; x_wconf 89' lang='lat' dir='ltr'>puer</span> <span class='ocrx_word' id='word_1_523' title='bbox 1094 2670 1213 2707; x_wconf 87' lang='lat' dir='ltr'>posse</span> <span class='ocrx_word' id='word_1_524' title='bbox 1231 2660 1454 2706; x_wconf 83' lang='lat' dir='ltr'>intelligere</span> <span class='ocrx_word' id='word_1_525' title='bbox 1467 2657 1559 2704; x_wconf 85' lang='lat' dir='ltr'>quia</span> <span class='ocrx_word' id='word_1_526' title='bbox 1577 2657 1802 2694; x_wconf 83' lang='lat' dir='ltr'>intellectus</span> 
     </span>
     <span class='ocr_line' id='line_1_55' title="bbox 175 2704 1804 2756; baseline -0.001 -15"><span class='ocrx_word' id='word_1_527' title='bbox 175 2706 385 2752; x_wconf 82' lang='lat' dir='ltr'>possibilis</span> <span class='ocrx_word' id='word_1_528' title='bbox 417 2711 549 2753; x_wconf 89' lang='lat' dir='ltr'>potest</span> <span class='ocrx_word' id='word_1_529' title='bbox 568 2709 794 2746; x_wconf 88' lang='lat' dir='ltr'>continuari</span> <span class='ocrx_word' id='word_1_530' title='bbox 831 2718 921 2746; x_wconf 89' lang='lat' dir='ltr'>cum</span> <span class='ocrx_word' id='word_1_531' title='bbox 941 2709 1044 2755; x_wconf 89' lang='lat' dir='ltr'>ipso.</span> <span class='ocrx_word' id='word_1_532' title='bbox 1066 2709 1129 2746; x_wconf 87' lang='lat' dir='ltr'>Sic</span> <span class='ocrx_word' id='word_1_533' title='bbox 1156 2709 1262 2745; x_wconf 91' lang='lat' dir='ltr'>enim</span> <span class='ocrx_word' id='word_1_534' title='bbox 1292 2706 1438 2753; x_wconf 87' lang='lat' dir='ltr'>aliquis</span> <span class='ocrx_word' id='word_1_535' title='bbox 1457 2704 1602 2756; x_wconf 78' lang='lat' dir='ltr'>dicitur</span> <span class='ocrx_word' id='word_1_536' title='bbox 1626 2704 1804 2750; x_wconf 90' lang='lat' dir='ltr'>potentia</span> 
     </span>
     <span class='ocr_line' id='line_1_56' title="bbox 178 2751 1801 2802; baseline 0 -13"><span class='ocrx_word' id='word_1_537' title='bbox 178 2762 295 2798; x_wconf 82' lang='lat' dir='ltr'>agere</span> <span class='ocrx_word' id='word_1_538' title='bbox 326 2753 386 2789; x_wconf 87' lang='lat' dir='ltr'>vel</span> <span class='ocrx_word' id='word_1_539' title='bbox 420 2755 500 2798; x_wconf 87' lang='lat' dir='ltr'>pati</span> <span class='ocrx_word' id='word_1_540' title='bbox 530 2764 600 2800; x_wconf 88' lang='lat' dir='ltr'>per</span> <span class='ocrx_word' id='word_1_541' title='bbox 624 2756 842 2802; x_wconf 87' lang='lat' dir='ltr'>potentiam</span> <span class='ocrx_word' id='word_1_542' title='bbox 864 2756 1032 2793; x_wconf 87' lang='lat' dir='ltr'>activam</span> <span class='ocrx_word' id='word_1_543' title='bbox 1050 2755 1112 2792; x_wconf 91' lang='lat' dir='ltr'>vel</span> <span class='ocrx_word' id='word_1_544' title='bbox 1139 2755 1353 2802; x_wconf 80' lang='lat' dir='ltr'>passivam,</span> <span class='ocrx_word' id='word_1_545' title='bbox 1377 2753 1482 2791; x_wconf 85' lang='lat' dir='ltr'>sicut</span> <span class='ocrx_word' id='word_1_546' title='bbox 1516 2751 1661 2788; x_wconf 81' lang='lat' dir='ltr'>dicitur</span> <span class='ocrx_word' id='word_1_547' title='bbox 1687 2751 1801 2789; x_wconf 88' lang='lat' dir='ltr'>albus</span> 
     </span>
     <span class='ocr_line' id='line_1_57' title="bbox 177 2798 1803 2852; baseline 0.001 -17"><span class='ocrx_word' id='word_1_548' title='bbox 177 2798 514 2852; x_wconf 21' lang='lat' dir='ltr'>pertalbedinem.</span> <span class='ocrx_word' id='word_1_549' title='bbox 537 2803 622 2838; x_wconf 86' lang='lat' dir='ltr'>Non</span> <span class='ocrx_word' id='word_1_550' title='bbox 643 2806 773 2839; x_wconf 90' lang='lat' dir='ltr'>autem</span> <span class='ocrx_word' id='word_1_551' title='bbox 799 2803 946 2850; x_wconf 90' lang='lat' dir='ltr'>aliquis</span> <span class='ocrx_word' id='word_1_552' title='bbox 966 2803 1112 2840; x_wconf 88' lang='lat' dir='ltr'>dicitur</span> <span class='ocrx_word' id='word_1_553' title='bbox 1131 2802 1261 2846; x_wconf 81' lang='lat' dir='ltr'>albuS‚</span> <span class='ocrx_word' id='word_1_554' title='bbox 1283 2803 1495 2846; x_wconf 86' lang='lat' dir='ltr'>antequam</span> <span class='ocrx_word' id='word_1_555' title='bbox 1530 2798 1671 2850; x_wconf 80' lang='lat' dir='ltr'>albedo</span> <span class='ocrx_word' id='word_1_556' title='bbox 1694 2799 1746 2835; x_wconf 87' lang='lat' dir='ltr'>sit</span> <span class='ocrx_word' id='word_1_557' title='bbox 1765 2798 1803 2836; x_wconf 88' lang='lat' dir='ltr'>ei</span> 
     </span>
     <span class='ocr_line' id='line_1_58' title="bbox 177 2846 1800 2899; baseline 0.001 -17"><span class='ocrx_word' id='word_1_558' title='bbox 177 2850 404 2899; x_wconf 70' lang='lat' dir='ltr'>conjuncta.</span> <span class='ocrx_word' id='word_1_559' title='bbox 437 2848 537 2899; x_wconf 76' lang='lat' dir='ltr'>Ergo</span> <span class='ocrx_word' id='word_1_560' title='bbox 570 2857 698 2895; x_wconf 87' lang='lat' dir='ltr'>neque</span> <span class='ocrx_word' id='word_1_561' title='bbox 730 2849 875 2888; x_wconf 86' lang='lat' dir='ltr'>dicitur</span> <span class='ocrx_word' id='word_1_562' title='bbox 902 2850 1048 2898; x_wconf 72' lang='lat' dir='ltr'>anquis</span> <span class='ocrx_word' id='word_1_563' title='bbox 1068 2852 1210 2895; x_wconf 89' lang='lat' dir='ltr'>potens</span> <span class='ocrx_word' id='word_1_564' title='bbox 1230 2855 1347 2895; x_wconf 85' lang='lat' dir='ltr'>agere</span> <span class='ocrx_word' id='word_1_565' title='bbox 1380 2846 1441 2883; x_wconf 87' lang='lat' dir='ltr'>vel</span> <span class='ocrx_word' id='word_1_566' title='bbox 1462 2849 1557 2892; x_wconf 82' lang='lat' dir='ltr'>pati,</span> <span class='ocrx_word' id='word_1_567' title='bbox 1586 2850 1800 2893; x_wconf 84' lang='lat' dir='ltr'>antequam</span> 
     </span>
     <span class='ocr_line' id='line_1_59' title="bbox 177 2891 1803 2944; baseline 0 -13"><span class='ocrx_word' id='word_1_568' title='bbox 177 2896 357 2939; x_wconf 82' lang='lat' dir='ltr'>potentia</span> <span class='ocrx_word' id='word_1_569' title='bbox 375 2897 503 2934; x_wconf 81' lang='lat' dir='ltr'>activa</span> <span class='ocrx_word' id='word_1_570' title='bbox 522 2894 584 2933; x_wconf 86' lang='lat' dir='ltr'>vel</span> <span class='ocrx_word' id='word_1_571' title='bbox 603 2896 765 2944; x_wconf 83' lang='lat' dir='ltr'>passiva</span> <span class='ocrx_word' id='word_1_572' title='bbox 786 2897 822 2935; x_wconf 90' lang='lat' dir='ltr'>ei</span> <span class='ocrx_word' id='word_1_573' title='bbox 843 2896 970 2942; x_wconf 86' lang='lat' dir='ltr'>adsit;</span> <span class='ocrx_word' id='word_1_574' title='bbox 993 2904 1075 2935; x_wconf 91' lang='lat' dir='ltr'>non</span> <span class='ocrx_word' id='word_1_575' title='bbox 1095 2904 1190 2943; x_wconf 83' lang='lat' dir='ltr'>ergo</span> <span class='ocrx_word' id='word_1_576' title='bbox 1217 2894 1265 2933; x_wconf 89' lang='lat' dir='ltr'>de</span> <span class='ocrx_word' id='word_1_577' title='bbox 1284 2901 1408 2942; x_wconf 88' lang='lat' dir='ltr'>puero</span> <span class='ocrx_word' id='word_1_578' title='bbox 1428 2896 1568 2942; x_wconf 84' lang='lat' dir='ltr'>posset</span> <span class='ocrx_word' id='word_1_579' title='bbox 1595 2893 1674 2932; x_wconf 80' lang='lat' dir='ltr'>dici</span> <span class='ocrx_word' id='word_1_580' title='bbox 1695 2891 1803 2942; x_wconf 84' lang='lat' dir='ltr'>quod</span> 
     </span>
    </p>
   </div>
  </div>
 </body>
</html>
