1894 3223
160 147 224 183 134
757 143 845 177 LIB.
874 144 920 186 ΙΙ,
949 144 1048 179 CAP.
1075 144 1172 180 XXX.

157 227 261 274 quod
282 224 431 272 aliquid
454 224 597 261 dicitur
610 223 880 260 necessarium
891 223 1071 260 absolute
1088 233 1196 271 :quae
1216 224 1375 271 quidem
1397 224 1619 261 necessitas
1634 224 1776 270 depen-

155 274 221 310 det
240 283 287 309 ex
307 271 440 308 causis
461 270 659 316 prioribus
677 270 717 306 in
739 279 827 307 esse
846 271 950 307 sicut
967 281 1014 307 ex
1046 271 1252 317 principiis
1273 270 1558 308 essentialibus
1579 274 1616 307 et
1636 271 1771 308 causis

155 318 434 362 efficientibus,
457 317 539 354 sive
559 316 824 354 moventibus.
846 317 920 354 Sed
941 317 1015 354 iste
1037 317 1179 355 modus
1201 317 1452 355 necessitatis
1491 317 1532 353 in
1566 318 1771 362 01110010-

157 375 242 403 rum
265 365 464 402 creatione
484 364 616 400 locum
636 364 780 401 habere
800 373 879 401 non
903 368 1046 410 potest,
1067 369 1258 411 quantum
1288 364 1336 401 ad
1370 373 1514 401 causas
1537 363 1769 402 efficientes.

156 413 211 450 Ibi
233 412 338 448 enim
358 411 470 448 solus
492 412 595 448 Deus
611 419 732 448 causa
750 410 928 448 efficiens
944 411 1030 455 suit,
1051 411 1165 458 cujus
1186 415 1246 448 est
1259 412 1386 449 solius
1419 420 1567 456 creare,
1592 414 1632 447 ut
1653 420 1773 457 supra

156 459 203 505 (c.
225 457 284 505 21)
305 462 509 495 ostensum
532 461 603 495 081.
625 459 711 504 Ipse
726 461 855 495 autem
884 467 964 494 non
992 458 1227 495 necessitate
1260 461 1427 504 natu-rae,
1462 457 1531 495 sed
1553 457 1769 502 voluntate,

154 508 340 551 operatur
357 505 543 549 creando,
566 508 744 550 utsupra
764 503 812 551 (c.
833 504 893 551 23)
916 508 1122 541 ostensum
1144 509 1216 542 est.
1248 507 1301 543 Ea
1320 514 1413 542 vero
1446 514 1533 552 quae
1571 505 1774 542 voluntate

154 552 266 596 fiunt,
286 552 564 588 necessitatem
585 551 729 588 habere
749 560 829 588 non
848 555 1031 597 possunt,
1054 551 1131 588 nisi
1164 562 1212 588 ex
1240 552 1328 589 sola
1359 549 1452 589 finis
1481 552 1772 598 suppositione,

155 599 373 636 secundum
393 608 510 645 quam
538 598 712 635 debitum
729 601 789 635 est
810 597 878 634 fini
901 602 942 634 01
963 607 1009 634 00
1023 598 1103 634 sint
1122 607 1192 644 per
1211 608 1298 645 quae
1320 598 1545 644 pervenitur
1565 599 1613 636 ad
1636 598 1771 636 finem.

152 646 225 683 Sed
246 649 438 692 quantum
453 647 500 682 ad
524 654 667 683 causas
689 645 876 683 formales
897 645 957 681 vel
980 645 1220 689 materiales,
1242 645 1341 682 nihil
1375 646 1559 692 prohibet
1578 646 1696 682 etiam
1728 646 1771 682 in

153 693 281 739 prima
302 702 433 729 rerum
464 693 663 730 creatione
702 692 979 729 necessitatem
1013 692 1236 728 absolutam
1267 692 1451 729 inveniri.
1486 694 1539 729 Ex
1559 692 1634 729 hoc
1665 692 1773 729 enim

152 739 258 786 quod
274 739 406 786 aliqua
421 748 588 785 corpora
608 749 655 776 ex
676 739 883 776 elementis
906 739 1051 775 suerint
1072 739 1306 785 composita,
1331 739 1604 776 necessarium
1633 739 1706 775 suit
1728 748 1776 776 ea

153 786 283 824 calida
297 790 364 823 aut
381 787 524 832 frigida
537 795 626 823 esse
646 797 655 832 ;
675 789 713 823 et
734 796 781 823 ex
796 787 870 824 1100
891 786 996 832 quod
1018 785 1150 832 aliqua
1171 785 1402 831 superficies
1423 786 1615 831 producta
1635 789 1695 822 est
1711 785 1778 822 tri-

154 833 361 880 angularis
380 832 530 880 figurae,
554 833 825 870 necessarium
848 833 922 869 fuit
943 833 1047 879 quod
1070 837 1149 869 tres
1166 834 1334 881 angulos
1356 833 1529 879 aequales
1545 832 1701 870 duobus
1720 842 1777 869 re-

157 881 232 917 ctis
254 880 427 917 haberet.
450 882 538 918 Haec
559 883 690 917 autem
721 880 941 916 necessitas
972 884 1031 916 est
1061 880 1280 916 secundum
1316 879 1495 916 ordinem
1525 879 1690 916 effectus
1727 879 1777 916 ad

152 936 319 964 causam
338 931 508 964 creatam
544 927 785 963 materialem
808 928 867 963 vel
896 927 1115 963 formalem.
1148 927 1256 963 Unde
1301 927 1519 964 secundum
1544 927 1645 963 hanc
1668 928 1774 964 Deus

153 974 306 1010 debitor
326 974 403 1011 dici
420 983 499 1011 non
520 978 663 1019 potest,
680 974 749 1010 sed
768 973 896 1020 magis
917 974 957 1010 in
981 978 1199 1010 creaturam
1221 973 1395 1010 debiturn
1422 974 1675 1010 necessitatis
1708 983 1772 1010 ca-

152 1021 223 1058 dit.
246 1023 287 1057 ln
303 1031 433 1058 rerum
453 1025 583 1058 autem
604 1021 903 1067 propagatione,
936 1020 1003 1057 ubi
1030 1021 1111 1067 jam
1145 1025 1324 1057 creatura
1349 1019 1527 1058 efficiens
1560 1020 1773 1064 invenitur,

152 1071 283 1114 potest
304 1077 392 1105 esse
413 1068 632 1105 necessitas
655 1068 838 1104 absoluta
858 1077 880 1104 a
900 1077 1020 1104 causa
1043 1067 1237 1104 efficiente
1266 1071 1421 1112 creata3
1447 1068 1551 1105 81001
1586 1077 1631 1104 ex
1662 1071 1772 1103 motu

153 1114 257 1152 solis·
275 1114 460 1151 inferiora
479 1124 644 1160 corpora
666 1115 894 1151 necessario
916 1115 1188 1151 immutantur.

201 1161 264 1198 Sic
284 1161 406 1208 igitur
422 1171 469 1198 ex
489 1161 686 1207 praedictis
708 1161 824 1198 debiti
844 1161 1065 1198 rationibus
1080 1160 1236 1207 Justitia
1256 1161 1449 1198 naturalis
1471 1161 1511 1197 10
1531 1160 1650 1198 rebus
1665 1161 1770 1197 inve-

152 1207 261 1244 nitur
281 1212 521 1254 etquantum
540 1209 586 1245 ad
609 1217 738 1245 rerum
759 1210 1001 1245 creationem
1041 1211 1076 1244 et
1110 1212 1300 1254 quantum
1335 1208 1383 1244 ad
1410 1217 1540 1245 rerum
1576 1217 1772 1254 propaga-

151 1254 302 1337 tiolnem
326 1266 333 1290 :
354 1259 391 1291 et
416 1255 506 1292 ideo
528 1257 631 1292 Deus
652 1255 911 1301 dicitur-Justc
932 1258 969 1291 et
991 1255 1285 1291 rationabiliter
1304 1255 1439 1292 omnia
1458 1255 1702 1299 condidisse,
1737 1257 1775 1291 et

183 1311 205 1338 0
238 1311 390 1338 ernare.

152 1309 179 1349 g
200 1348 261 1385 Sic
280 1349 402 1394 igitur
420 1358 489 1394 per
508 1349 694 1394 praedicta
712 1348 933 1384 excluditur
948 1348 1091 1393 duplex
1110 1358 1244 1385 error:
1262 1357 1399 1385 eorum
1416 1349 1568 1386 scilicet
1586 1349 1652 1395 qui
1676 1348 1773 1385 divi-

152 1403 244 1432 nam
266 1396 482 1441 potentiam
500 1396 716 1432 limitantes
736 1395 917 1431 dicebant
940 1397 1061 1431 Deum
1080 1404 1158 1431 non
1179 1405 1298 1441 posse
1337 1396 1463 1432 facere
1498 1396 1576 1431 nisi
1602 1404 1689 1442 quae
1719 1396 1773 1431 fe·

151 1442 219 1486 cit,
242 1442 335 1488 quia
350 1443 407 1479 sic
421 1443 547 1479 facere
562 1442 689 1486 debet,
708 1446 744 1478 et
762 1451 898 1478 eorum
920 1442 986 1488 qui
1003 1443 1151 1486 dicunt,
1171 1442 1277 1489 quod
1288 1442 1424 1479 omnia
1439 1446 1660 1488 sequuntur
1683 1441 1776 1479 sim·

150 1488 295 1541 plicent
317 1489 559 1573 voiluntatem
581 1490 731 1535 absque
751 1489 884 1535 aliqua
905 1489 982 1525 alia
1006 1489 1158 1525 ratione
1172 1489 1233 1525 vel
1253 1489 1466 1536 quaerenda
1497 1490 1538 1525 in
1573 1489 1692 1526 rebus
1713 1488 1775 1525 vel

152 1543 346 1583 assignari
377 1545 412 1573 a.
1253 1548 1255 1550 ·

799 1647 967 1688 CAPUT
995 1647 1118 1688 XXX.

300 1762 492 1795 QUALITER
517 1761 559 1789 IN
581 1761 707 1790 REBUS
726 1761 887 1789 GREATIS
907 1761 1038 1790 POSSIT
1058 1761 1153 1789 ESSE
1172 1760 1402 1790 NECESSITAS
1425 1761 1640 1792 ABSOLUTA.

201 1865 306 1901 Licet
320 1868 449 1900 autem
470 1864 605 1901 omnia
625 1873 672 1900 ex
693 1864 760 1900 Dei
780 1863 983 1900 voluntate
1003 1863 1250 1909 dependeant
1270 1863 1374 1900 sicut
1396 1873 1443 1900 ex
1475 1863 1603 1909 prima
1635 1873 1773 1911 causa,

151 1921 241 1960 quae
261 1912 299 1947 in
323 1911 524 1957 operando
545 1911 822 1947 necessitatem
842 1920 921 1946 non
945 1911 1061 1947 habet
1094 1910 1172 1947 nisi
1194 1920 1241 1947 ex
1262 1911 1324 1947 sui
1353 1910 1547 1956 propositi
1580 1912 1771 1957 supposi-

150 1960 272 1998 tione,
295 1967 374 1994 non
398 1962 529 1994 tamen
542 1961 700 2004 propter
719 1958 794 1994 hoc
821 1958 1005 1994 absoluta
1039 1957 1260 1994 necessitas
1281 1967 1305 1995 a
1322 1957 1440 1994 rebus
1459 1957 1696 2000 excluditur,
1731 1962 1774 1995 ut

152 2005 205 2043 sit
224 2005 496 2042 necessarium
517 2013 592 2042 nos
614 2004 726 2041 fateri
748 2005 883 2041 omnia
899 2004 1174 2050 contingentia
1194 2013 1283 2049 esse
1306 2016 1314 2040 :
1333 2004 1440 2051 quod
1475 2007 1615 2049 posset
1652 2005 1772 2042 alicui

150 2052 275 2089 videri
295 2061 341 2088 ex
360 2052 436 2088 hoc
456 2051 561 2098 quod
582 2061 604 2088 a
621 2061 743 2088 causa
764 2060 837 2088 800
853 2061 931 2088 non
946 2052 992 2088 00
1010 2052 1245 2089 necessitate
1261 2051 1445 2088 absoluta
1462 2050 1667 2099 fluxerint;
1683 2061 1774 2089 cum

153 2099 309 2137 soleant
327 2099 369 2135 in
386 2098 504 2135 rebus
522 2107 610 2136 esse
631 2099 909 2144 contingentes
931 2097 1094 2136 effectus
1115 2098 1182 2145 qui
1203 2108 1251 2136 ex
1267 2107 1390 2136 causa
1425 2107 1499 2135 sua
1522 2107 1603 2136 non
1636 2098 1683 2136 de
1704 2108 1772 2136 ne-

152 2146 338 2184 cessitate
358 2146 590 2191 procedunt.
612 2146 710 2183 Sunt
727 2146 833 2182 enirn
852 2146 1032 2192 quaedam
1051 2145 1093 2182 in
1113 2145 1232 2183 rebus
1252 2145 1411 2190 creatis,
1431 2155 1519 2192 quae
1542 2145 1776 2192 simpliciter

151 2196 191 2230 et
208 2193 389 2230 absolute
410 2201 574 2230 necesse
595 2197 778 2230 estesse.
801 2192 893 2230 Illas
914 2193 1020 2229 enim
1057 2201 1121 2229 res
1150 2192 1384 2239 simpliciter
1420 2196 1459 2230 et
1494 2192 1676 2230 absolute
1705 2201 1776 2230 ne-

152 2249 265 2278 cesse
286 2243 346 2276 est
366 2248 454 2277 0880
468 2239 509 2276 10
527 2238 673 2287 quibus
695 2248 775 2277 non
797 2244 858 2277 est
878 2239 1126 2286 possibilitas
1147 2240 1196 2277 ad
1211 2248 1291 2277 non
1305 2248 1395 2277 0880
1415 2251 1423 2275 :
1446 2239 1626 2285 quaedam
1642 2246 1773 2277 autem

151 2296 216 2324 res
231 2287 289 2324 810
307 2289 401 2324 8001
420 2296 443 2323 0
461 2288 540 2323 Deo
560 2286 602 2323 in
624 2295 714 2324 esse
735 2286 947 2332 productae,
970 2290 1010 2323 01
1032 2286 1073 2322 10
1093 2295 1229 2324 earum
1249 2289 1396 2324 natura
1427 2287 1480 2323 sit
1510 2287 1691 2332 potentia
1724 2287 1774 2324 ad

151 2343 234 2371 non
255 2342 344 2371 esse
362 2345 372 2378 ;
394 2333 500 2380 quod
517 2333 675 2381 quidem
704 2333 900 2380 contingit
915 2343 962 2370 ex
983 2333 1057 2370 hoc
1076 2333 1182 2381 quod
1200 2333 1420 2371 materiain
1441 2334 1500 2371 018
1523 2337 1583 2371 est
1596 2335 1777 2379 potentia

151 2381 201 2418 ad
222 2381 340 2418 aliam
362 2380 544 2417 formam.
565 2380 646 2417 Illae
661 2380 783 2428 igitur
802 2390 865 2417 res
886 2380 925 2416 in
946 2380 1090 2427 quibus
1111 2381 1171 2417 vel
1190 2389 1271 2418 non
1285 2384 1347 2418 est
1366 2380 1531 2418 materia
1550 2381 1612 2417 vel
1627 2380 1676 2428 (si
1699 2381 1775 2428 est)

151 2436 233 2465 non
255 2431 316 2464 est
334 2427 540 2473 possibilis
555 2427 604 2465 ad
623 2427 742 2465 aliam
764 2427 945 2473 formam,
966 2436 1046 2464 non
1065 2427 1211 2464 habent
1229 2428 1447 2474 potentiam
1479 2427 1528 2465 ad
1549 2436 1631 2465 non
1670 2436 1773 2464 esse.

152 2476 226 2512 Eas
241 2474 363 2521 igitur
384 2474 566 2512 absolute
586 2477 624 2511 et
639 2474 874 2521 simpliciter
895 2483 1059 2512 necesse
1083 2477 1264 2512 estesse.

184 2521 238 2572 'Si
261 2525 390 2557 autem
412 2521 566 2559 dicatur
584 2522 692 2574 quod
711 2531 859 2569 eaquae
878 2525 971 2558 sunt
992 2532 1039 2558 ex
1058 2521 1199 2567 nihilo,
1221 2524 1412 2570 quantum
1427 2524 1488 2559 est
1507 2521 1554 2558 de
1569 2529 1626 2564 se,
1648 2520 1689 2557 in
1710 2520 1771 2557 ni·

154 2567 279 2605 hilum
297 2568 477 2613 tendunt,
509 2569 689 2606 0181010
721 2568 910 2606 omnibus
933 2570 1125 2606 creaturis
1148 2568 1254 2607 inest
1273 2568 1451 2616 potentia
1469 2567 1518 2605 00
1550 2575 1631 2604 000
1666 2576 1771 2612 0880,

151 2613 409 2651 manifestum
431 2617 490 2651 est
502 2615 579 2653 hoc
598 2624 681 2654 non
701 2616 829 2663 sequi.
852 2616 1043 2654 Dicuntur
1064 2615 1171 2653 enim
1190 2624 1255 2654 res
1274 2618 1415 2654 creatae
1442 2622 1490 2651 00
1509 2613 1630 2651 10000
1651 2613 1691 2650 10
1712 2614 1773 2650 ni-

152 2660 279 2697 hilum
293 2660 459 2712 ,tendere
480 2670 559 2707 quo
582 2665 676 2700 sunt
696 2672 743 2700 ex
757 2662 884 2700 nihilo
905 2675 914 2699 τ
937 2663 1043 2710 quod
1063 2662 1222 2710 quidem
1243 2671 1325 2700 non
1341 2665 1416 2707 est,
1434 2660 1513 2698 nisi
1551 2660 1771 2698 secundum

151 2709 379 2760 potentlam·
389 2708 558 2753 agentis.
579 2708 643 2746 Sic
662 2709 784 2756 igitur
803 2710 844 2746 in
866 2710 984 2747 rebus
1001 2710 1144 2747 creatis
1162 2718 1243 2747 non
1263 2709 1368 2746 inest
1396 2707 1573 2754 potentia
1605 2707 1653 2744 ad
1689 2716 1772 2745 non

153 2762 256 2803 esse,
280 2753 348 2790 sed
369 2763 410 2789 10
430 2754 610 2792 creatore
630 2755 736 2793 inest
755 2757 931 2802 potentia
946 2761 986 2793 ut
1005 2757 1063 2794 eis
1084 2757 1149 2794 det
1181 2765 1272 2794 esse
1305 2755 1366 2791 vel
1401 2754 1460 2792 eis
1490 2754 1647 2791 desinat
1679 2763 1770 2792 esse

153 2798 332 2845 influere,
356 2810 444 2838 cum
466 2810 546 2838 non
567 2811 615 2837 ex
634 2803 870 2840 necessitate
889 2807 1038 2840 naturae
1049 2807 1138 2850 agat
1157 2803 1205 2840 ad
1223 2811 1353 2839 rerum
1367 2801 1683 2847 productionem,
1701 2801 1772 2839 sed

152 2856 202 2885 ex
219 2847 438 2893 voluntate,
459 2851 502 2884 ut
517 2847 565 2896 (c.
583 2847 644 2896 23)
665 2853 870 2886 ostensum
887 2854 959 2887 est.

198 2896 299 2937 Item,
321 2904 368 2932 ex
388 2903 466 2942 quo
485 2903 549 2932 res
570 2898 709 2933 creatae
730 2905 776 2933 ex
796 2895 929 2933 divina
955 2896 1156 2933 voluntate
1191 2895 1232 2932 in
1257 2903 1347 2933 esse
1366 2894 1576 2942 prodeunt,
1615 2897 1772 2942 oportet
