1894 3223
675 109 761 146 ΗΒ.
793 110 855 153 ΙΙΙ,
882 110 983 146 CAP.
1011 110 1136 146 Lxxv.
1650 112 1717 148 355

92 190 134 228 in
154 189 287 228 finem.
305 191 415 228 Esset
431 189 547 227 etiam
565 193 704 228 contra
724 189 1003 235 perfectionem
1027 190 1215 234 universi,
1237 190 1271 227 si
1302 189 1412 227 nulla
1431 198 1494 228 res
1516 190 1712 237 corrupti·

95 236 189 275 bilis
206 240 324 278 esset.
355 245 426 273 nec
439 236 573 283 aliqua
590 236 716 274 virtus
736 235 900 273 deficere
923 241 1077 282 potens,
1112 240 1153 274 ut
1171 247 1217 273 ex
1245 236 1442 283 praetlictis
1465 237 1564 282 (cap.
1596 240 1639 275 71
1677 242 1713 275 et

92 284 154 329 72)
171 287 288 330 patet.
305 285 355 320 Ex
374 283 448 320 hoc
472 286 602 321 autem
624 282 729 330 quod
751 283 910 329 aliquod
946 293 1068 329 agens
1100 288 1257 330 propter
1277 283 1393 320 finem
1415 283 1546 320 delicit
1582 283 1631 321 ab
1666 294 1714 321 eo

93 331 196 378 quod
227 329 407 372 intendit,
435 330 613 377 sequitur
633 330 767 376 aliqua
792 339 887 366 casu
922 331 1167 376 contingere.
1193 332 1302 368 Esset
1334 331 1455 377 igitur
1490 334 1627 369 contra
1656 340 1715 370 ra-

94 378 245 415 tionem
266 376 521 423 providentiae
541 381 579 414 et
613 377 866 428 perfectionis
886 386 1032 417 rerum,
1054 377 1086 414 si
1110 386 1189 414 non
1205 381 1341 415 essent
1366 378 1500 425 aliqua
1519 377 1709 416 casualia.

138 425 281 465 Adhuc,
305 424 515 462 multitudo
533 428 568 462 et
590 424 798 461 diversitas
820 433 1030 461 causarum
1049 434 1096 461 ex
1117 424 1255 461 ordine
1282 424 1425 462 divina]
1450 425 1708 470 providentia}

93 475 130 508 et
148 471 424 518 dispositionis
444 470 634 517 procedit,
654 471 860 517 supposita
882 475 1012 508 autem
1034 480 1244 508 causarum
1259 470 1709 517 dispositione‚'oportet

93 527 212 556 unam
232 517 343 556 alteri
363 518 599 565 quandoque
619 527 868 561 concurrere,
893 528 959 564 per
979 527 1097 565 quam
1126 517 1373 564 impediatur,
1397 519 1456 555 vel
1474 519 1642 564 juvetur
1660 519 1709 556 ad

94 573 211 603 suum
232 564 413 602 effectum
434 565 745 611 producendum.
769 566 820 601 Ex
845 574 1043 603 concursu
1075 569 1206 602 autem
1240 564 1407 602 duarum
1439 566 1498 603 vel
1533 566 1707 612 plurium

93 621 317 656 causarum,
339 613 534 659 contingit
554 612 715 659 aliquod
735 613 947 649 casualiter
973 612 1143 655 evenire,
1165 612 1257 649 dum
1292 611 1384 649 sinis
1416 621 1492 649 non
1527 613 1708 650 intentus

94 658 263 706 alicujus
300 668 431 697 eausre
459 660 639 706 provenit
664 672 676 696 ε
712 659 816 696 sicut
847 659 1021 696 inventio
1054 659 1244 696 debitoris
1275 659 1325 696 ab
1360 668 1408 696 eo
1441 659 1507 706 qui
1544 659 1626 697 ibat
1659 660 1709 698 ad

93 706 223 744 forum
260 715 382 744 causa
410 707 564 744 emendi
615 706 764 753 aliquid
780 706 971 789 (provenit
1002 716 1050 743 ex
1084 706 1158 746 hoc
1183 705 1289 753 quod
1319 704 1474 751 debitor
1507 707 1625 744 etiam
1658 707 1707 744 ad

94 753 224 790 forum
243 754 361 790 venit.
399 756 481 790 Non
518 757 578 791 est
621 754 742 800 igitur
788 753 922 791 ‘ivince
948 752 1202 800 providentiae,
1223 753 1463 790 contrarium
1495 753 1606 800 quod
1627 754 1708 791 sint

95 800 228 848 aliqua
248 800 408 838 fortuita
427 804 465 838 et
486 801 664 839 casualia
684 801 724 838 in
751 799 883 838 rebus.

188 848 286 886 Item.
318 847 422 894 quod
462 857 541 885 non
574 851 635 886 est
667 855 746 885 non
784 850 1020 893 potestesse
1047 846 1217 893 alicujus
1245 855 1379 884 causa.
1406 846 1513 884 Unde
1557 850 1712 894 oportet

98 894 203 941 quod
224 894 548 941 unumquodque,
563 895 665 932 sicut
685 903 728 933 se
750 894 866 931 habet
886 893 933 931 ad
955 902 1056 938 esse,
1074 893 1127 931 ita
1144 902 1186 930 se
1202 893 1343 931 habeat
1363 893 1411 931 ad
1434 894 1508 931 lioc
1529 894 1635 940 quod
1656 895 1707 931 sit

96 950 230 979 causa.
251 942 412 986 Oportet
437 942 557 988 igitur
575 942 681 988 quod
714 941 933 979 secundum
955 941 1221 978 diversitatem
1242 941 1394 978 ordinis
1412 940 1453 977 in
1473 941 1631 979 entibus
1657 942 1712 979 sit

96 989 212 1026 etiam
233 988 440 1025 diversitas
462 988 614 1026 ordinis
639 989 678 1025 in
692 988 839 1025 causis.
862 988 916 1024 Ad
943 988 1224 1034 perfectionem
1257 992 1387 1025 autem
1421 997 1552 1025 rerum
1582 989 1708 1036 requi-

97 1035 196 1072 ritur
215 1035 317 1082 quod
342 1043 421 1072 non
451 1035 583 1072 solum
606 1035 687 1072 siut
714 1035 754 1071 in
785 1035 903 1071 rebus
924 1035 1031 1072 entia
1058 1044 1129 1080 per
1157 1044 1215 1079 se,
1250 1034 1318 1072 sed
1352 1034 1471 1071 etiam
1502 1035 1609 1072 entia
1642 1044 1710 1081 per

97 1081 294 1119 accidens.
316 1082 391 1119 Res
411 1081 516 1119 enim
537 1091 623 1128 quae
644 1090 723 1118 non
746 1081 890 1118 liabent
911 1081 950 1117 in
972 1090 1045 1118 sua
1065 1081 1288 1118 substantia
1308 1081 1487 1118 ultimam
1506 1082 1712 1126 perfeetio-

94 1136 200 1172 nem,
220 1132 372 1174 oportet
393 1127 498 1174 quod
519 1129 798 1174 perfectionem
822 1128 994 1175 aliquam
1016 1131 1314 1174 consequantur
1333 1137 1402 1173 per
1418 1127 1639 1165 accidentia
1674 1132 1710 1165 et

96 1183 166 1222 per
185 1178 294 1213 tanto
311 1175 422 1221 plura
435 1180 582 1222 quanto
598 1175 725 1222 magis
741 1175 887 1212 distant
903 1185 926 1211 a
943 1174 1194 1221 simplicitate
1211 1174 1292 1212 Dei.
1306 1175 1358 1211 Ex
1374 1174 1449 1212 hoc
1463 1178 1593 1212 autem
1604 1175 1711 1223 quod

96 1222 246 1269 aliquid
265 1222 485 1269 subjectum
508 1222 626 1261 habet
651 1222 774 1260 multa
793 1221 1014 1260 accidentia
1049 1222 1231 1268 sequitur
1250 1221 1357 1269 quod
1385 1222 1438 1259 sit
1456 1222 1617 1268 aliquod
1640 1231 1712 1260 ens

94 1277 165 1316 per
184 1269 384 1314 accidens,
406 1278 497 1307 nam
517 1269 738 1316 subjectum
756 1272 794 1306 et
813 1269 1013 1313 accidens,
1035 1272 1074 1306 et
1093 1269 1210 1307 etiam
1232 1268 1311 1306 duo
1345 1268 1567 1306 accidentia
1590 1270 1712 1307 unius

96 1315 262 1363 subjecti
284 1320 380 1355 sunt
400 1326 521 1354 unum
543 1317 583 1354 in
604 1316 790 1355 omnibus
808 1326 878 1362 per
897 1316 1096 1360 accidens,
1125 1316 1227 1354 sicut
1243 1316 1363 1354 homo
1381 1316 1495 1353 albus
1528 1319 1566 1353 et
1593 1317 1715 1354 musi-

96 1372 188 1403 cum
210 1363 358 1403 album.
381 1365 541 1410 Oportet
560 1364 681 1411 igitur
697 1363 746 1401 ad
766 1363 1045 1410 perfectionem
1072 1372 1203 1401 rerum
1224 1363 1330 1412 quod
1370 1364 1450 1400 sint
1468 1363 1587 1401 etiam
1609 1373 1714 1409 quae-

98 1409 188 1449 dam
208 1420 339 1449 causae
356 1420 425 1457 per
451 1411 652 1450 accidens.
674 1412 726 1449 Ea
745 1413 875 1448 autem
905 1419 992 1457 quae
1024 1420 1072 1448 ex
1098 1410 1233 1448 causis
1268 1410 1716 1463 aliquibus-procedunt

96 1465 165 1504 per
186 1458 382 1498 accidens,
403 1457 588 1496 dicuntur
608 1457 786 1496 accidere
804 1467 827 1495 a
846 1466 942 1495 casu
967 1457 1028 1495 vel
1046 1457 1217 1495 fortuna.
1238 1458 1325 1495 Non
1343 1460 1404 1494 est
1427 1461 1549 1504 igitur
1576 1461 1714 1494 contra

96 1504 290 1543 rationem
306 1505 582 1589 lprovidentiae,
606 1514 694 1552 quae
713 1504 995 1552 perfectionem
1016 1513 1146 1542 rerum
1169 1507 1391 1550 conservat,
1408 1508 1451 1541 ut
1471 1503 1604 1552 aliqua
1617 1502 1715 1542 fiant

98 1560 122 1589 a
139 1560 236 1589 casu
255 1561 300 1589 ve
359 1556 514 1588 ortuna.

145 1600 334 1641 Praeterea,
350 1598 398 1636 ad
422 1599 601 1637 ordinem
623 1599 765 1637 divinae
785 1598 1041 1645 providentiae
1067 1598 1233 1646 pertinet
1254 1600 1297 1635 ut
1314 1597 1366 1635 sit
1387 1597 1485 1635 ordo
1506 1600 1544 1635 et
1562 1596 1712 1644 gradus

98 1645 139 1683 in
159 1646 309 1698 causis.
339 1646 494 1698 Quanto
526 1649 657 1685 autem
690 1646 824 1693 aliqua
853 1655 975 1684 causa
1009 1649 1070 1683 est
1101 1645 1284 1692 superior
1311 1648 1622 1698 causato‚-tanto
1652 1648 1712 1682 est

98 1693 261 1739 maJoris
281 1692 452 1737 virtutis,
475 1693 577 1731 unde
599 1693 693 1739 ejus·
705 1692 920 1731 causalitas
941 1692 988 1730 ad
1009 1692 1121 1739 plura
1136 1702 1180 1730 se
1201 1692 1388 1730 extendit.
1406 1692 1563 1729 Nullius
1581 1694 1712 1729 autem

98 1748 230 1778 causae
245 1739 456 1778 'naturalis
485 1739 653 1778 intentio
686 1749 729 1779 se
765 1739 938 1777 extendit
973 1740 1074 1778 ultra
1102 1739 1286 1777 virtutem
1326 1739 1425 1785 ejus.
1460 1740 1573 1776 Esset
1607 1739 1713 1776 enim

97 1786 258 1824 frustra.
278 1787 438 1833 Oportet
474 1795 569 1833 ergo
590 1786 694 1834 quod
727 1787 894 1824 intentio
922 1795 1053 1823 causae
1080 1785 1332 1833 particularis
1353 1795 1434 1823 non
1462 1794 1505 1822 se
1528 1786 1714 1823 extendat

97 1832 145 1871 ad
167 1832 305 1871 omnia
341 1842 428 1881 quae
466 1833 697 1882 contingere
731 1837 915 1882 possunt.
938 1835 991 1872 Ex
1009 1854 1011 1856 >
1029 1834 1105 1871 hoc
1143 1836 1276 1871 autem
1314 1830 1511 1879 contingit
1548 1832 1709 1878 aliquod

97 1880 257 1919 casuale
286 1880 347 1918 vel
378 1880 597 1926 fortuitum,
620 1881 715 1928 quia
749 1881 936 1919 eveniunt
964 1879 1099 1933 aliqua
1130 1884 1271 1927 praeter
1300 1879 1563 1918 intentionem
1595 1888 1712 1932 agen-

95 1927 209 2012 tiubm.
231 1927 335 1966 Ordo
352 1927 474 1975 igitur
493 1928 637 1969 divinae
657 1928 914 1975 providentiae
934 1928 1056 1975 exigit
1074 1927 1181 1976 quod
1202 1927 1255 1965 sit
1274 1936 1394 1965 casus
1421 1929 1459 1963 et
1490 1926 1650 1964 fortuna
1670 1934 1710 1964 in

98 1982 139 2012 re
171 1983 232 2012 us.

146 2021 242 2059 Hinc
264 2021 449 2068 estquod
469 2021 628 2067 dicitur,
648 2022 765 2067 Eccl.,
786 2029 842 2067 tx,
871 2025 910 2061 11
936 2033 946 2060 ε
971 2021 1060 2060 Vidi
1077 2032 1140 2058 nee
1152 2021 1327 2060 velocium
1350 2031 1424 2060 esse
1444 2030 1602 2066 cursum,
1623 2023 1716 2065 etc„

96 2066 159 2103 sed
177 2070 312 2114 tempus
333 2077 522 2114 casumque
539 2070 580 2105 in
598 2068 776 2115 omnibus,
798 2068 952 2108 scilicet
969 2068 1241 2108 inferioribus.

723 2214 892 2258 CAPUT
936 2213 1091 2258 LXXV.

313 2333 412 2368 QUOD
431 2333 696 2364 PROVIDENTIA
712 2334 779 2364 nm
799 2334 861 2365 SIT
877 2333 1142 2366 SINGULARIUM
1165 2334 1497 2366 GONTINGENTIUM.

146 2441 199 2482 Ex
219 2440 284 2480 his
304 2443 435 2479 autem
455 2450 542 2489 quae
563 2444 727 2481 ostensa
739 2445 833 2481 sunt
852 2442 1108 2481 manifestum
1122 2441 1282 2490 fitquod
1316 2443 1450 2481 divina
1466 2445 1713 2491 providentia

95 2488 278 2536 provenit
298 2496 425 2535 usque
455 2487 505 2529 ad
524 2488 746 2535 singularia
792 2489 1053 2527 enerabilium
1080 2493 1119 2527 et
1143 2490 1476 2537 corruptibilium
1498 2493 1585 2529 Non
1605 2494 1710 2532 enim

94 2534 251 2575 videtur
270 2534 412 2575 horum
432 2543 512 2575 non
534 2544 622 2574 esse
641 2535 751 2582 provi
783 2535 930 2573 entiam
949 2535 1028 2573 nisi
1047 2539 1208 2583 propter
1226 2545 1363 2575 eorum
1379 2537 1711 2586 contingentiam,

96 2584 136 2619 et
154 2581 249 2629 quia
266 2581 390 2621 multa
411 2581 453 2620 in
474 2581 533 2621 eis
553 2581 765 2619 casualiter
785 2585 822 2619 et
840 2582 1001 2620 fortuito
1034 2582 1232 2621 eveniunt.
1254 2584 1298 2622 In
1327 2583 1404 2622 hoc
1439 2586 1546 2624 enim
1579 2587 1710 2626 selum

95 2627 286 2681 differunt
315 2628 363 2668 ab
393 2628 762 2675 incorruptibilibus
789 2633 827 2666 et
858 2629 1151 2668 universalibus
1184 2631 1515 2677 corruptibilium,
1540 2642 1709 2681 quorum

95 2675 232 2714 dicunt
242 2675 530 2723 providentiam
552 2684 655 2713 esse.
674 2675 934 2728 Providentiaej
954 2679 1086 2714 autem
1119 2684 1200 2714 non
1221 2681 1416 2726 repugnat
1438 2679 1710 2728 contingentia

95 2725 135 2762 et
158 2731 278 2763 casus
307 2725 346 2761 et
378 2723 550 2768 fortuna,
572 2731 699 2770 neque
732 2722 1014 2768 voluntarium,
1036 2726 1080 2760 ut
1110 2726 1317 2762 ostensum
1345 2729 1419 2764 est.
1451 2726 1556 2765 Nihil
1588 2728 1710 2775 igitur

115 2769 278 2822 ‘rohibet
297 2769 438 2811 horum
461 2769 748 2817 providentiam
768 2778 873 2815 esse,
906 2769 1011 2807 sicut
1039 2769 1399 2819 incorruptibilium
1434 2776 1473 2811 et
1504 2773 1707 2812 universa-

143 2863 286 2912 Adhuc,
310 2864 345 2906 si
367 2866 472 2905 Deus
492 2863 634 2905 horum
656 2863 922 2912 singularium
952 2863 1242 2914 providentiam
1278 2875 1361 2906 non
1392 2866 1524 2914 habet,
1545 2871 1612 2906 aut
1635 2867 1711 2906 hoe
