1894 3223
631 77 717 113 [ΑΒ.
747 77 808 120 ΙΙΙ,
837 76 938 113 CAP.
967 76 1137 112 LXXXIV.
1621 78 1690 112 369

665 255 831 297 CAPUT
878 257 1087 297 LXXXIV.

152 379 253 414 oron
280 377 456 407 conroiiA
482 375 681 406 cmm-:sna
705 375 782 405 NON
810 376 1029 405 IMPRIMANT
1058 377 1098 406 IN
1132 377 1383 407 iNTELLEC‘rt·5
1416 377 1598 406 NosTiios.

113 490 165 526 Ex
185 487 249 526 his
269 491 401 525 autem
432 495 520 533 quae
550 485 759 532 praemissa
779 489 886 527 sunt,
921 486 960 522 in
996 490 1181 532 promptu
1213 491 1371 532 apparet
1406 487 1511 533 qnod
1543 495 1684 525 corum

61 545 150 583 quae
171 537 264 573 sunt
285 534 390 571 circa
411 533 653 570 intellectum
674 542 842 578 corpora
865 534 1045 570 coelestia
1068 542 1201 571 causa}
1221 542 1311 570 esse
1334 543 1414 570 non
1436 537 1616 578 possunt.

109 585 195 620 lam
213 581 321 620 enim
341 584 550 618 ostensum
570 584 632 617 est
651 580 700 626 (c.
721 582 760 617 81
787 584 824 616 ct
844 581 903 626 82)
925 581 1031 627 quod
1053 580 1196 618 divinae
1229 580 1490 626 providentiae
1513 581 1611 619 ordo
1627 584 1686 618 est

66 633 105 667 ut
159 638 201 667 er
233 628 443 674 superiora
479 631 669 674 regantur
705 627 896 664 inferiora
927 632 965 663 et
1005 631 1251 664 moveantur.
1288 627 1517 665 Intellectus
1555 632 1686 666 autem

61 639 205 714 ordine
226 679 376 713 naturae
397 675 532 713 omnia
551 683 719 721 corpora
739 674 906 718 excedit,
929 678 970 710 ut
987 684 1034 711 ex
1065 674 1264 720 praedictis
1283 674 1332 720 (c.
1354 678 1399 712 40
1423 679 1460 710 et
1478 675 1540 721 78)
1561 679 1682 721 patet.

67 722 318 770 Impossibile
338 725 399 760 est
416 721 539 769 igitur
558 721 664 769 quod
685 730 850 768 corpora
867 721 1045 759 coelestia
1065 725 1184 768 agant
1203 721 1502 759 inintelleetum
1522 722 1683 760 directe.

66 771 153 808 Non
173 769 294 818 igitur
311 772 482 816 possunt
500 777 590 806 esse
611 778 732 806 causa
749 778 817 814 per
837 778 880 805 se
900 777 1038 805 eorum
1057 777 1144 815 quae
1176 771 1271 805 sunt
1290 768 1396 806 circa
1423 769 1683 806 intellectum.

113 817 256 857 Adhuc,
277 817 432 854 nullum
452 824 598 862 corpus
619 816 702 863 agit
721 816 799 853 nisi
821 825 888 861 per
907 819 1073 860 motum,
1088 819 1131 852 ut
1151 815 1340 861 probatur
1358 816 1399 853 in
1418 820 1557 853 octavo
1572 817 1684 861 Phys.

68 865 177 909 (text.
195 873 340 900 comm.
363 863 541 909 53).Quae
554 866 685 900 autem
701 866 792 900 sunt
809 862 1030 900 immobilIa
1050 871 1132 899 non
1161 865 1378 900 causantur
1398 872 1444 899 ex
1478 867 1602 900 motu.
1621 863 1686 900 Ni-

71 911 125 948 hil
140 911 244 947 enim
261 914 449 948 causatur
467 919 516 946 ex
527 914 636 947 motu
652 909 821 955 alicujus
831 910 986 955 agentis
1003 910 1080 946 nisi
1099 910 1140 946 in
1153 914 1344 956 quantum
1360 914 1504 947 movet.
1518 912 1690 948 Passum

69 962 199 996 autem
221 962 413 995 movetur.
436 957 530 1001 Quae
553 956 676 1003 igitur
704 960 798 993 sunt
817 956 981 993 omnino
1003 960 1112 993 extra
1127 960 1278 993 motum
1299 966 1379 993 non
1400 961 1569 1003 possunt
1593 965 1686 994 esse

69 1007 231 1042 causata
251 1013 274 1041 a
295 1003 530 1050 corporibus
561 1003 806 1041 coelestibus.
829 1003 902 1040 Sed
924 1013 970 1041 ea
988 1013 1075 1049 quae
1093 1007 1188 1041 sunt
1205 1004 1311 1041 eirca
1331 1004 1574 1041 intellectum
1591 1007 1688 1042 sunt

63 1051 228 1089 omnino
252 1054 360 1087 extra
394 1054 547 1087 motum
563 1059 632 1096 per
650 1059 695 1088 se
731 1050 945 1096 loquendo,
968 1051 1071 1087 sicut
1099 1053 1204 1096 patet
1235 1060 1304 1096 per
1333 1050 1621 1097 Philosophum
1643 1051 1686 1088 in

70 1097 239 1143 septimo
253 1097 365 1142 Phys.
385 1097 494 1143 (text.
514 1098 787 1141 comm.18,¹9
799 1100 836 1133 et
847 1097 921 1143 20).
936 1097 1123 1140 Quinimo
1146 1106 1216 1142 per
1229 1098 1401 1143 quietem
1421 1107 1443 1134 a
1457 1098 1633 1135 motibus
1646 1096 1690 1135 fit

63 1145 197 1182 anima
228 1144 403 1190 prudens
423 1147 462 1180 et
492 1143 639 1188 sciens,
659 1147 702 1180 ut
734 1143 879 1180 ibidem
913 1143 1070 1180 dicitur.
1095 1144 1346 1189 Impossibile
1374 1148 1434 1181 est
1452 1153 1547 1191 ergo
1577 1144 1682 1191 quod

64 1200 233 1238 corpora
253 1191 431 1228 coelestia
450 1190 532 1227 sint
551 1199 619 1236 per
639 1199 682 1227 se
702 1199 825 1227 causa
845 1199 982 1227 corum
1003 1199 1092 1237 quae
1112 1191 1218 1228 circa
1234 1190 1478 1228 intellectum
1500 1195 1607 1228 sunt.

110 1239 295 1284 Amplius,
315 1238 351 1275 si
380 1237 481 1275 nihil
512 1241 700 1275 causatur
717 1237 765 1274 ab
796 1237 930 1284 aliquo
966 1247 1130 1283 corpore
1165 1238 1244 1275 nisi
1263 1238 1306 1275 in
1344 1243 1536 1285 quantum
1559 1242 1689 1276 movet

63 1285 160 1323 dum
177 1288 371 1330 movetur,
390 1288 545 1331 oportet
575 1293 693 1321 omne
714 1284 751 1321 id
785 1284 890 1331 quod
910 1284 1050 1330 recipit
1079 1285 1387 1331 impressionem
1407 1286 1576 1331 alicujus
1597 1294 1685 1323 cor·

96 1332 180 1370 oris
198 1332 363 1370 moveri.
387 1331 494 1369 Nihil
509 1335 640 1369 autem
655 1334 835 1369 movetur
850 1331 927 1368 nisi
943 1341 1103 1379 corpus,
1120 1336 1162 1370 ut
1181 1332 1369 1378 probatui-
1383 1342 1425 1369 in
1444 1338 1556 1370 sexto
1577 1333 1687 1377 Phys.

80 1383 174 1418 text.
192 1388 338 1418 comm.
358 1382 418 1424 46,
441 1381 486 1416 49
504 1382 543 1415 et
579 1378 694 1425 seq.).
716 1379 877 1424 Oportet
909 1388 1004 1425 ergo
1034 1388 1152 1416 omne
1171 1379 1211 1416 id
1232 1381 1338 1426 quod
1362 1380 1501 1426 recipit
1522 1380 1685 1425 impres-

65 1427 221 1464 sionem
242 1426 412 1473 alicujus
443 1426 623 1472 corporis
643 1434 732 1463 esse
762 1434 906 1471 corpus
945 1426 1003 1462 vel
1037 1426 1207 1473 aliquam
1229 1427 1413 1464 virtutem
1434 1435 1682 1473 corpoream.

66 1475 281 1511 ostensum
298 1476 360 1510 est
373 1476 505 1510 autem
525 1473 569 1509 in
597 1472 774 1510 secundo
796 1472 897 1519 (cap.
918 1472 978 1519 49)
999 1473 1105 1519 quod
1124 1473 1349 1510 intellectus
1371 1483 1498 1520 neque
1516 1477 1576 1510 est
1595 1482 1685 1511 cor-

66 1528 156 1566 pus,
176 1529 303 1566 neque
319 1520 445 1557 virtus
465 1528 669 1565 corporea.
691 1519 941 1564 Impossibile
961 1524 1022 1556 est
1041 1520 1163 1566 igitur
1183 1520 1288 1566 quod
1317 1529 1485 1566 corpora
1506 1520 1688 1558 coelestia

68 1567 217 1604 directe
235 1567 465 1613 imprimant
483 1566 523 1603 in
545 1566 804 1603 intellectum.

112 1615 212 1655 Item,
231 1622 349 1653 omne
409 1613 487 1651 uod
520 1616 699 1650 movetur
724 1613 772 1650 ab
791 1613 939 1660 aliquo,
961 1613 1162 1650 reducitur
1190 1613 1238 1651 de
1269 1614 1446 1660 potentia
1465 1614 1507 1651 in
1532 1619 1681 1653 actum.

66 1661 172 1698 Nihil
193 1665 323 1698 autem
344 1670 385 1698 re
417 1661 545 1698 ucitur
563 1660 612 1698 ab
631 1660 766 1707 aliquo
787 1660 834 1698 de
856 1661 1031 1706 potentia
1051 1661 1093 1696 in
1113 1664 1242 1697 actum
1260 1662 1336 1697 nisi
1356 1671 1424 1707 per
1439 1661 1477 1699 id
1493 1662 1598 1708 quod
1623 1666 1685 1700 est

65 1712 169 1745 actu.
192 1709 350 1754 Oportet
375 1716 470 1754 ergo
498 1716 616 1745 omne
636 1712 760 1753 agens
780 1710 818 1744 et
847 1716 1010 1744 movens
1030 1716 1120 1744 esse
1143 1708 1185 1743 in
1204 1708 1338 1754 aliquo
1360 1708 1478 1746 modo
1499 1713 1587 1746 actu
1603 1717 1685 1747 res·
1753 1711 1756 1714 ⁴

66 1759 182 1801 pectu
202 1755 339 1792 eorum
372 1754 422 1791 ad
452 1763 541 1801 quae
572 1762 736 1799 passum
757 1757 795 1790 et
825 1758 977 1791 motum
998 1754 1116 1791 estin
1138 1756 1327 1799 potentia.
1353 1756 1524 1800 Corpora
1555 1760 1687 1794 autem

63 1800 243 1841 coelestia
255 1803 534 1840 nonsuntactu
546 1800 826 1847 intelligibilia,
840 1810 930 1838 cum
941 1801 1022 1838 sint
1032 1800 1212 1848 quaedam
1225 1801 1445 1849 singularia
1457 1803 1686 1840 sensibilia,

67 1850 162 1886 Cum
181 1848 303 1895 igitur
322 1848 547 1885 intellectus
580 1851 716 1885 noster
745 1856 825 1885 non
847 1848 957 1884 sitin
990 1849 1169 1894 potentia
1185 1849 1264 1885 nisi
1285 1849 1335 1886 ad
1355 1849 1624 1896 intelligibilia
1642 1851 1684 1887 in

65 1899 171 1939 actu,
191 1895 442 1943 impossibile
461 1894 646 1942 estquod
669 1903 836 1941 corpora
856 1895 1035 1932 coelestia
1053 1895 1199 1932 directe
1219 1900 1340 1943 agant
1359 1895 1401 1932 iri
1422 1896 1682 1934 intellectum.

111 1942 256 1985 Adhuc,
278 1942 438 1990 propria
471 1941 650 1988 operatio
678 1941 734 1979 rei
768 1942 1028 1989 consequitur
1064 1946 1246 1980 naturam
1279 1942 1421 1989 ipsius,
1445 1953 1532 1990 quae
1566 1944 1685 1981 rebus

65 1989 265 2037 generatis
296 1999 365 2037 per
395 1988 694 2037 generationem
726 1989 945 2036 acquiritur
974 1989 1095 2027 simul
1123 1999 1214 2027 cum
1246 1989 1406 2036 propria
1433 1991 1682 2036 operatione,

65 2037 172 2074 sicut
189 2039 295 2083 patet
314 2035 363 2074 de
381 2036 491 2083 gravi
509 2035 654 2081 etievi,
668 2044 757 2088 quae
777 2036 924 2074 habent
943 2036 1077 2074 statim
1093 2037 1298 2084 proprium
1318 2040 1471 2075 motum
1493 2038 1533 2074 in
1551 2038 1685 2075 termi-

66 2091 119 2120 no
141 2091 224 2121 suae
250 2082 536 2130 generationis,
559 2082 638 2120 nisi
657 2086 710 2120 sit
739 2082 890 2130 aliquid
912 2083 1148 2129 impediens,
1170 2084 1323 2122 ratione
1353 2084 1467 2131 cujus
1487 2093 1685 2131 generans

64 2129 212 2166 dicitur
225 2138 406 2168 movens.
426 2129 529 2167 Illud
564 2138 660 2176 ergo
680 2129 787 2176 quod
818 2130 1040 2168 secundum
1060 2131 1299 2178 principium
1327 2140 1410 2170 suee
1430 2136 1581 2169 naturae
1602 2141 1684 2169 non

67 2179 130 2213 est
148 2175 370 2228 subjectum
401 2175 876 2229 actionibuscorporum
905 2177 1141 2223 coelestium,
1163 2187 1292 2225 neque
1326 2178 1546 2216 secundum
1573 2188 1687 2216 suam

65 2226 342 2269 operationem
362 2226 490 2268 potest
510 2231 601 2261 esse
618 2232 653 2259 el
675 2223 911 2270 subjectum.
924 2225 1019 2262 Pars
1039 2229 1171 2263 autem
1191 2225 1433 2263 intellectiva
1444 2234 1526 2262 non
1546 2235 1685 2263 causa-

67 2274 132 2307 tur
154 2269 201 2306 ab
233 2269 435 2322 aliquibus
467 2269 675 2316 principiis
712 2270 1000 2317 corporalibus,
1022 2272 1094 2310 sed
1111 2275 1172 2310 est
1192 2272 1357 2310 omnino
1379 2273 1427 2309 ab
1447 2271 1685 2317 extrinseco,

63 2319 110 2354 ut
131 2316 348 2369 supra-(hb.
370 2326 414 2369 11,
437 2326 525 2363 cap.
545 2318 592 2355 82
611 2319 650 2353 et
669 2316 769 2369 seq.)
787 2320 848 2355 est
860 2318 1082 2364 probatum.
1105 2319 1288 2365 Operatio
1308 2319 1431 2366 igitur
1460 2319 1687 2356 intellectus

67 2371 148 2400 non
172 2362 350 2409 subjacet
369 2363 516 2401 directe
539 2363 774 2409 corporibus
794 2365 1038 2402 coelestibus.

115 2410 299 2455 Amplius,
324 2419 371 2448 ea
389 2419 477 2457 quae
496 2413 713 2463 causantur
731 2420 779 2447 ex
798 2412 973 2449 motibus
992 2412 1223 2450 coelestibus
1257 2413 1425 2459 tempori
1447 2413 1685 2460 subduntur,

60 2457 175 2504 quod
194 2460 256 2494 est
273 2465 465 2495 numerus
496 2457 613 2503 primi
634 2461 766 2495 motus
799 2459 987 2496 coelestis.
1010 2460 1104 2502 Quae
1124 2459 1247 2504 igitur
1264 2460 1429 2497 omnino
1449 2460 1687 2497 abstrahun-

65 2507 132 2541 tur
152 2507 368 2550 atempore
402 2512 484 2541 non
513 2507 608 2541 sunt
626 2504 857 2542 coelestibus
886 2505 1062 2543 motibus
1091 2506 1281 2552 subjecta.
1302 2507 1532 2544 Intellectus
1554 2511 1687 2545 autem

66 2549 110 2588 in
135 2559 210 2588 sua
229 2551 462 2599 operatione
481 2550 676 2588 abstrahit
694 2560 717 2588 a
735 2555 912 2597 tempore
932 2552 1037 2589 sicut
1056 2562 1079 2588 a
1096 2552 1199 2590 loco.
1222 2553 1454 2590 considerat
1475 2553 1580 2591 enim
1602 2555 1688 2592 uni-

67 2597 223 2635 versale
243 2598 351 2645 quod
372 2602 432 2635 est
451 2597 691 2635 abstractum
711 2597 759 2634 ab
778 2598 842 2635 hic
861 2602 898 2634 et
918 2607 1037 2635 nunc.
1060 2600 1143 2636 Non
1163 2599 1286 2646 igitur
1314 2601 1490 2646 operatio
1508 2601 1686 2639 intellec-

68 2644 192 2682 tualis
211 2644 396 2682 subditur
416 2644 647 2682 coelestibus
668 2645 856 2682 motibus.

117 2691 262 2733 Adhuc,
282 2692 383 2729 nihil
403 2692 487 2739 agit
504 2692 607 2729 ultra
637 2700 751 2728 suam
785 2692 958 2738 speciem
980 2704 989 2729 :
1011 2693 1142 2738 ipsum
1163 2696 1293 2730 autem
1314 2693 1535 2741 intelligere
1555 2698 1685 2733 trans-

66 2738 202 2776 cendit
233 2739 408 2785 speciem
440 2742 478 2776 et
508 2739 677 2790 formam
709 2738 995 2790 cujuscumque
1028 2740 1206 2786 corporis
1239 2741 1407 2787 agentis,
1428 2742 1521 2789 quia
1551 2743 1685 2780 omnis

69 2784 197 2824 forma
226 2794 418 2832 corporea
450 2788 512 2824 est
541 2784 759 2823 materialis
779 2789 816 2822 et
846 2786 1105 2823 individuata.
1128 2788 1260 2832 Ipsum
1293 2792 1424 2825 autem
1462 2789 1684 2834 intelligere

66 2829 185 2868 habet
217 2833 389 2879 speciem
411 2843 434 2871 a
453 2842 528 2870 suo
562 2832 715 2879 objecto
742 2832 847 2879 quod
876 2837 936 2870 est
967 2833 1190 2871 universale
1210 2837 1247 2871 et
1278 2834 1550 2872 immateriale.
1577 2836 1684 2872 Unde

1521 2912 1560 2942 24
