1894 3223
165 119 232 157 382
753 111 841 146 ΗΒ.
869 110 932 149 111,
961 109 1062 145 CAP.
1089 109 1193 145 xcu.

165 198 239 235 sub
273 198 367 239 Dco,
387 196 518 240 potest
550 192 781 237 contingere
810 189 959 236 aliquid
994 192 1134 235 praeter
1163 189 1425 226 intentionem
1460 187 1657 240 hominis,-
1676 188 1783 235 quod

164 249 296 281 tamen
318 245 377 277 est
411 238 631 276 secundum
661 237 841 274 ordinem
869 236 1092 273 coelestium
1133 245 1358 282 corporum,
1379 236 1441 273 vel
1474 235 1782 281 dispositionem

166 288 412 335 angelorum,
430 285 491 321 vel
523 285 640 322 etiam
675 284 757 320 Dei.
779 283 968 327 Quamvis
994 287 1126 320 autem
1156 284 1260 320 Deus
1297 282 1410 320 solus
1445 282 1591 319 directe
1612 280 1661 318 ad
1682 281 1783 318 elec-

165 337 313 372 tionem
335 332 511 369 hominis
532 333 728 378 operetur,
748 333 881 366 tamen
902 329 1007 366 actio
1025 329 1155 376 angeli
1175 333 1362 375 operatur
1380 328 1530 376 aliquid
1551 328 1598 365 ad
1620 328 1781 365 electio-

167 390 255 418 nem
278 379 454 416 hominis
470 387 540 424 per
559 378 720 414 modum
748 376 1039 423 persuasionis,
1063 376 1166 413 actio
1196 385 1290 413 vero
1317 376 1497 422 corporis
1518 375 1695 412 coelestis
1715 384 1784 420 per

165 427 326 464 modum
360 425 626 471 disponentis,
662 424 704 461 in
739 426 930 470 quantum
969 423 1197 469 corporales
1232 423 1520 468 impressiones
1560 421 1784 459 coelestium

167 481 378 519 corporum
410 473 452 508 in
479 480 647 517 corpora
673 474 811 507 nostra
847 470 1066 515 disponunt
1094 469 1143 506 ad
1173 468 1328 516 aliquas
1364 469 1594 506 electiones.
1618 467 1784 512 Quando

166 520 287 566 igitur
312 519 456 565 aliquis
490 528 537 555 ex
566 517 832 563 impressione
866 517 1089 554 coelestium
1109 524 1335 562 corporum,
1358 519 1396 553 et
1416 516 1666 562 superiorum
1690 523 1782 551 cau—

167 575 300 603 sarum
340 565 559 602 secundum
592 564 822 610 praedictum
856 563 1018 600 modum
1045 563 1262 600 inclinatur
1289 563 1340 600 ad
1375 562 1529 609 aliquas
1568 562 1784 599 electiones

168 613 243 650 sibi
278 611 411 656 utiles,
433 620 599 658 quarum
633 614 765 647 tamen
801 610 1011 646 utilitatem
1036 609 1196 655 propria
1223 609 1378 646 ratione
1397 618 1479 646 non
1499 609 1722 655 cognoscit,
1747 611 1786 645 et

167 668 257 696 cum
278 659 354 695 hoc
375 668 420 695 ex
443 659 592 695 lumine
612 656 940 694 intellectualium
962 655 1275 694 substantiarum
1294 656 1543 693 illuminatur
1557 655 1785 692 intellectus

168 706 254 752 eJus
282 706 329 741 ad
351 705 487 742 eadem
521 704 687 751 agenda,
710 713 757 740 ex
787 703 921 740 divina
941 703 1171 749 operatione
1192 702 1408 740 inclinatur
1421 702 1605 739 voluntas
1629 702 1714 748 eJ'us
1735 701 1786 738 ad

168 752 316 798 aliquid
351 752 577 799 eligendum
605 751 682 788 sibi
703 750 813 795 utile,
836 750 950 795 cujus
981 749 1176 786 rationem
1205 749 1376 795 ignorat,
1408 748 1553 786 dicitur
1573 758 1663 785 esse
1683 749 1787 786 bene

169 799 419 842 fortunatus;
453 802 489 834 et
530 808 550 834 e
587 797 787 834 contrario
824 797 927 833 male
966 796 1205 840 fortunatus,
1233 795 1392 842 quando
1429 804 1478 832 ex
1510 795 1785 840 superioribus

169 846 302 882 causis
324 845 371 881 ad
393 844 591 881 contraria
609 844 695 890 ejus
715 843 856 880 electio
877 843 1105 887 inclinatur,
1118 842 1221 879 sicut
1238 843 1286 880 de
1302 841 1474 888 quodam
1495 841 1785 886 dicitur,Hier.,

168 900 291 936 xxxn,
310 894 354 928 30
377 904 384 928 :
405 892 527 928 Scribe
541 893 662 927 virum
683 892 793 926 istum
816 891 987 933 steritem,
1007 891 1127 925 virum
1149 890 1216 935 qui
1242 890 1283 925 in
1303 889 1428 925 diebus
1447 890 1522 926 suis
1549 898 1621 923 ηοη
1638 897 1786 934 prospe-

168 939 325 976 rabitur.

216 985 289 1023 Sed
322 985 361 1021 in
401 985 477 1022 hoc
499 988 559 1022 est
592 984 829 1021 attendenda
860 983 1095 1021 differentia.
1116 984 1213 1020 Nam
1247 982 1536 1028 impressiones
1573 990 1786 1028 corporum

171 1032 392 1070 coelestium
411 1032 451 1068 in
472 1040 639 1077 corpora
657 1035 797 1068 nostra
816 1034 984 1068 causant
1003 1031 1045 1066 in
1067 1030 1184 1067 nobis
1199 1029 1400 1066 naturales
1418 1038 1631 1074 corporum
1652 1029 1787 1074 dispo-

172 1079 414 1123 sitiones;et
440 1078 529 1115 ideo
550 1088 598 1115 ex
625 1078 889 1124 dispositione
922 1077 1058 1114 relicta
1085 1086 1131 1114 ex
1163 1085 1328 1122 corpore
1357 1076 1508 1113 coelesti
1543 1075 1585 1111 in
1622 1083 1788 1120 corpore

172 1129 308 1163 nostro
342 1124 486 1161 dicitur
504 1124 650 1171 aliquis
681 1133 762 1161 non
794 1124 925 1161 solum
951 1124 1051 1160 bene
1078 1124 1317 1167 fortunatus,
1340 1126 1407 1159 aut
1433 1122 1550 1166 male,
1570 1121 1641 1159 sed
1667 1122 1785 1158 etiam

171 1173 271 1209 bene
302 1175 434 1215 natus,
462 1175 529 1207 aut
560 1171 689 1208 male:
711 1171 931 1208 secundum
953 1179 1069 1216 quem
1108 1170 1270 1207 modum
1312 1169 1579 1214 Philosophus
1613 1168 1709 1205 dicit
1744 1169 1786 1205 in

173 1219 314 1263 Maqnis
338 1218 538 1254 Moralibus
572 1217 656 1264 (lib.
688 1226 732 1262 11,
753 1227 838 1263 cap.
871 1217 909 1262 8)
942 1217 1046 1263 quod
1075 1216 1176 1253 bene
1212 1217 1456 1253 fortunatum
1490 1224 1578 1252 esse
1606 1219 1664 1252 est
1696 1223 1787 1252 esse

171 1266 271 1302 bene
295 1269 444 1301 natum.
467 1267 549 1301 Non
583 1264 689 1301 enim
716 1267 846 1310 potest
876 1263 1044 1309 intelligi
1076 1263 1181 1310 quod
1215 1263 1290 1299 hoc
1321 1272 1368 1299 ex
1401 1264 1541 1299 natura
1560 1262 1786 1299 intellectus

173 1312 328 1348 diversa
354 1311 541 1357 procedat
575 1311 681 1357 quod
713 1320 818 1349 unus
857 1311 971 1347 utilia
991 1310 1066 1347 sibi
1102 1310 1235 1356 eligat,
1257 1313 1295 1346 et
1330 1309 1434 1346 alius
1469 1308 1612 1345 nociva
1645 1312 1788 1354 praeter

173 1359 366 1394 rationem
402 1357 627 1403 propriam3
649 1366 739 1394 cum
767 1360 907 1393 natura
939 1357 1164 1393 intellectus
1200 1359 1238 1392 et
1274 1354 1490 1392 voluntatis
1522 1356 1564 1391 in
1599 1355 1786 1392 omnihus

174 1405 404 1442 hominihus
444 1404 496 1440 sit
526 1413 605 1440 una
632 1415 641 1440 :
671 1403 879 1440 diversitas
914 1403 1019 1439 enim
1057 1402 1237 1439 formalis
1273 1402 1478 1438 induceret
1517 1402 1787 1438 diversitatem

173 1452 393 1489 secundum
430 1450 602 1495 speciem
621 1461 630 1494 ;
653 1449 862 1486 diversitas
901 1453 1032 1486 autem
1075 1448 1292 1485 materialis
1328 1448 1481 1484 inducit
1519 1448 1788 1485 diversitatem

173 1498 390 1535 secuudum
413 1506 622 1533 numerum
646 1507 656 1531 z
677 1496 779 1533 unde
802 1496 1021 1533 secundum
1043 1495 1148 1541 quod
1169 1495 1394 1532 intellectus
1415 1495 1591 1531 hominis
1611 1495 1787 1532 illustra-

172 1549 236 1581 tur
256 1544 303 1581 ad
323 1543 471 1590 aliquid
493 1543 706 1590 agendum,
727 1543 788 1580 vel
808 1543 994 1580 voluntas
1014 1553 1037 1579 a
1053 1545 1132 1579 Deo
1153 1542 1380 1589 instigatur,
1403 1550 1481 1578 non
1503 1541 1648 1578 dicitur
1667 1541 1787 1578 homo

172 1592 271 1628 110110
288 1594 419 1635 natus,
443 1590 512 1627 sed
536 1590 665 1636 magis
677 1589 900 1627 custoditus
917 1590 976 1626 vel
993 1589 1251 1636 gubernatus.

218 1640 370 1678 Rursus,
392 1636 631 1674 attendenda
659 1640 720 1674 est
739 1637 845 1674 circa
866 1636 950 1673 haec
967 1637 1046 1673 alia
1066 1635 1302 1673 differentia.
1325 1637 1422 1673 Nam
1443 1635 1621 1681 operatio
1639 1635 1787 1681 angeli,

173 1688 210 1721 et
235 1684 414 1729 corporis
453 1684 628 1721 coelestis
657 1686 719 1721 est
752 1683 883 1721 solum
917 1683 1020 1720 sicut
1050 1683 1270 1729 disponens
1290 1682 1339 1720 ad
1359 1683 1593 1720 electionem
1618 1695 1626 1719 :
1649 1691 1789 1727 opera-

173 1732 228 1768 tio
248 1736 379 1768 autem
400 1731 468 1767 Dei
490 1735 550 1767 est
570 1731 674 1767 sicut
694 1729 916 1776 perficiens.
933 1731 1026 1766 Cum
1050 1734 1180 1766 autem
1202 1728 1414 1775 dispositio
1432 1739 1519 1776 quae
1541 1739 1587 1765 ex
1608 1730 1788 1775 corporis

173 1778 361 1824 qualitate
394 1777 455 1813 vel
490 1777 715 1814 intellectus
743 1777 1017 1822 persuasione,
1051 1777 1327 1814 necessitatem
1364 1776 1412 1813 ad
1443 1776 1670 1822 eligendum
1706 1783 1788 1812 non

172 1825 347 1867 inducat,
369 1833 449 1860 non
477 1833 633 1869 semper
662 1824 782 1860 homo
815 1823 934 1869 elegit
961 1824 1000 1860 id
1022 1823 1126 1869 quod
1148 1823 1315 1869 angelus
1346 1822 1577 1859 custodiens
1603 1822 1785 1865 intendit,

172 1879 301 1917 neque
333 1871 430 1906 illud
459 1871 508 1906 ad
530 1870 635 1916 quod
664 1878 810 1916 corpus
837 1870 997 1906 coeleste
1029 1870 1220 1913 inclinat;
1244 1878 1399 1915 semper
1419 1873 1549 1905 tamen
1570 1869 1646 1905 hoc
1666 1868 1788 1905 homo

173 1917 295 1962 eligit,
316 1917 418 1963 quod
458 1918 562 1953 Deus
589 1920 774 1962 operatur
806 1916 846 1952 in
868 1916 953 1962 eJus
982 1917 1197 1953 voluntate.
1223 1916 1328 1952 Unde
1348 1915 1531 1952 custodia
1552 1915 1786 1961 angelorum

173 1964 369 2000 interdum
391 1967 584 2006 cassatur,
601 1963 818 1999 secundum
840 1962 937 1999 illud
952 1964 1175 2007 Jerem.,1.1,
1196 1963 1236 1999 91
1254 1973 1266 1998 :
1281 1962 1493 1998 Curavimus
1510 1962 1737 2006 Babylonem,
1754 1965 1788 1997 et

171 2021 243 2046 non
268 2013 485 2051 estcurata‚·
506 2014 543 2046 et
579 2010 705 2046 multo
741 2009 870 2055 magis
906 2009 1112 2046 inclinatio
1144 2008 1365 2046 coelestium
1399 2017 1633 2054 corporum;
1653 2009 1788 2046 divina

172 2066 264 2093 vero
282 2056 528 2102 providentia
545 2065 701 2108 semper
721 2060 780 2093 est
800 2045 925 2093 firma.
993 2101 998 2107 ι

220 2105 285 2140 Est
306 2103 422 2139 etiam
460 2106 498 2140 et
529 2103 606 2139 alia
632 2101 856 2139 differentia
888 2102 1428 2147 consideranda3nam,cum
1462 2110 1607 2147 corpus
1627 2102 1790 2141 coeleste

172 2159 253 2187 non
275 2150 460 2195 disponat
487 2149 535 2186 ad
556 2149 789 2187 electionem
811 2149 889 2186 nisi
912 2149 951 2185 in
971 2152 1162 2196 quantum
1183 2149 1375 2195 imprimit
1394 2149 1434 2185 in
1451 2158 1616 2195 corpora
1634 2153 1789 2195 nostra,

172 2206 219 2233 ex
233 2197 377 2243 quihus
399 2197 518 2233 homo
538 2196 726 2233 incitatur
745 2196 792 2233 ad
817 2196 1044 2242 eligendum
1064 2205 1135 2242 per
1153 2196 1315 2233 modum
1345 2205 1423 2243 quo
1442 2196 1654 2242 passiones
1674 2195 1788 2233 indu-

171 2247 267 2280 cunt
286 2243 335 2279 ad
365 2243 612 2287 electionem,
642 2243 774 2280 omnis
805 2242 1016 2288 dispositio
1037 2243 1086 2280 ad
1106 2243 1341 2280 electionem
1376 2252 1463 2290 quae
1488 2246 1549 2279 est
1580 2252 1629 2280 ex
1647 2251 1788 2289 corpo·

170 2290 282 2327 ribus
303 2290 547 2335 coelestibus,
569 2293 630 2327 est
647 2298 718 2336 per
729 2289 891 2327 modum
909 2289 1080 2336 alicujus
1097 2290 1315 2336 passionis,
1337 2289 1440 2327 sicut
1457 2299 1546 2326 cum
1565 2289 1655 2335 quis
1674 2289 1789 2327 indu-

171 2337 275 2373 citur
299 2336 347 2373 ad
371 2337 520 2383 aliquid
548 2336 774 2383 eligendum
794 2346 864 2382 per
883 2337 1034 2381 odium,
1051 2338 1112 2374 vel
1133 2346 1324 2379 amorem,
1341 2336 1403 2373 vel
1420 2337 1533 2380 iram,
1556 2336 1615 2372 vel
1635 2335 1790 2382 aliquid

171 2383 415 2435 hujusmodi.
430 2383 485 2420 Ab
518 2383 661 2429 angelo
680 2392 773 2420 vero
803 2383 1029 2429 disponitur
1048 2384 1195 2430 aliquis
1215 2384 1264 2421 ad
1287 2383 1513 2430 eligendum
1535 2392 1604 2429 per
1622 2384 1786 2420 modum

171 2430 437 2476 1ntelligibilis
470 2430 806 2467 considerationis
838 2431 989 2477 absque
1014 2431 1217 2476 passione.
1241 2431 1355 2474 Quod
1391 2430 1551 2476 quidem
1589 2429 1788 2475 contingit

172 2476 393 2522 dupliciter.
411 2477 656 2524 Quandoque
682 2477 787 2514 enim
814 2476 1062 2514 illuminatur
1091 2477 1319 2515 intellectus
1345 2477 1521 2514 hominis
1545 2476 1594 2514 ab
1625 2477 1785 2522 angelo,

172 2523 220 2559 ad
236 2523 560 2576 cognoscendum
576 2523 707 2561 solum
727 2523 832 2571 quod
847 2523 998 2571 aliquid
1015 2527 1076 2561 est
1089 2524 1239 2561 bonum
1259 2523 1359 2568 fieri,
1374 2533 1456 2562 non
1475 2526 1606 2560 autem
1620 2523 1783 2559 instrui-

171 2572 234 2606 tur
254 2570 300 2607 de
333 2574 485 2608 ratlone
506 2573 666 2617 propter
691 2579 809 2617 quam
837 2574 898 2608 est
922 2571 1085 2611 bonum,
1107 2581 1195 2618 quae
1219 2571 1392 2608 sumitur
1421 2580 1469 2608 ex
1492 2569 1598 2613 1111ος
1618 2571 1657 2606 01
1692 2568 1784 2607 ideo

172 2617 408 2664 quaudoque
439 2618 558 2654 homo
601 2617 771 2655 aestimat
799 2617 905 2664 quod
926 2618 1076 2665 aliquid
1106 2619 1159 2655 sit
1177 2618 1326 2655 honum
1345 2617 1444 2661 fieri,
1465 2617 1500 2654 si
1524 2620 1656 2653 tamen
1676 2624 1785 2661 quee-

172 2666 322 2713 reretur
351 2673 485 2710 quare,
501 2664 760 2710 responderet
795 2673 839 2702 se
874 2665 1029 2702 nescire
1049 2665 1184 2702 :unde
1209 2664 1369 2711 quando
1388 2663 1565 2710 pervenit
1601 2662 1643 2699 in
1661 2660 1784 2699 finem

172 2708 322 2760 utilem,
342 2719 458 2755 quem
485 2719 567 2747 non
593 2710 957 2757 praeconsideravit,
976 2711 1049 2748 erit
1079 2711 1156 2748 sibi
1181 2711 1400 2749 fortuitum.
1424 2708 1669 2755 Quandoque
1688 2717 1782 2747 vero

170 2762 242 2806 per
266 2755 601 2794 illuminationem
633 2758 765 2804 angeli
793 2758 1006 2795 instruitur
1037 2758 1156 2795 etiam
1174 2757 1280 2805 quod
1314 2757 1391 2794 1100
1411 2757 1462 2793 sit
1481 2755 1645 2799 honum,
1664 2758 1703 2792 et
1733 2755 1783 2793 de

171 2804 323 2838 ratione
340 2810 461 2848 quare
481 2807 540 2840 est
570 2803 734 2848 bonum,
757 2814 846 2852 quae
868 2804 1062 2851 dependet
1079 2814 1128 2841 ex
1146 2803 1246 2849 fine;
1267 2806 1306 2841 et
1323 2803 1383 2841 sic
1402 2801 1561 2850 quando
1581 2801 1784 2849 perveniet

171 2846 220 2884 ad
242 2846 361 2884 finem
376 2857 492 2895 quem
510 2851 870 2895 praeconsideravit‚
894 2860 976 2889 non
995 2851 1070 2889 erit
1083 2851 1302 2889 fortuitum.
