1894 3223
196 125 268 161 640
784 121 872 156 LIB.
897 121 956 160 IV,
985 121 1085 157 CAP.
1099 89 1102 98 1
1112 121 1235 158 XCIII.

244 207 445 243 Praeterea,
468 205 673 248 peccatum
694 201 737 238 in
764 200 966 237 voluntate
997 209 1076 237 non
1107 201 1251 238 accidit
1284 202 1370 239 sine
1399 202 1562 250 aliquali
1591 202 1820 251 ignorantia

198 251 424 289 intellectus
442 261 450 285 :
468 248 567 284 nihil
588 248 691 285 enim
709 247 895 284 volumus
914 247 993 284 nisi
1013 247 1160 284 bonum
1182 257 1334 293 verum,
1347 249 1409 286 vel
1424 259 1619 296 apparens
1635 260 1644 284 ε
1660 253 1822 297 propter

198 297 304 344 quod
334 296 491 339 dicitur,
507 296 972 339 Prov.‚xrv‚22:Errant
997 297 1062 340 qui
1085 298 1280 340 operantur
1307 297 1460 340 mnlum3
1486 301 1525 334 et
1550 297 1821 344 Philosophus

198 345 239 381 in
254 343 369 380 tertio
381 343 499 378 Ethic.
520 341 618 388 (cap.
635 342 670 389 3)
685 341 778 378 dicit
793 341 898 388 quod
913 342 1045 379 omnis
1061 342 1193 379 malus
1207 345 1268 379 est
1279 342 1482 388 ignorans.
1495 344 1569 381 Sed
1583 344 1716 381 anima
1732 353 1822 390 quae

199 395 259 428 est
278 399 369 426 vere
394 390 510 425 beata
539 389 652 425 nullo
670 389 791 425 modo
817 392 946 433 potest
960 397 1049 425 esse
1069 389 1274 436 ignorans,
1293 390 1436 426 cumin
1452 392 1531 428 Deo
1546 391 1680 429 omnia
1692 391 1823 429 videat

198 446 287 484 quae
323 437 524 482 pertinent
552 435 600 472 ad
633 445 748 472 suam
777 435 1075 480 perfectionem.
1110 436 1227 472 Nullo
1247 436 1369 483 igitur
1388 437 1507 474 modo
1526 441 1657 484 potest
1674 439 1820 475 malam

197 484 441 521 voluntatem
473 483 631 528 habere,
653 482 852 528 praecipue
873 491 961 518 cum
983 482 1051 519 illa
1066 483 1135 519 Dei
1155 483 1255 520 visio
1276 492 1434 530 semper
1453 484 1504 520 sit
1521 485 1562 521 in
1583 489 1688 530 actu,
1715 489 1759 522 ut
1774 486 1818 522 in

197 531 315 568 tertio
335 534 395 567 est
415 534 636 567 ostensum.

244 578 389 618 Adhuc,
411 577 637 613 intellectus
657 580 794 614 noster
811 576 915 613 circa
934 576 1217 614 conclusiones
1238 577 1392 625 aliquas
1404 587 1534 615 errare
1549 583 1692 625 potest,
1715 584 1820 617 ante-

194 634 318 672 quam
359 625 399 660 in
433 624 560 670 prima
590 624 782 669 principia
814 623 1008 661 resolutio
1036 622 1117 667 fiat,
1145 624 1187 660 in
1223 634 1301 671 qua
1331 625 1576 662 resolutione
1593 625 1675 671 jam
1699 627 1815 671 facta,

201 671 369 709 scientia
391 671 437 707 de
468 671 798 708 conclusionibus
832 670 1010 715 habetur,
1045 680 1132 717 quae
1166 670 1268 708 falsa
1297 680 1387 708 esse
1419 681 1498 708 non
1536 676 1679 718 potest.
1712 674 1820 710 Sicut

202 722 332 755 autem
353 718 469 754 babet
490 727 532 755 se
553 718 790 763 principium
823 717 1176 755 demonstrationis
1209 718 1251 754 in
1273 719 1539 764 speculativis,
1570 719 1625 755 ita
1643 728 1685 756 se
1705 720 1823 757 habet

200 765 294 802 finis
327 765 367 801 in
402 765 636 811 appetitivis.
674 764 870 808 Quamdiu
889 765 1008 811 igitur
1030 764 1150 801 finem
1168 765 1352 802 ultimum
1370 775 1448 802 non
1479 767 1738 813 consequitur
1757 776 1823 804 vo-

204 813 338 849 luntas
360 817 508 856 nostra‚
533 814 662 857 potest
679 812 860 857 perverti,
886 821 967 848 non
997 816 1126 848 autem
1147 817 1355 858 postquam
1376 813 1422 850 ad
1446 813 1671 850 fruitionem
1694 813 1822 850 ultimi

203 858 296 896 finis
334 860 579 905 pervenerit,
619 859 725 905 quod
763 863 822 895 est
858 863 1015 905 propter
1044 859 1222 904 seipsum
1250 859 1526 905 desiderabile,
1559 860 1662 897 sicut
1694 860 1822 907 prima

204 906 401 952 principia
422 906 807 943 demonstrationum
829 908 924 942 sunt
941 916 1010 951 per
1030 915 1072 943 se
1094 910 1201 942 uota.

250 954 434 999 Amplius,
457 953 619 995 bonum,
643 953 878 999 inquantum
897 952 1139 998 hujusmodi,
1163 952 1354 999 diligibile
1376 957 1448 990 est.
1468 954 1580 998 Quod
1610 954 1732 1002 igitur
1752 964 1820 1000 ap·

204 1000 461 1045 prehenditur
487 1003 529 1037 ut
561 1000 753 1046 optimum
780 1003 840 1036 est
859 1001 1027 1036 maxime
1049 1000 1256 1047 diligibile.
1276 1000 1350 1036 Sed
1371 1001 1595 1038 substantia
1614 1001 1823 1039 rationalis

203 1047 318 1084 beata
337 1048 476 1084 videns
499 1049 635 1089 Deum,
660 1047 919 1092 apprehendit
937 1048 1068 1093 ipsum
1090 1052 1130 1084 ut
1145 1047 1352 1093 optimum,
1379 1050 1476 1094 Ergo
1497 1049 1668 1085 maxime
1690 1049 1822 1094 ipsum

198 1094 342 1141 diligit.
367 1096 447 1131 Hoc
468 1098 598 1131 autem
619 1094 736 1130 habet
760 1094 860 1130 ratio
884 1095 1033 1131 amoris
1064 1095 1169 1141 quod
1190 1094 1413 1132 voluntates
1435 1104 1476 1132 se
1498 1096 1716 1132 amantium
1744 1096 1827 1133 sint

201 1143 444 1178 conformes.
466 1142 696 1178 voluntates
724 1141 846 1188 igitur
872 1141 1078 1178 beatorum
1099 1144 1192 1178 sunt
1209 1141 1377 1178 maxime
1399 1143 1625 1179 conformes
1648 1144 1728 1179 Deo
1756 1142 1824 1189 qui

204 1188 299 1225 facit
327 1189 602 1225 rectitudinem
632 1189 872 1232 voluntatis,
909 1198 998 1225 cum
1044 1189 1175 1225 divina
1212 1189 1397 1226 voluntas
1435 1190 1486 1226 sit
1524 1190 1649 1235 prima
1685 1189 1825 1236 regula

195 1236 381 1272 *omnium
401 1236 662 1272 voluntatum.
684 1236 914 1272 voluntates
932 1236 1050 1282 igitur
1068 1238 1191 1272 Deum
1211 1235 1428 1273 videntium
1452 1245 1533 1273 non
1551 1240 1720 1282 possunt
1738 1235 1823 1273 fieri

232 1292 410 1320 erversae.

203 1291 227 1328 p
248 1331 350 1373 Item,
376 1329 564 1376 quamdiu
595 1329 741 1376 aliquid
775 1333 835 1367 est
863 1335 997 1366 natum
1031 1330 1180 1367 moveri
1212 1329 1260 1366 ad
1287 1330 1467 1374 alterum,
1496 1331 1676 1367 nondum
1706 1329 1826 1367 habet

203 1376 386 1413 ultimum
414 1377 547 1413 tinem.
569 1377 607 1413 Si
626 1377 747 1424 igitur
767 1377 901 1414 anima
920 1378 1035 1414 beata
1051 1380 1187 1423 posset
1204 1377 1333 1413 adhuc
1352 1379 1608 1414 transmutari
1639 1379 1686 1414 de
1717 1377 1823 1429 bono

201 1423 242 1458 in
273 1424 436 1469 malum,
468 1424 644 1460 nondum
677 1426 784 1461 esset
812 1424 853 1460 in
887 1423 1027 1461 ultimo
1058 1423 1151 1467 fine,
1182 1423 1288 1470 quod
1317 1428 1378 1461 est
1403 1428 1541 1461 contra
1566 1424 1825 1461 beatitudinis

203 1470 412 1507 rationem.
444 1471 694 1507 Manifestum
718 1473 779 1508 est
812 1471 934 1517 igitur
957 1470 1062 1517 quod
1089 1471 1232 1507 animae
1262 1480 1349 1517 quae
1378 1471 1509 1508 statim
1539 1475 1629 1518 post
1659 1474 1827 1509 mortem

202 1515 302 1554 fiunt
321 1517 444 1554 beatae
464 1517 682 1554 redduntur
701 1518 969 1557 immutabiles
988 1518 1207 1555 secundum
1225 1517 1483 1556 voluntatem.

848 1658 1017 1700 CAPUT
1035 1658 1174 1699 XCIII.

405 1778 505 1811 QUOD
526 1778 662 1806 ANIMAE
686 1778 877 1807 MALOREM
893 1779 990 1808 POST
1007 1780 1170 1808 MORTEM
1187 1780 1343 1809 HABENT
1367 1780 1628 1810 VOLUNTATEM

779 1837 1051 1866 IMMUTABILEM
1072 1838 1113 1866 IN
1130 1838 1250 1867 MALO.

251 1938 434 1975 Similiter
463 1939 579 1976 etiam
602 1943 639 1976 et
666 1940 808 1976 animae
831 1951 917 1986 quae
938 1941 1067 1977 statim
1090 1945 1181 1986 post
1199 1945 1364 1978 mortem
1387 1941 1613 1980 efficiuntur
1632 1943 1673 1980 in
1693 1945 1823 1990 poenis

203 1985 360 2022 miserae
394 1985 613 2022 redduntur
640 1986 910 2024 immutabiles
943 1988 1163 2024 secundum
1194 1989 1452 2026 voluntatem.

251 2033 463 2069 Ostensum
497 2036 557 2069 est
589 2033 695 2070 euim
728 2034 768 2070 in
798 2035 913 2071 tertio
936 2034 1034 2082 (cap.
1059 2035 1138 2082 144)
1158 2036 1263 2082 quod
1288 2040 1448 2082 peccato
1470 2037 1627 2074 mortali
1659 2038 1824 2076 debetur

202 2088 319 2125 poena
351 2082 538 2125 perpetua
573 2080 810 2118 animarum.
844 2083 929 2118 Non
961 2085 1092 2118 autem
1122 2086 1228 2119 esset
1247 2087 1435 2129 perpetua
1454 2093 1572 2130 poena
1601 2085 1825 2123 animarum

202 2135 290 2173 quae
317 2126 567 2167 damnantur,
594 2127 628 2164 si
648 2132 812 2173 possent
832 2129 1075 2166 voluntatem
1094 2134 1245 2166 mutare
1263 2130 1303 2166 in
1323 2130 1467 2167 melius
1490 2141 1498 2166 ε
1521 2131 1615 2178 quia
1644 2132 1824 2179 iniquum

203 2177 311 2210 esset
328 2174 432 2220 quod
453 2184 499 2210 ex
520 2183 597 2220 quo
616 2174 761 2211 bonam
788 2175 1031 2213 voluntatem
1057 2176 1248 2213 haberent
1267 2181 1456 2223 perpetuo
1488 2179 1734 2224 punirentur.
1754 2181 1825 2217 Vo-

205 2220 336 2257 luntas
358 2220 477 2267 igitur
496 2222 637 2258 animae
658 2222 852 2259 damnatae
873 2232 953 2260 non
974 2226 1104 2269 potest
1124 2225 1267 2260 mutari
1293 2224 1333 2260 in
1351 2224 1516 2262 bonum.

251 2268 789 2314 Praeterea,ipsainordinatio
809 2270 1021 2308 voluntatis
1041 2272 1220 2317 quaedam
1241 2281 1359 2317 poena
1379 2275 1452 2317 est,
1476 2276 1513 2309 et
1539 2273 1709 2310 maxime
1725 2273 1822 2311 affli-

201 2314 317 2358 ctiva,
353 2315 460 2361 quia,
482 2315 716 2362 inquantum
738 2316 856 2354 habet
876 2318 1143 2355 inordinatam
1160 2318 1402 2355 voiuntatem
1426 2320 1583 2366 aliquis,
1615 2320 1824 2367 displicent

201 2360 236 2397 ei
258 2370 344 2408 quae
365 2366 468 2399 recte
488 2361 590 2399 fiunt
608 2375 616 2407 ;
637 2366 674 2400 et
690 2364 888 2401 damnatis
909 2365 1130 2411 displicebit
1150 2365 1253 2412 quod
1275 2366 1462 2403 voluntas
1483 2367 1549 2403 Dei
1574 2368 1760 2413 impletur
1780 2368 1819 2404 in

200 2408 483 2492 oginibusllqui
515 2410 716 2456 peccando
742 2413 984 2449 restiterunt.
1009 2412 1130 2459 Igitur
1151 2412 1377 2450 inordinata
1399 2414 1584 2451 voluntas
1616 2424 1819 2463 nunquam

201 2463 222 2490 a
271 2465 328 2492 eis
351 2459 391 2492 to
426 2461 524 2493 etur.
1832 2463 1837 2468 '

247 2503 391 2543 Adhuc,
425 2504 669 2541 voluntatem
701 2515 724 2542 a
754 2510 915 2551 peccato
948 2506 1090 2543 mutari
1109 2507 1147 2543 in
1173 2507 1323 2544 honum
1345 2517 1424 2544 non
1444 2508 1640 2555 contingit
1657 2508 1732 2546 nisi
1755 2518 1824 2555 per

201 2550 364 2595 gratiam
385 2550 465 2594 Dei,
486 2554 527 2586 ut
544 2556 711 2597 patetex
728 2552 791 2589 his
811 2554 950 2600 quaein
966 2555 1081 2591 tertio
1104 2554 1208 2600 (cap.
1231 2558 1296 2591 156
1316 2559 1352 2591 et
1374 2554 1454 2601 157)
1471 2555 1574 2592 dicta
1592 2560 1699 2593 sunt.
1714 2556 1824 2593 Sicut

200 2600 331 2632 autem
358 2597 555 2634 bonorum
573 2599 715 2636 animae
735 2600 997 2637 admittuntur
1017 2601 1065 2638 ad
1087 2603 1299 2647 perfectam
1319 2602 1657 2648 participationem
1678 2603 1821 2641 divinae

199 2640 400 2693 bonitatis,
434 2645 488 2682 ita
520 2645 794 2684 damnatorum
831 2648 973 2684 animae
1006 2657 1029 2684 a
1061 2649 1187 2696 gratia
1217 2649 1390 2686 totaliter
1423 2649 1699 2687 excluduntur.
1735 2652 1820 2687 Non

200 2693 320 2735 igitur
340 2695 524 2735 poterunt
540 2694 682 2730 animae
702 2693 897 2732 damnatae
915 2695 955 2730 in
972 2695 1116 2732 melius
1140 2699 1292 2733 mutare
1308 2696 1565 2734 voluntatem.

246 2737 436 2787 Praeterea,
456 2739 559 2776 sicut
575 2741 670 2777 boni
688 2740 729 2777 in
748 2751 867 2778 carne
889 2742 1078 2786 viventes,
1101 2743 1281 2780 omnium
1299 2752 1464 2781 suorum
1486 2753 1651 2789 operum
1667 2747 1704 2780 et
1721 2742 1821 2779 desi-

200 2780 401 2820 deriorum
421 2784 540 2822 finem
561 2788 810 2825 constituunt
829 2789 871 2825 in
890 2790 985 2833 Deo,
1006 2790 1061 2826 ita
1076 2790 1170 2826 mali
1192 2790 1233 2826 in
1255 2790 1390 2837 aliquo
1409 2791 1587 2828 indebito
1604 2790 1682 2827 fine
1715 2799 1820 2826 aver-

199 2830 306 2881 tente
340 2839 410 2867 eos
446 2840 469 2868 a
498 2834 591 2870 Deo.
614 2835 686 2871 Sed
706 2835 848 2872 animae
869 2839 1059 2881 separatae
1076 2836 1276 2874 bonorum
1298 2837 1555 2874 immobiliter
1571 2836 1820 2873 inhaerebunt

192 2874 283 2922 fini,
305 2886 422 2923 quem
443 2877 484 2914 in
499 2879 572 2916 bac
590 2881 669 2918 vita
689 2881 762 2918 sibi
784 2883 1052 2928 praestiterunt
1073 2883 1227 2921 scilicet
1247 2885 1342 2922 Deo.
1362 2886 1463 2932 Ergo
1480 2887 1518 2920 et
1537 2883 1678 2920 animae
1695 2883 1819 2921 malo-
