1894 3223
159 87 227 125 136
772 83 861 118 LIB.
887 82 935 125 II,
962 82 1063 117 CAP.
1089 81 1186 116 XXX.

159 171 242 205 tum
263 166 424 204 modum
445 164 665 202 mixtionis.
681 162 788 200 Idem
810 165 940 199 autem
959 161 1177 208 subjectum
1194 165 1348 208 oportet
1365 170 1453 199 esse
1470 162 1774 208 contrariorum,

159 218 198 251 et
229 214 451 250 mediorum
485 210 664 248 omnium
697 218 784 256 quae
827 212 922 245 sunt
951 219 999 245 ex
1029 209 1310 246 commixtione
1351 212 1629 246 extremorum.
1665 209 1776 247 Unde

159 260 414 298 manifestum
436 262 496 294 est
515 256 620 303 quod
638 256 785 296 omnia,
809 265 896 302 quae
912 256 973 292 vel
993 256 1234 293 contrarium
1269 255 1428 300 habent,
1446 256 1508 291 vel
1540 265 1588 291 ex
1624 260 1777 293 contra-

159 308 230 344 riis
250 309 355 348 sunt‚
372 303 645 349 corruptibilia
665 306 777 347 sunt;
794 312 881 348 quae
902 306 1031 339 autem
1055 302 1282 349 hujusmodi
1302 311 1383 339 non
1415 305 1510 339 sunt
1535 303 1777 348 sempiterna.

160 356 266 396 sunt,
290 351 367 387 nisi
387 360 457 396 per
477 349 662 387 accidens
682 353 998 394 corrumpantur,
1020 350 1123 386 sicut
1142 350 1278 386 formae
1302 358 1389 396 quae
1420 358 1502 386 non
1535 349 1774 395 subsistunt,

160 399 229 437 sed
250 408 337 435 esse
359 406 495 434 earum
516 400 576 433 est
597 405 667 442 per
687 396 762 433 hoc
784 396 887 441 quod
910 396 1049 432 insunt
1070 398 1257 434 materiae.

205 445 291 481 Alio
310 453 404 481 vero
421 443 539 481 modo
557 453 605 480 ex
624 442 830 489 principiis
851 443 1133 480 essentialibus
1154 446 1211 480 est
1232 444 1272 480 in
1293 443 1412 480 rebus
1433 442 1618 480 absoluta
1639 452 1775 480 neces-

161 493 258 529 sitas
279 501 347 536 per
367 491 544 528 ordinem
564 490 612 526 ad
634 492 763 536 partes
802 490 976 526 materiae
996 490 1056 525 vel
1078 490 1228 534 formae,
1250 490 1283 527 si
1311 490 1507 536 contingit
1543 490 1774 536 hujusmodi

159 538 354 584 principia
374 538 415 574 in
435 537 635 584 aliquibus
664 545 741 573 non
774 536 973 581 simplicia
1004 545 1106 573 esse.
1143 537 1244 580 Quia
1272 537 1375 573 enim
1413 537 1578 574 materia
1618 537 1778 582 propria

161 585 337 622 hominis
372 587 431 621 est
465 593 609 629 corpus
639 583 909 627 commixtum,
943 587 981 619 et
1011 583 1443 628 complexionatum,et
1487 585 1775 630 organizatum,

161 631 432 668 necessarium
454 635 514 668 est
531 630 711 668 absolute
733 630 936 667 hominem
957 630 1161 675 quodlibet
1181 630 1481 675 elementorum,
1495 634 1532 667 et
1548 631 1777 674 humorum,

161 682 199 716 et
219 687 459 725 organorum
479 677 759 724 principalium
782 677 821 713 in
844 685 887 713 se
909 676 1067 713 habere.
1089 676 1290 721 Similiter,
1312 677 1345 713 si
1380 677 1500 714 homo
1531 680 1592 714 est
1628 678 1778 714 animal

161 725 354 762 rationale
392 728 430 761 et
466 724 646 769 mortale,
667 728 704 761 et
725 724 800 761 hoc
820 726 880 760 est
900 726 1041 760 natura
1058 723 1119 759 vel
1140 723 1267 760 forma
1296 723 1486 768 hominis,
1506 724 1779 761 necessarium

161 775 222 809 est
241 772 370 818 ipsum
393 776 432 808 et
454 771 602 808 animal
623 771 816 808 rationale
839 779 942 807 esse.

207 819 336 856 Tertio
357 818 490 863 modo,
504 822 563 856 est
577 819 618 854 in
638 818 757 855 rebus
774 818 994 855 necessitas
1012 817 1196 855 absoluta
1210 827 1278 864 per
1293 817 1473 854 ordinem
1491 817 1779 863 principiorum

162 865 436 903 essentialium
457 865 505 902 ad
525 865 785 911 proprietates
818 868 1111 912 consequentes
1142 865 1349 902 materiam
1387 868 1426 901 et
1459 864 1650 909 sorma1n;
1676 865 1782 901 sicut

163 921 328 950 necesse
364 916 424 949 est
456 922 619 957 serram,
653 912 747 959 quia
766 921 813 948 ex
847 912 950 949 ferro
983 916 1056 951 est,
1078 912 1217 949 duram
1248 921 1352 957 esse,
1379 914 1419 948 et
1448 910 1666 956 hominem,
1687 912 1782 959 quia

163 960 310 997 animal
328 960 520 996 rationale
542 963 614 1004 est,
634 959 855 1005 disciplinae
876 959 1170 1004 perceptibilem
1192 968 1295 996 esse.

210 1007 436 1044 Necessitas
459 1015 550 1044 vero
572 1006 726 1053 agentis
747 1005 1022 1043 consideratur
1050 1009 1087 1042 et
1117 1009 1308 1052 quantum
1338 1005 1387 1042 ad
1425 1005 1557 1051 ipsum
1590 1015 1722 1051 agere,
1743 1009 1784 1042 et

163 1057 356 1100 quantum
375 1054 423 1090 ad
446 1052 630 1090 effectum
652 1056 976 1099 consequentem.
1000 1053 1130 1089 Prima
1148 1056 1279 1090 autem
1315 1052 1567 1090 necessitatis
1598 1052 1781 1089 conside-

163 1101 267 1137 ratio
287 1100 433 1137 similis
454 1103 514 1137 est
531 1100 758 1137 necessitati
781 1099 1012 1144 accidentis,
1037 1109 1155 1145 quam
1178 1099 1294 1136 habet
1320 1109 1368 1135 ex
1399 1098 1607 1144 principiis
1639 1099 1783 1136 forma-

164 1147 284 1184 libus.
301 1148 409 1184 Sicut
428 1148 533 1183 enim
555 1147 634 1184 alia
654 1147 875 1184 accidentia
889 1156 937 1182 ex
950 1146 1189 1183 necessitate
1203 1146 1489 1192 principiorum
1505 1146 1781 1184 essentialium

163 1193 398 1240 procedunt,
418 1194 474 1231 ita
493 1197 531 1231 et
548 1194 652 1231 actio
688 1203 735 1231 ex
755 1193 992 1230 necessitate
1018 1193 1156 1230 formae
1178 1202 1249 1239 per
1280 1202 1399 1239 quam
1431 1201 1555 1239 agens
1588 1196 1649 1229 est
1676 1196 1780 1231 actu.

165 1241 229 1278 Sic
249 1241 353 1277 enim
375 1241 457 1287 agit
476 1244 518 1277 ut
537 1244 626 1278 actu
646 1244 720 1277 est.

211 1286 445 1324 Differenter
467 1291 598 1324 tamen
619 1287 695 1324 hoc
715 1286 860 1324 accidit
886 1286 929 1324 in
958 1287 1114 1324 actione
1144 1295 1231 1334 quae
1265 1286 1306 1323 in
1335 1286 1424 1332 ipso
1457 1290 1599 1333 agente
1632 1290 1782 1332 manet,

165 1333 271 1371 sicut
290 1334 512 1381 intelligere
534 1338 571 1371 et
589 1335 703 1379 velle,
722 1337 760 1371 et
779 1334 819 1370 in
841 1334 996 1370 actione
1017 1343 1104 1380 quae
1124 1334 1166 1370 in
1190 1333 1356 1370 alterum
1377 1334 1533 1377 transit,
1556 1333 1660 1371 sicut
1679 1334 1781 1371 cale·

164 1381 482 1425 facere.Nam‚in
503 1381 631 1427 primo
652 1389 796 1427 genere
816 1381 1000 1425 actionis,
1017 1381 1196 1427 sequitur
1210 1389 1257 1416 ex
1274 1380 1415 1424 forma,
1430 1389 1500 1425 per
1519 1389 1637 1426 quam
1656 1389 1782 1427 agens

164 1426 208 1464 fit
228 1428 268 1463 in
286 1431 390 1472 actu,
408 1429 628 1465 necessitas
648 1427 818 1465 actionis
838 1427 990 1473 ipsius;
1020 1428 1113 1473 quia
1128 1428 1176 1464 ad
1192 1436 1281 1464 esse
1296 1427 1382 1473 ejus
1397 1427 1497 1463 nihil
1512 1427 1780 1464 extrinsecum

164 1474 378 1520 requiritur
398 1475 439 1510 in
459 1475 565 1521 quod
586 1474 689 1511 actio
719 1474 964 1511 terminetur.
988 1474 1083 1510 Cum
1115 1475 1221 1510 enim
1253 1482 1399 1511 sensus
1430 1474 1548 1510 fuerit
1579 1474 1707 1511 factus
1739 1475 1782 1512 in

165 1525 254 1558 actu
275 1530 344 1566 per
364 1522 536 1567 speciem
557 1521 802 1566 sensibilem,
825 1530 989 1557 necesse
1010 1524 1070 1557 est
1090 1521 1219 1566 ipsum
1241 1521 1403 1562 sentire,
1425 1524 1461 1557 et
1481 1520 1677 1566 similiter,
1690 1530 1781 1560 cum

164 1567 389 1606 intellectus
424 1572 484 1605 est
518 1569 560 1605 in
591 1572 680 1605 actu
710 1578 780 1615 per
808 1568 980 1613 speciem
1010 1567 1318 1614 intelligibilem.
1357 1570 1398 1604 ln
1430 1567 1606 1605 secundo
1649 1572 1781 1606 autem

164 1623 308 1661 genere
327 1615 511 1661 actionis,
534 1616 714 1662 sequitur
733 1625 781 1652 ex
802 1615 930 1651 forma
946 1615 1166 1657 necessitas
1188 1614 1358 1651 actionis
1378 1618 1570 1661 quantum
1590 1614 1637 1651 ad
1665 1615 1783 1652 virtu-

163 1665 242 1698 tem
266 1662 423 1709 agendi.
447 1663 485 1699 Si
516 1663 621 1699 enim
655 1662 761 1709 ignis
794 1662 846 1698 sit
879 1661 1047 1706 calidus,
1080 1662 1351 1699 necessarium
1384 1665 1445 1698 est
1472 1662 1603 1708 ipsum
1636 1662 1782 1699 habere

163 1709 347 1745 virtutem
370 1709 624 1746 calefaciendi
647 1721 654 1746 :
678 1719 758 1746 non
779 1712 911 1745 tamen
931 1717 1096 1746 necesse
1119 1712 1178 1745 est
1200 1708 1332 1754 ipsum
1352 1708 1582 1750 calefacere,
1606 1718 1654 1746 eo
1674 1709 1781 1756 quod

165 1756 214 1793 ab
235 1756 458 1793 extrinseco
478 1756 659 1802 impediri
680 1760 822 1801 potest.

211 1803 290 1839 Nec
311 1802 358 1839 ad
378 1804 625 1849 propositum
645 1802 787 1847 differt,
810 1805 941 1839 utrum
961 1810 1084 1848 agens
1104 1803 1157 1839 sit
1175 1811 1281 1840 unus
1315 1805 1469 1840 tantum
1500 1803 1549 1840 ad
1581 1803 1777 1840 actionem

164 1848 370 1887 sufficiens
390 1859 459 1894 per
478 1858 591 1887 suam
612 1849 793 1893 formam,
814 1850 874 1885 vel
895 1853 1074 1895 oporteat
1090 1849 1237 1887 multos
1257 1852 1420 1896 agentes
1440 1849 1489 1887 ad
1509 1858 1630 1887 unam
1657 1850 1781 1887 actio—

164 1905 256 1933 nem
275 1896 470 1942 agendam
499 1897 748 1943 congregari‚
768 1896 870 1932 sicut
902 1897 1015 1932 multi
1048 1897 1234 1933 homines
1266 1896 1315 1932 ad
1344 1897 1577 1934 trahendam
1611 1897 1776 1934 navim:

163 1952 256 1979 nam
276 1951 416 1980 omnes
436 1946 531 1980 sunt
549 1947 592 1981 ut
608 1952 714 1981 unus
739 1951 876 1990 agens,
899 1943 965 1990 qui
987 1943 1029 1979 fit
1046 1948 1134 1980 actu
1155 1953 1224 1990 per
1242 1943 1525 1981 adunationem
1557 1952 1695 1980 eorum
1730 1943 1780 1982 ad

163 1990 361 2027 actionem
384 1999 517 2027 unam.

209 2037 435 2074 Necessitas
462 2041 593 2075 autem
615 2047 702 2084 quae
733 2040 793 2075 est
812 2047 835 2074 a
861 2047 983 2075 causa
1012 2041 1152 2084 agente
1171 2038 1232 2075 vel
1264 2041 1447 2075 movente
1478 2038 1519 2075 in
1555 2037 1698 2075 effectu
1718 2038 1779 2076 vel

162 2088 285 2129 moto,
299 2092 378 2121 non
398 2088 552 2121 tantum
573 2084 765 2130 dependet
783 2094 807 2121 a
824 2094 945 2121 causa
965 2089 1120 2131 agente,
1137 2085 1204 2122 sed
1225 2085 1344 2122 etiam
1365 2085 1631 2122 aconditione
1649 2085 1780 2132 ipsius

161 2131 273 2172 moti,
294 2134 332 2167 et
352 2131 579 2177 recipientis
600 2131 796 2169 actionem
817 2132 986 2176 agentis,
1007 2132 1071 2169 cui
1090 2132 1151 2168 vel
1170 2132 1281 2169 nullo
1311 2132 1430 2169 modo
1464 2132 1570 2169 inest
1602 2133 1781 2179 potentia

162 2177 211 2214 ad
231 2177 501 2223 recipiendum
520 2178 612 2215 talis
630 2178 800 2216 actionis
818 2177 1015 2223 effectum,
1036 2179 1140 2216 sicut
1168 2178 1283 2221 lanae,
1305 2183 1347 2216 ut
1379 2189 1427 2216 ex
1455 2189 1503 2216 ea
1529 2179 1597 2216 liat
1630 2188 1748 2226 prora
1767 2191 1778 2217 ε

159 2224 222 2261 vel
241 2227 302 2262 est
320 2225 496 2270 potentia
514 2225 703 2271 impedita
721 2235 792 2271 per
828 2226 1027 2263 contraria
1045 2225 1204 2272 agentia
1220 2226 1282 2262 vel
1301 2226 1522 2263 contrarias
1548 2226 1780 2272 dispositio·

159 2279 234 2308 nes
269 2271 509 2309 inhaerentes
537 2271 690 2317 mobili,
723 2275 792 2309 aut
823 2272 985 2316 formas,
1022 2277 1177 2310 motore
1211 2273 1415 2319 impedito,
1449 2282 1528 2320 quo
1566 2273 1781 2319 impeditur

159 2318 286 2355 virtus
303 2319 459 2365 agentis
478 2319 519 2356 in
537 2318 707 2365 agendo,
726 2319 830 2357 sicut
850 2319 997 2356 ferrum
1018 2329 1099 2356 non
1119 2320 1269 2365 liquefit
1283 2329 1306 2357 a
1320 2319 1441 2356 debili
1458 2319 1602 2357 calido.
1617 2323 1780 2366 Oportet

159 2364 296 2411 igitur,
327 2365 375 2402 ad
406 2366 482 2404 hoc
502 2365 608 2413 quod
641 2369 831 2412 sequatur
866 2366 1044 2407 effectus,
1067 2368 1173 2413 quod
1203 2367 1244 2403 in
1280 2375 1401 2412 passo
1431 2367 1485 2404 sit
1514 2369 1692 2413 potentia
1729 2367 1779 2404 ad

159 2411 445 2458 recipiendum,
466 2413 564 2450 etin
596 2417 737 2460 agente
770 2413 824 2450 sit
853 2413 1020 2450 victoria
1050 2422 1172 2460 supra
1199 2423 1378 2460 passum,
1412 2418 1456 2451 ut
1485 2414 1615 2459 possit
1645 2414 1777 2460 ipsum

158 2461 425 2511 transmutare
445 2459 495 2497 ad
514 2460 754 2498 contrariam
774 2460 1095 2506 dispositionem.
1118 2463 1163 2497 Et
1180 2462 1214 2498 si
1247 2461 1408 2508 quidem
1442 2459 1607 2498 effectus
1639 2468 1778 2512 conse:

159 2513 287 2550 quens
301 2515 343 2542 111
354 2515 532 2552 passum,
543 2516 591 2544 ex
603 2507 771 2544 victoria
785 2507 940 2553 agentis
955 2516 1074 2553 super
1086 2507 1354 2553 ipsutn,suerit
1368 2507 1592 2545 contrarius
1605 2506 1777 2544 naturali

159 2551 415 2605 dispositioni
435 2554 637 2599 patientis,
659 2555 733 2591 erit
750 2555 972 2591 necessitas
991 2555 1206 2599 violentiae,
1228 2555 1332 2592 sicut
1350 2563 1440 2592 cum
1458 2554 1560 2606 lapis
1585 2553 1778 2599 projcitur

159 2605 510 2650 sursum3s1yero
530 2609 611 2638 non
641 2601 760 2638 fuerit
789 2602 1013 2638 contrarius
1040 2602 1211 2639 naturali
1240 2601 1495 2647 dispositioni
1524 2601 1653 2652 ipsius
1686 2600 1777 2637 sub-

155 2647 263 2690 jecti,
286 2654 365 2681 non
387 2649 461 2682 erit
478 2647 700 2685 necessitas
730 2647 946 2693 violentiae,
968 2648 1039 2685 sed
1075 2649 1229 2686 ordinis
1261 2647 1468 2691 naturaliS,
1505 2650 1611 2684 sicut
1641 2650 1702 2683 est
1733 2647 1776 2684 in

155 2694 270 2727 motu
302 2691 405 2737 coeli,
427 2692 494 2742 qui
523 2697 585 2730 est
613 2704 636 2731 a
669 2694 798 2740 primo
827 2699 969 2741 agente
999 2696 1239 2740 extrinseco,
1269 2703 1351 2732 non
1381 2697 1514 2731 tamen
1547 2696 1607 2730 est
1636 2696 1777 2731 contra

158 2738 379 2774 naturalem
401 2738 705 2784 dispositionem
725 2741 903 2786 mobilis,
921 2745 959 2779 et
978 2741 1068 2780 ideo
1100 2751 1183 2780 non
1213 2744 1274 2779 est
1304 2744 1438 2778 motus
1467 2739 1681 2785 violentus,
1703 2740 1776 2778 sed

158 2784 367 2836 naturalis.
387 2785 577 2822 Similiter
596 2790 657 2823 est
675 2788 717 2823 in
735 2788 969 2825 alteratione
988 2797 1200 2835 corporum
1220 2787 1454 2825 inferiorum
1485 2796 1509 2824 a
1538 2787 1775 2833 corporibus

157 2830 389 2869 coelestibus
406 2842 416 2877 ;
435 2840 527 2870 nam
547 2833 741 2873 naturalis
770 2834 979 2872 inclinatio
1007 2839 1069 2872 est
1096 2835 1140 2873 in
1166 2834 1401 2882 corporibus
1435 2834 1693 2873 inferioribus
1724 2834 1776 2873 ad
