1894 3223
685 139 771 173 Liss.
800 139 857 176 lv,
887 138 987 174 CAP.
1017 138 1101 173 Ltv.
1637 137 1705 173 583

131 220 274 263 Adhuc,
297 219 328 255 si
352 218 528 255 Christus
548 218 791 255 sufficienter
813 229 880 264 pro
909 219 1079 264 peccatis
1110 217 1273 255 humani
1308 218 1468 264 generis
1495 217 1701 262 satis-tecit,

85 276 164 304 non
187 270 321 304 essent
343 266 441 302 ultra
461 266 632 303 remedia
650 276 719 311 pro
735 266 986 302 absolutione
1003 269 1253 311 peccatorum
1274 265 1499 312 qil-gerenda.
1519 266 1704 309 (3111011111-

82 318 147 351 tur
166 317 295 351 autem
317 312 364 349 ab
386 312 571 349 omnibus
593 314 657 359 qui
683 322 763 350 sure
782 312 922 350 salutis
944 321 1078 349 curain
1103 311 1261 350 liabent.
1295 313 1379 349 Non
1410 311 1532 359 igitur
1551 311 1704 349 ridetur

85 359 327 398 sufficienter
348 359 543 397 Christum
570 363 730 406 peecata
763 359 969 396 hominum
1006 359 1234 397 abstulisse.

131 408 217 444 Haec
236 407 356 453 igitur
385 411 476 443 sunt
507 410 543 444 ct
575 407 718 444 similia
751 415 797 442 ex
818 406 960 452 quibus
983 406 1099 444 alicui
1137 405 1258 442 videri
1288 408 1417 451 potest
1449 415 1495 443 ea
1531 416 1617 452 qiue
1652 406 1701 443 de

83 453 357 491 incarnatione
378 453 476 490 sides
504 453 697 492 catholica
726 453 912 499 pizeilieat
938 453 1078 491 divinae
1109 452 1303 500 majestati
1327 456 1364 490 et
1385 453 1586 499 sapielllltt‘
1608 461 1702 490 con-

80 501 281 538 venientia
300 509 380 538 non
406 501 545 539 fuisse.
1317 527 1319 529 -

742 634 910 676 CAPUT
938 633 1038 676 LIV.

459 752 556 789 QUOD
583 754 825 784 CONVENIENS
850 753 939 784 FUIT
966 753 1073 783 DEUM
1098 752 1321 783 INCARNAni.

132 876 169 912 Si
191 876 279 922 quis
299 878 429 912 autem
452 876 660 922 diligenter
680 879 717 912 et
738 876 797 920 pie
817 876 1102 912 incarnationis
1123 876 1307 922 mysteria
1331 875 1566 916 consideret,
1594 876 1702 914 ini-e-

83 922 163 959 11101
180 926 326 959 tantam
348 923 551 968 sapientire
566 923 874 968 profunditatem
895 923 999 969 quod
1023 931 1181 959 omnem
1200 923 1414 960 humanam
1434 923 1701 968 cognitionem

84 969 257 1010 excedat,
280 969 498 1007 secundum
520 969 618 1005 illud
638 970 814 1014 Apostoli
838 982 844 1005 :
871 970 970 1012 Quod
990 970 1139 1005 stultam
1168 972 1219 1005 est
1244 971 1320 1013 Det,
1352 971 1551 1015 sapientius
1571 974 1622 1006 est
1641 971 1702 1006 110-

83 1016 254 1052 minibus.
277 1017 310 1063 (I
327 1017 421 1061 Gor„
443 1026 470 1061 i,
491 1017 567 1062 25.)
590 1017 696 1053 Unde
730 1017 768 1052 tit
792 1020 833 1053 ut
854 1017 912 1061 pie
935 1016 1202 1053 consideranti
1237 1026 1391 1062 semper
1413 1017 1539 1064 magis
1561 1026 1605 1056 ac
1626 1026 1704 1055 ma-

85 1064 146 1111 gis
166 1063 418 1100 admirabiles
441 1064 616 1100 rationes
636 1063 864 1109 liujiismodi
880 1063 1055 1110 mysterii
1076 1063 1390 1100 manifestentur.

132 1110 306 1147 Primum
328 1110 448 1156 igitur
466 1110 541 1146 hoc
562 1110 896 1147 considerandum
928 1113 1001 1155 est,
1023 1110 1129 1156 quod
1146 1110 1365 1147 incarnatio
1386 1112 1454 1147 Dei
1475 1110 1705 1148 efficacissi-

83 1165 192 1194 mum
213 1157 287 1194 fuit
312 1157 499 1194 auxilium
522 1156 671 1194 homini
694 1157 741 1194 ad
763 1157 1044 1194 beatitudinem
1065 1157 1253 1194 tendenti.
1276 1158 1488 1195 ostensum
1511 1162 1570 1194 est
1599 1159 1703 1195 enim

85 1204 126 1250 (Ι.
160 1213 220 1249 111,
253 1213 288 1241 0.
326 1207 372 1241 40
403 1206 440 1240 et
459 1207 530 1250 -50)
565 1204 670 1250 quod
702 1204 872 1249 perfecta
903 1203 1104 1241 beatitudo
1129 1203 1303 1241 hominis
1331 1204 1370 1240 in
1393 1205 1617 1241 immediata
1637 1205 1703 1241 Dei

84 1250 238 1288 visione
258 1251 454 1288 consistit.
479 1252 618 1287 Posset
637 1255 767 1287 autem
788 1250 903 1288 alicui
924 1250 1043 1287 videri
1065 1251 1171 1298 quod
1192 1251 1312 1288 homo
1334 1251 1382 1288 ad
1414 1252 1520 1289 hunc
1555 1255 1701 1288 statum

87 1307 290 1345 nunquam
326 1298 454 1344 possit
486 1298 708 1344 pertingere
743 1298 847 1344 quod
880 1298 1106 1335 intellectus
1140 1297 1341 1335 humanus
1370 1299 1593 1335 immediate
1627 1300 1703 1345 ipsi

84 1345 227 1383 divinae
250 1345 434 1382 essentiae
455 1345 646 1390 uniretur,
668 1349 711 1382 ut
743 1345 966 1382 intellectus
996 1345 1251 1392 intelligibili,
1280 1350 1438 1391 propter
1467 1347 1703 1383 immensam

86 1392 316 1430 distantiam
357 1395 612 1437 naturarum3
654 1396 693 1429 et
729 1393 787 1429 sic
819 1392 924 1429 circa
956 1393 1259 1438 inquisitionem
1290 1393 1548 1430 beatitudinis
1583 1393 1703 1430 bomo

86 1442 319 1485 tepesceret,
340 1438 429 1485 ipsa
447 1438 723 1485 desperatione
744 1440 940 1476 detentus.
959 1441 1035 1476 'Per
1054 1439 1130 1476 1100
1163 1443 1294 1476 autem
1316 1440 1422 1486 quod
1446 1442 1546 1477 Deus
1568 1441 1703 1477 liuma-

89 1495 180 1523 nam
202 1489 386 1522 naturam
406 1485 482 1523 sibi
504 1486 617 1523 unire
636 1486 758 1523 voluit
781 1487 819 1522 in
841 1495 1023 1532 persona,
1059 1486 1354 1524 evidentissime
1387 1487 1616 1524 hominibus
1638 1488 1704 1524 de-

85 1535 328 1570 monstratur
375 1532 453 1570 uod
474 1533 595 1570 liomo
615 1542 684 1579 per
704 1533 947 1570 intellectum
983 1535 1062 1570 Deo
1093 1536 1222 1579 potest
1254 1534 1370 1577 uniri,
1410 1535 1539 1579 ipsum
1565 1535 1703 1571 11111110-

86 1580 190 1618 diate
229 1543 413 1617 videndo.
447 1580 535 1617 Fuit
564 1580 687 1627 igitur
729 1580 1170 1632 convenientissimum·
1192 1581 1297 1627 quod
1343 1582 1447 1618 Deus
1487 1582 1703 1618 humanam

87 1630 269 1665 naturam
307 1630 542 1671 assumeret,
572 1627 621 1665 ad
652 1636 762 1673 spem
795 1627 968 1665 hominis
999 1628 1041 1665 in
1069 1627 1351 1664 beatitudinem
1392 1627 1702 1673 sublevandam;

89 1674 207 1718 unde,
228 1677 318 1720 post
338 1674 651 1712 incarnationem
672 1673 828 1719 Christi,
848 1674 1030 1712 homines
1057 1679 1261 1721 coepcrunt
1279 1675 1406 1722 magis
1427 1675 1474 1712 ad
1503 1675 1705 1713 coelestem

89 1721 377 1758 beatitudinem
416 1722 605 1767 aspirare,
628 1721 846 1759 seeundum
884 1721 991 1768 quod
1028 1722 1112 1767 ipse
1151 1721 1248 1759 dicit
1277 1733 1286 1759 :
1318 1724 1394 1767 Eae
1419 1724 1502 1759 vent·
1529 1725 1570 1759 ut
1591 1724 1704 1759 vitam

85 1769 254 1812 habeant,
275 1771 312 1805 et
331 1768 578 1806 abundantius
595 1769 765 1813 habeant.
788 1768 947 1815 (Joaitn.‚
969 1776 1008 1813 X,
1032 1769 1104 1815 lo.)
1219 1780 1222 1784 ·

136 1816 260 1853 Simul
300 1815 417 1853 etiam
455 1824 525 1861 per
560 1815 637 1853 hoe
670 1815 823 1853 homini
850 1816 1084 1853 auferuntur
1111 1815 1389 1862 impedimenta
1423 1815 1705 1854 beatitudinem

85 1862 345 1909 adipiscendi.
371 1863 500 1906 Quum
519 1864 623 1899 enim
644 1863 817 1908 perfecta
835 1862 1012 1900 hominis
1032 1863 1234 1900 beatitudo
1255 1865 1297 1900 in
1319 1864 1405 1901 sola
1425 1865 1494 1901 Dei
1517 1864 1703 1901 fruiti-one

89 1909 297 1954 consistat,
320 1911 362 1946 ut
382 1913 589 1947 ostensum
609 1913 683 1954 est,
705 1910 976 1947 necessarium
998 1911 1181 1956 estquod
1202 1911 1440 1957 quicumque
1459 1910 1523 1947 1115
1544 1919 1630 1957 quae
1650 1911 1706 1947 in-

87 1957 148 1995 fra
167 1958 288 1994 Deum
315 1960 409 1993 sunt
433 1956 598 1994 inhaeret
624 1957 795 1994 finaliter
815 1967 837 1994 a
854 1965 955 1994 verae
985 1956 1244 1994 beatitudinis
1267 1958 1564 2004 participatione
1583 1959 1706 2003 impe·

87 2004 227 2042 citatur.
248 2003 304 2041 Ad
321 2003 398 2040 hoc
418 2007 548 2041 autem
564 2003 685 2041 homo
707 2004 847 2041 deduci
867 2006 1021 2050 poterat
1050 2004 1156 2051 quod
1174 2004 1294 2042 rebus
1325 2005 1427 2042 infra
1448 2007 1568 2041 Deum
1609 2005 1707 2042 exis-

86 2051 263 2088 tentibus
281 2050 490 2088 inhaereret
510 2054 552 2088 ut
572 2050 655 2095 fini,
675 2050 899 2098 ignorando
921 2060 1003 2089 suae
1015 2056 1165 2089 naturae
1179 2051 1423 2099 dignitatem.
1444 2054 1495 2089 Ex
1509 2052 1585 2089 hoe
1601 2053 1704 2088 enim

87 2097 286 2150 contingit
304 2097 410 2145 quod
431 2097 606 2144 quidam,
632 2098 934 2150 considerantes
955 2107 999 2136 se
1019 2099 1241 2136 secundum
1261 2102 1441 2137 naturam
1475 2107 1705 2145 corpoream

86 2147 126 2182 et
140 2146 384 2189 sensitivam,
406 2153 526 2191 quam
547 2153 637 2181 cum
657 2145 746 2182 aliis
767 2145 1007 2182 animalibus
1036 2144 1184 2183 habent
1214 2155 1480 2187 communem,
1515 2146 1556 2182 111
1588 2146 1707 2183 rebus

87 2191 364 2238 corporalibus
385 2195 423 2228 et
441 2191 773 2228 delectationibus
794 2191 925 2229 carnis
953 2192 1164 2239 quamdam
1190 2192 1472 2230 beatitudinem
1502 2192 1705 2230 bestialem

91 2239 311 2286 requirunt.
333 2238 501 2283 Quidam
530 2247 636 2283 vero,
657 2238 958 2275 considerantes
990 2238 1250 2286 quarumdam
1279 2244 1548 2277 creaturarum
1580 2240 1706 2276 excel-

90 2286 252 2323 lentiam
271 2294 392 2331 super
408 2285 609 2330 homines,
632 2289 824 2332 quantum
844 2285 892 2323 ad
914 2285 1060 2333 aliqua,
1088 2295 1226 2324 eorum
1262 2286 1385 2323 cultui
1418 2295 1461 2323 se
1494 2286 1708 2323 adstrinxe-

89 2336 194 2377 runt,
215 2332 394 2370 colentes
413 2332 607 2369 mundnm
632 2335 669 2368 et
688 2336 820 2378 partes
840 2332 941 2378 ejus,
960 2336 1121 2379 propter
1140 2333 1457 2380 magnitudinem
1476 2333 1707 2380 quantitatis

88 2383 128 2417 et
143 2380 336 2425 temporis
358 2379 672 2423 diuturnitatem,
692 2380 753 2416 vel
774 2379 1002 2426 spirituales
1024 2380 1284 2425 substantias,
1305 2380 1473 2426 angelos
1505 2383 1543 2416 et
1563 2380 1707 2416 danno-

91 2435 178 2470 nes,
200 2429 359 2472 propter
375 2426 452 2464 hoc
473 2426 579 2473 quod
597 2426 800 2463 hominem
821 2427 1009 2465 excedere
1040 2427 1311 2472 inveniuntur,
1332 2431 1413 2464 tam
1433 2427 1474 2464 in
1505 2427 1709 2464 immorta-

90 2473 200 2510 litate
220 2481 339 2524 quam
359 2473 398 2510 in
418 2473 599 2510 acumine
620 2473 875 2518 intellectus3
895 2474 1201 2512 aestimantesin
1236 2474 1315 2519 his,
1347 2477 1483 2519 utpote
1513 2482 1633 2519 supra
1665 2482 1708 2511 se

90 2519 365 2565 existentibus,
395 2519 571 2557 hominis
606 2519 892 2557 beatitudinem
931 2529 1021 2558 esse
1053 2520 1318 2568 quaerendam.
1343 2521 1530 2565 Quamvis
1562 2525 1707 2565 autem,

88 2569 282 2614 quantum
296 2566 346 2604 ad
365 2566 519 2613 aliquas
538 2567 804 2608 conditiones,
822 2567 943 2604 homo
962 2567 1160 2614 aliquibus
1177 2567 1369 2605 creaturis
1382 2569 1525 2605 existat
1544 2567 1710 2604 inferior

89 2623 136 2652 ac
154 2613 272 2650 etiam
305 2612 456 2651 infimis
487 2613 681 2651 creaturis
709 2614 751 2650 in
780 2614 1018 2660 quibusdam
1047 2614 1304 2659 assimiletur,
1334 2617 1468 2652 tamen
1488 2614 1707 2652 secundum

88 2660 271 2700 ordinem
292 2658 386 2698 finis
420 2659 700 2697 nihilhomine
720 2660 854 2698 existit
880 2661 1011 2705 altius,
1035 2661 1114 2699 nisi
1146 2661 1259 2699 solus
1295 2663 1414 2706 Deus,
1434 2661 1475 2700 in
1508 2670 1587 2708 quo
1619 2661 1707 2699 solo

89 2707 263 2754 perfecta
290 2706 465 2744 hominis
494 2707 696 2744 beatitudo
729 2707 925 2745 consistit.
960 2708 1068 2745 Hanc
1098 2708 1221 2754 igitur
1252 2708 1430 2747 hominis
1464 2708 1707 2756 dignitatem,

92 2754 196 2802 quod
218 2754 373 2793 scilicet
392 2754 433 2791 in
457 2754 687 2792 immediata
717 2754 785 2791 Dei
814 2754 970 2792 visione
1001 2754 1288 2794 beatificandus
1319 2755 1386 2801 sit,
1417 2756 1709 2795 convenientis-

90 2801 189 2840 sime
215 2803 320 2839 Deus
352 2801 527 2838 ostendit
553 2810 623 2847 per
651 2800 728 2838 hoc
761 2801 865 2848 quod
898 2801 984 2847 ipse
1021 2801 1245 2840 immediate
1273 2805 1455 2841 naturam
1491 2802 1707 2841 humanam

89 2848 332 2895 assumpsit3
350 2847 456 2886 unde
476 2857 524 2885 ex
543 2848 816 2886 incarnatione
837 2848 904 2885 Dei
923 2848 1000 2886 hoc
1019 2853 1279 2888 consecutum
1296 2850 1477 2889 videmus
1503 2850 1608 2897 quod
1630 2858 1710 2888 ma-

90 2903 169 2942 gna
204 2904 296 2942 pars
339 2894 568 2942 hominum,
596 2895 704 2934 cultu
741 2895 998 2945 angelorum,
1027 2896 1251 2936 daemonum
1288 2899 1328 2936 et
1370 2904 1710 2945 quarumcumque
