1894 3223
646 90 732 126 LIB.
761 91 824 132 ΙΙΙ,
853 90 953 127 CAP.
982 91 1123 128 XXXIX.
1629 92 1692 129 301

72 175 112 211 et
141 172 393 218 operationes
422 171 624 210 naturales
649 180 750 218 quas
771 171 915 209 habent
937 181 1016 209 non
1038 173 1086 210 ab
1113 173 1192 211 alio
1213 173 1439 211 ordinatore
1460 172 1519 210 eis
1539 173 1690 225 inesse,

72 219 143 258 sed
165 219 213 257 ab
233 219 292 256 eis
313 219 391 256 alia
409 218 606 263 ordinari;
625 218 785 266 quidam
812 228 918 262 vero,
939 219 1136 257 humanos
1158 224 1271 258 actus
1295 229 1376 258 non
1400 220 1570 266 alicujus
1592 221 1694 257 ordi-

73 266 227 304 nationi
247 266 416 304 subesse
435 265 643 303 credentes
665 265 742 303 nisi
765 266 961 310 humanae,
983 267 1166 304 homines
1185 268 1251 314 qui
1275 267 1377 305 alios
1395 267 1580 304 ordinant
1597 268 1694 305 deos

73 321 165 352 esse
183 313 380 351 dixerunt.
398 314 479 350 Ista
497 312 618 360 igitur
639 312 705 349 Dei
727 313 904 359 cognitio
926 322 1004 349 iioii
1027 313 1173 351 sufficit
1194 315 1242 352 ad
1264 315 1506 352 felicitatem.

119 361 301 405 Amplius,
327 360 496 398 felicitas
527 363 590 396 est
618 359 711 397 finis
736 359 1000 397 humanorum
1032 365 1204 398 actuum.
1223 362 1277 398 Ad
1305 362 1536 407 praedictam·
1566 364 1696 398 autem

74 407 346 454 cognitionem
378 415 458 444 non
498 406 734 444 ordinantur
765 406 927 443 liumani
952 411 1063 444 actus
1093 409 1195 445 sicut
1229 409 1276 446 ad
1316 408 1456 452 finem;
1480 409 1559 445 imo
1581 409 1696 455 quasi

73 454 212 540 {ianm
231 463 254 492 a
280 454 478 501 principio
509 453 699 492 omnibus
721 453 845 492 adest.
863 456 946 492 Non
970 455 1092 502 igitur
1118 455 1158 492 in
1184 455 1256 493 hac
1275 456 1344 493 Dei
1365 455 1594 504 cognitione
1615 455 1699 493 feli·

118 504 179 539 tas
199 501 399 539 consistit.

119 548 220 589 Rern,
240 547 377 586 nullus
401 557 472 594 per
499 548 576 586 hoc
599 548 873 594 vituperabilis
901 553 1062 596 apparet
1079 550 1172 596 quia
1201 549 1386 587 felicitate
1409 553 1559 594 cai·eat;
1579 549 1698 597 quin-

73 595 156 632 imo
175 598 356 633 carentes
385 605 433 632 ea
470 596 568 632 etin
598 596 725 642 ipsam
747 595 953 633 tendentes
993 597 1215 633 laudantur.
1237 598 1290 633 Ex
1323 598 1414 643 hoc¹
1435 602 1567 634 autem
1589 597 1695 644 quod

66 641 262 690 praedicta
298 642 367 680 Dei
395 643 626 690 cognitione
659 643 805 690 aliquis
836 647 968 687 caret,
1001 643 1171 680 maxime
1199 643 1475 689 vituperabilis
1510 647 1693 690 apparet3

73 688 308 736 designatur
333 689 439 726 enim
465 698 534 736 per
554 690 630 728 hoc
651 690 821 727 maxime
837 690 1012 727 hominis
1032 690 1230 727 stoliditas
1258 690 1365 742 quod
1385 694 1464 727 tam
1483 691 1697 729 manifesta

71 736 142 773 Dei
167 736 284 784 signa
314 745 395 774 non
417 737 596 783 percipit,
618 737 722 774 sicut
752 736 923 774 stolidus
945 740 1191 783 reputaretur
1212 747 1294 783 qui,
1317 737 1520 774 hominem
1542 738 1694 782 videns,

73 782 220 820 habere
252 783 427 820 animam
448 793 539 821 eum
571 793 651 821 non
673 784 1046 829 comp1·eliendcret;
1070 784 1173 821 unde
1195 784 1340 821 d-icitur
1359 796 1367 820 :
1387 786 1491 821 Dixit
1521 787 1696 831 insipiens

71 830 113 865 'tn
131 830 236 865 corde
253 840 316 866 sico
337 832 447 869 :Non
465 834 517 867 est
536 833 629 867 Deus
649 831 760 877 (Psal.
782 839 868 873 xm,
892 834 925 876 1,
942 834 980 868 et
1005 839 1070 876 L11,
1096 831 1143 878 1).
1165 833 1250 869 Non
1282 835 1341 869 est
1372 831 1493 879 igitur
1523 832 1607 870 liaec
1629 831 1697 869 Dei

75 877 254 923 cognitio
275 886 363 924 quae
382 877 427 914 ad
450 877 677 915 felicitatem
700 876 885 914 sufficiat.

120 924 304 969 Amplius,
324 924 501 972 cognitio
533 933 621 971 quae
643 924 809 961 liabetur
829 924 876 961 de
897 934 937 961 re
965 928 1117 962 tantum
1139 925 1180 962 in
1201 925 1418 971 communi,
1447 934 1526 964 nou
1559 935 1699 965 secun-

73 969 169 1007 dum
204 970 253 1008 ali
289 971 354 1008 uid
399 971 476 1008 sibi
512 971 731 1017 proprium,
759 974 821 1007 est
852 971 1212 1016 imperfectissima,
1245 973 1346 1010 sicut
1390 974 1566 1019 cognitio
1611 983 1698 1020 quae

75 1016 244 1054 habetur
259 980 310 1054 3ss
343 1018 506 1054 homine
530 1018 672 1070 exvlioc
695 1019 810 1070 quod
833 1022 1032 1070 moyetur;
1053 1023 1112 1055 est
1136 1020 1239 1055 enim
1268 1019 1498 1072 liujtismodi
1520 1021 1698 1066 cognitio

74 1072 146 1109 per
165 1073 284 1110 quam
304 1073 368 1102 res
400 1068 660 1111 cognoscitur
692 1074 732 1101 in
764 1067 941 1110 potentia
967 1068 1316 1112 tantum3propria
1343 1075 1507 1104 enimin
1526 1076 1700 1104 commu-

71 1110 196 1148 nibus
215 1111 393 1195 Eotentia
408 1111 676 1149 continentur.
699 1111 882 1149 Felicitas
898 1114 1028 1149 autem
1049 1116 1110 1150 est
1130 1113 1307 1158 operatio
1328 1113 1513 1159 perfecta,
1536 1118 1571 1150 et
1590 1123 1697 1151 sum-

72 1166 183 1194 mum
248 1158 396 1195 ominis
422 1158 572 1196 bonum
593 1162 750 1205 oportet
778 1167 868 1196 esse
902 1159 1123 1197 secundum
1145 1160 1183 1196 id
1216 1160 1322 1207 quod
1361 1164 1422 1198 est
1439 1164 1541 1205 actu,
1561 1165 1598 1197 et
1617 1169 1699 1198 non

73 1203 298 1242 secundum
318 1205 424 1252 quod
453 1209 514 1243 est
545 1206 723 1252 potentia
745 1209 924 1250 tantum3
948 1215 1039 1243 nam
1061 1207 1237 1253 potentia
1267 1217 1336 1253 per
1367 1211 1499 1245 actum
1522 1208 1696 1253 perfecta

74 1250 192 1288 habet
209 1251 305 1289 boni
326 1253 534 1290 rationem.
557 1255 643 1290 Non
659 1256 717 1290 est
737 1253 858 1299 igitur
876 1253 1084 1298 praeniissa
1103 1254 1171 1292 Dei
1195 1254 1372 1301 cognitio
1395 1254 1441 1292 ad
1467 1254 1696 1293 felicitatem

76 1301 254 1336 nostram
277 1299 496 1337 sufficiens.
519 1299 695 1347 (Opusc.,
717 1308 774 1342 111,
793 1310 827 1338 c.
851 1300 949 1347 104.)

699 1469 867 1511 CAPUT
894 1470 1075 1512 xxxix.

75 1594 176 1630 01:01)
211 1593 408 1623 FELICITAS
432 1593 599 1624 HUMANA
636 1594 717 1624 NON
741 1594 940 1625 CONSISTIT
963 1596 1005 1625 IN
1044 1596 1282 1628 COGNITIONE
1307 1597 1374 1627 DEI
1401 1598 1487 1633 QUAE
1519 1599 1701 1629 HABETUR

644 1653 718 1682 PER
740 1654 1134 1686 DEMONSTRATIONEM.

123 1769 277 1805 Rursus
302 1770 363 1805 est
382 1767 561 1814 quaedam
585 1768 663 1806 alia
695 1769 763 1805 Dei
785 1770 976 1816 cognitio,
999 1769 1116 1808 altior
1148 1781 1266 1818 quam
1295 1773 1515 1819 praemissa,
1536 1784 1623 1821 quae
1654 1773 1702 1812 de

77 1816 159 1853 Deo
185 1823 257 1861 per
277 1814 658 1853 demonstrationem
687 1815 867 1862 habetur,
889 1827 958 1863 per
978 1828 1095 1864 quam
1122 1820 1251 1866 magis
1281 1820 1330 1857 ad
1355 1821 1554 1868 propriam
1573 1821 1700 1867 ipsius

73 1861 353 1909 cognitionem
385 1862 600 1908 acceditur,
622 1872 745 1909 quum
779 1872 849 1909 per
881 1864 1263 1904 demonstrationem
1284 1872 1563 1905 removeantur
1583 1869 1631 1905 ab
1653 1877 1700 1906 eo

73 1909 201 1947 multa
244 1917 316 1955 per
346 1918 517 1962 quorum
548 1910 810 1948 remotionem
838 1910 886 1948 ab
917 1912 1008 1949 aliis
1029 1912 1226 1951 discretus
1247 1914 1504 1963 intelligitur3
1526 1916 1702 1953 ostendit

75 1956 183 1993 enim
220 1955 508 1994 demonstratio
548 1958 672 1994 Deum
717 1966 807 1995 esse
843 1958 1089 1997 immobilem
1107 1989 1116 2005 ‚
1153 1964 1358 2006 aeternum,
1404 1962 1698 2009 incorporeum,

79 2003 248 2040 omnino
287 2002 525 2050 simplicem,
546 2008 740 2057 unum‚et
773 2005 850 2042 alia
871 2005 1100 2053 hujusmodi
1137 2017 1224 2054 quae
1257 2008 1306 2046 de
1337 2011 1418 2047 Deo
1448 2010 1699 2047 ostendimus

80 2049 123 2101 (l,
145 2058 174 2093 1,
197 2059 231 2087 c.
255 2051 299 2087 13
319 2053 358 2086 et
377 2051 491 2097 seq.).
522 2051 577 2088 Ad
610 2060 808 2097 propriam
843 2056 974 2091 autem
1002 2053 1172 2100 alicujus
1193 2054 1249 2092 rei
1270 2056 1540 2103 cognitionem
1563 2066 1697 2103 perve-

79 2099 201 2148 nitur,
222 2104 304 2133 non
329 2097 469 2149 'solum
507 2107 577 2144 per
605 2098 907 2144 affirmationes,
940 2101 1009 2138 sed
1049 2101 1167 2138 etiam
1201 2111 1271 2149 per
1309 2103 1571 2150 negationes;
1596 2104 1700 2141 sicut

78 2151 184 2180 enim
204 2151 409 2196 proprium
426 2143 603 2181 hominis
635 2148 697 2183 est
716 2155 805 2183 esse
826 2147 974 2184 animal
994 2148 1201 2193 rationale,
1223 2149 1278 2187 ita
1307 2151 1510 2196 proprium
1532 2151 1617 2197 eius
1638 2153 1699 2188 est

76 2198 158 2227 non
175 2198 265 2242 esse
281 2195 543 2242 inanimatum
571 2200 700 2238 neque
716 2192 969 2239 irrationale;
990 2195 1059 2232 sed
1082 2195 1157 2232 hoc
1178 2196 1344 2234 interest
1364 2197 1469 2235 inter
1489 2201 1700 2244 utrumque

77 2240 325 2290 cognitionis
352 2238 521 2290 propriae
545 2239 722 2283 modum,
743 2240 863 2287 quod,
880 2249 950 2286 per
981 2241 1267 2280 affirmationes
1289 2244 1450 2290 propria
1467 2245 1698 2290 cognitione

79 2283 127 2320 de
164 2292 206 2320 re
235 2283 383 2328 habita,
403 2287 528 2322 scitur
547 2285 643 2332 quid
681 2289 742 2323 est
772 2296 836 2325 res
866 2291 904 2324 et
936 2289 1136 2334 quomodo
1170 2290 1218 2326 ab
1248 2290 1339 2327 aliis
1373 2296 1605 2337 separatur3
1627 2299 1697 2337 per

78 2330 314 2382 negationes
343 2334 474 2368 autem
505 2332 639 2369 habita
661 2334 821 2379 propria
845 2335 1074 2381 cognitione
1106 2335 1153 2373 de
1185 2345 1239 2380 re,
1267 2337 1393 2374 scitur
1427 2337 1533 2384 quod
1556 2340 1616 2374 est
1650 2336 1698 2374 ab

79 2377 171 2415 aliis
199 2377 385 2423 discreta,
405 2381 538 2415 tamen
557 2379 652 2426 quid
672 2380 724 2416 sit
740 2385 917 2418 remanet
942 2382 1136 2428 ignotum.
1159 2383 1262 2420 Talis
1284 2387 1414 2421 autem
1449 2387 1510 2421 est
1539 2384 1700 2430 propria

78 2423 258 2471 cognitio
279 2433 367 2471 quae
387 2424 435 2462 de
463 2427 544 2462 Deo
574 2425 740 2463 habetur
758 2437 827 2473 per
846 2428 1222 2467 demonstrationes.
1250 2431 1338 2468 Non
1372 2433 1435 2468 est
1465 2434 1598 2468 autem
1622 2439 1696 2468 nec

78 2470 158 2509 ista
177 2471 224 2508 ad
246 2470 424 2509 ultimam
447 2471 623 2510 hominis
644 2473 871 2511 felicitatem
891 2474 1112 2512 sufficiens.
1503 2498 1507 2502 -

130 2520 183 2555 Ea
203 2518 309 2570 enim
330 2528 418 2566 quae
438 2522 533 2557 sunt
551 2519 722 2566 alicujus
737 2521 884 2566 speciei
904 2522 1138 2567 perveniunt
1154 2522 1202 2560 ad
1224 2521 1341 2561 finem
1365 2524 1475 2563 illius
1493 2525 1640 2571 speciei
1656 2530 1699 2564 ut

79 2564 123 2602 in
149 2565 354 2611 pluribus;
377 2575 424 2603 ea
451 2575 544 2603 vero
577 2575 664 2613 quae
690 2571 784 2604 sunt
815 2577 837 2605 a
857 2571 996 2605 natura
1019 2572 1112 2605 sunt
1136 2578 1295 2616 semper
1331 2571 1393 2608 vel
1425 2572 1469 2609 in
1501 2573 1697 2619 pluribus,

80 2610 270 2650 deficiunt
301 2615 433 2650 autem
469 2613 510 2650 in
533 2613 789 2658 paucioribus
810 2618 969 2660 propter
989 2615 1164 2662 aliquam
1185 2618 1495 2664 corruptionem.
1515 2620 1696 2658 Felicitas

81 2661 212 2696 autem
233 2662 293 2696 est
312 2659 404 2698 finis
428 2660 612 2697 humanae
631 2661 792 2706 speciei,
811 2670 932 2708 quum
954 2670 1095 2699 omnes
1115 2663 1298 2702 homines
1319 2665 1446 2710 ipsam
1467 2667 1701 2704 naturaliter

81 2704 320 2743 desiderent.
342 2707 524 2744 Felicitas
545 2708 667 2753 igitur
689 2711 750 2745 est
767 2708 964 2754 quoddam
981 2718 1190 2748 commune
1218 2710 1367 2749 bonum
1396 2714 1588 2758 possibile
1610 2723 1701 2760 pro-

80 2753 215 2803 venire
244 2753 433 2792 omnibus
465 2754 710 2798 hominibus,
738 2755 816 2792 nisi
844 2755 996 2792 accidat
1027 2756 1228 2803 aliquibus
1259 2758 1583 2804 impedimentum
1621 2770 1700 2807 quo

82 2801 164 2834 Sint
181 2799 321 2837 orbati.
338 2801 394 2838 Ad
414 2801 640 2847 praedictam
657 2805 787 2838 autem
805 2802 1076 2848 cognitionem
1098 2803 1144 2840 de
1163 2806 1245 2841 Deo
1268 2806 1488 2844 habendam
1508 2817 1575 2853 pei·
1595 2808 1698 2844 viam

82 2843 435 2886 demonstrationis
460 2849 600 2895 paucis
636 2849 884 2896 perveniunt,
905 2853 1066 2896 propter
1096 2851 1380 2898 impedimenta
1410 2854 1530 2902 hujus
1564 2854 1700 2900 cogni-
