1894 3223
714 68 802 104 LIB.
830 69 876 114 11,
905 69 1005 106 CAP.
1035 69 1093 106 cI.
1640 72 1712 107 257

770 237 939 279 CAPUT
967 237 1031 279 CI.

192 351 324 384 unum
349 354 599 385 SUBSTANTIAE
627 354 839 385 SEPARATAE
863 356 1059 386 NATURALI
1083 356 1317 388 COGNITIONE
1346 356 1598 389 COGNOSCANT

757 413 883 443 OMNIA
907 415 1038 445 SIMUL.

132 520 233 566 Quia
247 529 342 558 vero
359 520 586 558 intellectus
605 520 647 558 in
665 525 754 559 actu
774 525 835 560 est
851 522 1095 561 intellectum
1115 524 1157 561 in
1173 527 1261 561 actu
1281 524 1385 562 sicut
1399 533 1546 563 sensus
1564 525 1605 563 in
1621 529 1713 566 actu

81 572 145 606 est
167 567 357 606 sensibile
377 568 419 604 in
444 571 534 606 actu
550 567 666 615 (idem
689 573 819 605 autem
841 578 921 606 non
942 574 1073 615 potest
1092 570 1212 608 simul
1246 580 1335 608 esse
1369 572 1493 609 multa
1523 573 1565 609 in
1591 573 1712 620 actu),

83 614 334 661 impossibile
353 614 509 652 videtur
526 615 629 662 quod
650 615 875 654 intellectus
901 618 1135 656 substantiae
1165 622 1358 663 separatae
1387 618 1529 657 habeat
1556 620 1713 666 species

82 661 398 710 intelligibilium
419 661 737 716 diversas‚,sicut
753 662 834 710 jam
856 673 976 710 supra
996 665 1143 702 dictum
1165 669 1238 701 est.

131 708 208 746 Sed
237 708 446 747 sciendum
468 710 652 756 estquod
675 719 756 748 non
784 719 901 748 omne
931 711 1030 748 illud
1051 716 1111 748 est
1132 711 1376 748 intellectum
1412 711 1454 748 in
1482 716 1570 751 actu
1597 714 1712 761 cujus

83 756 241 802 species
261 755 526 804 intelligibilis
547 760 636 794 actu
654 760 715 794 est
735 757 776 793 in
797 757 1026 802 intellectu3
1049 768 1169 805 quum
1192 758 1299 794 enim
1313 757 1548 810 'substantia
1567 761 1713 799 intelli-

85 811 185 850 gens
205 802 259 840 sit
277 803 396 840 etiam
414 803 567 847 volens,
589 813 634 840 ac
653 813 722 849 per
741 804 816 841 hoc
837 804 889 842 sit
908 804 1069 842 domina
1087 805 1150 842 sui
1169 808 1351 849 actuS,1n
1369 809 1563 850 potestate
1583 808 1712 854 ipsius

82 853 158 895 est,
179 852 268 896 post
299 859 390 887 uam
405 849 522 888 babet
542 851 716 896 speciem
737 850 1045 898 intelligibilem,
1061 857 1102 889 ut
1115 862 1161 889 ea
1176 851 1581 899 utaturintelligcndo
1597 859 1711 901 actu;

82 897 159 941 vel,
181 897 215 934 si
236 897 260 934 h
316 900 354 934 et
369 896 518 943 plures,
540 901 583 934 ut
600 901 731 935 utatur
748 906 828 935 una
847 898 1038 944 ipsarum.
1061 899 1168 936 Unde
1189 903 1227 936 et
1241 908 1287 935 ea
1305 908 1476 950 quorum
1502 901 1713 941 scientiam

82 943 292 989 habemus,
312 952 394 981 non
413 944 549 981 omnia
567 948 656 981 actu
675 944 990 983 consideramus.
1013 946 1241 984 Substantia
1261 946 1384 992 igitur
1414 947 1711 996 intellectualis,

84 990 299 1037 perplures
318 990 473 1037 species
494 992 976 1037 cognoscens‚utituruna
995 1002 1113 1039 quam
1133 994 1287 1038 vult‚ac
1306 1001 1376 1045 ρος
1397 992 1607 1046 hocsimul
1621 1000 1714 1035 actu

84 1037 294 1084 cognoscit
313 1037 449 1074 omnia
468 1047 555 1085 quae
575 1047 645 1085 per
665 1047 786 1075 unam
807 1039 980 1085 speciem
1002 1041 1210 1087 cognoscit
1229 1051 1240 1085 3
1262 1047 1400 1076 omnia
1417 1049 1524 1078 enim
1546 1046 1640 1080 sunt
1670 1047 1714 1081 ut

81 1093 207 1122 unum
227 1083 494 1131 intelligibile,
516 1085 558 1122 in
578 1088 770 1132 quantum
788 1089 883 1123 sunt
903 1096 972 1132 per
991 1096 1116 1125 unum
1146 1086 1322 1134 cognita,
1337 1086 1449 1138 ,sicut
1469 1092 1507 1124 et
1534 1087 1712 1128 intellec·

80 1134 146 1169 tus
168 1134 306 1169 noster
335 1131 456 1169 simul
488 1133 698 1179 cognoscit
724 1132 850 1170 multa
878 1133 927 1170 ad
959 1133 1130 1172 invicem
1164 1133 1480 1186 composita-vel
1520 1136 1644 1174 relata
1669 1141 1714 1174 ut

81 1186 207 1216 unum
224 1177 438 1225 quoddam.
457 1179 510 1216 Ea
528 1188 622 1217 vero
642 1189 730 1226 quae
749 1189 818 1226 per
839 1180 1017 1218 diversas
1037 1181 1194 1228 species
1214 1183 1426 1228 cognosmt
1442 1190 1524 1219 non
1538 1192 1712 1230 cognos-

78 1225 134 1263 cit
151 1225 302 1270 simul;
325 1225 482 1270 etideo‚
504 1225 608 1263 sicut
627 1230 687 1264 est
706 1227 933 1265 intellectus
959 1237 1078 1273 unus,
1101 1228 1156 1266 ita
1184 1232 1245 1267 est
1263 1227 1510 1266 intellectum
1545 1229 1588 1266 in
1619 1237 1710 1270 actu

80 1280 221 1310 unum.
242 1273 310 1310 Est
328 1272 451 1319 igitur
467 1273 510 1310 in
529 1273 734 1311 intellectu
755 1274 988 1312 substantiae
1009 1279 1201 1322 separatae
1221 1274 1402 1324 quaedam
1429 1275 1711 1323 intelligentia-

81 1327 170 1357 rum
190 1320 396 1358 successio
416 1331 426 1365 ;
448 1328 530 1357 non
547 1323 680 1357 tamen
701 1325 834 1358 motus
854 1322 1012 1368 proprie
1032 1323 1247 1370 loquendo,
1270 1331 1394 1371 quum
1413 1330 1496 1374 non
1523 1325 1712 1364 succedat

80 1369 196 1403 actus
215 1366 415 1413 potentiae,
436 1367 506 1404 sed
528 1371 640 1405 actus
660 1368 780 1405 actui.
797 1369 1024 1407 Intellectus
1040 1374 1172 1408 autem
1189 1370 1362 1411 divinus,
1379 1378 1473 1416 quia
1485 1379 1555 1416 per
1569 1381 1708 1419 unum,

81 1413 189 1460 quod
223 1416 285 1450 est
312 1422 386 1451 sua
414 1414 603 1460 essentia,
625 1415 761 1452 omnia
789 1416 1011 1462 cognoscit,
1043 1420 1080 1454 et
1114 1426 1187 1455 sua
1220 1418 1324 1456 actio
1344 1420 1408 1453 est
1425 1425 1499 1453 sua
1519 1420 1706 1463 essentia,

83 1459 220 1496 omnia
237 1460 358 1497 simul
381 1460 585 1507 intelligit;
604 1461 710 1498 unde
730 1462 772 1498 in
789 1462 1054 1509 intelligentia
1076 1464 1162 1510 ejus
1182 1473 1264 1502 non
1284 1463 1390 1502 cadit
1403 1463 1536 1509 aliqua
1549 1474 1709 1504 succes-

81 1505 159 1550 sio,
182 1506 252 1544 sed
271 1515 388 1544 suum
409 1507 630 1554 intelligere
665 1511 724 1545 est
763 1512 890 1548 totum
929 1510 1049 1548 simul
1085 1511 1324 1561 perfectum,
1365 1519 1603 1559 permanens
1636 1522 1710 1563 per

78 1554 219 1592 omnia
237 1553 385 1593 saecula
403 1554 641 1593 saeculorum
654 1557 792 1615 Anien.
1181 1564 1185 1565 ⁷

1531 2899 1571 2937 Π
