1894 3223
630 121 717 158 ΗΒ.
745 121 793 166 11,
820 120 921 158 CAP.
946 121 1088 159 LXXXI.
1585 123 1652 158 219

659 303 828 345 CAPUT
856 304 1029 345 LXXXI.

475 422 633 453 SOLUTIO
658 423 964 452 PRAECEDENTIUM
987 423 1200 453 RATIONL'M.

80 533 158 570 Has
179 535 310 569 autem
330 531 520 575 rationes,
551 531 646 578 quia
677 531 821 568 salsum
855 532 1111 578 concludunt,
1135 536 1178 570 ut
1208 543 1254 570 ex
1280 534 1498 579 praemissis
1521 534 1570 581 (c.
1588 535 1649 581 79)

32 584 241 617 ostensum
263 581 333 623 est,
355 578 587 615 tentandum
607 582 667 615 est
687 579 854 615 solvere.

78 630 130 663 Ac
152 627 279 672 primo
295 626 501 663 sciendum
524 629 584 663 est
601 626 706 672 quod
723 635 981 672 quaecumque
1002 630 1155 673 oportet
1170 635 1259 664 esse
1277 627 1446 665 inv1cem
1467 632 1649 674 coaptata

33 676 70 710 et
90 674 401 720 proportionata,
425 673 545 710 simul
567 673 763 719 recipiunt
783 673 1076 710 multitudinem
1090 674 1148 710 vel
1169 674 1374 719 unitatem,
1399 675 1652 721 unumquod-

31 730 108 767 que
130 730 176 757 ex
199 729 272 757 sua
292 730 426 757 causa.
448 720 487 757 Si
516 719 637 766 igitur
663 729 751 757 cssc
781 720 901 757 unius
925 720 1143 766 dependeat
1173 721 1221 757 ab
1253 721 1391 766 altero,
1426 723 1557 759 unitas
1590 722 1649 759 vel

31 767 312 813 multiplicatio
331 767 416 814 eJus
438 767 555 803 etiam
578 777 624 803 ex
642 767 710 804 illo
732 767 941 813 dependet;
966 767 1158 813 alioquin,
1182 777 1230 804 ex
1257 768 1336 805 alia
1356 778 1476 805 causa
1500 769 1646 806 extrin-

33 823 138 852 seca.
163 816 341 851 Formam
363 814 484 860 igitur
505 817 542 850 et
561 814 764 850 materiam
792 823 948 859 semper
973 818 1128 859 oportet
1159 823 1249 851 esse
1281 815 1330 852 ad
1363 816 1531 853 invicem
1562 825 1650 862 pro-

32 861 257 906 portionata
275 864 312 898 et
333 861 447 908 quasi
476 861 708 898 naturaliter
727 865 921 906 coaptata,
942 862 1034 907 quia
1063 862 1246 907 proprius
1273 866 1385 899 actus
1418 863 1458 899 in
1490 863 1650 909 propria

33 908 198 945 materia
222 908 281 952 fit;
304 908 407 945 unde
426 917 582 954 semper
602 911 753 953 oportet
776 908 881 954 quod
901 908 1065 944 materia
1085 912 1122 944 et
1143 909 1269 945 forma
1288 914 1585 956 consequantur
1605 919 1648 947 se

33 955 201 992 invicem
224 955 263 991 in
284 955 536 992 multitudine
558 959 595 992 et
618 955 782 991 unitate.
804 955 842 991 Si
862 955 984 1001 igitur
1002 964 1090 992 esse
1112 956 1246 992 formae
1266 957 1457 1002 dependet
1480 967 1501 993 a
1525 961 1647 993 mate·

33 1003 104 1046 ria,
127 1002 404 1048 multiplicatio
426 1002 552 1047 ipsius
574 1012 595 1038 a
616 1002 782 1038 materia
803 1001 996 1047 dependet
1017 1006 1054 1038 et
1081 1002 1264 1039 similiter
1286 1005 1440 1048 unitas3
1463 1005 1496 1041 si
1517 1009 1648 1041 autem

35 1058 128 1093 non,
152 1050 224 1085 erit
245 1049 403 1095 quidem
425 1049 696 1085 necessarium
729 1048 983 1094 multiplicari
1010 1049 1177 1086 formam
1211 1051 1430 1087 secundum
1460 1051 1649 1096 multipli-

32 1096 229 1133 cationem
251 1096 437 1140 materiae,
454 1095 492 1132 id
512 1099 571 1132 est
592 1095 710 1132 simul
727 1105 816 1132 cum
837 1096 1014 1139 materia,
1031 1099 1067 1132 et
1084 1097 1378 1142 proportionem
1401 1098 1547 1143 ipsius;
1566 1107 1647 1134 non

32 1146 163 1180 autem
185 1143 239 1180 ita
259 1142 364 1190 quod
385 1142 603 1188 dependeat
623 1143 754 1179 unitas
770 1143 831 1179 vel
861 1143 1073 1180 multitudo
1104 1143 1232 1189 ipsius
1260 1144 1396 1181 sormae
1418 1154 1440 1181 a
1468 1145 1645 1181 materia.

32 1191 245 1227 Ostensum
267 1193 326 1227 est
347 1193 478 1226 autem
501 1190 548 1236 (c.
583 1192 641 1235 68)
663 1189 769 1236 quod
802 1190 935 1226 anima
968 1190 1142 1227 humana
1175 1194 1234 1228 est
1269 1191 1395 1228 forma
1428 1192 1648 1228 secundum

32 1246 149 1274 suum
171 1245 259 1274 esse
280 1247 303 1273 a
321 1237 485 1274 materia
504 1245 585 1274 non
606 1237 848 1283 dependens.
871 1237 978 1274 Unde
1000 1238 1180 1284 sequitur
1200 1239 1305 1284 quod
1333 1239 1648 1284 multiplicantur

32 1284 191 1336 quidem
213 1284 354 1321 animae
373 1284 593 1321 secundum
614 1284 720 1331 quod
746 1284 1061 1330 multiplicantur
1090 1294 1276 1330 corpor-23
1300 1295 1380 1323 non
1399 1290 1530 1322 tamen
1550 1286 1649 1322 mul·

32 1331 225 1377 tiplicatio
246 1340 456 1378 corporum
477 1332 550 1368 erit
576 1340 698 1368 causa
730 1331 1075 1378 multiplicationis
1106 1333 1342 1369 animarum.
1376 1335 1420 1369 Et
1455 1333 1543 1369 ideo
1566 1342 1647 1370 non

33 1382 186 1425 oportet
205 1378 323 1462 qulodd,
340 1379 551 1463 (beStrumiS
572 1378 820 1425 corporibus,
836 1379 1186 1426 cessetpluralitas
1207 1380 1444 1426 animarum,
1466 1384 1505 1417 ut
1519 1380 1646 1427 prima

33 1426 134 1462 ratio
155 1434 253 1463 conc
275 1436 295 1462 u
328 1435 346 1462 e
378 1429 429 1462 at.

82 1474 135 1509 Ex
152 1481 230 1519 quo
251 1473 366 1509 etiam
399 1472 446 1509 de
479 1473 585 1510 sacili
606 1476 710 1519 patet
742 1474 954 1520 responsio
987 1473 1036 1511 ad
1071 1474 1288 1511 secundam
1318 1474 1525 1511 rationem.
1561 1476 1647 1511 Non

34 1519 140 1557 enim
161 1519 346 1566 quaelibet
363 1519 578 1556 formarum
600 1520 809 1557 diversitas
832 1521 924 1557 facit
938 1520 1207 1558 diversitatem
1221 1521 1441 1558 secundum
1459 1521 1647 1567 speciem,

35 1567 104 1604 scd
126 1567 256 1604 solum
276 1566 345 1603 illa
365 1575 452 1612 quae
473 1570 532 1604 est
553 1568 771 1617 secundum
792 1568 987 1613 principia
1000 1568 1184 1605 formalia
1200 1568 1261 1604 vel
1279 1569 1500 1605 secundum
1520 1568 1647 1604 diver-

35 1623 121 1652 sam
142 1613 336 1651 rationem
355 1613 510 1657 sormae;
547 1618 703 1651 constat
732 1615 836 1651 enim
859 1614 964 1661 quod
984 1614 1063 1652 alia
1089 1618 1151 1652 est
1176 1616 1351 1652 essentia
1373 1616 1506 1652 formae
1529 1615 1648 1662 hujus

34 1661 141 1713 ignis
162 1664 199 1697 et
219 1660 342 1704 illius,
362 1669 434 1698 nec
455 1664 587 1697 tamen
608 1664 667 1697 est
688 1661 791 1698 alius
813 1662 918 1708 ignis
936 1671 1064 1708 neque
1080 1662 1160 1699 alia
1178 1662 1306 1699 forma
1322 1663 1540 1699 secundum
1563 1671 1649 1708 spe-

35 1717 149 1745 ciem.
172 1707 377 1745 Multitudo
404 1707 526 1754 igitur
545 1708 766 1745 animarum
794 1718 816 1745 a
836 1709 1071 1754 corporibus
1096 1714 1364 1754 separatarum
1390 1710 1648 1755 consequitur

35 1755 193 1802 quidem
223 1754 492 1791 diversitatem
521 1755 735 1792 formarum
772 1756 991 1792 secundum
1027 1755 1306 1799 substantiam,
1346 1757 1439 1803 quia
1473 1757 1551 1792 alia
1588 1760 1649 1793 est

35 1801 259 1839 substantia
278 1801 397 1847 hujus
417 1801 559 1838 animae
581 1805 618 1838 et
638 1802 766 1846 illius;
791 1812 872 1839 non
900 1806 1033 1839 tamen
1054 1803 1131 1840 ista
1162 1803 1371 1840 diversitas
1403 1803 1579 1849 procedit
1601 1813 1648 1840 ex

34 1849 261 1886 diversitate
281 1847 569 1895 principiorum
596 1850 871 1887 essentialium
895 1849 1024 1896 ipsius
1051 1850 1207 1895 animae,
1240 1859 1314 1887 nec
1341 1854 1400 1887 est
1428 1850 1648 1888 secundum

34 1896 229 1933 diversam
251 1895 447 1933 rationem
476 1896 605 1941 ipsius
630 1896 787 1941 animae,
810 1896 880 1933 sed
902 1900 962 1933 est
993 1897 1213 1934 secundum
1235 1897 1431 1934 diversam
1451 1906 1650 1934 commen-

34 1943 280 1980 surationem
300 1942 521 1980 animarum
548 1943 595 1981 ad
623 1952 808 1990 corpora;
832 1944 915 1981 haec
940 1944 1047 1981 enim
1077 1944 1211 1982 anima
1240 1948 1301 1982 est
1329 1948 1650 1981 commensurata

34 1990 128 2027 huie
147 1989 304 2036 corpori
325 1993 364 2027 et
394 1999 476 2027 non
495 1990 568 2035 illi,
588 1990 658 2028 illa
683 1994 813 2028 autem
844 1991 925 2036 alii,
948 1994 986 2028 et
1013 1991 1072 2029 sic
1105 1991 1152 2028 de
1183 1991 1383 2029 omnibus.
1414 1991 1648 2037 Hujusmodi

34 2040 166 2074 autem
183 2037 596 2075 commensurationes
618 2041 824 2075 remanent
841 2038 881 2074 in
904 2038 1127 2084 animabus,
1149 2039 1267 2076 etiam
1287 2039 1545 2085 pereuntibus
1567 2047 1650 2075 cor·

33 2083 212 2130 poribus,
234 2083 337 2121 sicut
355 2087 393 2121 et
411 2084 508 2130 ipsae
529 2094 664 2122 earum
694 2085 926 2122 substantiae
948 2089 1122 2129 manent,
1145 2086 1259 2132 quasi
1281 2095 1304 2122 a
1331 2086 1569 2132 corporibus
1592 2095 1651 2123 se-

34 2131 207 2168 cundum
229 2139 319 2168 esse
339 2140 420 2168 non
441 2131 722 2177 dependentes,
745 2133 843 2169 Sunt
863 2133 968 2169 enim
996 2133 1138 2170 animae
1160 2133 1378 2170 secundum
1402 2133 1650 2170 substantias

35 2187 130 2216 suas
149 2178 286 2216 formae
313 2186 544 2225 corporum;
564 2179 663 2217 alias
692 2179 990 2217 accidentaliter
1021 2180 1179 2227 corpori
1211 2181 1433 2226 unirentur,
1456 2184 1494 2216 et
1524 2180 1582 2217 sic
1603 2190 1650 2216 ex

35 2225 167 2262 anima
186 2228 224 2262 et
255 2233 421 2272 corpore
453 2234 535 2263 non
562 2226 673 2264 fieret
701 2236 824 2264 unum
855 2236 926 2273 per
956 2236 1013 2272 se,
1047 2228 1117 2264 sed
1150 2236 1273 2264 unum
1301 2237 1370 2274 per
1388 2227 1586 2264 accidens.
1607 2229 1649 2263 In

35 2274 227 2318 quantum
244 2275 375 2309 autem
393 2272 528 2311 formae
548 2277 656 2318 sunt,
678 2277 833 2320 oportet
852 2283 919 2311 eas
937 2284 1027 2311 esse
1041 2275 1276 2321 corporibus
1291 2277 1648 2311 commensuratas.

35 2317 144 2355 Unde
164 2322 267 2370 patet
286 2319 392 2365 quod
411 2319 509 2366 ipsae
529 2320 694 2358 diversae
729 2321 1141 2359 commensurationes
1169 2325 1333 2359 manent
1363 2323 1405 2358 in
1439 2320 1648 2358 animabus

35 2368 243 2410 separans,
259 2369 298 2401 et
314 2375 384 2411 per
403 2375 654 2414 consequens
675 2368 896 2414 pluralitas.

83 2411 302 2464 Occasione
324 2416 455 2449 autem
481 2414 606 2452 tertiae
638 2415 806 2453 rationis
837 2415 1022 2460 inductae,
1053 2415 1190 2462 aliqui,
1223 2415 1481 2452 aeternitatem
1510 2413 1650 2451 mundi

33 2461 244 2511 ponentes,
278 2467 320 2494 m
349 2459 527 2497 diversas
565 2461 777 2508 opiniones
818 2466 1025 2499 extraneas
1057 2462 1297 2499 inciderunt.
1334 2461 1501 2505 Quidam
1543 2461 1648 2498 enim

35 2505 337 2543 conclusionem
358 2506 592 2552 simpliciter
623 2512 921 2553 concesserunt,
945 2509 1123 2546 dicentes
1156 2509 1310 2546 animas
1340 2509 1536 2545 humanas
1558 2517 1648 2546 cum

35 2553 271 2599 corporibus
290 2552 449 2599 penitus
466 2553 640 2591 interire.
671 2555 746 2592 Alii
766 2565 859 2593 vero
880 2555 1064 2592 dixerunt
1089 2557 1195 2604 quod
1215 2556 1263 2593 de
1288 2555 1475 2593 omnibus
1495 2555 1647 2592 anima-

33 2599 111 2652 bus
132 2603 308 2637 remanet
328 2599 478 2647 aliquid
499 2609 622 2637 unum
643 2605 867 2647 separatum
890 2603 996 2649 quod
1022 2606 1082 2640 est
1110 2603 1298 2641 omnibus
1325 2612 1550 2647 commune,
1570 2602 1647 2640 sci-

34 2646 129 2684 licet
147 2646 373 2684 intellectus
396 2656 519 2693 agens
541 2649 760 2686 secundum
783 2650 991 2696 quosdam,
1011 2651 1073 2687 vel
1090 2660 1180 2687 cum
1212 2660 1260 2688 eo
1276 2651 1501 2688 intellectus
1523 2649 1648 2697 possi-

34 2691 130 2731 bilis
150 2693 370 2732 secundum
389 2694 505 2732 alios.
526 2695 601 2732 Alii
622 2699 753 2733 autem
782 2700 1000 2742 posuerunt
1033 2698 1186 2735 animas
1217 2698 1259 2734 in
1288 2707 1362 2736 sua
1393 2697 1648 2736 multitudine

35 2743 128 2786 post
146 2749 314 2788 corpora
341 2750 564 2787 remanere;
586 2743 670 2788 sed,
704 2752 753 2780 ne
779 2747 1016 2789 cogerentur
1044 2746 1266 2782 animarum
1296 2755 1443 2792 ponere
1473 2744 1647 2782 infinita-

35 2790 130 2833 tem,
152 2788 334 2826 dixerunt
351 2789 505 2826 animas
525 2789 685 2827 easdem
705 2790 872 2828 diversis
904 2792 1138 2837 corporibus
1167 2793 1272 2830 uniri
1291 2797 1382 2840 post
1411 2792 1647 2831 determina·

36 2835 121 2886 tum
141 2836 321 2882 tempus3
343 2839 382 2873 et
401 2836 485 2873 haec
500 2836 574 2874 fuit
589 2837 882 2875 Platonicorum
898 2838 1048 2884 opinio,
1062 2839 1109 2877 de
1127 2849 1205 2887 qua
1223 2840 1328 2878 infra
1345 2841 1394 2887 (c.
1415 2841 1473 2888 83)
1495 2845 1646 2888 agetur.

3 2894 8 2896 ·
38 2879 205 2925 Quidam
225 2892 333 2929 vero,
353 2883 489 2921 omnia
506 2884 695 2931 praedicta
713 2885 896 2930 vitantes,
918 2886 1102 2924 dixerunt
1133 2896 1214 2925 non
1239 2897 1328 2926 esse
1360 2889 1647 2927 inconveniens
