1894 3223
137 157 206 190 522
727 155 813 188 LIB.
842 154 900 192 lv,
930 154 1028 189 CAP.
1056 154 1162 190 XVII.

138 237 207 274 bra
224 241 307 274 sunt
324 238 458 274 Christi
477 237 495 271 P
513 234 635 281 (Ibid.,
657 234 729 279 15.)
752 235 1040 271 inconveniens
1067 239 1197 272 autem
1219 238 1336 278 esset,
1357 244 1478 281 quum
1510 233 1690 271 Christus
1710 234 1758 270 sit

106 292 119 338 (ἦ
141 296 256 323 vcrus
279 287 395 327 Deus,
418 286 459 319 ut
477 292 525 318 ex
547 281 821 334 supe-rioribus
842 286 957 325 patet,
987 282 1092 328 quod
1112 282 1288 319 membra
1308 281 1448 318 Christi
1471 281 1660 327 templum
1679 282 1760 327 Spi-

140 336 239 373 ritus
259 330 384 368 sancti
405 328 554 373 essent,
574 337 653 364 nisi
671 328 838 374 Spiritus
860 332 1023 365 sanctus
1045 330 1147 365 Deus
1169 333 1287 365 esset.

185 382 285 421 Item,
314 388 337 414 a
374 376 523 413 sanctis
560 375 684 412 latriae
723 376 892 412 servitus
921 375 1080 412 nonnisi
1113 385 1205 412 vero
1245 377 1323 411 Deo
1352 375 1580 417 cxliibetur3
1617 375 1760 411 (licitur

139 426 242 464 enim
265 438 274 460 :
289 425 481 460 Dominum
491 425 602 458 Deum
615 425 714 458 tuum
732 423 884 462 timebis,
902 425 934 458 et
950 423 1006 458 illi
1019 424 1085 458 soli
1102 424 1246 458 servies.
1263 421 1394 468 (Deut.‚
1414 431 1471 466 Vl,
1493 422 1563 468 13.)
1580 421 1758 458 Serviunt

140 477 272 510 autem
294 471 420 507 sancti
454 469 614 515 Spiritui
646 473 810 513 sancto;
843 469 937 505 dicit.
969 470 1072 506 enim
1098 469 1312 514 Apostolus
1333 470 1434 506 :Nos
1453 479 1576 504 samus
1608 470 1759 504 circum-

142 521 241 563 cisio,
265 520 328 563 qui
345 518 502 563 Spiritui
512 518 686 552 servimus
704 518 774 552 Deo
791 517 917 561 (Phit.‚
938 525 995 560 111,
1019 517 1052 562 3)
1070 528 1078 559 ς
1102 520 1152 560 et,
1171 516 1262 552 licet
1282 515 1440 562 quidam
1455 515 1543 552 libri
1563 515 1757 552 habeant:

143 567 212 609 Qut
231 567 365 609 spiritu
383 565 528 600 Domini
545 565 741 605 servimus;
766 567 895 599 tamen
911 563 1028 610 graeci
1050 562 1136 599 libri
1151 566 1188 599 et
1203 562 1444 609 antiquiores
1464 562 1574 599 latini
1589 562 1757 599 habent:

141 614 210 656 Qut
230 613 387 657 Spiritui
409 613 478 647 Deo
497 612 696 654 servimu33
716 614 752 646 et
780 620 826 646 cx
845 610 932 656 ipso
957 619 1084 657 graeco
1105 611 1267 656 apparet
1286 609 1390 656 quod
1406 608 1482 645 hoc
1505 609 1552 645 de
1574 609 1759 646 servitute

141 659 264 697 latriae
284 657 582 705 intelligendum
597 660 668 700 est,
692 667 777 703 quie
799 658 875 694 soli
896 659 974 693 Deo
997 657 1172 693 debetur.
1190 658 1254 692 Est
1272 655 1393 703 igitur
1409 655 1575 701 Spiritus
1597 659 1759 693 sanctus

142 716 260 742 verus
277 708 393 748 Deus,
416 705 478 741 cui
498 704 607 740 latria
630 704 804 740 debetur.

190 753 332 792 Adhuc,
356 751 603 788 sanctificare
623 751 806 788 homines
827 750 1027 796 proprium
1048 749 1115 786 Dei
1136 759 1236 795 opus
1255 753 1339 790 θεῖς
1373 749 1515 785 dicitur
1535 750 1637 786 enim
1656 761 1662 785 :
1685 751 1760 793 1390

142 802 327 839 Dominus,
352 801 414 843 qui
433 800 615 843 sanctifico
635 808 709 833 vos.
733 798 876 844 (Levia,
898 806 995 841 XXII,
1025 797 1074 844 9.)
1097 799 1162 834 Est
1181 800 1310 833 autem
1327 797 1493 841 Spiritus
1513 799 1674 832 sanctus
1695 795 1762 841 qui

143 846 385 889 sanctificat<3
409 845 501 881 dicit
518 845 622 881 enim
643 845 855 890 Apostolus
878 856 886 880 ε
907 845 1037 880 Abtuti
1056 846 1201 880 estis...
1226 845 1445 888 sanctificati
1475 845 1623 879 estis...
1653 842 1762 887 justi-

143 896 242 939 ficati
262 896 358 934 estis,
394 894 431 926 in
463 894 604 927 nomine
630 894 776 927 Domini
806 893 922 927 nostri
950 893 1051 926 Jesus
1083 891 1230 935 Christi,
1258 893 1290 926 et
1318 892 1357 925 in
1384 891 1526 936 Spiritu
1557 891 1622 926 Dei
1647 889 1763 925 nostri

148 942 181 986 (Ι
197 942 290 983 Cor.7
308 949 363 981 Π,
387 939 441 985 11)
461 951 468 983 ;
507 943 544 975 θῖ
564 939 707 975 dicitur
730 951 737 974 :
773 939 872 981 Quod
891 939 1034 982 elegyerit
1052 948 1113 973 vos
1144 940 1238 973 Deus
1263 939 1450 983 primitias
1469 938 1509 972 in
1536 937 1701 976 salutem,
1722 937 1762 971 in

144 989 427 1032 sanctificatione
458 987 610 1030 spiritus
630 989 662 1020 et
692 987 731 1020 in
763 986 832 1030 fide
857 986 1034 1021 veritatis.
1057 984 1105 1031 (11
1134 985 1270 1025 Thess„
1293 994 1336 1028 ΙΙ,
1361 985 1432 1030 12.)
1459 985 1619 1030 Oportet
1641 983 1762 1030 igitur

146 1034 329 1080 Spiritum
351 1037 531 1069 stinctum
549 1034 671 1068 Deum
692 1041 795 1069 csse.

192 1082 373 1126 Amplius,
410 1080 511 1116 sicut
544 1079 620 1116 vita
655 1084 803 1116 naturae
824 1078 1001 1124 corporis
1021 1083 1081 1115 est
1114 1088 1181 1124 per
1212 1078 1399 1123 animam,
1421 1078 1475 1114 ita
1508 1076 1762 1123 vitajustitiae

144 1128 271 1172 ipsius
293 1128 431 1164 {inmite
452 1131 509 1162 cst
541 1136 611 1172 per
640 1128 786 1170 Deum3
810 1126 913 1162 unde
948 1126 1139 1162 Dominus
1161 1125 1250 1162 dicit
1273 1137 1280 1162 :
1302 1126 1403 1162 Sicut
1434 1126 1533 1160 misit
1559 1135 1614 1159 me
1639 1125 1761 1158 vivens

144 1177 264 1214 Pater,
291 1178 322 1209 ct
342 1185 402 1218 090
429 1175 509 1208 viro
533 1176 682 1218 propter
708 1175 876 1214 Pcttrcrn3
899 1175 1012 1217 etqui
1040 1173 1235 1208 manducat
1265 1183 1331 1212 me,
1351 1174 1476 1217 etipse
1494 1173 1589 1206 vivet
1613 1174 1762 1216 propter

145 1232 211 1257 me.
232 1222 391 1266 (hamt,
408 1230 462 1263 vl,
480 1221 553 1266 58.)
576 1220 806 1265 Hujusmodi
824 1222 953 1256 autem
971 1220 1050 1256 vita
1064 1222 1124 1256 est
1137 1229 1206 1265 per
1219 1219 1405 1264 Spiritum
1427 1222 1607 1255 sanctum
1625 1229 1634 1262 ς
1657 1216 1761 1254 unde

147 1269 330 1305 subditur
351 1280 358 1303 ε
382 1268 541 1311 Spiritus
562 1270 624 1306 est,
647 1268 710 1311 qui
727 1268 887 1311 vivificat
906 1266 1026 1312 (ibid.,
1043 1267 1100 1311 64)
1120 1277 1128 1311 ;
1149 1270 1185 1303 et
1206 1266 1299 1302 dicit
1317 1265 1529 1311 Apostolus
1550 1265 1613 1302 :Si
1627 1265 1763 1310 spiritu

145 1317 247 1359 fucta
266 1316 385 1350 ccu'nis
404 1315 718 1359 mortificaveritis,
743 1315 882 1349 vivetis.
916 1315 1044 1360 (Boin,
1076 1322 1160 1359 vm,
1184 1312 1255 1359 13.)
1284 1313 1452 1359 Spiritus
1483 1321 1576 1359 ergo
1596 1314 1759 1349 sanctus

148 1362 286 1398 divinoe
308 1365 456 1397 naturae
475 1364 547 1397 θεῖ.

192 1411 381 1446 Proetm-eu,
411 1407 602 1443 Dominus
624 1407 661 1442 iu
697 1410 969 1453 argumentum
993 1415 1075 1444 suae
1107 1406 1321 1444 divinitatis
1342 1409 1479 1443 contra
1502 1408 1519 1442 J
1527 1405 1674 1450 uuicos,
1696 1405 1763 1452 qui

147 1456 343 1492 sustinere
371 1463 449 1490 non
489 1457 669 1499 poterant
696 1457 738 1490 ut
767 1463 809 1490 sc
842 1454 1031 1499 aequalern
1065 1455 1144 1490 Deo
1166 1454 1323 1498 faceret,
1361 1452 1502 1490 asserit
1529 1453 1570 1488 in
1592 1462 1634 1489 se
1673 1460 1763 1489 esse

147 1500 412 1538 resuscitandi
426 1500 623 1544 virtutem,
643 1500 780 1537 dicens
802 1512 809 1536 :
833 1501 934 1536 Sicut
952 1502 1061 1537 Pater
1079 1501 1231 1537 suscitat
1246 1503 1404 1537 mortuos
1424 1503 1456 1535 et
1469 1501 1642 1545 vivificat,
1662 1500 1714 1535 sic
1731 1501 1764 1535 et

145 1550 260 1585 Filius
280 1558 366 1593 quos
385 1548 462 1582 vult
477 1549 648 1592 vivificat.
669 1547 829 1592 (Joann.‚
855 1556 896 1587 V,
915 1547 990 1594 21.)
1008 1547 1138 1585 Virtus
1156 1551 1287 1585 autem
1308 1547 1582 1585 resuscitativa
1609 1545 1658 1583 ad
1677 1545 1762 1592 Spi-

145 1596 263 1632 ritum
294 1599 473 1631 sanctum
501 1594 689 1640 pcrtinct;
712 1594 803 1631 dicit
833 1594 936 1631 enim
966 1595 1180 1640 Apostolus
1203 1606 1211 1631 z
1233 1595 1334 1638 Quod
1360 1596 1394 1631 si
1420 1595 1571 1639 spiritus
1591 1592 1669 1639 eJ‘us
1699 1593 1764 1638 qui

145 1644 335 1679 suscitavit
349 1643 467 1677 Jesum
482 1652 504 1676 a
528 1643 692 1685 mortuis,
730 1642 928 1677 habitatin
958 1642 1069 1682 vobis,
1093 1644 1156 1688 qui
1172 1643 1360 1678 suscitavit
1387 1643 1505 1677 Jesum
1542 1641 1722 1678 Christum
1741 1650 1765 1676 a

144 1691 295 1725 mortuis
322 1689 520 1734 vivificabit
553 1691 586 1724 et
604 1689 773 1724 mortalia
798 1699 949 1733 corpora
963 1692 1096 1733 vestra,
1123 1692 1273 1735 propter
1291 1689 1555 1724 inhabitantem
1584 1688 1764 1733 Spiritum

145 1737 222 1783 ejus
242 1738 280 1772 in
295 1736 408 1771 vobis.
430 1735 557 1781 (Rom,
579 1744 665 1779 vni,
689 1735 760 1782 11.)
776 1735 940 1781 Spiritus
961 1745 1055 1783 ergo
1076 1740 1239 1773 sanctus
1257 1739 1317 1774 est
1339 1735 1481 1773 divinae
1501 1738 1663 1772 naturae.

190 1785 291 1824 Item,
314 1783 461 1819 creatio
477 1783 603 1819 solius
618 1782 685 1819 Dei
709 1791 809 1827 opus
838 1786 910 1827 θεῖ,
949 1786 991 1819 ut
1020 1792 1140 1829 supra
1169 1787 1376 1820 ostensum
1406 1786 1466 1820 est
1494 1782 1598 1828 (l.11.
1621 1791 1656 1818 c.
1682 1780 1762 1827 21)-

145 1830 318 1866 Pertinct
339 1834 468 1866 autom
492 1830 637 1866 creatio
659 1829 705 1866 ad
727 1829 912 1875 Spiritum
934 1834 1114 1867 sanctum
1133 1842 1142 1875 3
1163 1830 1305 1867 dicitur
1323 1830 1427 1866 enim
1448 1841 1457 1866 ε
1477 1830 1627 1866 Emittes
1642 1828 1763 1873 Spirie

146 1880 223 1912 tum
243 1880 356 1917 tuum,
391 1879 424 1911 ct
444 1877 662 1912 creabuntur
685 1876 833 1922 (Psatm.
865 1885 944 1921 (3111,
966 1876 1023 1923 30)
1042 1889 1050 1921 ;
1082 1880 1120 1913 et
1147 1877 1288 1914 dieitur
1308 1888 1317 1913 ε
1337 1877 1497 1922 Spiritus
1517 1877 1583 1912 Dei
1600 1876 1688 1919 fecit
1711 1884 1760 1919 m,

149 1923 239 1968 (J0b‚
262 1922 481 1969 xxX111‚4);
515 1927 552 1959 θῖ
571 1922 712 1960 dicitur
745 1923 791 1959 dc
812 1925 890 1960 Deo
910 1924 1017 1969 :Ipse
1036 1925 1170 1959 creavit
1196 1925 1311 1968 illam,
1345 1923 1495 1960 scilicet
1514 1921 1760 1969 sapientiam.

145 1972 187 2005 in
198 1971 339 2014 Spiritu
358 1972 495 2006 sancto.
520 1969 660 2015 (Eccti.‚
681 1979 708 2014 1,
731 1969 781 2016 9.)
803 1971 869 2006 Est
888 1979 982 2016 ergo
1002 1970 1168 2016 Spiritus
1203 1971 1343 2008 divinae
1363 1974 1525 2007 naturae.

195 2017 339 2057 Adhuc,
359 2016 572 2061 Apostolus
593 2016 710 2053 dicit:
731 2016 892 2062 Spiritus
912 2018 1032 2052 omnia
1041 2020 1236 2058 scrutatur,
1258 2019 1364 2053 etiam
1374 2016 1562 2063 profunda
1582 2016 1660 2052 Dei.
1675 2015 1761 2058 Quis

145 2066 238 2099 enim
257 2064 439 2098 hominum
455 2065 523 2098 scit
542 2074 621 2109 quae
637 2066 723 2098 sunt
736 2064 902 2108 hominis,
929 2065 1004 2099 nisi
1020 2066 1172 2109 spiritus
1189 2065 1343 2100 hominis
1366 2066 1431 2110 qui
1448 2066 1488 2099 in
1505 2066 1582 2108 ipso
1601 2066 1651 2098 est
1672 2064 1690 2097 ?
1706 2064 1763 2098 Ita

146 2113 179 2145 et
199 2120 276 2155 quae
290 2112 355 2145 Dei
372 2112 455 2145 sunt
474 2120 573 2145 nemo
590 2112 765 2154 θοῃηουὶῖ,
799 2112 873 2146 nisi
899 2111 1058 2156 Spiritus
1077 2113 1141 2147 Dei
1175 2111 1207 2158 (Ι
1228 2112 1321 2152 Gor„
1344 2121 1387 2155 11,
1412 2114 1468 2154 10,
1491 2110 1563 2157 11.)
1583 2111 1763 2155 Compre-

144 2156 317 2193 hendere
337 2160 463 2193 autem
487 2157 619 2194 omnia
638 2157 834 2203 protunda
856 2159 920 2194 Dei
944 2168 1023 2195 non
1044 2162 1104 2195 est
1121 2158 1287 2204 aliquus
1305 2162 1494 2195 creaturae
1513 2169 1520 2194 :
1539 2156 1642 2204 quod
1658 2158 1762 2202 patet

146 2214 194 2240 ex
213 2204 287 2240 hoc
308 2204 411 2249 quod
434 2204 624 2241 Dominus
653 2204 746 2241 dicit
768 2216 776 2240 ε
798 2206 906 2242 Nemo
929 2207 1028 2240 novit
1052 2206 1185 2241 Filium
1218 2207 1292 2242 nisi
1315 2207 1448 2249 Pater3
1478 2214 1591 2250 neque
1618 2205 1763 2240 Patrem

146 2252 226 2296 quis
246 2253 357 2294 novit,
376 2252 450 2286 nisi
468 2252 611 2286 Filius?
630 2251 790 2297 (Mittin,
811 2260 864 2296 xl,
884 2251 943 2298 27)
968 2256 1004 2288 ct
1022 2262 1069 2289 ex
1085 2262 1257 2299 persona
1289 2253 1358 2289 Dei
1389 2252 1531 2289 dicitur
1553 2263 1561 2288 :
1585 2252 1762 2288 secretum

143 2307 259 2333 meum
278 2299 382 2333 mihi.
406 2297 520 2345 (lsai,
544 2306 655 2344 xxiv,
675 2297 747 2345 16.)
768 2300 868 2345 Ergo
888 2299 1056 2344 Spiritus
1077 2302 1239 2337 sanctus
1259 2308 1338 2336 non
1367 2303 1426 2336 est
1451 2302 1643 2336 creatura.

191 2346 380 2385 Praeterea,
407 2345 626 2381 secundum
652 2345 875 2391 praedictam
908 2346 1085 2391 Apostoli
1120 2346 1469 2392 comparationem,
1488 2345 1655 2391 Spiritus
1675 2353 1763 2381 san-

145 2394 232 2428 ctus
254 2401 296 2427 se
317 2391 433 2427 habet
453 2391 499 2427 ad
522 2393 644 2429 Deum
659 2392 761 2429 sicut
782 2392 942 2438 spiritus
958 2392 1133 2431 hominis
1151 2393 1199 2430 ad
1214 2394 1428 2430 hominem.
1445 2392 1612 2438 Spiritus
1630 2395 1761 2428 autem

145 2438 317 2475 hominis
349 2438 589 2476 intrinsecus
616 2442 676 2476 est
696 2439 860 2483 homini,
883 2442 920 2476 ct
941 2449 1018 2477 non
1043 2444 1102 2477 est
1122 2444 1316 2477 extraneae
1334 2444 1482 2476 naturae
1501 2438 1548 2476 ab
1569 2439 1672 2485 ipso,
1691 2437 1762 2475 sed

145 2489 204 2522 est
218 2485 363 2532 aliquid
382 2485 480 2532 ejus.
503 2485 625 2533 Igitur
644 2490 681 2522 et
699 2486 864 2531 Spiritus
885 2490 1047 2524 sanctus
1068 2496 1148 2524 non
1169 2491 1230 2525 est
1249 2490 1398 2524 naturae
1416 2490 1609 2523 extraneae
1630 2486 1759 2522 aDeo.

189 2533 371 2577 Amplius,
394 2532 428 2569 si
448 2533 537 2579 quis
568 2533 746 2571 conferat
777 2533 894 2570 verba
922 2534 1099 2580 Apostoli
1134 2534 1339 2580 praemissa
1370 2533 1497 2570 verbis
1531 2532 1643 2570 Isaiae
1671 2540 1760 2578 pro·

146 2578 286 2623 phetae‚
317 2579 526 2616 manifeste
547 2580 734 2626 percipiet
764 2580 946 2626 Spiritum
968 2584 1158 2619 sanctum.
1177 2582 1302 2619 Deum
1330 2590 1433 2618 esse.
1456 2580 1605 2617 Dicitur
1624 2579 1727 2623 enim
1749 2588 1758 2614 ε

145 2625 273 2661 Oculus
300 2636 371 2661 non
400 2627 506 2669 vidit,
539 2629 646 2670 Deu3‚
683 2628 815 2672 absque
847 2630 891 2672 te,
914 2638 992 2673 quae
1010 2629 1253 2674 praeparastri
1276 2627 1565 2674 exspectantibus
1589 2628 1623 2662 te
1641 2625 1757 2672 (isat,

142 2679 247 2714 LXIV,
268 2672 302 2723 4)
315 2684 323 2716 3
338 2682 424 2720 quae
440 2673 597 2719 quidem
611 2673 729 2711 verba
742 2675 955 2720 Apostolus
971 2684 1093 2722 quum
1105 2675 1406 2719 introduxisset,
1421 2672 1626 2721 subjungit
1640 2671 1760 2709 verba

142 2726 361 2762 praemissa,
384 2719 530 2757 scilicet
551 2722 656 2767 quod
674 2721 839 2767 Spiritus
855 2725 1053 2759 scrutatur
1068 2722 1267 2768 profunda
1283 2721 1364 2760 Dei.
1381 2720 1490 2760 Unde
1502 2718 1758 2757 manifestum

144 2768 205 2800 cst
233 2766 337 2810 quod
356 2767 523 2818 Spiritus
554 2771 716 2805 sanctus
748 2768 816 2806 illa
844 2768 1040 2814 profunda
1069 2769 1139 2807 Dei
1172 2769 1382 2817 cognoscit
1406 2777 1494 2816 quae
1528 2766 1761 2819 praeparfniit

143 2813 463 2864 exspectantibus
483 2824 587 2851 eum.
609 2814 648 2852 Si
662 2824 756 2862 ergo
772 2815 855 2852 hoec
871 2815 1006 2853 nullus
1022 2815 1117 2853 vidit
1134 2818 1276 2863 praeter
1295 2817 1430 2859 Deum,
1448 2817 1490 2851 ut
1509 2815 1634 2850 isaias
1652 2812 1758 2857 dicit,

142 2858 397 2894 manifestum
425 2862 485 2896 est
497 2861 683 2905 Spiritum
703 2866 884 2899 sanctum
903 2864 1024 2899 Deum
1045 2871 1147 2900 esse.
1686 2863 1690 2868 ⁴

187 2905 286 2947 Item,
313 2905 455 2943 dicitur
476 2917 485 2943 :
509 2907 650 2943 Audivi
671 2919 790 2945 vocem
805 2911 950 2946 Domini
982 2910 1133 2946 dicentis
1154 2921 1172 2945 :v
1186 2909 1296 2953 Quem
1324 2908 1479 2947 mittam,
1511 2910 1545 2943 et
1578 2908 1660 2954 quis
1692 2907 1761 2944 ibit
