1894 3223
166 139 232 174 326
760 129 847 165 LIB.
875 129 939 172 ΙΙΙ,
968 128 1069 165 CAP.
1096 127 1183 165 LIV.

167 219 243 255 hoc
263 215 367 262 quod
392 213 434 250 fit
453 211 629 249 lucidum
660 213 749 248 actu
774 218 844 256 per
866 209 1028 246 formam
1067 209 1169 246 lucis
1200 212 1396 256 receptam
1417 207 1460 245 in
1492 206 1580 253 ipso
1601 206 1647 243 de
1665 214 1782 243 novo.

167 267 210 301 Et
231 263 305 299 hoc
336 259 494 306 quidem
515 257 672 295 virtutis
703 260 958 303 augmentum
980 256 1194 303 requiritur
1224 256 1273 293 ad
1292 255 1456 296 alterius
1480 253 1626 300 speciei
1649 261 1785 299 opera—

166 311 315 346 tionem
338 305 674 352 consequendam.
689 304 819 340 Virtus
838 307 967 340 autem
989 303 1213 340 intellectus
1229 302 1349 339 creati
1371 301 1563 338 naturalis
1579 309 1659 336 non
1680 299 1788 337 suffi-

167 357 220 394 cit
240 354 289 392 ad
321 353 494 390 divinam
522 351 787 389 substantiam
816 350 1040 395 videndam,
1060 353 1102 387 ut
1131 360 1179 387 ex
1211 350 1327 387 dictis
1360 352 1478 396 patet.
1500 349 1660 394 Oportet
1692 355 1786 392 ergo

168 401 273 450 quod
295 403 487 446 augeatur
506 399 540 436 ei
570 399 694 435 virtus
715 397 764 434 ad
795 397 871 435 hoc
891 397 997 444 quod
1018 397 1064 434 ad
1083 397 1199 434 talem
1230 397 1427 434 visionem
1462 394 1676 441 perveniat.
1699 395 1787 430 Non

168 447 314 487 sufficit
336 451 466 484 autem
500 449 758 492 augmentum
779 453 849 491 per
880 444 1148 481 intensionem
1169 443 1362 481 naturalis
1386 442 1558 486 virtutis,
1581 441 1674 488 quia
1694 440 1787 478 talis

168 496 269 533 visio
290 503 370 531 non
405 497 464 530 est
485 493 662 540 ejusdem
692 491 860 529 rationis
896 500 985 529 oum
1017 491 1172 528 visione
1199 490 1369 527 naturali
1390 489 1616 526 intellectus
1649 488 1787 525 creati.

169 541 281 587 Quod
303 551 350 578 ex
371 540 558 577 distantia
588 539 764 577 visorum
797 541 915 584 patet.
938 540 1097 584 Oportet
1129 540 1260 574 autem
1294 536 1399 585 quod
1433 535 1501 573 fiat
1528 538 1787 583 augmentum

170 588 325 626 virtutis
345 587 593 624 intellectivae
613 595 682 632 per
701 585 871 632 alicujus
893 594 1005 622 novae
1025 584 1303 630 dispositionis
1324 583 1589 629 adeptionem.

217 635 317 680 Quia
334 644 426 671 vero
460 634 501 670 in
535 633 803 680 cognitionem
832 631 1144 679 intelligibilium
1165 641 1213 667 ex
1233 630 1493 668 sensibilibus
1519 628 1787 675 pervenimus,

170 683 288 720 etiam
309 681 515 718 sensibilis
536 680 779 727 cognitionis
797 679 961 716 nomina
982 678 1028 715 ad
1051 677 1341 724 intelligibilem
1369 677 1638 723 cognitionem
1659 679 1788 712 trans-

170 729 382 773 sumimus,
406 732 443 765 61
462 728 658 774 praecipue
680 736 767 773 quae
787 726 984 772 pertinent
1011 725 1059 762 ad
1079 725 1224 769 visum,
1245 725 1310 770 qui
1335 724 1438 761 inter
1458 727 1622 759 caeteros
1644 730 1790 759 sensus

170 776 345 813 nobilior
366 778 426 812 est
457 779 494 811 et
526 774 784 820 spiritualior,
808 783 853 810 ao
873 782 942 819 per
972 773 1047 810 hoc
1080 772 1295 808 intellectui
1332 770 1513 813 affinior3
1538 772 1575 805 et
1609 768 1793 820 mdsssssst

170 823 277 870 quod
299 823 385 868 ipsa
405 821 683 858 intellectualis
705 820 881 867 cognitio
899 820 1001 857 visio
1024 819 1264 856 nominatur.
1284 820 1326 854 Et
1341 818 1434 864 quia
1448 816 1668 862 corporalis
1689 823 1791 852 v1s1o

171 879 253 907 non
274 869 493 914 completur
513 868 591 905 nisi
624 877 693 914 per
712 868 855 912 lucem,
878 876 924 904 ea
955 866 1100 913 quibus
1130 865 1411 903 intellectualis
1443 864 1546 900 visio
1576 861 1790 908 perficitur,

171 917 273 954 lucis
296 925 441 953 nomen
473 918 696 952 assumunt.
720 915 827 951 Unde
858 914 978 951 etiam
1010 913 1242 951 Aristoteles
1262 912 1304 949 in
1325 911 1440 949 tertio
1460 913 1510 947 De
1533 911 1656 947 aalma
1683 908 1791 956 (text.

173 972 315 1001 comm.
341 962 396 1009 18)
431 962 675 999 intellectum
707 965 889 1008 agentem
924 961 1002 997 luci
1036 960 1247 1004 assimilat,
1268 969 1316 996 ex
1342 968 1389 996 eo
1425 957 1531 1005 quod
1565 956 1791 993 intellectus

174 1019 296 1057 agens
319 1009 411 1046 facit
431 1009 699 1055 intelligibilia
718 1009 756 1045 in
780 1012 883 1052 actu,
903 1008 1006 1045 sicut
1026 1008 1092 1044 lux
1120 1006 1212 1044 facit
1241 1005 1534 1053 quodammodo
1558 1004 1733 1041 visibilia
1752 1003 1794 1040 in

173 1061 275 1095 actu.
299 1056 370 1093 Illa
390 1056 512 1103 igilur
544 1055 755 1102 dispositio
776 1065 854 1102 qua
873 1055 1098 1092 intellectus
1119 1057 1275 1092 creatus
1293 1053 1343 1090 ad
1372 1052 1680 1090 intellectualem
1701 1049 1796 1088 divi-

173 1113 234 1141 nee
253 1103 485 1141 substantiae
504 1103 701 1139 visionem
723 1103 937 1147 extollitur,
958 1111 1132 1149 congrue
1154 1101 1221 1138 lux
1239 1101 1376 1147 gloriae
1398 1099 1555 1137 dicitur.
1576 1100 1663 1135 Non
1682 1105 1796 1144 prop-

173 1155 232 1188 ter
253 1151 329 1188 hoc
360 1150 465 1197 quod
499 1150 616 1186 faciat
650 1149 901 1195 intelligibile
928 1153 1031 1193 actu,
1054 1148 1157 1185 sicut
1188 1148 1255 1185 lux
1286 1147 1510 1184 intellectus
1538 1144 1706 1192 agentis,
1725 1143 1795 1182 sed

174 1207 243 1245 per
266 1197 342 1234 hoc
364 1197 469 1243 quod
487 1196 580 1233 facit
600 1196 843 1232 intellectum
864 1196 1077 1242 patientem
1100 1199 1189 1232 actu
1211 1194 1446 1240 intelligere.

222 1246 301 1281 Hoc
310 1247 440 1280 autem
454 1247 513 1280 est
525 1243 658 1280 lumen
674 1243 720 1280 de
733 1252 811 1290 quo
824 1243 865 1279 in
877 1244 1068 1287 Ps.xxxv,
1093 1245 1148 1286 10,
1162 1241 1514 1278 diciturzlnlumz‘ne
1526 1238 1798 1276 tuovidebz'mus·

173 1291 306 1336 lumen,
325 1290 478 1327 scilicet
496 1290 637 1327 divinae
656 1290 1279 1336 substantiae‚etApoc.,xx11‚21,
1296 1287 1439 1326 dicitur
1454 1299 1462 1324 z
1480 1287 1627 1330 Ciuitas,
1643 1284 1798 1323 scilicet

174 1338 394 1382 beatorum,
430 1348 500 1373 ‘non
531 1341 607 1382 6961
638 1338 708 1372 sole
734 1347 847 1382 neque
872 1338 986 1380 luna3
1009 1347 1095 1372 nam
1123 1336 1274 1371 claritas
1302 1336 1367 1371 Dei
1399 1334 1585 1370 illuminat
1613 1333 1728 1378 illam,
1760 1334 1797 1368 et

175 1384 300 1428 Isaiae,
321 1392 383 1429 Lx,
408 1386 463 1427 19,
486 1383 630 1421 dicitur
651 1395 660 1420 ε
682 1385 762 1421 Non
792 1385 860 1419 erit
892 1384 960 1419 tibi
988 1384 1143 1428 amplius
1175 1383 1228 1418 sol
1246 1381 1296 1418 ad
1318 1381 1506 1418 lucendum
1525 1390 1592 1426 per
1602 1379 1709 1424 diem,
1735 1388 1797 1415 nec

172 1432 342 1477 splendor
382 1432 477 1467 lunae
516 1431 739 1467 illuminabit
771 1432 816 1475 te,
847 1430 910 1467 sed
929 1430 998 1466 erit
1015 1431 1084 1465 tibi
1104 1430 1278 1466 Dominus
1295 1429 1336 1466 in
1355 1428 1467 1464 lucem
1480 1427 1745 1473 sempiternam,
1765 1427 1799 1461 et

174 1481 268 1515 Deus
288 1480 372 1514 tuus
391 1479 432 1513 in
452 1478 605 1522 qlorz‘am
621 1479 733 1515 tuam.

221 1524 315 1562 Inde
347 1528 407 1562 est
433 1524 551 1561 etiam
566 1524 659 1572 quia
673 1526 752 1561 Deo
768 1527 827 1561 est
848 1523 951 1561 idem
974 1532 1062 1561 esse
1083 1522 1189 1570 quod
1208 1520 1445 1569 intelligere,
1468 1524 1505 1558 et
1531 1524 1591 1558 est
1611 1519 1798 1558 omnibus

174 1581 296 1609 causa
315 1571 563 1618 intelligendi
600 1571 703 1619 quod
742 1571 885 1608 dicitur
902 1579 991 1608 esse
1031 1571 1110 1611 lux,
1133 1572 1146 1608 1
1166 1571 1324 1615 Joan.,1
1343 1572 1363 1607 5
1387 1580 1397 1606 :
1417 1570 1512 1607 Deus
1532 1569 1597 1606 lum
1616 1570 1680 1612 est,
1703 1571 1740 1604 et
1756 1567 1798 1604 in

176 1621 239 1656 Ps.
260 1627 341 1664 6111,
362 1621 383 1656 2
407 1630 415 1655 :
454 1619 622 1656 Amictus
658 1619 793 1655 lumine
820 1620 915 1654 sicut
945 1619 1151 1654 vestimento
1171 1629 1182 1662 ς
1201 1620 1240 1654 61
1264 1618 1425 1664 propter
1460 1615 1537 1653 hoc
1568 1615 1686 1652 etiam
1718 1618 1799 1651 tam

176 1667 280 1717 Deus
297 1675 414 1713 quam
436 1665 567 1711 angeli
581 1665 622 1702 in
639 1674 754 1703 sacra
768 1665 967 1712 Scriptura
981 1665 1022 1701 in
1043 1664 1183 1713 figuris
1197 1663 1329 1712 igneis
1346 1662 1626 1702 describuntur
1639 1664 1798 1709 propter

175 1713 281 1760 ignis
301 1713 534 1750 claritatem.
558 1712 586 1760 (Ι
609 1716 725 1760 part„
748 1722 787 1760 q.
808 1721 879 1753 xii,
903 1717 963 1748 art
982 1712 1032 1759 5.)

836 1857 1004 1898 CAPUT
1033 1856 1132 1907 LIV.

243 1977 431 2008 RATIONES
459 1977 610 2007 CONTRA
634 1976 868 2006 PRAEDIGTAM
893 1974 1286 2013 DETERMINATIONEM,
1313 1974 1363 2005 ET
1386 1974 1523 2005 EARUM
1549 1974 1724 2005 SOLUTIO-

223 2085 389 2134 Ohjiciet
417 2089 549 2124 autem
584 2085 729 2132 aliquis
748 2088 887 2123 contra
905 2084 1105 2131 praedicta.
1125 2075 1285 2122 Nullum
1305 2083 1412 2121 enim
1432 2083 1567 2122 lumen
1582 2082 1798 2122 adveniens

172 2133 276 2172 visui
309 2136 440 2180 potest
470 2133 601 2170 visum
623 2133 775 2170 elevare
808 2132 857 2169 ad
877 2131 1092 2170 videndum
1110 2140 1170 2176 ea,
1192 2140 1280 2179 quae
1313 2131 1536 2169 naturalem
1569 2130 1796 2169 facultatem

172 2181 283 2218 visus
316 2180 536 2226 corporalis
568 2180 777 2217 excedunt.
814 2181 898 2216 Non
932 2178 1038 2216 enim
1070 2181 1203 2226 potest
1222 2178 1332 2216 visus
1350 2177 1483 2215 videre
1504 2177 1583 2216 nisi
1604 2178 1794 2217 colorata.

174 2228 314 2264 Divina
361 2230 491 2264 autem
539 2226 764 2265 substantia
802 2226 954 2264 excedit
1002 2234 1161 2264 omnem
1193 2225 1422 2264 intellectus
1453 2224 1575 2263 creati
1606 2225 1798 2273 capacita-

172 2281 265 2327 tem,
288 2278 325 2312 et
353 2275 471 2311 etiam
499 2274 628 2321 magis
647 2283 766 2321 quam
788 2273 1015 2312 intellectus
1037 2273 1200 2311 excedat
1218 2273 1477 2320 capacitatem
1500 2280 1660 2311 sensus,
1679 2272 1797 2310 Nullo

172 2321 456 2369 igiturlumine
477 2320 1033 2368 superveniente,intellectus
1054 2324 1211 2359 creatus
1227 2320 1371 2359 elevari
1391 2320 1536 2369 poterit
1553 2319 1603 2358 ad
1622 2319 1796 2358 divinam

174 2369 437 2406 substantiam
458 2368 681 2407 videndam.

218 2417 409 2468 Rraeterea,
445 2416 579 2454 lumen
605 2415 705 2454 illud
732 2414 839 2468 quod
859 2415 901 2452 in
920 2415 1124 2453 intellectu
1145 2417 1277 2454 creato
1311 2414 1513 2463 recipitur,
1536 2417 1708 2452 creatum
1729 2413 1797 2452 ali·

185 2463 267 2516 {uid
301 2466 374 2501 est.
394 2464 532 2516 Jpsum
562 2471 657 2510 ergo
684 2463 726 2500 in
759 2462 959 2500 infinitum
992 2472 1015 2499 a
1048 2463 1128 2500 Deo
1165 2462 1295 2501 distat.
1315 2463 1403 2501 Non
1436 2466 1567 2509 potest
1586 2461 1708 2509 igitur
1726 2469 1797 2507 per

186 2509 403 2562 iuJusmodi
431 2510 566 2548 lumen
583 2509 809 2548 intellectus
830 2513 988 2548 creatus
1009 2509 1058 2547 ad
1078 2509 1222 2549 divinae
1239 2508 1477 2549 substantiae
1495 2509 1692 2547 visionem
1713 2507 1794 2546 616-

199 2565 269 2594 ari.

218 2604 319 2656 Item,
334 2604 376 2657 si
397 2604 474 2643 hoc
494 2603 652 2657 quidem
672 2607 803 2652 potest
823 2604 952 2642 facere
975 2604 1110 2643 lumen
1130 2603 1378 2652 praedictum,
1397 2606 1558 2651 propter
1577 2602 1653 2640 hoc
1686 2601 1794 2649 quod

174 2653 235 2686 est
265 2649 407 2704 divinae
440 2651 673 2690 substantiae
702 2651 940 2696 similitudo,
969 2661 1059 2690 cum
1092 2652 1224 2690 omnis
1244 2650 1528 2689 intellectualis
1551 2648 1792 2696 substantia,

175 2704 222 2733 ex
255 2695 331 2734 hoc
363 2706 451 2750 ipso
483 2698 603 2753 quod·
621 2698 888 2737 intellecualis
921 2702 995 2745 est,
1020 2699 1196 2738 divinam
1216 2697 1519 2738 similitudinem
1539 2699 1680 2744 gerat:
1702 2696 1793 2743 ipsa

165 2744 316 2825 ,gatutra
349 2744 561 2790 cujusllbet
592 2745 874 2784 intellectualis
910 2746 1144 2786 substantiae
1181 2745 1230 2785 ad
1266 2744 1463 2783 visionem
1495 2743 1669 2781 divinam
1706 2743 1790 2782 suf·

203 2798 260 2826 616
283 2816 291 2826 .

219 2835 410 2890 fid-huczsi
425 2837 560 2876 lumen
579 2839 678 2877 illud
698 2844 872 2878 creatum
888 2840 1066 2886 est,nihil
1079 2843 1209 2878 autem
1224 2838 1406 2887 prohihet
1417 2838 1524 2886 quod
1537 2840 1598 2875 est
1614 2840 1790 2877 creatum

175 2881 293 2922 alicui
314 2892 371 2922 rei
396 2887 535 2923 creatae
556 2888 813 2926 connaturale
834 2897 938 2934 esse,
959 2887 1102 2934 poterit
1121 2886 1268 2935 aliquis
1287 2885 1514 2924 intellectus
1527 2888 1682 2925 creatus
1699 2894 1791 2924 esse
