<?xml version="1.0" encoding="UTF-8"?>
<!DOCTYPE html PUBLIC "-//W3C//DTD XHTML 1.0 Transitional//EN"
    "http://www.w3.org/TR/xhtml1/DTD/xhtml1-transitional.dtd">
<html xmlns="http://www.w3.org/1999/xhtml" xml:lang="en" lang="en">
 <head>
  <title>
</title>
<meta http-equiv="Content-Type" content="text/html;charset=utf-8" />
  <meta name='ocr-system' content='tesseract 3.04.00' />
  <meta name='ocr-capabilities' content='ocr_page ocr_carea ocr_par ocr_line ocrx_word'/>
</head>
<body>
  <div class='ocr_page' id='page_1' title='image "./deveritatecathol00thomuoft_0414.png"; bbox 0 0 1894 3223; ppageno 0'>
   <div class='ocr_carea' id='block_1_1' title="bbox 109 155 1166 203">
    <p class='ocr_par' dir='ltr' id='par_1_1' title="bbox 109 155 1166 203">
     <span class='ocr_line' id='line_1_1' title="bbox 109 155 1166 203; baseline -0.009 0"><span class='ocrx_word' id='word_1_1' title='bbox 109 168 179 203; x_wconf 81' lang='lat'>374</span> <span class='ocrx_word' id='word_1_2' title='bbox 657 157 745 193; x_wconf 83' lang='lat' dir='ltr'>LtB.</span> <span class='ocrx_word' id='word_1_3' title='bbox 774 158 837 200; x_wconf 93' lang='grc' dir='ltr'><strong>ΙΙΙ,</strong></span> <span class='ocrx_word' id='word_1_4' title='bbox 865 156 966 192; x_wconf 84' lang='lat' dir='ltr'>CAP.</span> <span class='ocrx_word' id='word_1_5' title='bbox 992 155 1166 193; x_wconf 85' lang='lat' dir='ltr'>LXXXVI.</span> 
     </span>
    </p>
   </div>
   <div class='ocr_carea' id='block_1_2' title="bbox 106 234 1743 1221">
    <p class='ocr_par' dir='ltr' id='par_1_2' title="bbox 106 234 1743 1221">
     <span class='ocr_line' id='line_1_2' title="bbox 110 234 1733 287; baseline -0.007 -4"><span class='ocrx_word' id='word_1_6' title='bbox 110 244 331 284; x_wconf 90' lang='lat' dir='ltr'>secundum</span> <span class='ocrx_word' id='word_1_7' title='bbox 351 239 457 287; x_wconf 88' lang='lat' dir='ltr'>quod</span> <span class='ocrx_word' id='word_1_8' title='bbox 475 237 708 284; x_wconf 89' lang='lat' dir='ltr'>imprimunt</span> <span class='ocrx_word' id='word_1_9' title='bbox 728 237 770 273; x_wconf 93' lang='lat' dir='ltr'>in</span> <span class='ocrx_word' id='word_1_10' title='bbox 790 245 957 282; x_wconf 89' lang='lat' dir='ltr'>corpora</span> <span class='ocrx_word' id='word_1_11' title='bbox 977 239 1128 280; x_wconf 89' lang='lat' dir='ltr'>nostra,</span> <span class='ocrx_word' id='word_1_12' title='bbox 1144 235 1193 273; x_wconf 86' lang='lat' dir='ltr'>ad</span> <span class='ocrx_word' id='word_1_13' title='bbox 1214 244 1383 282; x_wconf 88' lang='lat' dir='ltr'>quorum</span> <span class='ocrx_word' id='word_1_14' title='bbox 1413 234 1733 271; x_wconf 80' lang='lat' dir='ltr'>immutationem</span> 
     </span>
     <span class='ocr_line' id='line_1_3' title="bbox 109 281 1733 335; baseline -0.007 -7"><span class='ocrx_word' id='word_1_15' title='bbox 109 292 323 335; x_wconf 86' lang='lat' dir='ltr'>insurgunt</span> <span class='ocrx_word' id='word_1_16' title='bbox 344 287 385 323; x_wconf 92' lang='lat' dir='ltr'>in</span> <span class='ocrx_word' id='word_1_17' title='bbox 402 285 519 322; x_wconf 89' lang='lat' dir='ltr'>nobis</span> <span class='ocrx_word' id='word_1_18' title='bbox 536 284 659 330; x_wconf 88' lang='lat' dir='ltr'>aliqui</span> <span class='ocrx_word' id='word_1_19' title='bbox 679 286 812 320; x_wconf 91' lang='lat' dir='ltr'>motus</span> <span class='ocrx_word' id='word_1_20' title='bbox 831 283 1083 328; x_wconf 85' lang='lat' dir='ltr'>passionum,</span> <span class='ocrx_word' id='word_1_21' title='bbox 1102 282 1163 319; x_wconf 85' lang='lat' dir='ltr'>vei</span> <span class='ocrx_word' id='word_1_22' title='bbox 1180 291 1250 328; x_wconf 89' lang='lat' dir='ltr'>per</span> <span class='ocrx_word' id='word_1_23' title='bbox 1269 291 1407 319; x_wconf 92' lang='lat' dir='ltr'>eorum</span> <span class='ocrx_word' id='word_1_24' title='bbox 1425 281 1733 327; x_wconf 84' lang='lat' dir='ltr'>impressionem</span> 
     </span>
     <span class='ocr_line' id='line_1_4' title="bbox 109 328 1732 377; baseline -0.007 -3"><span class='ocrx_word' id='word_1_25' title='bbox 109 337 305 375; x_wconf 88' lang='lat' dir='ltr'>efficimur</span> <span class='ocrx_word' id='word_1_26' title='bbox 323 332 476 370; x_wconf 88' lang='lat' dir='ltr'>habiles</span> <span class='ocrx_word' id='word_1_27' title='bbox 497 331 545 368; x_wconf 90' lang='lat' dir='ltr'>ab</span> <span class='ocrx_word' id='word_1_28' title='bbox 563 331 718 377; x_wconf 87' lang='lat' dir='ltr'>aliquas</span> <span class='ocrx_word' id='word_1_29' title='bbox 738 329 1082 376; x_wconf 88' lang='lat' dir='ltr'>passiones,sicut</span> <span class='ocrx_word' id='word_1_30' title='bbox 1097 328 1393 366; x_wconf 87' lang='lat' dir='ltr'>cholericisunt</span> <span class='ocrx_word' id='word_1_31' title='bbox 1410 328 1525 374; x_wconf 89' lang='lat' dir='ltr'>proni</span> <span class='ocrx_word' id='word_1_32' title='bbox 1543 328 1593 376; x_wconf 29' lang='lat' dir='ltr'>ad,</span> <span class='ocrx_word' id='word_1_33' title='bbox 1609 328 1707 363; x_wconf 91' lang='lat' dir='ltr'>iram</span> <span class='ocrx_word' id='word_1_34' title='bbox 1723 339 1732 372; x_wconf 89' lang='lat'>;</span> 
     </span>
     <span class='ocr_line' id='line_1_5' title="bbox 107 373 1734 425; baseline -0.006 -5"><span class='ocrx_word' id='word_1_35' title='bbox 107 384 167 420; x_wconf 84' lang='lat' dir='ltr'>vel</span> <span class='ocrx_word' id='word_1_36' title='bbox 189 380 407 418; x_wconf 89' lang='lat' dir='ltr'>secundum</span> <span class='ocrx_word' id='word_1_37' title='bbox 428 378 535 425; x_wconf 90' lang='lat' dir='ltr'>quod</span> <span class='ocrx_word' id='word_1_38' title='bbox 553 387 602 415; x_wconf 81' lang='lat' dir='ltr'>ex</span> <span class='ocrx_word' id='word_1_39' title='bbox 619 386 755 414; x_wconf 91' lang='lat' dir='ltr'>eorum</span> <span class='ocrx_word' id='word_1_40' title='bbox 777 376 1043 422; x_wconf 89' lang='lat' dir='ltr'>impressione</span> <span class='ocrx_word' id='word_1_41' title='bbox 1065 379 1252 414; x_wconf 84' lang='lat' dir='ltr'>causatur</span> <span class='ocrx_word' id='word_1_42' title='bbox 1270 375 1313 413; x_wconf 89' lang='lat' dir='ltr'>in</span> <span class='ocrx_word' id='word_1_43' title='bbox 1347 375 1465 413; x_wconf 90' lang='lat' dir='ltr'>nobis</span> <span class='ocrx_word' id='word_1_44' title='bbox 1487 374 1622 421; x_wconf 82' lang='lat' dir='ltr'>aliqua</span> <span class='ocrx_word' id='word_1_45' title='bbox 1653 373 1734 410; x_wconf 91' lang='lat' dir='ltr'>dis-</span> 
     </span>
     <span class='ocr_line' id='line_1_6' title="bbox 106 420 1734 476; baseline -0.006 -11"><span class='ocrx_word' id='word_1_46' title='bbox 106 428 254 476; x_wconf 79' lang='lat' dir='ltr'>positio</span> <span class='ocrx_word' id='word_1_47' title='bbox 277 425 496 472; x_wconf 85' lang='lat' dir='ltr'>corporalis</span> <span class='ocrx_word' id='word_1_48' title='bbox 518 433 606 471; x_wconf 87' lang='lat' dir='ltr'>quae</span> <span class='ocrx_word' id='word_1_49' title='bbox 627 427 687 461; x_wconf 91' lang='lat' dir='ltr'>est</span> <span class='ocrx_word' id='word_1_50' title='bbox 705 424 865 461; x_wconf 87' lang='lat' dir='ltr'>occasio</span> <span class='ocrx_word' id='word_1_51' title='bbox 900 422 1071 469; x_wconf 89' lang='lat' dir='ltr'>alicujus</span> <span class='ocrx_word' id='word_1_52' title='bbox 1107 422 1330 467; x_wconf 86' lang='lat' dir='ltr'>electionis,</span> <span class='ocrx_word' id='word_1_53' title='bbox 1351 422 1454 459; x_wconf 93' lang='lat' dir='ltr'>sicut</span> <span class='ocrx_word' id='word_1_54' title='bbox 1487 431 1578 458; x_wconf 91' lang='lat' dir='ltr'>cum</span> <span class='ocrx_word' id='word_1_55' title='bbox 1615 420 1734 457; x_wconf 89' lang='lat' dir='ltr'>nobis</span> 
     </span>
     <span class='ocr_line' id='line_1_7' title="bbox 106 467 1735 518; baseline -0.005 -6"><span class='ocrx_word' id='word_1_56' title='bbox 106 473 403 513; x_wconf 82' lang='lat' dir='ltr'>infirmantibus</span> <span class='ocrx_word' id='word_1_57' title='bbox 423 472 610 518; x_wconf 82' lang='lat' dir='ltr'>eligimus</span> <span class='ocrx_word' id='word_1_58' title='bbox 631 470 809 516; x_wconf 89' lang='lat' dir='ltr'>accipere</span> <span class='ocrx_word' id='word_1_59' title='bbox 831 470 1083 507; x_wconf 88' lang='lat' dir='ltr'>medicinam.</span> <span class='ocrx_word' id='word_1_60' title='bbox 1107 469 1307 506; x_wconf 89' lang='lat' dir='ltr'>Interdum</span> <span class='ocrx_word' id='word_1_61' title='bbox 1327 469 1445 506; x_wconf 86' lang='lat' dir='ltr'>etiam</span> <span class='ocrx_word' id='word_1_62' title='bbox 1478 478 1526 505; x_wconf 81' lang='lat' dir='ltr'>ex</span> <span class='ocrx_word' id='word_1_63' title='bbox 1557 467 1735 513; x_wconf 90' lang='lat' dir='ltr'>corpori·</span> 
     </span>
     <span class='ocr_line' id='line_1_8' title="bbox 106 514 1735 567; baseline -0.005 -9"><span class='ocrx_word' id='word_1_64' title='bbox 106 522 184 559; x_wconf 89' lang='lat' dir='ltr'>bus</span> <span class='ocrx_word' id='word_1_65' title='bbox 205 520 434 558; x_wconf 85' lang='lat' dir='ltr'>coelestibus</span> <span class='ocrx_word' id='word_1_66' title='bbox 455 521 567 556; x_wconf 87' lang='lat' dir='ltr'>actus</span> <span class='ocrx_word' id='word_1_67' title='bbox 588 518 752 555; x_wconf 89' lang='lat' dir='ltr'>humani</span> <span class='ocrx_word' id='word_1_68' title='bbox 781 520 1011 561; x_wconf 84' lang='lat' dir='ltr'>causantur,</span> <span class='ocrx_word' id='word_1_69' title='bbox 1047 517 1089 552; x_wconf 88' lang='lat' dir='ltr'>in</span> <span class='ocrx_word' id='word_1_70' title='bbox 1121 519 1313 567; x_wconf 83' lang='lat' dir='ltr'>quantum</span> <span class='ocrx_word' id='word_1_71' title='bbox 1345 525 1393 553; x_wconf 83' lang='lat' dir='ltr'>ex</span> <span class='ocrx_word' id='word_1_72' title='bbox 1424 514 1735 561; x_wconf 88' lang='lat' dir='ltr'>indispositione</span> 
     </span>
     <span class='ocr_line' id='line_1_9' title="bbox 108 561 1734 614; baseline -0.005 -9"><span class='ocrx_word' id='word_1_73' title='bbox 108 567 289 614; x_wconf 88' lang='lat' dir='ltr'>corporis</span> <span class='ocrx_word' id='word_1_74' title='bbox 310 565 433 613; x_wconf 85' lang='lat' dir='ltr'>aliqui</span> <span class='ocrx_word' id='word_1_75' title='bbox 451 568 628 603; x_wconf 88' lang='lat' dir='ltr'>amentes</span> <span class='ocrx_word' id='word_1_76' title='bbox 653 563 880 601; x_wconf 87' lang='lat' dir='ltr'>efficiuntur</span> <span class='ocrx_word' id='word_1_77' title='bbox 899 572 975 601; x_wconf 91' lang='lat' dir='ltr'>usu</span> <span class='ocrx_word' id='word_1_78' title='bbox 996 563 1164 600; x_wconf 88' lang='lat' dir='ltr'>rationis</span> <span class='ocrx_word' id='word_1_79' title='bbox 1185 562 1339 608; x_wconf 88' lang='lat' dir='ltr'>privati,</span> <span class='ocrx_word' id='word_1_80' title='bbox 1359 562 1400 599; x_wconf 92' lang='lat' dir='ltr'>in</span> <span class='ocrx_word' id='word_1_81' title='bbox 1416 562 1561 609; x_wconf 90' lang='lat' dir='ltr'>quibus</span> <span class='ocrx_word' id='word_1_82' title='bbox 1576 561 1734 608; x_wconf 86' lang='lat' dir='ltr'>proprie</span> 
     </span>
     <span class='ocr_line' id='line_1_10' title="bbox 108 609 1686 657; baseline -0.004 -5"><span class='ocrx_word' id='word_1_83' title='bbox 108 615 250 653; x_wconf 84' lang='lat' dir='ltr'>electio</span> <span class='ocrx_word' id='word_1_84' title='bbox 271 622 351 650; x_wconf 91' lang='lat' dir='ltr'>non</span> <span class='ocrx_word' id='word_1_85' title='bbox 373 615 446 657; x_wconf 92' lang='lat' dir='ltr'>est,</span> <span class='ocrx_word' id='word_1_86' title='bbox 470 611 540 649; x_wconf 89' lang='lat' dir='ltr'>sed</span> <span class='ocrx_word' id='word_1_87' title='bbox 560 614 769 649; x_wconf 88' lang='lat' dir='ltr'>moventur</span> <span class='ocrx_word' id='word_1_88' title='bbox 793 610 927 657; x_wconf 88' lang='lat' dir='ltr'>aliquo</span> <span class='ocrx_word' id='word_1_89' title='bbox 948 609 1120 647; x_wconf 89' lang='lat' dir='ltr'>naturali</span> <span class='ocrx_word' id='word_1_90' title='bbox 1138 609 1344 652; x_wconf 90' lang='lat' dir='ltr'>instinctu,</span> <span class='ocrx_word' id='word_1_91' title='bbox 1367 609 1470 646; x_wconf 87' lang='lat' dir='ltr'>sicut</span> <span class='ocrx_word' id='word_1_92' title='bbox 1489 612 1528 646; x_wconf 90' lang='lat' dir='ltr'>et</span> <span class='ocrx_word' id='word_1_93' title='bbox 1559 609 1686 646; x_wconf 89' lang='lat' dir='ltr'>bruta.</span> 
     </span>
     <span class='ocr_line' id='line_1_11' title="bbox 156 655 1736 703; baseline -0.004 -5"><span class='ocrx_word' id='word_1_94' title='bbox 156 660 409 698; x_wconf 85' lang='lat' dir='ltr'>Manifestum</span> <span class='ocrx_word' id='word_1_95' title='bbox 429 662 561 696; x_wconf 89' lang='lat' dir='ltr'>autem</span> <span class='ocrx_word' id='word_1_96' title='bbox 581 661 655 703; x_wconf 89' lang='lat' dir='ltr'>est,</span> <span class='ocrx_word' id='word_1_97' title='bbox 675 661 713 694; x_wconf 89' lang='lat' dir='ltr'>et</span> <span class='ocrx_word' id='word_1_98' title='bbox 732 657 1001 703; x_wconf 84' lang='lat' dir='ltr'>experimento</span> <span class='ocrx_word' id='word_1_99' title='bbox 1016 656 1235 703; x_wconf 88' lang='lat' dir='ltr'>cognitum,</span> <span class='ocrx_word' id='word_1_100' title='bbox 1249 655 1355 703; x_wconf 87' lang='lat' dir='ltr'>quod</span> <span class='ocrx_word' id='word_1_101' title='bbox 1368 656 1468 693; x_wconf 87' lang='lat' dir='ltr'>tales</span> <span class='ocrx_word' id='word_1_102' title='bbox 1483 655 1736 699; x_wconf 87' lang='lat' dir='ltr'>occasiones,</span> 
     </span>
     <span class='ocr_line' id='line_1_12' title="bbox 110 701 1737 750; baseline -0.004 -5"><span class='ocrx_word' id='word_1_103' title='bbox 110 708 193 746; x_wconf 85' lang='lat' dir='ltr'>sive</span> <span class='ocrx_word' id='word_1_104' title='bbox 214 708 295 745; x_wconf 90' lang='lat' dir='ltr'>sint</span> <span class='ocrx_word' id='word_1_105' title='bbox 315 706 546 750; x_wconf 78' lang='lat' dir='ltr'>exteriores,</span> <span class='ocrx_word' id='word_1_106' title='bbox 569 705 652 742; x_wconf 86' lang='lat' dir='ltr'>sive</span> <span class='ocrx_word' id='word_1_107' title='bbox 673 705 754 742; x_wconf 89' lang='lat' dir='ltr'>sint</span> <span class='ocrx_word' id='word_1_108' title='bbox 774 704 999 747; x_wconf 88' lang='lat' dir='ltr'>interiores,</span> <span class='ocrx_word' id='word_1_109' title='bbox 1023 711 1104 740; x_wconf 89' lang='lat' dir='ltr'>non</span> <span class='ocrx_word' id='word_1_110' title='bbox 1125 706 1220 740; x_wconf 91' lang='lat' dir='ltr'>sunt</span> <span class='ocrx_word' id='word_1_111' title='bbox 1238 711 1361 740; x_wconf 88' lang='lat' dir='ltr'>causa</span> <span class='ocrx_word' id='word_1_112' title='bbox 1380 702 1609 739; x_wconf 88' lang='lat' dir='ltr'>necessaria</span> <span class='ocrx_word' id='word_1_113' title='bbox 1637 701 1737 738; x_wconf 87' lang='lat' dir='ltr'>elec-</span> 
     </span>
     <span class='ocr_line' id='line_1_13' title="bbox 108 748 1737 799; baseline -0.005 -7"><span class='ocrx_word' id='word_1_114' title='bbox 108 754 247 798; x_wconf 89' lang='lat' dir='ltr'>tionis,</span> <span class='ocrx_word' id='word_1_115' title='bbox 271 763 361 791; x_wconf 90' lang='lat' dir='ltr'>cum</span> <span class='ocrx_word' id='word_1_116' title='bbox 382 753 502 790; x_wconf 89' lang='lat' dir='ltr'>homo</span> <span class='ocrx_word' id='word_1_117' title='bbox 523 761 593 799; x_wconf 91' lang='lat' dir='ltr'>per</span> <span class='ocrx_word' id='word_1_118' title='bbox 612 752 807 789; x_wconf 89' lang='lat' dir='ltr'>rationem</span> <span class='ocrx_word' id='word_1_119' title='bbox 827 750 957 796; x_wconf 90' lang='lat' dir='ltr'>possit</span> <span class='ocrx_word' id='word_1_120' title='bbox 974 750 1033 787; x_wconf 88' lang='lat' dir='ltr'>eis</span> <span class='ocrx_word' id='word_1_121' title='bbox 1056 749 1244 787; x_wconf 90' lang='lat' dir='ltr'>resistere</span> <span class='ocrx_word' id='word_1_122' title='bbox 1263 749 1324 786; x_wconf 88' lang='lat' dir='ltr'>vel</span> <span class='ocrx_word' id='word_1_123' title='bbox 1346 748 1506 786; x_wconf 86' lang='lat' dir='ltr'>obedire</span> <span class='ocrx_word' id='word_1_124' title='bbox 1528 761 1536 791; x_wconf 89' lang='lat'><em>;</em></span> <span class='ocrx_word' id='word_1_125' title='bbox 1560 748 1630 785; x_wconf 89' lang='lat' dir='ltr'>sed</span> <span class='ocrx_word' id='word_1_126' title='bbox 1649 748 1737 794; x_wconf 90' lang='lat' dir='ltr'>plu-</span> 
     </span>
     <span class='ocr_line' id='line_1_14' title="bbox 109 794 1739 848; baseline -0.005 -10"><span class='ocrx_word' id='word_1_127' title='bbox 109 810 174 838; x_wconf 89' lang='lat' dir='ltr'>res</span> <span class='ocrx_word' id='word_1_128' title='bbox 195 805 287 838; x_wconf 91' lang='lat' dir='ltr'>sunt</span> <span class='ocrx_word' id='word_1_129' title='bbox 304 800 372 848; x_wconf 91' lang='lat' dir='ltr'>qui</span> <span class='ocrx_word' id='word_1_130' title='bbox 391 800 563 846; x_wconf 87' lang='lat' dir='ltr'>impetus</span> <span class='ocrx_word' id='word_1_131' title='bbox 584 798 785 836; x_wconf 85' lang='lat' dir='ltr'>naturales</span> <span class='ocrx_word' id='word_1_132' title='bbox 807 800 1040 844; x_wconf 86' lang='lat' dir='ltr'>sequuntur,</span> <span class='ocrx_word' id='word_1_133' title='bbox 1060 796 1269 842; x_wconf 83' lang='lat' dir='ltr'>pauciores</span> <span class='ocrx_word' id='word_1_134' title='bbox 1306 799 1451 839; x_wconf 90' lang='lat' dir='ltr'>autem,</span> <span class='ocrx_word' id='word_1_135' title='bbox 1473 795 1627 832; x_wconf 90' lang='lat' dir='ltr'>scilicet</span> <span class='ocrx_word' id='word_1_136' title='bbox 1662 794 1739 831; x_wconf 91' lang='lat' dir='ltr'>soli</span> 
     </span>
     <span class='ocr_line' id='line_1_15' title="bbox 111 843 1736 894; baseline -0.005 -9"><span class='ocrx_word' id='word_1_137' title='bbox 111 848 326 894; x_wconf 87' lang='lat' dir='ltr'>sapientes,</span> <span class='ocrx_word' id='word_1_138' title='bbox 348 847 416 894; x_wconf 87' lang='lat' dir='ltr'>qui</span> <span class='ocrx_word' id='word_1_139' title='bbox 434 846 647 884; x_wconf 87' lang='lat' dir='ltr'>occasione</span> <span class='ocrx_word' id='word_1_140' title='bbox 666 845 768 882; x_wconf 87' lang='lat' dir='ltr'>male</span> <span class='ocrx_word' id='word_1_141' title='bbox 784 844 925 890; x_wconf 85' lang='lat' dir='ltr'>agendi</span> <span class='ocrx_word' id='word_1_142' title='bbox 943 847 980 880; x_wconf 91' lang='lat' dir='ltr'>et</span> <span class='ocrx_word' id='word_1_143' title='bbox 1000 843 1202 880; x_wconf 87' lang='lat' dir='ltr'>naturales</span> <span class='ocrx_word' id='word_1_144' title='bbox 1218 843 1389 888; x_wconf 91' lang='lat' dir='ltr'>impetus</span> <span class='ocrx_word' id='word_1_145' title='bbox 1404 851 1483 879; x_wconf 94' lang='lat' dir='ltr'>non</span> <span class='ocrx_word' id='word_1_146' title='bbox 1499 844 1736 888; x_wconf 84' lang='lat' dir='ltr'>sequuntur.</span> 
     </span>
     <span class='ocr_line' id='line_1_16' title="bbox 111 887 1741 940; baseline -0.005 -9"><span class='ocrx_word' id='word_1_147' title='bbox 111 896 154 931; x_wconf 85' lang='lat' dir='ltr'>Et</span> <span class='ocrx_word' id='word_1_148' title='bbox 174 898 331 940; x_wconf 89' lang='lat' dir='ltr'>propter</span> <span class='ocrx_word' id='word_1_149' title='bbox 351 894 426 930; x_wconf 89' lang='lat' dir='ltr'>hoc</span> <span class='ocrx_word' id='word_1_150' title='bbox 447 893 542 930; x_wconf 90' lang='lat' dir='ltr'>dicit</span> <span class='ocrx_word' id='word_1_151' title='bbox 558 892 786 929; x_wconf 87' lang='lat' dir='ltr'>Ptolomeus</span> <span class='ocrx_word' id='word_1_152' title='bbox 808 892 848 927; x_wconf 95' lang='lat' dir='ltr'>in</span> <span class='ocrx_word' id='word_1_153' title='bbox 870 891 1102 935; x_wconf 71' lang='lat' dir='ltr'>Gentiloquz‘o,</span> <span class='ocrx_word' id='word_1_154' title='bbox 1128 889 1232 936; x_wconf 88' lang='lat' dir='ltr'>quod</span> <span class='ocrx_word' id='word_1_155' title='bbox 1254 890 1387 926; x_wconf 87' lang='lat' dir='ltr'>anima</span> <span class='ocrx_word' id='word_1_156' title='bbox 1401 889 1562 934; x_wconf 88' lang='lat' dir='ltr'>sapiens</span> <span class='ocrx_word' id='word_1_157' title='bbox 1579 887 1741 934; x_wconf 86' lang='lat' dir='ltr'>adjuvat</span> 
     </span>
     <span class='ocr_line' id='line_1_17' title="bbox 111 934 1737 987; baseline -0.004 -9"><span class='ocrx_word' id='word_1_158' title='bbox 111 951 212 987; x_wconf 88' lang='lat' dir='ltr'>opus</span> <span class='ocrx_word' id='word_1_159' title='bbox 231 941 449 985; x_wconf 85' lang='lat' dir='ltr'>stellarum,</span> <span class='ocrx_word' id='word_1_160' title='bbox 469 944 506 976; x_wconf 89' lang='lat' dir='ltr'>et</span> <span class='ocrx_word' id='word_1_161' title='bbox 524 939 630 986; x_wconf 85' lang='lat' dir='ltr'>quod</span> <span class='ocrx_word' id='word_1_162' title='bbox 645 948 725 976; x_wconf 93' lang='lat' dir='ltr'>non</span> <span class='ocrx_word' id='word_1_163' title='bbox 742 941 873 984; x_wconf 89' lang='lat' dir='ltr'>potest</span> <span class='ocrx_word' id='word_1_164' title='bbox 889 938 1116 984; x_wconf 85' lang='lat' dir='ltr'>astrologus</span> <span class='ocrx_word' id='word_1_165' title='bbox 1135 936 1389 982; x_wconf 84' lang='lat' dir='ltr'>darejudicia</span> <span class='ocrx_word' id='word_1_166' title='bbox 1404 934 1625 973; x_wconf 89' lang='lat' dir='ltr'>secundum</span> <span class='ocrx_word' id='word_1_167' title='bbox 1641 934 1737 972; x_wconf 84' lang='lat' dir='ltr'>stel-</span> 
     </span>
     <span class='ocr_line' id='line_1_18' title="bbox 111 981 1743 1031; baseline -0.005 -6"><span class='ocrx_word' id='word_1_168' title='bbox 111 989 184 1029; x_wconf 87' lang='lat' dir='ltr'>las,</span> <span class='ocrx_word' id='word_1_169' title='bbox 209 988 287 1024; x_wconf 89' lang='lat' dir='ltr'>nisi</span> <span class='ocrx_word' id='word_1_170' title='bbox 325 988 403 1024; x_wconf 83' lang='lat' dir='ltr'>vim</span> <span class='ocrx_word' id='word_1_171' title='bbox 438 987 580 1024; x_wconf 85' lang='lat' dir='ltr'>animae</span> <span class='ocrx_word' id='word_1_172' title='bbox 618 990 657 1022; x_wconf 91' lang='lat' dir='ltr'>et</span> <span class='ocrx_word' id='word_1_173' title='bbox 687 985 1003 1031; x_wconf 79' lang='lat' dir='ltr'>complexionem</span> <span class='ocrx_word' id='word_1_174' title='bbox 1032 983 1253 1021; x_wconf 87' lang='lat' dir='ltr'>naturalem</span> <span class='ocrx_word' id='word_1_175' title='bbox 1291 982 1392 1019; x_wconf 90' lang='lat' dir='ltr'>bene</span> <span class='ocrx_word' id='word_1_176' title='bbox 1430 981 1676 1028; x_wconf 84' lang='lat' dir='ltr'>cognoverit,</span> <span class='ocrx_word' id='word_1_177' title='bbox 1703 984 1743 1018; x_wconf 91' lang='lat' dir='ltr'>et</span> 
     </span>
     <span class='ocr_line' id='line_1_19' title="bbox 112 1027 1742 1081; baseline -0.004 -10"><span class='ocrx_word' id='word_1_178' title='bbox 112 1035 218 1081; x_wconf 88' lang='lat' dir='ltr'>quod</span> <span class='ocrx_word' id='word_1_179' title='bbox 240 1034 467 1080; x_wconf 83' lang='lat' dir='ltr'>astrologus</span> <span class='ocrx_word' id='word_1_180' title='bbox 488 1042 569 1070; x_wconf 92' lang='lat' dir='ltr'>non</span> <span class='ocrx_word' id='word_1_181' title='bbox 591 1032 705 1069; x_wconf 89' lang='lat' dir='ltr'>dehet</span> <span class='ocrx_word' id='word_1_182' title='bbox 721 1032 851 1069; x_wconf 89' lang='lat' dir='ltr'>dicere</span> <span class='ocrx_word' id='word_1_183' title='bbox 873 1041 954 1068; x_wconf 91' lang='lat' dir='ltr'>rem</span> <span class='ocrx_word' id='word_1_184' title='bbox 982 1030 1222 1077; x_wconf 87' lang='lat' dir='ltr'>specialiter,</span> <span class='ocrx_word' id='word_1_185' title='bbox 1245 1029 1315 1067; x_wconf 91' lang='lat' dir='ltr'>sed</span> <span class='ocrx_word' id='word_1_186' title='bbox 1334 1029 1627 1072; x_wconf 86' lang='lat' dir='ltr'>universaliter,</span> <span class='ocrx_word' id='word_1_187' title='bbox 1646 1027 1742 1074; x_wconf 88' lang='lat' dir='ltr'>quia</span> 
     </span>
     <span class='ocr_line' id='line_1_20' title="bbox 112 1074 1739 1126; baseline -0.004 -8"><span class='ocrx_word' id='word_1_188' title='bbox 112 1081 265 1119; x_wconf 85' lang='lat' dir='ltr'>scilicet</span> <span class='ocrx_word' id='word_1_189' title='bbox 286 1081 497 1126; x_wconf 87' lang='lat' dir='ltr'>impressio</span> <span class='ocrx_word' id='word_1_190' title='bbox 518 1080 723 1118; x_wconf 89' lang='lat' dir='ltr'>stellarum</span> <span class='ocrx_word' id='word_1_191' title='bbox 744 1079 785 1115; x_wconf 92' lang='lat' dir='ltr'>in</span> <span class='ocrx_word' id='word_1_192' title='bbox 806 1078 987 1124; x_wconf 90' lang='lat' dir='ltr'>pluribus</span> <span class='ocrx_word' id='word_1_193' title='bbox 1012 1078 1177 1115; x_wconf 84' lang='lat' dir='ltr'>sortitur</span> <span class='ocrx_word' id='word_1_194' title='bbox 1196 1077 1394 1120; x_wconf 78' lang='lat' dir='ltr'>effectum,</span> <span class='ocrx_word' id='word_1_195' title='bbox 1416 1076 1484 1123; x_wconf 87' lang='lat' dir='ltr'>qui</span> <span class='ocrx_word' id='word_1_196' title='bbox 1507 1084 1586 1112; x_wconf 90' lang='lat' dir='ltr'>non</span> <span class='ocrx_word' id='word_1_197' title='bbox 1617 1074 1739 1111; x_wconf 89' lang='lat' dir='ltr'>resis-</span> 
     </span>
     <span class='ocr_line' id='line_1_21' title="bbox 112 1121 1738 1173; baseline -0.004 -9"><span class='ocrx_word' id='word_1_198' title='bbox 112 1132 199 1164; x_wconf 87' lang='lat' dir='ltr'>tunt</span> <span class='ocrx_word' id='word_1_199' title='bbox 226 1127 474 1164; x_wconf 90' lang='lat' dir='ltr'>inclinationi</span> <span class='ocrx_word' id='word_1_200' title='bbox 497 1136 583 1173; x_wconf 83' lang='lat' dir='ltr'>quae</span> <span class='ocrx_word' id='word_1_201' title='bbox 601 1130 662 1163; x_wconf 90' lang='lat' dir='ltr'>est</span> <span class='ocrx_word' id='word_1_202' title='bbox 682 1136 729 1162; x_wconf 82' lang='lat' dir='ltr'>ex</span> <span class='ocrx_word' id='word_1_203' title='bbox 749 1134 1015 1171; x_wconf 88' lang='lat' dir='ltr'>corpore,non</span> <span class='ocrx_word' id='word_1_204' title='bbox 1033 1128 1164 1161; x_wconf 87' lang='lat' dir='ltr'>autem</span> <span class='ocrx_word' id='word_1_205' title='bbox 1185 1133 1341 1168; x_wconf 89' lang='lat' dir='ltr'>semper</span> <span class='ocrx_word' id='word_1_206' title='bbox 1360 1123 1403 1159; x_wconf 92' lang='lat' dir='ltr'>in</span> <span class='ocrx_word' id='word_1_207' title='bbox 1420 1123 1495 1159; x_wconf 91' lang='lat' dir='ltr'>hoc</span> <span class='ocrx_word' id='word_1_208' title='bbox 1510 1122 1571 1158; x_wconf 77' lang='lat' dir='ltr'>vel</span> <span class='ocrx_word' id='word_1_209' title='bbox 1590 1121 1631 1157; x_wconf 93' lang='lat' dir='ltr'>in</span> <span class='ocrx_word' id='word_1_210' title='bbox 1653 1121 1738 1164; x_wconf 89' lang='lat' dir='ltr'>illo,</span> 
     </span>
     <span class='ocr_line' id='line_1_22' title="bbox 114 1166 1741 1221; baseline -0.005 -10"><span class='ocrx_word' id='word_1_211' title='bbox 114 1174 180 1221; x_wconf 88' lang='lat' dir='ltr'>qui</span> <span class='ocrx_word' id='word_1_212' title='bbox 203 1174 301 1211; x_wconf 87' lang='lat' dir='ltr'>forte</span> <span class='ocrx_word' id='word_1_213' title='bbox 322 1183 390 1220; x_wconf 90' lang='lat' dir='ltr'>per</span> <span class='ocrx_word' id='word_1_214' title='bbox 410 1174 603 1211; x_wconf 86' lang='lat' dir='ltr'>rationem</span> <span class='ocrx_word' id='word_1_215' title='bbox 624 1172 794 1210; x_wconf 89' lang='lat' dir='ltr'>naturali</span> <span class='ocrx_word' id='word_1_216' title='bbox 812 1171 1062 1209; x_wconf 89' lang='lat' dir='ltr'>inclinationi</span> <span class='ocrx_word' id='word_1_217' title='bbox 1082 1170 1245 1208; x_wconf 84' lang='lat' dir='ltr'>resistit.</span> <span class='ocrx_word' id='word_1_218' title='bbox 1269 1170 1299 1217; x_wconf 95' lang='grc' dir='ltr'>(Ι</span> <span class='ocrx_word' id='word_1_219' title='bbox 1318 1173 1433 1216; x_wconf 89' lang='lat' dir='ltr'>part.,</span> <span class='ocrx_word' id='word_1_220' title='bbox 1448 1177 1584 1216; x_wconf 70' lang='lat' dir='ltr'>quxv,</span> <span class='ocrx_word' id='word_1_221' title='bbox 1601 1171 1672 1204; x_wconf 90' lang='lat' dir='ltr'>art.</span> <span class='ocrx_word' id='word_1_222' title='bbox 1687 1166 1741 1213; x_wconf 74' lang='lat'>4.)</span> 
     </span>
    </p>
   </div>
   <div class='ocr_carea' id='block_1_3' title="bbox 726 1316 1129 1359">
    <p class='ocr_par' dir='ltr' id='par_1_3' title="bbox 726 1316 1129 1359">
     <span class='ocr_line' id='line_1_23' title="bbox 726 1316 1129 1359; baseline -0.007 0"><span class='ocrx_word' id='word_1_223' title='bbox 726 1317 895 1359; x_wconf 89' lang='lat' dir='ltr'><strong>CAPUT</strong></span> <span class='ocrx_word' id='word_1_224' title='bbox 921 1316 1129 1358; x_wconf 87' lang='lat' dir='ltr'>LXXXVI.</span> 
     </span>
    </p>
   </div>
   <div class='ocr_carea' id='block_1_4' title="bbox 192 1425 1673 1513">
    <p class='ocr_par' dir='ltr' id='par_1_4' title="bbox 192 1425 1673 1513">
     <span class='ocr_line' id='line_1_24' title="bbox 192 1425 1673 1468; baseline -0.005 -5"><span class='ocrx_word' id='word_1_225' title='bbox 192 1434 292 1468; x_wconf 68' lang='lat' dir='ltr'>QUOD</span> <span class='ocrx_word' id='word_1_226' title='bbox 319 1431 564 1462; x_wconf 81' lang='lat' dir='ltr'>CORPORALES</span> <span class='ocrx_word' id='word_1_227' title='bbox 589 1431 780 1460; x_wconf 74' lang='lat' dir='ltr'><strong>EFFECTL‘S</strong></span> <span class='ocrx_word' id='word_1_228' title='bbox 806 1430 847 1459; x_wconf 81' lang='grc' dir='ltr'>ΙΝ</span> <span class='ocrx_word' id='word_1_229' title='bbox 867 1430 964 1458; x_wconf 82' lang='lat' dir='ltr'>ISTis</span> <span class='ocrx_word' id='word_1_230' title='bbox 979 1428 1249 1457; x_wconf 76' lang='lat' dir='ltr'>INFERIORIBUS</span> <span class='ocrx_word' id='word_1_231' title='bbox 1274 1427 1353 1456; x_wconf 73' lang='lat' dir='ltr'>NON</span> <span class='ocrx_word' id='word_1_232' title='bbox 1378 1426 1603 1461; x_wconf 63' lang='lat' dir='ltr'>SEQUUNTUR</span> <span class='ocrx_word' id='word_1_233' title='bbox 1621 1425 1673 1455; x_wconf 90' lang='lat' dir='ltr'>EX</span> 
     </span>
     <span class='ocr_line' id='line_1_25' title="bbox 510 1480 1351 1513; baseline -0.006 0"><span class='ocrx_word' id='word_1_234' title='bbox 510 1482 770 1513; x_wconf 81' lang='lat' dir='ltr'>NECESSITATE</span> <span class='ocrx_word' id='word_1_235' title='bbox 788 1482 816 1511; x_wconf 79' lang='lat' dir='ltr'>A</span> <span class='ocrx_word' id='word_1_236' title='bbox 836 1481 1072 1512; x_wconf 85' lang='lat' dir='ltr'>CORPORIBUS</span> <span class='ocrx_word' id='word_1_237' title='bbox 1093 1480 1351 1510; x_wconf 81' lang='lat' dir='ltr'>COELESTIBUS.</span> 
     </span>
    </p>
   </div>
   <div class='ocr_carea' id='block_1_5' title="bbox 116 1588 1747 2900">
    <p class='ocr_par' dir='ltr' id='par_1_5' title="bbox 116 1588 1745 1966">
     <span class='ocr_line' id='line_1_26' title="bbox 164 1588 1743 1638; baseline -0.003 -8"><span class='ocrx_word' id='word_1_238' title='bbox 164 1595 252 1631; x_wconf 75' lang='lat' dir='ltr'>Non</span> <span class='ocrx_word' id='word_1_239' title='bbox 274 1592 404 1630; x_wconf 89' lang='lat' dir='ltr'>solum</span> <span class='ocrx_word' id='word_1_240' title='bbox 437 1595 569 1629; x_wconf 89' lang='lat' dir='ltr'>autem</span> <span class='ocrx_word' id='word_1_241' title='bbox 599 1600 767 1638; x_wconf 89' lang='lat' dir='ltr'>corpora</span> <span class='ocrx_word' id='word_1_242' title='bbox 797 1591 977 1628; x_wconf 86' lang='lat' dir='ltr'>coelestia</span> <span class='ocrx_word' id='word_1_243' title='bbox 1013 1591 1198 1628; x_wconf 86' lang='lat' dir='ltr'>humanae</span> <span class='ocrx_word' id='word_1_244' title='bbox 1237 1588 1422 1626; x_wconf 91' lang='lat' dir='ltr'>electioni</span> <span class='ocrx_word' id='word_1_245' title='bbox 1462 1589 1743 1626; x_wconf 86' lang='lat' dir='ltr'>necessitatem</span> 
     </span>
     <span class='ocr_line' id='line_1_27' title="bbox 121 1635 1745 1685; baseline -0.003 -8"><span class='ocrx_word' id='word_1_246' title='bbox 121 1641 273 1677; x_wconf 84' lang='lat' dir='ltr'>inferre</span> <span class='ocrx_word' id='word_1_247' title='bbox 296 1648 376 1676; x_wconf 92' lang='lat' dir='ltr'>non</span> <span class='ocrx_word' id='word_1_248' title='bbox 394 1642 577 1685; x_wconf 89' lang='lat' dir='ltr'>possunt,</span> <span class='ocrx_word' id='word_1_249' title='bbox 599 1639 669 1675; x_wconf 89' lang='lat' dir='ltr'>sed</span> <span class='ocrx_word' id='word_1_250' title='bbox 689 1648 762 1676; x_wconf 90' lang='lat' dir='ltr'>nec</span> <span class='ocrx_word' id='word_1_251' title='bbox 792 1639 909 1675; x_wconf 84' lang='lat' dir='ltr'>etiam</span> <span class='ocrx_word' id='word_1_252' title='bbox 931 1637 1159 1684; x_wconf 89' lang='lat' dir='ltr'>corporales</span> <span class='ocrx_word' id='word_1_253' title='bbox 1180 1635 1345 1674; x_wconf 84' lang='lat' dir='ltr'>effectus</span> <span class='ocrx_word' id='word_1_254' title='bbox 1366 1636 1408 1673; x_wconf 89' lang='lat' dir='ltr'>in</span> <span class='ocrx_word' id='word_1_255' title='bbox 1427 1636 1517 1673; x_wconf 89' lang='lat' dir='ltr'>istis</span> <span class='ocrx_word' id='word_1_256' title='bbox 1546 1636 1745 1673; x_wconf 89' lang='lat' dir='ltr'>inferiori-</span> 
     </span>
     <span class='ocr_line' id='line_1_28' title="bbox 116 1684 1744 1731; baseline -0.003 -7"><span class='ocrx_word' id='word_1_257' title='bbox 116 1687 192 1724; x_wconf 90' lang='lat' dir='ltr'>bus</span> <span class='ocrx_word' id='word_1_258' title='bbox 214 1697 261 1724; x_wconf 77' lang='lat' dir='ltr'>ex</span> <span class='ocrx_word' id='word_1_259' title='bbox 280 1686 517 1724; x_wconf 85' lang='lat' dir='ltr'>necessitate</span> <span class='ocrx_word' id='word_1_260' title='bbox 536 1685 584 1723; x_wconf 89' lang='lat' dir='ltr'>ab</span> <span class='ocrx_word' id='word_1_261' title='bbox 612 1686 670 1723; x_wconf 91' lang='lat' dir='ltr'>eis</span> <span class='ocrx_word' id='word_1_262' title='bbox 690 1686 922 1731; x_wconf 85' lang='lat' dir='ltr'>procedunt.</span> <span class='ocrx_word' id='word_1_263' title='bbox 945 1685 1234 1731; x_wconf 81' lang='lat' dir='ltr'>impressiones</span> <span class='ocrx_word' id='word_1_264' title='bbox 1255 1684 1361 1721; x_wconf 90' lang='lat' dir='ltr'>enim</span> <span class='ocrx_word' id='word_1_265' title='bbox 1386 1691 1597 1720; x_wconf 89' lang='lat' dir='ltr'>causarum</span> <span class='ocrx_word' id='word_1_266' title='bbox 1630 1686 1744 1720; x_wconf 89' lang='lat' dir='ltr'>natu·</span> 
     </span>
     <span class='ocr_line' id='line_1_29' title="bbox 117 1730 1745 1779; baseline -0.002 -9"><span class='ocrx_word' id='word_1_267' title='bbox 117 1734 261 1771; x_wconf 87' lang='lat' dir='ltr'>raliuin</span> <span class='ocrx_word' id='word_1_268' title='bbox 282 1733 478 1779; x_wconf 89' lang='lat' dir='ltr'>recipiunt</span> <span class='ocrx_word' id='word_1_269' title='bbox 498 1733 539 1769; x_wconf 89' lang='lat' dir='ltr'>in</span> <span class='ocrx_word' id='word_1_270' title='bbox 560 1731 768 1770; x_wconf 86' lang='lat' dir='ltr'>effectibus</span> <span class='ocrx_word' id='word_1_271' title='bbox 784 1732 1005 1770; x_wconf 86' lang='lat' dir='ltr'>secundum</span> <span class='ocrx_word' id='word_1_272' title='bbox 1021 1731 1297 1777; x_wconf 89' lang='lat' dir='ltr'>recipientium</span> <span class='ocrx_word' id='word_1_273' title='bbox 1314 1730 1491 1768; x_wconf 89' lang='lat' dir='ltr'>modum.</span> <span class='ocrx_word' id='word_1_274' title='bbox 1506 1731 1595 1768; x_wconf 85' lang='lat' dir='ltr'>Haec</span> <span class='ocrx_word' id='word_1_275' title='bbox 1612 1733 1745 1767; x_wconf 86' lang='lat' dir='ltr'>autem</span> 
     </span>
     <span class='ocr_line' id='line_1_30' title="bbox 117 1777 1745 1824; baseline -0.002 -7"><span class='ocrx_word' id='word_1_276' title='bbox 117 1781 308 1817; x_wconf 84' lang='lat' dir='ltr'>inferiora</span> <span class='ocrx_word' id='word_1_277' title='bbox 327 1783 422 1817; x_wconf 89' lang='lat' dir='ltr'>sunt</span> <span class='ocrx_word' id='word_1_278' title='bbox 440 1779 648 1824; x_wconf 79' lang='lat' dir='ltr'>fluxibilia‚</span> <span class='ocrx_word' id='word_1_279' title='bbox 671 1783 710 1816; x_wconf 90' lang='lat' dir='ltr'>et</span> <span class='ocrx_word' id='word_1_280' title='bbox 728 1788 810 1816; x_wconf 90' lang='lat' dir='ltr'>non</span> <span class='ocrx_word' id='word_1_281' title='bbox 831 1788 986 1824; x_wconf 88' lang='lat' dir='ltr'>semper</span> <span class='ocrx_word' id='word_1_282' title='bbox 1009 1779 1148 1816; x_wconf 89' lang='lat' dir='ltr'>eodem</span> <span class='ocrx_word' id='word_1_283' title='bbox 1169 1778 1288 1815; x_wconf 90' lang='lat' dir='ltr'>modo</span> <span class='ocrx_word' id='word_1_284' title='bbox 1309 1786 1352 1814; x_wconf 91' lang='lat' dir='ltr'>se</span> <span class='ocrx_word' id='word_1_285' title='bbox 1380 1777 1567 1814; x_wconf 85' lang='lat' dir='ltr'>habentia</span> <span class='ocrx_word' id='word_1_286' title='bbox 1586 1780 1745 1822; x_wconf 87' lang='lat' dir='ltr'>propter</span> 
     </span>
     <span class='ocr_line' id='line_1_31' title="bbox 117 1823 1744 1873; baseline -0.003 -9"><span class='ocrx_word' id='word_1_287' title='bbox 117 1828 338 1867; x_wconf 85' lang='lat' dir='ltr'>materiam,</span> <span class='ocrx_word' id='word_1_288' title='bbox 361 1835 448 1873; x_wconf 82' lang='lat' dir='ltr'>quae</span> <span class='ocrx_word' id='word_1_289' title='bbox 470 1830 530 1863; x_wconf 87' lang='lat' dir='ltr'>est</span> <span class='ocrx_word' id='word_1_290' title='bbox 552 1827 594 1863; x_wconf 89' lang='lat' dir='ltr'>in</span> <span class='ocrx_word' id='word_1_291' title='bbox 615 1827 791 1872; x_wconf 89' lang='lat' dir='ltr'>potentia</span> <span class='ocrx_word' id='word_1_292' title='bbox 812 1826 859 1862; x_wconf 89' lang='lat' dir='ltr'>ad</span> <span class='ocrx_word' id='word_1_293' title='bbox 890 1827 1024 1871; x_wconf 91' lang='lat' dir='ltr'>plures</span> <span class='ocrx_word' id='word_1_294' title='bbox 1044 1825 1206 1869; x_wconf 89' lang='lat' dir='ltr'>formas,</span> <span class='ocrx_word' id='word_1_295' title='bbox 1228 1828 1267 1861; x_wconf 89' lang='lat' dir='ltr'>et</span> <span class='ocrx_word' id='word_1_296' title='bbox 1297 1827 1455 1870; x_wconf 87' lang='lat' dir='ltr'>propter</span> <span class='ocrx_word' id='word_1_297' title='bbox 1487 1823 1744 1861; x_wconf 85' lang='lat' dir='ltr'>contrarieta-</span> 
     </span>
     <span class='ocr_line' id='line_1_32' title="bbox 116 1869 1744 1919; baseline -0.001 -10"><span class='ocrx_word' id='word_1_298' title='bbox 116 1877 195 1910; x_wconf 86' lang='lat' dir='ltr'>tem</span> <span class='ocrx_word' id='word_1_299' title='bbox 218 1874 434 1910; x_wconf 72' lang='lat' dir='ltr'>t‘ormarum</span> <span class='ocrx_word' id='word_1_300' title='bbox 455 1877 492 1909; x_wconf 94' lang='lat' dir='ltr'>et</span> <span class='ocrx_word' id='word_1_301' title='bbox 507 1873 710 1910; x_wconf 85' lang='lat' dir='ltr'>virtutum.</span> <span class='ocrx_word' id='word_1_302' title='bbox 733 1875 820 1910; x_wconf 91' lang='lat' dir='ltr'>Non</span> <span class='ocrx_word' id='word_1_303' title='bbox 841 1873 963 1919; x_wconf 85' lang='lat' dir='ltr'>igitur</span> <span class='ocrx_word' id='word_1_304' title='bbox 979 1872 1268 1917; x_wconf 89' lang='lat' dir='ltr'>impressiones</span> <span class='ocrx_word' id='word_1_305' title='bbox 1288 1879 1502 1917; x_wconf 92' lang='lat' dir='ltr'>corporum</span> <span class='ocrx_word' id='word_1_306' title='bbox 1520 1869 1744 1908; x_wconf 86' lang='lat' dir='ltr'>coelestium</span> 
     </span>
     <span class='ocr_line' id='line_1_33' title="bbox 116 1917 1328 1966; baseline -0.003 -9"><span class='ocrx_word' id='word_1_307' title='bbox 116 1921 316 1966; x_wconf 88' lang='lat' dir='ltr'>recipiunt</span> <span class='ocrx_word' id='word_1_308' title='bbox 343 1920 384 1956; x_wconf 92' lang='lat' dir='ltr'>in</span> <span class='ocrx_word' id='word_1_309' title='bbox 405 1919 494 1957; x_wconf 92' lang='lat' dir='ltr'>istis</span> <span class='ocrx_word' id='word_1_310' title='bbox 514 1919 772 1956; x_wconf 84' lang='lat' dir='ltr'>inferioribus</span> <span class='ocrx_word' id='word_1_311' title='bbox 791 1929 860 1965; x_wconf 91' lang='lat' dir='ltr'>per</span> <span class='ocrx_word' id='word_1_312' title='bbox 880 1919 1041 1956; x_wconf 89' lang='lat' dir='ltr'>modum</span> <span class='ocrx_word' id='word_1_313' title='bbox 1063 1917 1328 1955; x_wconf 88' lang='lat' dir='ltr'>necessitatis.</span> 
     </span>
    </p>

    <p class='ocr_par' dir='ltr' id='par_1_6' title="bbox 116 1963 1747 2340">
     <span class='ocr_line' id='line_1_34' title="bbox 163 1963 1746 2012; baseline -0.002 -9"><span class='ocrx_word' id='word_1_314' title='bbox 163 1968 264 2010; x_wconf 82' lang='lat' dir='ltr'>Item,</span> <span class='ocrx_word' id='word_1_315' title='bbox 278 1976 301 2004; x_wconf 91' lang='lat' dir='ltr'>a</span> <span class='ocrx_word' id='word_1_316' title='bbox 321 1975 443 2003; x_wconf 85' lang='lat' dir='ltr'>causa</span> <span class='ocrx_word' id='word_1_317' title='bbox 460 1970 612 2003; x_wconf 88' lang='lat' dir='ltr'>remota</span> <span class='ocrx_word' id='word_1_318' title='bbox 632 1975 712 2002; x_wconf 90' lang='lat' dir='ltr'>non</span> <span class='ocrx_word' id='word_1_319' title='bbox 732 1966 913 2012; x_wconf 88' lang='lat' dir='ltr'>sequitur</span> <span class='ocrx_word' id='word_1_320' title='bbox 931 1964 1095 2002; x_wconf 86' lang='lat' dir='ltr'>effectus</span> <span class='ocrx_word' id='word_1_321' title='bbox 1116 1964 1164 2001; x_wconf 90' lang='lat' dir='ltr'>de</span> <span class='ocrx_word' id='word_1_322' title='bbox 1183 1964 1435 2006; x_wconf 89' lang='lat' dir='ltr'>necessitate,</span> <span class='ocrx_word' id='word_1_323' title='bbox 1451 1963 1544 2008; x_wconf 87' lang='lat' dir='ltr'>nisi,</span> <span class='ocrx_word' id='word_1_324' title='bbox 1560 1964 1678 2000; x_wconf 87' lang='lat' dir='ltr'>etiam</span> <span class='ocrx_word' id='word_1_325' title='bbox 1693 1964 1746 2001; x_wconf 89' lang='lat' dir='ltr'>sit</span> 
     </span>
     <span class='ocr_line' id='line_1_35' title="bbox 117 2010 1737 2059; baseline -0.002 -8"><span class='ocrx_word' id='word_1_326' title='bbox 117 2022 240 2052; x_wconf 88' lang='lat' dir='ltr'>causa</span> <span class='ocrx_word' id='word_1_327' title='bbox 258 2013 388 2050; x_wconf 88' lang='lat' dir='ltr'>media</span> <span class='ocrx_word' id='word_1_328' title='bbox 405 2013 647 2056; x_wconf 87' lang='lat' dir='ltr'>necessaria,</span> <span class='ocrx_word' id='word_1_329' title='bbox 669 2013 771 2050; x_wconf 91' lang='lat' dir='ltr'>sicut</span> <span class='ocrx_word' id='word_1_330' title='bbox 792 2016 830 2048; x_wconf 92' lang='lat' dir='ltr'>et</span> <span class='ocrx_word' id='word_1_331' title='bbox 848 2013 889 2048; x_wconf 88' lang='lat' dir='ltr'>in</span> <span class='ocrx_word' id='word_1_332' title='bbox 913 2012 1159 2059; x_wconf 80' lang='lat' dir='ltr'>syllogismis</span> <span class='ocrx_word' id='word_1_333' title='bbox 1180 2021 1228 2048; x_wconf 82' lang='lat' dir='ltr'>ex</span> <span class='ocrx_word' id='word_1_334' title='bbox 1248 2011 1387 2057; x_wconf 89' lang='lat' dir='ltr'>majori</span> <span class='ocrx_word' id='word_1_335' title='bbox 1411 2010 1458 2047; x_wconf 93' lang='lat' dir='ltr'>de</span> <span class='ocrx_word' id='word_1_336' title='bbox 1484 2010 1737 2055; x_wconf 88' lang='lat' dir='ltr'>necessitate,</span> 
     </span>
     <span class='ocr_line' id='line_1_36' title="bbox 118 2057 1742 2107; baseline -0.002 -10"><span class='ocrx_word' id='word_1_337' title='bbox 118 2064 158 2097; x_wconf 91' lang='lat' dir='ltr'>et</span> <span class='ocrx_word' id='word_1_338' title='bbox 177 2060 323 2097; x_wconf 89' lang='lat' dir='ltr'>minori</span> <span class='ocrx_word' id='word_1_339' title='bbox 345 2059 392 2096; x_wconf 87' lang='lat' dir='ltr'>de</span> <span class='ocrx_word' id='word_1_340' title='bbox 412 2059 673 2107; x_wconf 86' lang='lat' dir='ltr'>contingenti,</span> <span class='ocrx_word' id='word_1_341' title='bbox 696 2068 774 2096; x_wconf 94' lang='lat' dir='ltr'>non</span> <span class='ocrx_word' id='word_1_342' title='bbox 795 2059 975 2105; x_wconf 78' lang='lat' dir='ltr'>sequitui·</span> <span class='ocrx_word' id='word_1_343' title='bbox 996 2058 1203 2096; x_wconf 88' lang='lat' dir='ltr'>conclusio</span> <span class='ocrx_word' id='word_1_344' title='bbox 1224 2058 1272 2095; x_wconf 89' lang='lat' dir='ltr'>de</span> <span class='ocrx_word' id='word_1_345' title='bbox 1293 2057 1545 2095; x_wconf 89' lang='lat' dir='ltr'>necessitate.</span> <span class='ocrx_word' id='word_1_346' title='bbox 1567 2058 1742 2103; x_wconf 88' lang='lat' dir='ltr'>Corpora</span> 
     </span>
     <span class='ocr_line' id='line_1_37' title="bbox 118 2104 1742 2144; baseline -0.002 0"><span class='ocrx_word' id='word_1_347' title='bbox 118 2110 250 2144; x_wconf 88' lang='lat' dir='ltr'>autem</span> <span class='ocrx_word' id='word_1_348' title='bbox 271 2106 448 2144; x_wconf 87' lang='lat' dir='ltr'>coelestia</span> <span class='ocrx_word' id='word_1_349' title='bbox 467 2110 561 2143; x_wconf 88' lang='lat' dir='ltr'>sunt</span> <span class='ocrx_word' id='word_1_350' title='bbox 580 2115 711 2144; x_wconf 81' lang='lat' dir='ltr'>causae</span> <span class='ocrx_word' id='word_1_351' title='bbox 746 2110 920 2143; x_wconf 84' lang='lat' dir='ltr'>remotae.</span> <span class='ocrx_word' id='word_1_352' title='bbox 947 2106 1141 2143; x_wconf 78' lang='lat' dir='ltr'>Proximae</span> <span class='ocrx_word' id='word_1_353' title='bbox 1176 2108 1308 2142; x_wconf 87' lang='lat' dir='ltr'>autem</span> <span class='ocrx_word' id='word_1_354' title='bbox 1343 2112 1474 2141; x_wconf 85' lang='lat' dir='ltr'>causae</span> <span class='ocrx_word' id='word_1_355' title='bbox 1505 2104 1742 2141; x_wconf 86' lang='lat' dir='ltr'>inferiorum</span> 
     </span>
     <span class='ocr_line' id='line_1_38' title="bbox 117 2150 1745 2198; baseline -0.002 -8"><span class='ocrx_word' id='word_1_356' title='bbox 117 2153 331 2190; x_wconf 85' lang='lat' dir='ltr'>effectuum</span> <span class='ocrx_word' id='word_1_357' title='bbox 349 2157 443 2190; x_wconf 90' lang='lat' dir='ltr'>sunt</span> <span class='ocrx_word' id='word_1_358' title='bbox 464 2153 629 2190; x_wconf 88' lang='lat' dir='ltr'>virtutes</span> <span class='ocrx_word' id='word_1_359' title='bbox 660 2153 796 2191; x_wconf 84' lang='lat' dir='ltr'>activae</span> <span class='ocrx_word' id='word_1_360' title='bbox 826 2157 864 2190; x_wconf 90' lang='lat' dir='ltr'>et</span> <span class='ocrx_word' id='word_1_361' title='bbox 882 2153 1052 2198; x_wconf 82' lang='lat' dir='ltr'>passivae</span> <span class='ocrx_word' id='word_1_362' title='bbox 1078 2153 1120 2189; x_wconf 89' lang='lat' dir='ltr'>in</span> <span class='ocrx_word' id='word_1_363' title='bbox 1141 2151 1231 2189; x_wconf 88' lang='lat' dir='ltr'>istis</span> <span class='ocrx_word' id='word_1_364' title='bbox 1250 2150 1524 2195; x_wconf 83' lang='lat' dir='ltr'>inferioribus,</span> <span class='ocrx_word' id='word_1_365' title='bbox 1545 2160 1632 2197; x_wconf 86' lang='lat' dir='ltr'>quae</span> <span class='ocrx_word' id='word_1_366' title='bbox 1663 2160 1745 2188; x_wconf 92' lang='lat' dir='ltr'>non</span> 
     </span>
     <span class='ocr_line' id='line_1_39' title="bbox 118 2197 1747 2246; baseline -0.001 -9"><span class='ocrx_word' id='word_1_367' title='bbox 118 2205 213 2237; x_wconf 89' lang='lat' dir='ltr'>sunt</span> <span class='ocrx_word' id='word_1_368' title='bbox 230 2209 361 2237; x_wconf 85' lang='lat' dir='ltr'>causae</span> <span class='ocrx_word' id='word_1_369' title='bbox 381 2200 634 2245; x_wconf 86' lang='lat' dir='ltr'>necessariae,</span> <span class='ocrx_word' id='word_1_370' title='bbox 662 2199 734 2237; x_wconf 89' lang='lat' dir='ltr'>sed</span> <span class='ocrx_word' id='word_1_371' title='bbox 766 2200 1058 2246; x_wconf 86' lang='lat' dir='ltr'>contingentes.</span> <span class='ocrx_word' id='word_1_372' title='bbox 1079 2200 1254 2237; x_wconf 91' lang='lat' dir='ltr'>Possunt</span> <span class='ocrx_word' id='word_1_373' title='bbox 1282 2198 1388 2235; x_wconf 91' lang='lat' dir='ltr'>enim</span> <span class='ocrx_word' id='word_1_374' title='bbox 1423 2197 1592 2235; x_wconf 89' lang='lat' dir='ltr'>deficere</span> <span class='ocrx_word' id='word_1_375' title='bbox 1626 2201 1669 2235; x_wconf 93' lang='lat' dir='ltr'>ut</span> <span class='ocrx_word' id='word_1_376' title='bbox 1704 2198 1747 2235; x_wconf 88' lang='lat' dir='ltr'>in</span> 
     </span>
     <span class='ocr_line' id='line_1_40' title="bbox 116 2244 1744 2299; baseline -0.002 -15"><span class='ocrx_word' id='word_1_377' title='bbox 116 2246 387 2299; x_wconf 80' lang='lat' dir='ltr'>paucioribus.</span> <span class='ocrx_word' id='word_1_378' title='bbox 406 2248 492 2284; x_wconf 89' lang='lat' dir='ltr'>Non</span> <span class='ocrx_word' id='word_1_379' title='bbox 513 2256 607 2294; x_wconf 87' lang='lat' dir='ltr'>ergo</span> <span class='ocrx_word' id='word_1_380' title='bbox 628 2256 676 2283; x_wconf 85' lang='lat' dir='ltr'>ex</span> <span class='ocrx_word' id='word_1_381' title='bbox 695 2246 928 2292; x_wconf 88' lang='lat' dir='ltr'>corporibus</span> <span class='ocrx_word' id='word_1_382' title='bbox 949 2246 1180 2284; x_wconf 85' lang='lat' dir='ltr'>coelestibus</span> <span class='ocrx_word' id='word_1_383' title='bbox 1211 2248 1433 2292; x_wconf 89' lang='lat' dir='ltr'>sequuntur</span> <span class='ocrx_word' id='word_1_384' title='bbox 1449 2245 1492 2282; x_wconf 92' lang='lat' dir='ltr'>in</span> <span class='ocrx_word' id='word_1_385' title='bbox 1524 2244 1614 2282; x_wconf 90' lang='lat' dir='ltr'>istis</span> <span class='ocrx_word' id='word_1_386' title='bbox 1644 2244 1744 2282; x_wconf 87' lang='lat' dir='ltr'>infe·</span> 
     </span>
     <span class='ocr_line' id='line_1_41' title="bbox 116 2293 1072 2340; baseline -0.001 -9"><span class='ocrx_word' id='word_1_387' title='bbox 116 2294 293 2331; x_wconf 85' lang='lat' dir='ltr'>rioribus</span> <span class='ocrx_word' id='word_1_388' title='bbox 313 2294 548 2340; x_wconf 88' lang='lat' dir='ltr'>corporibus</span> <span class='ocrx_word' id='word_1_389' title='bbox 568 2293 733 2331; x_wconf 84' lang='lat' dir='ltr'>effectus</span> <span class='ocrx_word' id='word_1_390' title='bbox 752 2294 799 2330; x_wconf 92' lang='lat' dir='ltr'>de</span> <span class='ocrx_word' id='word_1_391' title='bbox 821 2293 1072 2331; x_wconf 89' lang='lat' dir='ltr'>necessitate.</span> 
     </span>
    </p>

    <p class='ocr_par' dir='ltr' id='par_1_7' title="bbox 116 2338 1746 2574">
     <span class='ocr_line' id='line_1_42' title="bbox 164 2338 1746 2386; baseline -0.001 -10"><span class='ocrx_word' id='word_1_392' title='bbox 164 2342 354 2382; x_wconf 65' lang='lat' dir='ltr'>Praeterea,</span> <span class='ocrx_word' id='word_1_393' title='bbox 376 2344 509 2378; x_wconf 89' lang='lat' dir='ltr'>motus</span> <span class='ocrx_word' id='word_1_394' title='bbox 526 2340 747 2378; x_wconf 80' lang='lat' dir='ltr'>coelestium</span> <span class='ocrx_word' id='word_1_395' title='bbox 769 2349 979 2386; x_wconf 90' lang='lat' dir='ltr'>corporum</span> <span class='ocrx_word' id='word_1_396' title='bbox 998 2349 1154 2386; x_wconf 89' lang='lat' dir='ltr'>semper</span> <span class='ocrx_word' id='word_1_397' title='bbox 1172 2342 1233 2376; x_wconf 89' lang='lat' dir='ltr'>est</span> <span class='ocrx_word' id='word_1_398' title='bbox 1252 2338 1389 2376; x_wconf 88' lang='lat' dir='ltr'>eodem</span> <span class='ocrx_word' id='word_1_399' title='bbox 1411 2338 1544 2376; x_wconf 91' lang='lat' dir='ltr'>modo.</span> <span class='ocrx_word' id='word_1_400' title='bbox 1565 2338 1603 2375; x_wconf 88' lang='lat' dir='ltr'>Si</span> <span class='ocrx_word' id='word_1_401' title='bbox 1623 2338 1746 2384; x_wconf 86' lang='lat' dir='ltr'>igitur</span> 
     </span>
     <span class='ocr_line' id='line_1_43' title="bbox 118 2386 1743 2434; baseline -0.002 -9"><span class='ocrx_word' id='word_1_402' title='bbox 118 2386 284 2425; x_wconf 85' lang='lat' dir='ltr'>effectus</span> <span class='ocrx_word' id='word_1_403' title='bbox 304 2387 527 2425; x_wconf 86' lang='lat' dir='ltr'>coelestium</span> <span class='ocrx_word' id='word_1_404' title='bbox 560 2396 772 2434; x_wconf 89' lang='lat' dir='ltr'>corporum</span> <span class='ocrx_word' id='word_1_405' title='bbox 794 2388 834 2423; x_wconf 92' lang='lat' dir='ltr'>in</span> <span class='ocrx_word' id='word_1_406' title='bbox 855 2387 944 2424; x_wconf 86' lang='lat' dir='ltr'>istis</span> <span class='ocrx_word' id='word_1_407' title='bbox 962 2386 1220 2424; x_wconf 86' lang='lat' dir='ltr'>inferioribus</span> <span class='ocrx_word' id='word_1_408' title='bbox 1241 2386 1476 2432; x_wconf 87' lang='lat' dir='ltr'>corporibus</span> <span class='ocrx_word' id='word_1_409' title='bbox 1496 2395 1543 2422; x_wconf 77' lang='lat' dir='ltr'>ex</span> <span class='ocrx_word' id='word_1_410' title='bbox 1564 2386 1743 2422; x_wconf 88' lang='lat' dir='ltr'>necessi·</span> 
     </span>
     <span class='ocr_line' id='line_1_44' title="bbox 116 2431 1743 2481; baseline -0.001 -11"><span class='ocrx_word' id='word_1_411' title='bbox 116 2437 195 2471; x_wconf 88' lang='lat' dir='ltr'>tate</span> <span class='ocrx_word' id='word_1_412' title='bbox 216 2435 483 2481; x_wconf 81' lang='lat' dir='ltr'>provenirent,</span> <span class='ocrx_word' id='word_1_413' title='bbox 504 2443 661 2480; x_wconf 84' lang='lat' dir='ltr'>semper</span> <span class='ocrx_word' id='word_1_414' title='bbox 691 2434 830 2471; x_wconf 90' lang='lat' dir='ltr'>eodem</span> <span class='ocrx_word' id='word_1_415' title='bbox 869 2434 988 2471; x_wconf 91' lang='lat' dir='ltr'>modo</span> <span class='ocrx_word' id='word_1_416' title='bbox 1009 2442 1052 2471; x_wconf 89' lang='lat' dir='ltr'>sc</span> <span class='ocrx_word' id='word_1_417' title='bbox 1081 2433 1272 2470; x_wconf 88' lang='lat' dir='ltr'>haberent</span> <span class='ocrx_word' id='word_1_418' title='bbox 1292 2442 1380 2479; x_wconf 84' lang='lat' dir='ltr'>quae</span> <span class='ocrx_word' id='word_1_419' title='bbox 1412 2433 1453 2470; x_wconf 89' lang='lat' dir='ltr'>in</span> <span class='ocrx_word' id='word_1_420' title='bbox 1485 2431 1743 2469; x_wconf 84' lang='lat' dir='ltr'>inferioribus</span> 
     </span>
     <span class='ocr_line' id='line_1_45' title="bbox 118 2479 1742 2534; baseline -0.002 -16"><span class='ocrx_word' id='word_1_421' title='bbox 118 2486 224 2518; x_wconf 88' lang='lat' dir='ltr'>sunt.</span> <span class='ocrx_word' id='word_1_422' title='bbox 247 2484 332 2519; x_wconf 88' lang='lat' dir='ltr'>Non</span> <span class='ocrx_word' id='word_1_423' title='bbox 353 2485 484 2534; x_wconf 82' lang='lat' dir='ltr'>autem</span> <span class='ocrx_word' id='word_1_424' title='bbox 505 2490 661 2527; x_wconf 89' lang='lat' dir='ltr'>semper</span> <span class='ocrx_word' id='word_1_425' title='bbox 676 2481 816 2533; x_wconf 86' lang='lat' dir='ltr'>eodem</span> <span class='ocrx_word' id='word_1_426' title='bbox 836 2481 954 2518; x_wconf 92' lang='lat' dir='ltr'>modo</span> <span class='ocrx_word' id='word_1_427' title='bbox 973 2489 1016 2518; x_wconf 88' lang='lat' dir='ltr'>se</span> <span class='ocrx_word' id='word_1_428' title='bbox 1038 2480 1196 2522; x_wconf 87' lang='lat' dir='ltr'>habent,</span> <span class='ocrx_word' id='word_1_429' title='bbox 1226 2479 1295 2517; x_wconf 90' lang='lat' dir='ltr'>sed</span> <span class='ocrx_word' id='word_1_430' title='bbox 1315 2484 1357 2517; x_wconf 91' lang='lat' dir='ltr'>ut</span> <span class='ocrx_word' id='word_1_431' title='bbox 1377 2480 1418 2516; x_wconf 91' lang='lat' dir='ltr'>in</span> <span class='ocrx_word' id='word_1_432' title='bbox 1438 2479 1634 2526; x_wconf 89' lang='lat' dir='ltr'>pluribus.</span> <span class='ocrx_word' id='word_1_433' title='bbox 1655 2480 1742 2515; x_wconf 78' lang='lat' dir='ltr'>Non</span> 
     </span>
     <span class='ocr_line' id='line_1_46' title="bbox 125 2531 816 2574; baseline 0 -10"><span class='ocrx_word' id='word_1_434' title='bbox 125 2536 222 2573; x_wconf 85' lang='lat' dir='ltr'>ergo</span> <span class='ocrx_word' id='word_1_435' title='bbox 243 2538 291 2565; x_wconf 82' lang='lat' dir='ltr'>ex</span> <span class='ocrx_word' id='word_1_436' title='bbox 309 2531 547 2565; x_wconf 86' lang='lat' dir='ltr'>necessitate</span> <span class='ocrx_word' id='word_1_437' title='bbox 565 2532 816 2574; x_wconf 85' lang='lat' dir='ltr'>proveniunt.</span> 
     </span>
    </p>

    <p class='ocr_par' dir='ltr' id='par_1_8' title="bbox 118 2572 1743 2900">
     <span class='ocr_line' id='line_1_47' title="bbox 160 2572 1738 2626; baseline -0.001 -17"><span class='ocrx_word' id='word_1_438' title='bbox 160 2575 304 2626; x_wconf 64' lang='lat' dir='ltr'>Adhuc,</span> <span class='ocrx_word' id='word_1_439' title='bbox 328 2584 376 2611; x_wconf 78' lang='lat' dir='ltr'>ex</span> <span class='ocrx_word' id='word_1_440' title='bbox 395 2575 532 2612; x_wconf 90' lang='lat' dir='ltr'>multis</span> <span class='ocrx_word' id='word_1_441' title='bbox 560 2575 885 2622; x_wconf 87' lang='lat' dir='ltr'>contingentibus</span> <span class='ocrx_word' id='word_1_442' title='bbox 907 2583 988 2612; x_wconf 93' lang='lat' dir='ltr'>non</span> <span class='ocrx_word' id='word_1_443' title='bbox 1022 2578 1151 2621; x_wconf 90' lang='lat' dir='ltr'>potest</span> <span class='ocrx_word' id='word_1_444' title='bbox 1184 2574 1270 2612; x_wconf 89' lang='lat' dir='ltr'>fieri</span> <span class='ocrx_word' id='word_1_445' title='bbox 1303 2583 1427 2611; x_wconf 89' lang='lat' dir='ltr'>unum</span> <span class='ocrx_word' id='word_1_446' title='bbox 1451 2572 1738 2615; x_wconf 88' lang='lat' dir='ltr'>necessarium,</span> 
     </span>
     <span class='ocr_line' id='line_1_48' title="bbox 120 2618 1743 2671; baseline -0.001 -16"><span class='ocrx_word' id='word_1_447' title='bbox 120 2629 215 2671; x_wconf 80' lang='lat' dir='ltr'>quia</span> <span class='ocrx_word' id='word_1_448' title='bbox 233 2625 337 2658; x_wconf 89' lang='lat' dir='ltr'>sicut</span> <span class='ocrx_word' id='word_1_449' title='bbox 367 2621 573 2668; x_wconf 88' lang='lat' dir='ltr'>quodlibet</span> <span class='ocrx_word' id='word_1_450' title='bbox 589 2622 909 2669; x_wconf 86' lang='lat' dir='ltr'>contingentium</span> <span class='ocrx_word' id='word_1_451' title='bbox 926 2631 996 2668; x_wconf 90' lang='lat' dir='ltr'>per</span> <span class='ocrx_word' id='word_1_452' title='bbox 1016 2630 1059 2659; x_wconf 92' lang='lat' dir='ltr'>se</span> <span class='ocrx_word' id='word_1_453' title='bbox 1080 2620 1246 2659; x_wconf 86' lang='lat' dir='ltr'>deficere</span> <span class='ocrx_word' id='word_1_454' title='bbox 1276 2624 1410 2667; x_wconf 88' lang='lat' dir='ltr'>potest</span> <span class='ocrx_word' id='word_1_455' title='bbox 1437 2620 1485 2657; x_wconf 89' lang='lat' dir='ltr'>ab</span> <span class='ocrx_word' id='word_1_456' title='bbox 1510 2618 1666 2662; x_wconf 84' lang='lat' dir='ltr'>effectu,</span> <span class='ocrx_word' id='word_1_457' title='bbox 1689 2619 1743 2655; x_wconf 84' lang='lat' dir='ltr'>ita</span> 
     </span>
     <span class='ocr_line' id='line_1_49' title="bbox 120 2665 1742 2718; baseline -0.001 -16"><span class='ocrx_word' id='word_1_458' title='bbox 120 2670 239 2703; x_wconf 80' lang='lat' dir='ltr'>etiam</span> <span class='ocrx_word' id='word_1_459' title='bbox 260 2668 395 2718; x_wconf 84' lang='lat' dir='ltr'>omnia</span> <span class='ocrx_word' id='word_1_460' title='bbox 413 2669 546 2706; x_wconf 90' lang='lat' dir='ltr'>simul.</span> <span class='ocrx_word' id='word_1_461' title='bbox 568 2669 730 2707; x_wconf 87' lang='lat' dir='ltr'>Constat</span> <span class='ocrx_word' id='word_1_462' title='bbox 750 2673 882 2706; x_wconf 87' lang='lat' dir='ltr'>autem</span> <span class='ocrx_word' id='word_1_463' title='bbox 903 2668 1009 2715; x_wconf 87' lang='lat' dir='ltr'>quod</span> <span class='ocrx_word' id='word_1_464' title='bbox 1031 2668 1191 2715; x_wconf 89' lang='lat' dir='ltr'>singula</span> <span class='ocrx_word' id='word_1_465' title='bbox 1211 2678 1299 2716; x_wconf 82' lang='lat' dir='ltr'>quae</span> <span class='ocrx_word' id='word_1_466' title='bbox 1319 2667 1465 2704; x_wconf 90' lang='lat' dir='ltr'>inistis</span> <span class='ocrx_word' id='word_1_467' title='bbox 1483 2665 1742 2702; x_wconf 84' lang='lat' dir='ltr'>inferioribus</span> 
     </span>
     <span class='ocr_line' id='line_1_50' title="bbox 118 2712 1742 2765; baseline -0.001 -15"><span class='ocrx_word' id='word_1_468' title='bbox 118 2712 220 2750; x_wconf 87' lang='lat' dir='ltr'>fiunt</span> <span class='ocrx_word' id='word_1_469' title='bbox 239 2723 287 2765; x_wconf 53' lang='lat' dir='ltr'>exj</span> <span class='ocrx_word' id='word_1_470' title='bbox 306 2715 569 2759; x_wconf 80' lang='lat' dir='ltr'>impressione</span> <span class='ocrx_word' id='word_1_471' title='bbox 587 2715 808 2754; x_wconf 87' lang='lat' dir='ltr'>coelestium</span> <span class='ocrx_word' id='word_1_472' title='bbox 829 2724 1053 2761; x_wconf 86' lang='lat' dir='ltr'>corporum,</span> <span class='ocrx_word' id='word_1_473' title='bbox 1076 2719 1170 2753; x_wconf 90' lang='lat' dir='ltr'>sunt</span> <span class='ocrx_word' id='word_1_474' title='bbox 1189 2714 1474 2761; x_wconf 89' lang='lat' dir='ltr'>contingentia.</span> <span class='ocrx_word' id='word_1_475' title='bbox 1497 2714 1582 2749; x_wconf 90' lang='lat' dir='ltr'>Non</span> <span class='ocrx_word' id='word_1_476' title='bbox 1618 2712 1742 2763; x_wconf 84' lang='lat' dir='ltr'>igitur</span> 
     </span>
     <span class='ocr_line' id='line_1_51' title="bbox 120 2759 1739 2811; baseline -0.001 -14"><span class='ocrx_word' id='word_1_477' title='bbox 120 2768 317 2811; x_wconf 60' lang='lat' dir='ltr'>connexim</span> <span class='ocrx_word' id='word_1_478' title='bbox 339 2769 476 2798; x_wconf 85' lang='lat' dir='ltr'>eorum</span> <span class='ocrx_word' id='word_1_479' title='bbox 507 2771 596 2808; x_wconf 80' lang='lat' dir='ltr'>quae</span> <span class='ocrx_word' id='word_1_480' title='bbox 630 2763 673 2799; x_wconf 90' lang='lat' dir='ltr'>in</span> <span class='ocrx_word' id='word_1_481' title='bbox 706 2762 795 2800; x_wconf 89' lang='lat' dir='ltr'>istis</span> <span class='ocrx_word' id='word_1_482' title='bbox 829 2762 1086 2800; x_wconf 83' lang='lat' dir='ltr'>inferioribus</span> <span class='ocrx_word' id='word_1_483' title='bbox 1119 2763 1357 2809; x_wconf 89' lang='lat' dir='ltr'>contingunt</span> <span class='ocrx_word' id='word_1_484' title='bbox 1390 2770 1438 2797; x_wconf 80' lang='lat' dir='ltr'>ex</span> <span class='ocrx_word' id='word_1_485' title='bbox 1472 2759 1739 2804; x_wconf 87' lang='lat' dir='ltr'>impressione</span> 
     </span>
     <span class='ocr_line' id='line_1_52' title="bbox 120 2805 1741 2859; baseline -0.001 -15"><span class='ocrx_word' id='word_1_486' title='bbox 120 2806 342 2844; x_wconf 83' lang='lat' dir='ltr'>coelestium</span> <span class='ocrx_word' id='word_1_487' title='bbox 360 2815 568 2859; x_wconf 79' lang='lat' dir='ltr'>corporum</span> <span class='ocrx_word' id='word_1_488' title='bbox 600 2812 694 2846; x_wconf 91' lang='lat' dir='ltr'>sunt</span> <span class='ocrx_word' id='word_1_489' title='bbox 713 2810 954 2847; x_wconf 82' lang='lat' dir='ltr'>necessaria.</span> <span class='ocrx_word' id='word_1_490' title='bbox 977 2809 1225 2847; x_wconf 82' lang='lat' dir='ltr'>Manifestum</span> <span class='ocrx_word' id='word_1_491' title='bbox 1247 2811 1307 2845; x_wconf 87' lang='lat' dir='ltr'>est</span> <span class='ocrx_word' id='word_1_492' title='bbox 1334 2806 1439 2845; x_wconf 90' lang='lat' dir='ltr'>enim</span> <span class='ocrx_word' id='word_1_493' title='bbox 1460 2805 1565 2852; x_wconf 89' lang='lat' dir='ltr'>quod</span> <span class='ocrx_word' id='word_1_494' title='bbox 1584 2805 1741 2852; x_wconf 85' lang='lat' dir='ltr'>quodli-</span> 
     </span>
     <span class='ocr_line' id='line_1_53' title="bbox 122 2852 712 2900; baseline 0.002 -9"><span class='ocrx_word' id='word_1_495' title='bbox 122 2852 188 2891; x_wconf 86' lang='lat' dir='ltr'>bet</span> <span class='ocrx_word' id='word_1_496' title='bbox 212 2861 349 2890; x_wconf 83' lang='lat' dir='ltr'>eorum</span> <span class='ocrx_word' id='word_1_497' title='bbox 368 2854 549 2900; x_wconf 87' lang='lat' dir='ltr'>impediri</span> <span class='ocrx_word' id='word_1_498' title='bbox 571 2859 712 2900; x_wconf 90' lang='lat' dir='ltr'>potest.</span> 
     </span>
    </p>
   </div>
   <div class='ocr_carea' id='block_1_6' title="bbox 168 2900 1739 2952">
    <p class='ocr_par' dir='ltr' id='par_1_9' title="bbox 168 2900 1739 2952">
     <span class='ocr_line' id='line_1_54' title="bbox 168 2900 1739 2952; baseline 0.001 -15"><span class='ocrx_word' id='word_1_499' title='bbox 168 2900 350 2948; x_wconf 74' lang='lat' dir='ltr'>Amplius,</span> <span class='ocrx_word' id='word_1_500' title='bbox 371 2908 537 2948; x_wconf 87' lang='lat' dir='ltr'>corpora</span> <span class='ocrx_word' id='word_1_501' title='bbox 556 2901 733 2942; x_wconf 80' lang='lat' dir='ltr'>eoelestia</span> <span class='ocrx_word' id='word_1_502' title='bbox 751 2907 846 2942; x_wconf 92' lang='lat' dir='ltr'>sunt</span> <span class='ocrx_word' id='word_1_503' title='bbox 864 2903 1023 2952; x_wconf 82' lang='lat' dir='ltr'>agentia</span> <span class='ocrx_word' id='word_1_504' title='bbox 1042 2901 1252 2948; x_wconf 84' lang='lat' dir='ltr'>naturalia,</span> <span class='ocrx_word' id='word_1_505' title='bbox 1275 2910 1362 2949; x_wconf 80' lang='lat' dir='ltr'>quae</span> <span class='ocrx_word' id='word_1_506' title='bbox 1382 2900 1592 2948; x_wconf 83' lang='lat' dir='ltr'>requirunt</span> <span class='ocrx_word' id='word_1_507' title='bbox 1616 2905 1739 2939; x_wconf 86' lang='lat' dir='ltr'>mate·</span> 
     </span>
    </p>
   </div>
  </div>
 </body>
</html>
