<?xml version="1.0" encoding="UTF-8"?>
<!DOCTYPE html PUBLIC "-//W3C//DTD XHTML 1.0 Transitional//EN"
    "http://www.w3.org/TR/xhtml1/DTD/xhtml1-transitional.dtd">
<html xmlns="http://www.w3.org/1999/xhtml" xml:lang="en" lang="en">
 <head>
  <title>
</title>
<meta http-equiv="Content-Type" content="text/html;charset=utf-8" />
  <meta name='ocr-system' content='tesseract 3.04.00' />
  <meta name='ocr-capabilities' content='ocr_page ocr_carea ocr_par ocr_line ocrx_word'/>
</head>
<body>
  <div class='ocr_page' id='page_1' title='image "./deveritatecathol00thomuoft_0387.png"; bbox 0 0 1894 3223; ppageno 0'>
   <div class='ocr_carea' id='block_1_1' title="bbox 621 76 1644 121">
    <p class='ocr_par' dir='ltr' id='par_1_1' title="bbox 621 76 1644 121">
     <span class='ocr_line' id='line_1_1' title="bbox 621 76 1644 121; baseline 0 -7"><span class='ocrx_word' id='word_1_1' title='bbox 621 77 710 115; x_wconf 69' lang='grc' dir='ltr'><strong><em>[ΑΒ.</em></strong></span> <span class='ocrx_word' id='word_1_2' title='bbox 739 77 802 121; x_wconf 88' lang='grc' dir='ltr'>ΙΙΙ,</span> <span class='ocrx_word' id='word_1_3' title='bbox 830 77 931 114; x_wconf 74' lang='lat' dir='ltr'>CAP.</span> <span class='ocrx_word' id='word_1_4' title='bbox 961 76 1073 113; x_wconf 78' lang='lat' dir='ltr'>LXtX.</span> <span class='ocrx_word' id='word_1_5' title='bbox 1578 79 1644 114; x_wconf 79' lang='lat'>347</span> 
     </span>
    </p>
   </div>
   <div class='ocr_carea' id='block_1_2' title="bbox 24 157 1650 2880">
    <p class='ocr_par' dir='ltr' id='par_1_2' title="bbox 24 157 1644 250">
     <span class='ocr_line' id='line_1_2' title="bbox 24 157 1644 205; baseline -0.001 -7"><span class='ocrx_word' id='word_1_6' title='bbox 24 160 242 198; x_wconf 82' lang='lat' dir='ltr'>causalitas</span> <span class='ocrx_word' id='word_1_7' title='bbox 274 158 487 197; x_wconf 83' lang='lat' dir='ltr'>effectuum</span> <span class='ocrx_word' id='word_1_8' title='bbox 520 157 754 195; x_wconf 88' lang='lat' dir='ltr'>inferiorum</span> <span class='ocrx_word' id='word_1_9' title='bbox 785 162 845 195; x_wconf 82' lang='lat' dir='ltr'>cst</span> <span class='ocrx_word' id='word_1_10' title='bbox 866 158 920 195; x_wconf 84' lang='lat' dir='ltr'>ita</span> <span class='ocrx_word' id='word_1_11' title='bbox 936 157 1187 195; x_wconf 85' lang='lat' dir='ltr'>attribuenda</span> <span class='ocrx_word' id='word_1_12' title='bbox 1206 157 1348 195; x_wconf 59' lang='lat' dir='ltr'>divinae</span> <span class='ocrx_word' id='word_1_13' title='bbox 1369 157 1518 202; x_wconf 89' lang='lat' dir='ltr'>virtuti,</span> <span class='ocrx_word' id='word_1_14' title='bbox 1538 158 1644 205; x_wconf 89' lang='lat' dir='ltr'>quod</span> 
     </span>
     <span class='ocr_line' id='line_1_3' title="bbox 24 204 1013 250; baseline -0.005 -5"><span class='ocrx_word' id='word_1_15' title='bbox 24 207 284 246; x_wconf 80' lang='lat' dir='ltr'>subtrahatur</span> <span class='ocrx_word' id='word_1_16' title='bbox 302 205 519 244; x_wconf 89' lang='lat' dir='ltr'>causalitas</span> <span class='ocrx_word' id='word_1_17' title='bbox 538 204 774 242; x_wconf 84' lang='lat' dir='ltr'>inferiorum</span> <span class='ocrx_word' id='word_1_18' title='bbox 795 206 1013 250; x_wconf 73' lang='lat' dir='ltr'>agentium.</span> 
     </span>
    </p>

    <p class='ocr_par' dir='ltr' id='par_1_3' title="bbox 24 251 1646 480">
     <span class='ocr_line' id='line_1_4' title="bbox 71 251 1646 299; baseline 0.001 -9"><span class='ocrx_word' id='word_1_19' title='bbox 71 256 160 291; x_wconf 82' lang='lat' dir='ltr'>Item</span> <span class='ocrx_word' id='word_1_20' title='bbox 177 258 316 292; x_wconf 89' lang='lat' dir='ltr'>contra</span> <span class='ocrx_word' id='word_1_21' title='bbox 352 253 547 290; x_wconf 88' lang='lat' dir='ltr'>rationem</span> <span class='ocrx_word' id='word_1_22' title='bbox 581 252 786 298; x_wconf 81' lang='lat' dir='ltr'>sapientiae</span> <span class='ocrx_word' id='word_1_23' title='bbox 805 256 866 289; x_wconf 88' lang='lat' dir='ltr'>est</span> <span class='ocrx_word' id='word_1_24' title='bbox 887 256 928 288; x_wconf 86' lang='lat' dir='ltr'>ut</span> <span class='ocrx_word' id='word_1_25' title='bbox 961 253 1014 289; x_wconf 87' lang='lat' dir='ltr'>sit</span> <span class='ocrx_word' id='word_1_26' title='bbox 1034 251 1182 299; x_wconf 87' lang='lat' dir='ltr'>aliquid</span> <span class='ocrx_word' id='word_1_27' title='bbox 1220 252 1364 289; x_wconf 87' lang='lat' dir='ltr'>frustra</span> <span class='ocrx_word' id='word_1_28' title='bbox 1387 252 1425 288; x_wconf 91' lang='lat' dir='ltr'>in</span> <span class='ocrx_word' id='word_1_29' title='bbox 1457 252 1646 298; x_wconf 86' lang='lat' dir='ltr'>operibus</span> 
     </span>
     <span class='ocr_line' id='line_1_5' title="bbox 24 298 1645 348; baseline -0.002 -9"><span class='ocrx_word' id='word_1_30' title='bbox 24 301 232 348; x_wconf 87' lang='lat' dir='ltr'>sapientis.</span> <span class='ocrx_word' id='word_1_31' title='bbox 254 301 295 338; x_wconf 90' lang='lat' dir='ltr'>Si</span> <span class='ocrx_word' id='word_1_32' title='bbox 325 304 457 338; x_wconf 89' lang='lat' dir='ltr'>autem</span> <span class='ocrx_word' id='word_1_33' title='bbox 487 307 553 338; x_wconf 91' lang='lat' dir='ltr'>res</span> <span class='ocrx_word' id='word_1_34' title='bbox 573 302 714 336; x_wconf 81' lang='lat' dir='ltr'>creatae</span> <span class='ocrx_word' id='word_1_35' title='bbox 735 299 847 336; x_wconf 92' lang='lat' dir='ltr'>nullo</span> <span class='ocrx_word' id='word_1_36' title='bbox 870 299 988 336; x_wconf 91' lang='lat' dir='ltr'>modo</span> <span class='ocrx_word' id='word_1_37' title='bbox 1011 302 1224 344; x_wconf 79' lang='lat' dir='ltr'>operentur</span> <span class='ocrx_word' id='word_1_38' title='bbox 1243 299 1292 335; x_wconf 90' lang='lat' dir='ltr'>ad</span> <span class='ocrx_word' id='word_1_39' title='bbox 1314 298 1480 335; x_wconf 78' lang='lat' dir='ltr'>effectus</span> <span class='ocrx_word' id='word_1_40' title='bbox 1501 299 1645 344; x_wconf 87' lang='lat' dir='ltr'>produ·</span> 
     </span>
     <span class='ocr_line' id='line_1_6' title="bbox 24 346 1646 392; baseline -0.001 -7"><span class='ocrx_word' id='word_1_41' title='bbox 24 348 189 392; x_wconf 90' lang='lat' dir='ltr'>cendos,</span> <span class='ocrx_word' id='word_1_42' title='bbox 207 347 277 385; x_wconf 90' lang='lat' dir='ltr'>sed</span> <span class='ocrx_word' id='word_1_43' title='bbox 295 347 408 386; x_wconf 90' lang='lat' dir='ltr'>solus</span> <span class='ocrx_word' id='word_1_44' title='bbox 422 348 527 384; x_wconf 91' lang='lat' dir='ltr'>Deus</span> <span class='ocrx_word' id='word_1_45' title='bbox 541 349 725 392; x_wconf 82' lang='lat' dir='ltr'>operetur</span> <span class='ocrx_word' id='word_1_46' title='bbox 741 346 878 383; x_wconf 90' lang='lat' dir='ltr'>omnia</span> <span class='ocrx_word' id='word_1_47' title='bbox 893 346 1131 388; x_wconf 85' lang='lat' dir='ltr'>immediate,</span> <span class='ocrx_word' id='word_1_48' title='bbox 1151 346 1297 383; x_wconf 85' lang='lat' dir='ltr'>frustra</span> <span class='ocrx_word' id='word_1_49' title='bbox 1313 350 1447 383; x_wconf 84' lang='lat' dir='ltr'>essent</span> <span class='ocrx_word' id='word_1_50' title='bbox 1459 346 1646 384; x_wconf 72' lang='lat' dir='ltr'>adhibitae</span> 
     </span>
     <span class='ocr_line' id='line_1_7' title="bbox 26 392 1646 480; baseline -0.001 -48"><span class='ocrx_word' id='word_1_51' title='bbox 26 395 75 480; x_wconf 60' lang='lat' dir='ltr'>gb</span> <span class='ocrx_word' id='word_1_52' title='bbox 91 395 181 442; x_wconf 88' lang='lat' dir='ltr'>ipso</span> <span class='ocrx_word' id='word_1_53' title='bbox 200 394 287 432; x_wconf 81' lang='lat' dir='ltr'>aliae</span> <span class='ocrx_word' id='word_1_54' title='bbox 308 403 372 432; x_wconf 91' lang='lat' dir='ltr'>res</span> <span class='ocrx_word' id='word_1_55' title='bbox 393 394 443 432; x_wconf 88' lang='lat' dir='ltr'>ad</span> <span class='ocrx_word' id='word_1_56' title='bbox 454 393 732 441; x_wconf 89' lang='lat' dir='ltr'>producendos</span> <span class='ocrx_word' id='word_1_57' title='bbox 746 392 925 437; x_wconf 82' lang='lat' dir='ltr'>effectus,</span> <span class='ocrx_word' id='word_1_58' title='bbox 943 397 1136 440; x_wconf 81' lang='lat' dir='ltr'>repugnat</span> <span class='ocrx_word' id='word_1_59' title='bbox 1151 392 1272 439; x_wconf 83' lang='lat' dir='ltr'>igitur</span> <span class='ocrx_word' id='word_1_60' title='bbox 1291 393 1478 439; x_wconf 66' lang='lat' dir='ltr'>praedicta</span> <span class='ocrx_word' id='word_1_61' title='bbox 1498 394 1646 439; x_wconf 88' lang='lat' dir='ltr'>positio</span> 
     </span>
    </p>

    <p class='ocr_par' dir='ltr' id='par_1_4' title="bbox 55 442 412 480">
     <span class='ocr_line' id='line_1_8' title="bbox 55 442 412 480; baseline -0.006 0"><span class='ocrx_word' id='word_1_62' title='bbox 55 442 170 480; x_wconf 80' lang='lat' dir='ltr'>ivinae</span> <span class='ocrx_word' id='word_1_63' title='bbox 191 451 235 479; x_wconf 88' lang='lat' dir='ltr'>sa</span> <span class='ocrx_word' id='word_1_64' title='bbox 267 442 412 479; x_wconf 85' lang='lat' dir='ltr'>ientiae.</span> 
     </span>
    </p>

    <p class='ocr_par' dir='ltr' id='par_1_5' title="bbox 26 451 1650 911">
     <span class='ocr_line' id='line_1_9' title="bbox 73 451 1632 537; baseline -0.001 -11"><span class='ocrx_word' id='word_1_65' title='bbox 73 489 219 533; x_wconf 83' lang='lat' dir='ltr'>Adhuc,</span> <span class='ocrx_word' id='word_1_66' title='bbox 238 451 354 537; x_wconf 51' lang='lat' dir='ltr'>¹21qu</span> <span class='ocrx_word' id='word_1_67' title='bbox 381 488 447 526; x_wconf 84' lang='lat' dir='ltr'>dat</span> <span class='ocrx_word' id='word_1_68' title='bbox 477 487 597 526; x_wconf 87' lang='lat' dir='ltr'>alicui</span> <span class='ocrx_word' id='word_1_69' title='bbox 617 487 778 535; x_wconf 81' lang='lat' dir='ltr'>aliquod</span> <span class='ocrx_word' id='word_1_70' title='bbox 801 488 1032 534; x_wconf 81' lang='lat' dir='ltr'>principale,</span> <span class='ocrx_word' id='word_1_71' title='bbox 1055 487 1120 524; x_wconf 86' lang='lat' dir='ltr'>dat</span> <span class='ocrx_word' id='word_1_72' title='bbox 1147 486 1274 523; x_wconf 85' lang='lat' dir='ltr'>eidem</span> <span class='ocrx_word' id='word_1_73' title='bbox 1296 487 1430 524; x_wconf 87' lang='lat' dir='ltr'>omnia</span> <span class='ocrx_word' id='word_1_74' title='bbox 1449 497 1539 534; x_wconf 78' lang='lat' dir='ltr'>quae</span> <span class='ocrx_word' id='word_1_75' title='bbox 1556 496 1632 524; x_wconf 88' lang='lat' dir='ltr'>con</span> 
     </span>
     <span class='ocr_line' id='line_1_10' title="bbox 27 534 1645 586; baseline -0.001 -13"><span class='ocrx_word' id='word_1_76' title='bbox 27 540 251 583; x_wconf 87' lang='lat' dir='ltr'>sequuntur</span> <span class='ocrx_word' id='word_1_77' title='bbox 268 535 317 573; x_wconf 83' lang='lat' dir='ltr'>ad</span> <span class='ocrx_word' id='word_1_78' title='bbox 349 535 463 579; x_wconf 89' lang='lat' dir='ltr'>illud,</span> <span class='ocrx_word' id='word_1_79' title='bbox 490 536 595 573; x_wconf 87' lang='lat' dir='ltr'>sicut</span> <span class='ocrx_word' id='word_1_80' title='bbox 615 544 738 572; x_wconf 90' lang='lat' dir='ltr'>causa</span> <span class='ocrx_word' id='word_1_81' title='bbox 760 544 848 582; x_wconf 79' lang='lat' dir='ltr'>quae</span> <span class='ocrx_word' id='word_1_82' title='bbox 873 535 937 571; x_wconf 89' lang='lat' dir='ltr'>dat</span> <span class='ocrx_word' id='word_1_83' title='bbox 958 534 1114 580; x_wconf 89' lang='lat' dir='ltr'>corpori</span> <span class='ocrx_word' id='word_1_84' title='bbox 1143 534 1373 570; x_wconf 79' lang='lat' dir='ltr'>elementari</span> <span class='ocrx_word' id='word_1_85' title='bbox 1399 536 1645 586; x_wconf 73' lang='lat' dir='ltr'>gravitatem,</span> 
     </span>
     <span class='ocr_line' id='line_1_11' title="bbox 26 581 1647 628; baseline -0.001 -8"><span class='ocrx_word' id='word_1_86' title='bbox 26 583 94 620; x_wconf 90' lang='lat' dir='ltr'>dat</span> <span class='ocrx_word' id='word_1_87' title='bbox 113 583 149 620; x_wconf 90' lang='lat' dir='ltr'>ei</span> <span class='ocrx_word' id='word_1_88' title='bbox 169 586 321 620; x_wconf 86' lang='lat' dir='ltr'>motum</span> <span class='ocrx_word' id='word_1_89' title='bbox 343 583 544 620; x_wconf 89' lang='lat' dir='ltr'>deorsum.</span> <span class='ocrx_word' id='word_1_90' title='bbox 574 583 714 620; x_wconf 87' lang='lat' dir='ltr'>Facere</span> <span class='ocrx_word' id='word_1_91' title='bbox 751 586 882 619; x_wconf 89' lang='lat' dir='ltr'>autem</span> <span class='ocrx_word' id='word_1_92' title='bbox 915 581 1064 628; x_wconf 89' lang='lat' dir='ltr'>aliquid</span> <span class='ocrx_word' id='word_1_93' title='bbox 1101 584 1189 618; x_wconf 84' lang='lat' dir='ltr'>actu</span> <span class='ocrx_word' id='word_1_94' title='bbox 1222 586 1480 626; x_wconf 79' lang='lat' dir='ltr'>consequitur</span> <span class='ocrx_word' id='word_1_95' title='bbox 1505 582 1553 618; x_wconf 88' lang='lat' dir='ltr'>ad</span> <span class='ocrx_word' id='word_1_96' title='bbox 1572 582 1647 618; x_wconf 81' lang='lat' dir='ltr'>hoc</span> 
     </span>
     <span class='ocr_line' id='line_1_12' title="bbox 27 629 1646 677; baseline -0.001 -10"><span class='ocrx_word' id='word_1_97' title='bbox 27 629 134 677; x_wconf 85' lang='lat' dir='ltr'>quod</span> <span class='ocrx_word' id='word_1_98' title='bbox 153 633 212 667; x_wconf 87' lang='lat' dir='ltr'>est</span> <span class='ocrx_word' id='word_1_99' title='bbox 230 639 319 667; x_wconf 89' lang='lat' dir='ltr'>esse</span> <span class='ocrx_word' id='word_1_100' title='bbox 340 634 442 674; x_wconf 91' lang='lat' dir='ltr'>actu,</span> <span class='ocrx_word' id='word_1_101' title='bbox 462 634 504 667; x_wconf 89' lang='lat' dir='ltr'>ut</span> <span class='ocrx_word' id='word_1_102' title='bbox 526 633 633 676; x_wconf 87' lang='lat' dir='ltr'>patet</span> <span class='ocrx_word' id='word_1_103' title='bbox 651 630 693 666; x_wconf 92' lang='lat' dir='ltr'>in</span> <span class='ocrx_word' id='word_1_104' title='bbox 707 630 801 666; x_wconf 89' lang='lat' dir='ltr'>Deo.</span> <span class='ocrx_word' id='word_1_105' title='bbox 821 631 907 675; x_wconf 85' lang='lat' dir='ltr'>lpse</span> <span class='ocrx_word' id='word_1_106' title='bbox 923 633 983 666; x_wconf 91' lang='lat' dir='ltr'>est</span> <span class='ocrx_word' id='word_1_107' title='bbox 996 629 1100 665; x_wconf 92' lang='lat' dir='ltr'>enim</span> <span class='ocrx_word' id='word_1_108' title='bbox 1119 631 1231 665; x_wconf 88' lang='lat' dir='ltr'>aetus</span> <span class='ocrx_word' id='word_1_109' title='bbox 1246 636 1384 673; x_wconf 88' lang='lat' dir='ltr'>purus,</span> <span class='ocrx_word' id='word_1_110' title='bbox 1402 632 1439 664; x_wconf 80' lang='lat' dir='ltr'>et</span> <span class='ocrx_word' id='word_1_111' title='bbox 1457 629 1646 666; x_wconf 85' lang='lat' dir='ltr'>estetiam</span> 
     </span>
     <span class='ocr_line' id='line_1_13' title="bbox 27 675 1650 727; baseline -0.001 -13"><span class='ocrx_word' id='word_1_112' title='bbox 27 677 157 724; x_wconf 86' lang='lat' dir='ltr'>prima</span> <span class='ocrx_word' id='word_1_113' title='bbox 175 686 299 714; x_wconf 89' lang='lat' dir='ltr'>causa</span> <span class='ocrx_word' id='word_1_114' title='bbox 317 676 477 714; x_wconf 89' lang='lat' dir='ltr'>essendi</span> <span class='ocrx_word' id='word_1_115' title='bbox 503 676 704 720; x_wconf 74' lang='lat' dir='ltr'>omnibuS,</span> <span class='ocrx_word' id='word_1_116' title='bbox 730 680 773 713; x_wconf 90' lang='lat' dir='ltr'>ut</span> <span class='ocrx_word' id='word_1_117' title='bbox 797 685 918 721; x_wconf 89' lang='lat' dir='ltr'>supra</span> <span class='ocrx_word' id='word_1_118' title='bbox 937 675 1019 721; x_wconf 89' lang='lat' dir='ltr'>(lib.</span> <span class='ocrx_word' id='word_1_119' title='bbox 1041 683 1068 718; x_wconf 93' lang='lat'>1,</span> <span class='ocrx_word' id='word_1_120' title='bbox 1087 676 1236 727; x_wconf 32' lang='lat' dir='ltr'>cap-10</span> <span class='ocrx_word' id='word_1_121' title='bbox 1256 677 1370 718; x_wconf 75' lang='lat' dir='ltr'>e113;</span> <span class='ocrx_word' id='word_1_122' title='bbox 1389 675 1455 712; x_wconf 88' lang='lat' dir='ltr'>lib.</span> <span class='ocrx_word' id='word_1_123' title='bbox 1475 685 1518 719; x_wconf 82' lang='lat'>11,</span> <span class='ocrx_word' id='word_1_124' title='bbox 1539 675 1650 722; x_wconf 57' lang='lat'>015)</span> 
     </span>
     <span class='ocr_line' id='line_1_14' title="bbox 27 720 1645 770; baseline -0.001 -9"><span class='ocrx_word' id='word_1_125' title='bbox 27 727 237 761; x_wconf 87' lang='lat' dir='ltr'>ostensum</span> <span class='ocrx_word' id='word_1_126' title='bbox 259 727 332 762; x_wconf 90' lang='lat' dir='ltr'>est.</span> <span class='ocrx_word' id='word_1_127' title='bbox 353 725 391 761; x_wconf 90' lang='lat' dir='ltr'>Si</span> <span class='ocrx_word' id='word_1_128' title='bbox 413 724 536 770; x_wconf 86' lang='lat' dir='ltr'>igitur</span> <span class='ocrx_word' id='word_1_129' title='bbox 555 723 863 761; x_wconf 83' lang='lat' dir='ltr'>communicavit</span> <span class='ocrx_word' id='word_1_130' title='bbox 883 723 973 759; x_wconf 89' lang='lat' dir='ltr'>aliis</span> <span class='ocrx_word' id='word_1_131' title='bbox 988 720 1291 759; x_wconf 83' lang='lat' dir='ltr'>similitudinem</span> <span class='ocrx_word' id='word_1_132' title='bbox 1314 730 1441 766; x_wconf 90' lang='lat' dir='ltr'>suam,</span> <span class='ocrx_word' id='word_1_133' title='bbox 1456 727 1645 768; x_wconf 85' lang='lat' dir='ltr'>quantum</span> 
     </span>
     <span class='ocr_line' id='line_1_15' title="bbox 30 769 1634 823; baseline -0.001 -15"><span class='ocrx_word' id='word_1_134' title='bbox 30 770 80 808; x_wconf 91' lang='lat' dir='ltr'>ad</span> <span class='ocrx_word' id='word_1_135' title='bbox 100 779 204 816; x_wconf 89' lang='lat' dir='ltr'>esse,</span> <span class='ocrx_word' id='word_1_136' title='bbox 230 771 272 808; x_wconf 90' lang='lat' dir='ltr'>in</span> <span class='ocrx_word' id='word_1_137' title='bbox 295 775 487 823; x_wconf 86' lang='lat' dir='ltr'>quantum</span> <span class='ocrx_word' id='word_1_138' title='bbox 508 779 572 808; x_wconf 91' lang='lat' dir='ltr'>res</span> <span class='ocrx_word' id='word_1_139' title='bbox 605 772 644 807; x_wconf 89' lang='lat' dir='ltr'>in</span> <span class='ocrx_word' id='word_1_140' title='bbox 672 779 762 807; x_wconf 89' lang='lat' dir='ltr'>esse</span> <span class='ocrx_word' id='word_1_141' title='bbox 788 769 985 816; x_wconf 83' lang='lat' dir='ltr'>produxit,</span> <span class='ocrx_word' id='word_1_142' title='bbox 1007 777 1259 815; x_wconf 88' lang='lat' dir='ltr'>consequens</span> <span class='ocrx_word' id='word_1_143' title='bbox 1278 772 1337 821; x_wconf 73' lang='lat' dir='ltr'>est</span> <span class='ocrx_word' id='word_1_144' title='bbox 1364 772 1406 805; x_wconf 88' lang='lat' dir='ltr'>ut</span> <span class='ocrx_word' id='word_1_145' title='bbox 1431 769 1634 806; x_wconf 88' lang='lat' dir='ltr'>communi</span> 
     </span>
     <span class='ocr_line' id='line_1_16' title="bbox 28 815 1650 864; baseline -0.001 -10"><span class='ocrx_word' id='word_1_146' title='bbox 28 818 178 854; x_wconf 86' lang='lat' dir='ltr'>caverit</span> <span class='ocrx_word' id='word_1_147' title='bbox 206 818 265 856; x_wconf 90' lang='lat' dir='ltr'>eis</span> <span class='ocrx_word' id='word_1_148' title='bbox 285 818 587 855; x_wconf 85' lang='lat' dir='ltr'>similitudinem</span> <span class='ocrx_word' id='word_1_149' title='bbox 619 826 732 855; x_wconf 89' lang='lat' dir='ltr'>suam</span> <span class='ocrx_word' id='word_1_150' title='bbox 756 822 948 864; x_wconf 85' lang='lat' dir='ltr'>quantum</span> <span class='ocrx_word' id='word_1_151' title='bbox 975 815 1024 854; x_wconf 81' lang='lat' dir='ltr'>ad</span> <span class='ocrx_word' id='word_1_152' title='bbox 1056 825 1187 864; x_wconf 79' lang='lat' dir='ltr'>agere,</span> <span class='ocrx_word' id='word_1_153' title='bbox 1216 819 1258 853; x_wconf 89' lang='lat' dir='ltr'>ut</span> <span class='ocrx_word' id='word_1_154' title='bbox 1278 820 1395 853; x_wconf 85' lang='lat' dir='ltr'>etiam</span> <span class='ocrx_word' id='word_1_155' title='bbox 1416 825 1480 854; x_wconf 89' lang='lat' dir='ltr'>res</span> <span class='ocrx_word' id='word_1_156' title='bbox 1507 819 1650 854; x_wconf 82' lang='lat' dir='ltr'>creatae</span> 
     </span>
     <span class='ocr_line' id='line_1_17' title="bbox 30 864 614 911; baseline -0.002 -9"><span class='ocrx_word' id='word_1_157' title='bbox 30 864 204 902; x_wconf 88' lang='lat' dir='ltr'>habeant</span> <span class='ocrx_word' id='word_1_158' title='bbox 221 865 403 911; x_wconf 89' lang='lat' dir='ltr'>proprias</span> <span class='ocrx_word' id='word_1_159' title='bbox 422 865 614 902; x_wconf 83' lang='lat' dir='ltr'>actiones.</span> 
     </span>
    </p>

    <p class='ocr_par' dir='ltr' id='par_1_6' title="bbox 27 910 1649 1323">
     <span class='ocr_line' id='line_1_18' title="bbox 77 910 1645 958; baseline 0.001 -11"><span class='ocrx_word' id='word_1_160' title='bbox 77 912 261 958; x_wconf 82' lang='lat' dir='ltr'>Amplius,</span> <span class='ocrx_word' id='word_1_161' title='bbox 282 912 470 958; x_wconf 86' lang='lat' dir='ltr'>perfectio</span> <span class='ocrx_word' id='word_1_162' title='bbox 490 910 655 949; x_wconf 83' lang='lat' dir='ltr'>effectus</span> <span class='ocrx_word' id='word_1_163' title='bbox 673 911 907 948; x_wconf 84' lang='lat' dir='ltr'>determinat</span> <span class='ocrx_word' id='word_1_164' title='bbox 924 910 1207 957; x_wconf 77' lang='lat' dir='ltr'>perfectionem</span> <span class='ocrx_word' id='word_1_165' title='bbox 1227 919 1372 948; x_wconf 81' lang='lat' dir='ltr'>causae.</span> <span class='ocrx_word' id='word_1_166' title='bbox 1395 910 1515 956; x_wconf 86' lang='lat' dir='ltr'>Major</span> <span class='ocrx_word' id='word_1_167' title='bbox 1542 910 1645 948; x_wconf 88' lang='lat' dir='ltr'>enim</span> 
     </span>
     <span class='ocr_line' id='line_1_19' title="bbox 28 957 1647 1005; baseline 0.001 -11"><span class='ocrx_word' id='word_1_168' title='bbox 28 959 156 996; x_wconf 86' lang='lat' dir='ltr'>virtus</span> <span class='ocrx_word' id='word_1_169' title='bbox 180 958 462 1005; x_wconf 83' lang='lat' dir='ltr'>perfectionem</span> <span class='ocrx_word' id='word_1_170' title='bbox 495 957 707 996; x_wconf 84' lang='lat' dir='ltr'>effectuum</span> <span class='ocrx_word' id='word_1_171' title='bbox 736 958 902 995; x_wconf 89' lang='lat' dir='ltr'>inducit.</span> <span class='ocrx_word' id='word_1_172' title='bbox 936 959 1040 994; x_wconf 91' lang='lat' dir='ltr'>Deus</span> <span class='ocrx_word' id='word_1_173' title='bbox 1072 960 1203 994; x_wconf 85' lang='lat' dir='ltr'>autem</span> <span class='ocrx_word' id='word_1_174' title='bbox 1233 960 1293 994; x_wconf 87' lang='lat' dir='ltr'>est</span> <span class='ocrx_word' id='word_1_175' title='bbox 1312 957 1647 1002; x_wconf 89' lang='lat' dir='ltr'>perfectissimum</span> 
     </span>
     <span class='ocr_line' id='line_1_20' title="bbox 30 1003 1646 1051; baseline -0.001 -9"><span class='ocrx_word' id='word_1_176' title='bbox 30 1013 168 1051; x_wconf 86' lang='lat' dir='ltr'>agens.</span> <span class='ocrx_word' id='word_1_177' title='bbox 192 1006 351 1051; x_wconf 88' lang='lat' dir='ltr'>Oportet</span> <span class='ocrx_word' id='word_1_178' title='bbox 365 1005 500 1051; x_wconf 85' lang='lat' dir='ltr'>igitur,</span> <span class='ocrx_word' id='word_1_179' title='bbox 524 1004 631 1051; x_wconf 91' lang='lat' dir='ltr'>quod</span> <span class='ocrx_word' id='word_1_180' title='bbox 651 1013 714 1041; x_wconf 88' lang='lat' dir='ltr'>res</span> <span class='ocrx_word' id='word_1_181' title='bbox 733 1004 780 1041; x_wconf 90' lang='lat' dir='ltr'>ab</span> <span class='ocrx_word' id='word_1_182' title='bbox 801 1005 890 1050; x_wconf 90' lang='lat' dir='ltr'>ipso</span> <span class='ocrx_word' id='word_1_183' title='bbox 910 1008 1051 1041; x_wconf 84' lang='lat' dir='ltr'>creatae</span> <span class='ocrx_word' id='word_1_184' title='bbox 1070 1003 1353 1049; x_wconf 84' lang='lat' dir='ltr'>perfectionem</span> <span class='ocrx_word' id='word_1_185' title='bbox 1375 1004 1422 1041; x_wconf 90' lang='lat' dir='ltr'>ab</span> <span class='ocrx_word' id='word_1_186' title='bbox 1442 1004 1529 1049; x_wconf 91' lang='lat' dir='ltr'>ipso</span> <span class='ocrx_word' id='word_1_187' title='bbox 1551 1013 1646 1041; x_wconf 89' lang='lat' dir='ltr'>con-</span> 
     </span>
     <span class='ocr_line' id='line_1_21' title="bbox 28 1050 1647 1098; baseline 0 -10"><span class='ocrx_word' id='word_1_188' title='bbox 28 1055 261 1098; x_wconf 85' lang='lat' dir='ltr'>sequantur.</span> <span class='ocrx_word' id='word_1_189' title='bbox 296 1051 506 1088; x_wconf 84' lang='lat' dir='ltr'>Detrahere</span> <span class='ocrx_word' id='word_1_190' title='bbox 533 1060 627 1098; x_wconf 85' lang='lat' dir='ltr'>ergo</span> <span class='ocrx_word' id='word_1_191' title='bbox 657 1051 887 1096; x_wconf 88' lang='lat' dir='ltr'>perfectioni</span> <span class='ocrx_word' id='word_1_192' title='bbox 918 1054 1186 1087; x_wconf 88' lang='lat' dir='ltr'>creaturarum</span> <span class='ocrx_word' id='word_1_193' title='bbox 1208 1054 1268 1087; x_wconf 89' lang='lat' dir='ltr'>est</span> <span class='ocrx_word' id='word_1_194' title='bbox 1286 1050 1490 1087; x_wconf 79' lang='lat' dir='ltr'>detrahere</span> <span class='ocrx_word' id='word_1_195' title='bbox 1521 1051 1647 1096; x_wconf 90' lang='lat' dir='ltr'>perfe-</span> 
     </span>
     <span class='ocr_line' id='line_1_22' title="bbox 28 1097 1647 1143; baseline 0 -9"><span class='ocrx_word' id='word_1_196' title='bbox 28 1098 154 1135; x_wconf 90' lang='lat' dir='ltr'>ctioni</span> <span class='ocrx_word' id='word_1_197' title='bbox 175 1098 317 1136; x_wconf 81' lang='lat' dir='ltr'>divinae</span> <span class='ocrx_word' id='word_1_198' title='bbox 338 1099 508 1136; x_wconf 89' lang='lat' dir='ltr'>virtutis.</span> <span class='ocrx_word' id='word_1_199' title='bbox 531 1098 620 1143; x_wconf 90' lang='lat' dir='ltr'>Sed,</span> <span class='ocrx_word' id='word_1_200' title='bbox 640 1099 676 1134; x_wconf 93' lang='lat' dir='ltr'>si</span> <span class='ocrx_word' id='word_1_201' title='bbox 698 1097 808 1135; x_wconf 84' lang='lat' dir='ltr'>nulla</span> <span class='ocrx_word' id='word_1_202' title='bbox 832 1101 1012 1134; x_wconf 87' lang='lat' dir='ltr'>creatura</span> <span class='ocrx_word' id='word_1_203' title='bbox 1039 1097 1157 1134; x_wconf 88' lang='lat' dir='ltr'>habet</span> <span class='ocrx_word' id='word_1_204' title='bbox 1185 1097 1357 1143; x_wconf 88' lang='lat' dir='ltr'>aliquam</span> <span class='ocrx_word' id='word_1_205' title='bbox 1383 1097 1578 1134; x_wconf 86' lang='lat' dir='ltr'>actionem</span> <span class='ocrx_word' id='word_1_206' title='bbox 1600 1098 1647 1135; x_wconf 89' lang='lat' dir='ltr'>ad</span> 
     </span>
     <span class='ocr_line' id='line_1_23' title="bbox 29 1144 1646 1192; baseline -0.001 -10"><span class='ocrx_word' id='word_1_207' title='bbox 29 1145 204 1192; x_wconf 86' lang='lat' dir='ltr'>aliquem</span> <span class='ocrx_word' id='word_1_208' title='bbox 225 1144 409 1182; x_wconf 83' lang='lat' dir='ltr'>effectum</span> <span class='ocrx_word' id='word_1_209' title='bbox 427 1144 741 1192; x_wconf 86' lang='lat' dir='ltr'>producendum,</span> <span class='ocrx_word' id='word_1_210' title='bbox 764 1145 932 1181; x_wconf 86' lang='lat' dir='ltr'>multum</span> <span class='ocrx_word' id='word_1_211' title='bbox 954 1144 1171 1181; x_wconf 86' lang='lat' dir='ltr'>detrahitur</span> <span class='ocrx_word' id='word_1_212' title='bbox 1190 1144 1422 1189; x_wconf 87' lang='lat' dir='ltr'>perfectioni</span> <span class='ocrx_word' id='word_1_213' title='bbox 1443 1148 1646 1182; x_wconf 84' lang='lat' dir='ltr'>ereaturae.</span> 
     </span>
     <span class='ocr_line' id='line_1_24' title="bbox 31 1191 1649 1239; baseline -0.001 -10"><span class='ocrx_word' id='word_1_214' title='bbox 31 1193 84 1229; x_wconf 82' lang='lat' dir='ltr'>Ex</span> <span class='ocrx_word' id='word_1_215' title='bbox 115 1191 359 1230; x_wconf 89' lang='lat' dir='ltr'>abundantia</span> <span class='ocrx_word' id='word_1_216' title='bbox 389 1193 495 1230; x_wconf 87' lang='lat' dir='ltr'>enim</span> <span class='ocrx_word' id='word_1_217' title='bbox 513 1192 769 1239; x_wconf 85' lang='lat' dir='ltr'>perfectionis</span> <span class='ocrx_word' id='word_1_218' title='bbox 802 1196 875 1235; x_wconf 89' lang='lat' dir='ltr'>est,</span> <span class='ocrx_word' id='word_1_219' title='bbox 909 1191 1015 1238; x_wconf 84' lang='lat' dir='ltr'>quod</span> <span class='ocrx_word' id='word_1_220' title='bbox 1042 1191 1324 1237; x_wconf 87' lang='lat' dir='ltr'>perfectionem</span> <span class='ocrx_word' id='word_1_221' title='bbox 1351 1200 1468 1237; x_wconf 87' lang='lat' dir='ltr'>quam</span> <span class='ocrx_word' id='word_1_222' title='bbox 1499 1191 1649 1238; x_wconf 88' lang='lat' dir='ltr'>aliquid</span> 
     </span>
     <span class='ocr_line' id='line_1_25' title="bbox 29 1238 1645 1291; baseline 0.001 -15"><span class='ocrx_word' id='word_1_223' title='bbox 29 1238 162 1291; x_wconf 72' lang='lat' dir='ltr'>hahet,</span> <span class='ocrx_word' id='word_1_224' title='bbox 200 1239 331 1285; x_wconf 87' lang='lat' dir='ltr'>possit</span> <span class='ocrx_word' id='word_1_225' title='bbox 360 1239 473 1278; x_wconf 90' lang='lat' dir='ltr'>alteri</span> <span class='ocrx_word' id='word_1_226' title='bbox 504 1239 814 1277; x_wconf 86' lang='lat' dir='ltr'>communicare.</span> <span class='ocrx_word' id='word_1_227' title='bbox 849 1239 1026 1276; x_wconf 89' lang='lat' dir='ltr'>Detrahit</span> <span class='ocrx_word' id='word_1_228' title='bbox 1056 1238 1178 1286; x_wconf 83' lang='lat' dir='ltr'>igitur</span> <span class='ocrx_word' id='word_1_229' title='bbox 1209 1238 1294 1276; x_wconf 82' lang='lat' dir='ltr'>liaeo</span> <span class='ocrx_word' id='word_1_230' title='bbox 1323 1239 1470 1285; x_wconf 89' lang='lat' dir='ltr'>positio</span> <span class='ocrx_word' id='word_1_231' title='bbox 1502 1239 1645 1277; x_wconf 73' lang='lat' dir='ltr'>divinae</span> 
     </span>
     <span class='ocr_line' id='line_1_26' title="bbox 27 1290 178 1323; baseline 0.007 -2"><span class='ocrx_word' id='word_1_232' title='bbox 27 1290 178 1323; x_wconf 85' lang='lat' dir='ltr'>virtuti.</span> 
     </span>
    </p>

    <p class='ocr_par' dir='ltr' id='par_1_7' title="bbox 30 1332 1649 1848">
     <span class='ocr_line' id='line_1_27' title="bbox 76 1332 1649 1379; baseline 0.001 -11"><span class='ocrx_word' id='word_1_233' title='bbox 76 1334 176 1378; x_wconf 85' lang='lat' dir='ltr'>Item,</span> <span class='ocrx_word' id='word_1_234' title='bbox 208 1333 312 1371; x_wconf 91' lang='lat' dir='ltr'>sicut</span> <span class='ocrx_word' id='word_1_235' title='bbox 337 1337 398 1371; x_wconf 90' lang='lat' dir='ltr'>est</span> <span class='ocrx_word' id='word_1_236' title='bbox 427 1333 523 1370; x_wconf 88' lang='lat' dir='ltr'>boni</span> <span class='ocrx_word' id='word_1_237' title='bbox 549 1333 696 1371; x_wconf 88' lang='lat' dir='ltr'>bonum</span> <span class='ocrx_word' id='word_1_238' title='bbox 731 1333 874 1376; x_wconf 88' lang='lat' dir='ltr'>facere,</span> <span class='ocrx_word' id='word_1_239' title='bbox 896 1333 952 1370; x_wconf 90' lang='lat' dir='ltr'>ita</span> <span class='ocrx_word' id='word_1_240' title='bbox 970 1336 1032 1370; x_wconf 89' lang='lat' dir='ltr'>est</span> <span class='ocrx_word' id='word_1_241' title='bbox 1049 1333 1194 1369; x_wconf 90' lang='lat' dir='ltr'>summi</span> <span class='ocrx_word' id='word_1_242' title='bbox 1215 1332 1309 1370; x_wconf 89' lang='lat' dir='ltr'>boni</span> <span class='ocrx_word' id='word_1_243' title='bbox 1331 1332 1479 1379; x_wconf 89' lang='lat' dir='ltr'>aliquid</span> <span class='ocrx_word' id='word_1_244' title='bbox 1502 1333 1649 1378; x_wconf 87' lang='lat' dir='ltr'>optime</span> 
     </span>
     <span class='ocr_line' id='line_1_28' title="bbox 32 1379 1648 1426; baseline 0 -9"><span class='ocrx_word' id='word_1_245' title='bbox 32 1380 175 1417; x_wconf 80' lang='lat' dir='ltr'>facere.</span> <span class='ocrx_word' id='word_1_246' title='bbox 203 1382 307 1417; x_wconf 91' lang='lat' dir='ltr'>Deus</span> <span class='ocrx_word' id='word_1_247' title='bbox 342 1383 472 1417; x_wconf 88' lang='lat' dir='ltr'>autem</span> <span class='ocrx_word' id='word_1_248' title='bbox 488 1383 549 1417; x_wconf 90' lang='lat' dir='ltr'>est</span> <span class='ocrx_word' id='word_1_249' title='bbox 568 1389 769 1417; x_wconf 89' lang='lat' dir='ltr'>summum</span> <span class='ocrx_word' id='word_1_250' title='bbox 788 1379 952 1423; x_wconf 84' lang='lat' dir='ltr'>bonurn,</span> <span class='ocrx_word' id='word_1_251' title='bbox 972 1379 1072 1416; x_wconf 90' lang='lat' dir='ltr'>utin</span> <span class='ocrx_word' id='word_1_252' title='bbox 1088 1380 1216 1425; x_wconf 90' lang='lat' dir='ltr'>primo</span> <span class='ocrx_word' id='word_1_253' title='bbox 1237 1379 1338 1425; x_wconf 87' lang='lat' dir='ltr'>(cap.</span> <span class='ocrx_word' id='word_1_254' title='bbox 1362 1381 1419 1426; x_wconf 76' lang='lat'>14)</span> <span class='ocrx_word' id='word_1_255' title='bbox 1441 1383 1648 1417; x_wconf 89' lang='lat' dir='ltr'>ostensum</span> 
     </span>
     <span class='ocr_line' id='line_1_29' title="bbox 32 1426 1648 1473; baseline 0.001 -11"><span class='ocrx_word' id='word_1_256' title='bbox 32 1430 107 1463; x_wconf 87' lang='lat' dir='ltr'>est.</span> <span class='ocrx_word' id='word_1_257' title='bbox 140 1426 262 1472; x_wconf 82' lang='lat' dir='ltr'>igitur</span> <span class='ocrx_word' id='word_1_258' title='bbox 297 1427 382 1473; x_wconf 88' lang='lat' dir='ltr'>ejus</span> <span class='ocrx_word' id='word_1_259' title='bbox 403 1430 464 1464; x_wconf 88' lang='lat' dir='ltr'>est</span> <span class='ocrx_word' id='word_1_260' title='bbox 484 1427 631 1473; x_wconf 89' lang='lat' dir='ltr'>optime</span> <span class='ocrx_word' id='word_1_261' title='bbox 650 1427 779 1464; x_wconf 86' lang='lat' dir='ltr'>facere</span> <span class='ocrx_word' id='word_1_262' title='bbox 801 1426 948 1463; x_wconf 89' lang='lat' dir='ltr'>omnia.</span> <span class='ocrx_word' id='word_1_263' title='bbox 980 1426 1119 1463; x_wconf 90' lang='lat' dir='ltr'>Melius</span> <span class='ocrx_word' id='word_1_264' title='bbox 1140 1431 1269 1463; x_wconf 85' lang='lat' dir='ltr'>autern</span> <span class='ocrx_word' id='word_1_265' title='bbox 1292 1430 1352 1463; x_wconf 87' lang='lat' dir='ltr'>est</span> <span class='ocrx_word' id='word_1_266' title='bbox 1372 1427 1476 1472; x_wconf 89' lang='lat' dir='ltr'>quod</span> <span class='ocrx_word' id='word_1_267' title='bbox 1498 1427 1648 1463; x_wconf 87' lang='lat' dir='ltr'>bonum</span> 
     </span>
     <span class='ocr_line' id='line_1_30' title="bbox 32 1473 1649 1520; baseline 0.001 -11"><span class='ocrx_word' id='word_1_268' title='bbox 32 1473 152 1510; x_wconf 89' lang='lat' dir='ltr'>alicui</span> <span class='ocrx_word' id='word_1_269' title='bbox 174 1473 362 1511; x_wconf 84' lang='lat' dir='ltr'>collatum</span> <span class='ocrx_word' id='word_1_270' title='bbox 393 1474 446 1511; x_wconf 91' lang='lat' dir='ltr'>sit</span> <span class='ocrx_word' id='word_1_271' title='bbox 477 1474 690 1511; x_wconf 89' lang='lat' dir='ltr'>multorum</span> <span class='ocrx_word' id='word_1_272' title='bbox 733 1482 956 1517; x_wconf 88' lang='lat' dir='ltr'>commune,</span> <span class='ocrx_word' id='word_1_273' title='bbox 981 1482 1098 1520; x_wconf 88' lang='lat' dir='ltr'>quam</span> <span class='ocrx_word' id='word_1_274' title='bbox 1117 1473 1223 1519; x_wconf 87' lang='lat' dir='ltr'>quod</span> <span class='ocrx_word' id='word_1_275' title='bbox 1243 1474 1295 1510; x_wconf 93' lang='lat' dir='ltr'>sit</span> <span class='ocrx_word' id='word_1_276' title='bbox 1315 1474 1531 1519; x_wconf 86' lang='lat' dir='ltr'>proprium,</span> <span class='ocrx_word' id='word_1_277' title='bbox 1555 1473 1649 1519; x_wconf 86' lang='lat' dir='ltr'>quia</span> 
     </span>
     <span class='ocr_line' id='line_1_31' title="bbox 32 1520 1647 1566; baseline 0 -9"><span class='ocrx_word' id='word_1_278' title='bbox 32 1520 182 1557; x_wconf 88' lang='lat' dir='ltr'>bonum</span> <span class='ocrx_word' id='word_1_279' title='bbox 217 1529 428 1557; x_wconf 89' lang='lat' dir='ltr'>commune</span> <span class='ocrx_word' id='word_1_280' title='bbox 461 1529 617 1566; x_wconf 87' lang='lat' dir='ltr'>semper</span> <span class='ocrx_word' id='word_1_281' title='bbox 646 1520 848 1556; x_wconf 88' lang='lat' dir='ltr'>invenitur</span> <span class='ocrx_word' id='word_1_282' title='bbox 879 1529 967 1557; x_wconf 89' lang='lat' dir='ltr'>esse</span> <span class='ocrx_word' id='word_1_283' title='bbox 999 1520 1174 1557; x_wconf 86' lang='lat' dir='ltr'>divinius</span> <span class='ocrx_word' id='word_1_284' title='bbox 1204 1529 1323 1566; x_wconf 86' lang='lat' dir='ltr'>quam</span> <span class='ocrx_word' id='word_1_285' title='bbox 1349 1520 1498 1556; x_wconf 88' lang='lat' dir='ltr'>bonum</span> <span class='ocrx_word' id='word_1_286' title='bbox 1527 1521 1647 1558; x_wconf 87' lang='lat' dir='ltr'>unius</span> 
     </span>
     <span class='ocr_line' id='line_1_32' title="bbox 30 1566 1646 1612; baseline 0.001 -10"><span class='ocrx_word' id='word_1_287' title='bbox 30 1571 200 1604; x_wconf 83' lang='lat' dir='ltr'>tantum.</span> <span class='ocrx_word' id='word_1_288' title='bbox 224 1567 297 1604; x_wconf 88' lang='lat' dir='ltr'>Sed</span> <span class='ocrx_word' id='word_1_289' title='bbox 315 1567 465 1604; x_wconf 88' lang='lat' dir='ltr'>bonum</span> <span class='ocrx_word' id='word_1_290' title='bbox 482 1567 601 1605; x_wconf 90' lang='lat' dir='ltr'>unius</span> <span class='ocrx_word' id='word_1_291' title='bbox 621 1566 665 1604; x_wconf 86' lang='lat' dir='ltr'>fit</span> <span class='ocrx_word' id='word_1_292' title='bbox 678 1567 815 1611; x_wconf 82' lang='lat' dir='ltr'>multis</span> <span class='ocrx_word' id='word_1_293' title='bbox 836 1575 1060 1611; x_wconf 90' lang='lat' dir='ltr'>commune,</span> <span class='ocrx_word' id='word_1_294' title='bbox 1078 1567 1111 1603; x_wconf 92' lang='lat' dir='ltr'>si</span> <span class='ocrx_word' id='word_1_295' title='bbox 1128 1567 1175 1604; x_wconf 87' lang='lat' dir='ltr'>ab</span> <span class='ocrx_word' id='word_1_296' title='bbox 1190 1575 1271 1604; x_wconf 89' lang='lat' dir='ltr'>uno</span> <span class='ocrx_word' id='word_1_297' title='bbox 1284 1567 1325 1603; x_wconf 93' lang='lat' dir='ltr'>in</span> <span class='ocrx_word' id='word_1_298' title='bbox 1342 1567 1419 1603; x_wconf 90' lang='lat' dir='ltr'>alia</span> <span class='ocrx_word' id='word_1_299' title='bbox 1435 1567 1646 1612; x_wconf 86' lang='lat' dir='ltr'>derivatur,</span> 
     </span>
     <span class='ocr_line' id='line_1_33' title="bbox 34 1613 1647 1661; baseline 0 -11"><span class='ocrx_word' id='word_1_300' title='bbox 34 1613 139 1660; x_wconf 88' lang='lat' dir='ltr'>quod</span> <span class='ocrx_word' id='word_1_301' title='bbox 170 1622 248 1651; x_wconf 92' lang='lat' dir='ltr'>non</span> <span class='ocrx_word' id='word_1_302' title='bbox 271 1618 405 1660; x_wconf 85' lang='lat' dir='ltr'>potest</span> <span class='ocrx_word' id='word_1_303' title='bbox 424 1623 528 1656; x_wconf 81' lang='lat' dir='ltr'>esse.</span> <span class='ocrx_word' id='word_1_304' title='bbox 565 1614 643 1651; x_wconf 90' lang='lat' dir='ltr'>nisi</span> <span class='ocrx_word' id='word_1_305' title='bbox 663 1615 703 1650; x_wconf 91' lang='lat' dir='ltr'>in</span> <span class='ocrx_word' id='word_1_306' title='bbox 726 1617 915 1661; x_wconf 87' lang='lat' dir='ltr'>quantum</span> <span class='ocrx_word' id='word_1_307' title='bbox 937 1613 1122 1650; x_wconf 78' lang='lat' dir='ltr'>diffundit</span> <span class='ocrx_word' id='word_1_308' title='bbox 1142 1614 1272 1660; x_wconf 87' lang='lat' dir='ltr'>ipsum</span> <span class='ocrx_word' id='word_1_309' title='bbox 1302 1614 1342 1650; x_wconf 91' lang='lat' dir='ltr'>in</span> <span class='ocrx_word' id='word_1_310' title='bbox 1364 1613 1441 1651; x_wconf 89' lang='lat' dir='ltr'>alia</span> <span class='ocrx_word' id='word_1_311' title='bbox 1460 1624 1528 1659; x_wconf 88' lang='lat' dir='ltr'>per</span> <span class='ocrx_word' id='word_1_312' title='bbox 1557 1623 1647 1660; x_wconf 86' lang='lat' dir='ltr'>pro·</span> 
     </span>
     <span class='ocr_line' id='line_1_34' title="bbox 32 1660 1645 1708; baseline 0.001 -12"><span class='ocrx_word' id='word_1_313' title='bbox 32 1661 158 1706; x_wconf 83' lang='lat' dir='ltr'>priam</span> <span class='ocrx_word' id='word_1_314' title='bbox 180 1661 390 1698; x_wconf 85' lang='lat' dir='ltr'>actionem.</span> <span class='ocrx_word' id='word_1_315' title='bbox 414 1661 452 1698; x_wconf 90' lang='lat' dir='ltr'>Si</span> <span class='ocrx_word' id='word_1_316' title='bbox 473 1670 566 1698; x_wconf 87' lang='lat' dir='ltr'>vero</span> <span class='ocrx_word' id='word_1_317' title='bbox 587 1665 821 1708; x_wconf 87' lang='lat' dir='ltr'>potestatem</span> <span class='ocrx_word' id='word_1_318' title='bbox 843 1670 921 1697; x_wconf 89' lang='lat' dir='ltr'>non</span> <span class='ocrx_word' id='word_1_319' title='bbox 945 1661 1059 1697; x_wconf 88' lang='lat' dir='ltr'>babet</span> <span class='ocrx_word' id='word_1_320' title='bbox 1076 1660 1174 1697; x_wconf 90' lang='lat' dir='ltr'>illud</span> <span class='ocrx_word' id='word_1_321' title='bbox 1191 1661 1229 1698; x_wconf 88' lang='lat' dir='ltr'>in</span> <span class='ocrx_word' id='word_1_322' title='bbox 1253 1661 1331 1698; x_wconf 88' lang='lat' dir='ltr'>alia</span> <span class='ocrx_word' id='word_1_323' title='bbox 1350 1661 1645 1705; x_wconf 82' lang='lat' dir='ltr'>tranfundendi‚</span> 
     </span>
     <span class='ocr_line' id='line_1_35' title="bbox 32 1707 1646 1754; baseline 0 -10"><span class='ocrx_word' id='word_1_324' title='bbox 32 1712 166 1744; x_wconf 88' lang='lat' dir='ltr'>manet</span> <span class='ocrx_word' id='word_1_325' title='bbox 197 1707 353 1754; x_wconf 82' lang='lat' dir='ltr'>sibiipsi</span> <span class='ocrx_word' id='word_1_326' title='bbox 387 1708 604 1754; x_wconf 89' lang='lat' dir='ltr'>proprium.</span> <span class='ocrx_word' id='word_1_327' title='bbox 635 1708 698 1745; x_wconf 90' lang='lat' dir='ltr'>Sic</span> <span class='ocrx_word' id='word_1_328' title='bbox 729 1708 850 1754; x_wconf 74' lang='lat' dir='ltr'>igitur</span> <span class='ocrx_word' id='word_1_329' title='bbox 876 1709 980 1745; x_wconf 87' lang='lat' dir='ltr'>Deus</span> <span class='ocrx_word' id='word_1_330' title='bbox 998 1707 1117 1744; x_wconf 89' lang='lat' dir='ltr'>rebus</span> <span class='ocrx_word' id='word_1_331' title='bbox 1134 1708 1276 1744; x_wconf 90' lang='lat' dir='ltr'>creatis</span> <span class='ocrx_word' id='word_1_332' title='bbox 1297 1716 1410 1745; x_wconf 90' lang='lat' dir='ltr'>suam</span> <span class='ocrx_word' id='word_1_333' title='bbox 1430 1708 1646 1744; x_wconf 87' lang='lat' dir='ltr'>bonitatem</span> 
     </span>
     <span class='ocr_line' id='line_1_36' title="bbox 31 1755 1644 1801; baseline 0.001 -10"><span class='ocrx_word' id='word_1_334' title='bbox 31 1755 354 1800; x_wconf 86' lang='lat' dir='ltr'>communicavit,</span> <span class='ocrx_word' id='word_1_335' title='bbox 390 1758 433 1791; x_wconf 88' lang='lat' dir='ltr'>ut</span> <span class='ocrx_word' id='word_1_336' title='bbox 462 1764 542 1791; x_wconf 87' lang='lat' dir='ltr'>una</span> <span class='ocrx_word' id='word_1_337' title='bbox 578 1763 642 1792; x_wconf 91' lang='lat' dir='ltr'>res</span> <span class='ocrx_word' id='word_1_338' title='bbox 675 1756 781 1801; x_wconf 83' lang='lat' dir='ltr'>quod</span> <span class='ocrx_word' id='word_1_339' title='bbox 812 1755 975 1800; x_wconf 83' lang='lat' dir='ltr'>accepit,</span> <span class='ocrx_word' id='word_1_340' title='bbox 1002 1755 1129 1799; x_wconf 81' lang='lat' dir='ltr'>possit</span> <span class='ocrx_word' id='word_1_341' title='bbox 1149 1755 1191 1790; x_wconf 89' lang='lat' dir='ltr'>in</span> <span class='ocrx_word' id='word_1_342' title='bbox 1214 1755 1330 1791; x_wconf 87' lang='lat' dir='ltr'>aliam</span> <span class='ocrx_word' id='word_1_343' title='bbox 1352 1755 1644 1792; x_wconf 85' lang='lat' dir='ltr'>transfundere.</span> 
     </span>
     <span class='ocr_line' id='line_1_37' title="bbox 30 1801 1534 1848; baseline 0.001 -10"><span class='ocrx_word' id='word_1_344' title='bbox 30 1801 241 1838; x_wconf 88' lang='lat' dir='ltr'>Detrahere</span> <span class='ocrx_word' id='word_1_345' title='bbox 263 1811 356 1847; x_wconf 79' lang='lat' dir='ltr'>ergo</span> <span class='ocrx_word' id='word_1_346' title='bbox 372 1801 550 1838; x_wconf 85' lang='lat' dir='ltr'>actiones</span> <span class='ocrx_word' id='word_1_347' title='bbox 568 1802 750 1848; x_wconf 87' lang='lat' dir='ltr'>proprias</span> <span class='ocrx_word' id='word_1_348' title='bbox 770 1801 888 1839; x_wconf 89' lang='lat' dir='ltr'>rebus</span> <span class='ocrx_word' id='word_1_349' title='bbox 908 1805 969 1838; x_wconf 88' lang='lat' dir='ltr'>est</span> <span class='ocrx_word' id='word_1_350' title='bbox 988 1801 1129 1838; x_wconf 84' lang='lat' dir='ltr'>divinae</span> <span class='ocrx_word' id='word_1_351' title='bbox 1148 1801 1315 1839; x_wconf 87' lang='lat' dir='ltr'>bonitati</span> <span class='ocrx_word' id='word_1_352' title='bbox 1331 1801 1534 1848; x_wconf 82' lang='lat' dir='ltr'>derogare.</span> 
     </span>
    </p>

    <p class='ocr_par' dir='ltr' id='par_1_8' title="bbox 28 1848 1648 2222">
     <span class='ocr_line' id='line_1_38' title="bbox 76 1848 1648 1895; baseline 0.001 -11"><span class='ocrx_word' id='word_1_353' title='bbox 76 1848 226 1893; x_wconf 84' lang='lat' dir='ltr'>Adhuc,</span> <span class='ocrx_word' id='word_1_354' title='bbox 263 1848 494 1886; x_wconf 80' lang='lat' dir='ltr'>subtrahere</span> <span class='ocrx_word' id='word_1_355' title='bbox 515 1849 695 1886; x_wconf 88' lang='lat' dir='ltr'>ordinem</span> <span class='ocrx_word' id='word_1_356' title='bbox 716 1848 834 1885; x_wconf 88' lang='lat' dir='ltr'>rebus</span> <span class='ocrx_word' id='word_1_357' title='bbox 873 1849 1016 1885; x_wconf 86' lang='lat' dir='ltr'>creatis</span> <span class='ocrx_word' id='word_1_358' title='bbox 1049 1851 1108 1885; x_wconf 90' lang='lat' dir='ltr'>est</span> <span class='ocrx_word' id='word_1_359' title='bbox 1139 1849 1198 1886; x_wconf 89' lang='lat' dir='ltr'>eis</span> <span class='ocrx_word' id='word_1_360' title='bbox 1223 1848 1455 1885; x_wconf 85' lang='lat' dir='ltr'>subtrahere</span> <span class='ocrx_word' id='word_1_361' title='bbox 1481 1849 1519 1885; x_wconf 89' lang='lat' dir='ltr'>id</span> <span class='ocrx_word' id='word_1_362' title='bbox 1542 1849 1648 1895; x_wconf 84' lang='lat' dir='ltr'>quod</span> 
     </span>
     <span class='ocr_line' id='line_1_39' title="bbox 28 1895 1648 1942; baseline -0.001 -9"><span class='ocrx_word' id='word_1_363' title='bbox 28 1895 224 1941; x_wconf 88' lang='lat' dir='ltr'>optimum</span> <span class='ocrx_word' id='word_1_364' title='bbox 249 1895 418 1939; x_wconf 86' lang='lat' dir='ltr'>habent;</span> <span class='ocrx_word' id='word_1_365' title='bbox 438 1905 530 1933; x_wconf 90' lang='lat' dir='ltr'>nam</span> <span class='ocrx_word' id='word_1_366' title='bbox 550 1895 711 1942; x_wconf 84' lang='lat' dir='ltr'>singula</span> <span class='ocrx_word' id='word_1_367' title='bbox 730 1896 771 1932; x_wconf 92' lang='lat' dir='ltr'>in</span> <span class='ocrx_word' id='word_1_368' title='bbox 798 1895 943 1941; x_wconf 89' lang='lat' dir='ltr'>seipsis</span> <span class='ocrx_word' id='word_1_369' title='bbox 963 1898 1057 1933; x_wconf 87' lang='lat' dir='ltr'>sunt</span> <span class='ocrx_word' id='word_1_370' title='bbox 1073 1895 1191 1933; x_wconf 88' lang='lat' dir='ltr'>bona.</span> <span class='ocrx_word' id='word_1_371' title='bbox 1213 1895 1339 1933; x_wconf 91' lang='lat' dir='ltr'>Simul</span> <span class='ocrx_word' id='word_1_372' title='bbox 1359 1900 1490 1933; x_wconf 88' lang='lat' dir='ltr'>autem</span> <span class='ocrx_word' id='word_1_373' title='bbox 1513 1897 1648 1933; x_wconf 89' lang='lat' dir='ltr'>omnia</span> 
     </span>
     <span class='ocr_line' id='line_1_40' title="bbox 30 1942 1646 1989; baseline 0.001 -10"><span class='ocrx_word' id='word_1_374' title='bbox 30 1945 126 1979; x_wconf 89' lang='lat' dir='ltr'>sunt</span> <span class='ocrx_word' id='word_1_375' title='bbox 164 1942 314 1988; x_wconf 91' lang='lat' dir='ltr'>optima</span> <span class='ocrx_word' id='word_1_376' title='bbox 349 1946 510 1989; x_wconf 89' lang='lat' dir='ltr'>propter</span> <span class='ocrx_word' id='word_1_377' title='bbox 539 1942 719 1980; x_wconf 90' lang='lat' dir='ltr'>ordinem</span> <span class='ocrx_word' id='word_1_378' title='bbox 740 1942 931 1979; x_wconf 87' lang='lat' dir='ltr'>universi.</span> <span class='ocrx_word' id='word_1_379' title='bbox 953 1943 1115 1989; x_wconf 90' lang='lat' dir='ltr'>Semper</span> <span class='ocrx_word' id='word_1_380' title='bbox 1144 1942 1250 1979; x_wconf 89' lang='lat' dir='ltr'>enim</span> <span class='ocrx_word' id='word_1_381' title='bbox 1270 1946 1395 1979; x_wconf 89' lang='lat' dir='ltr'>totum</span> <span class='ocrx_word' id='word_1_382' title='bbox 1424 1947 1484 1980; x_wconf 88' lang='lat' dir='ltr'>est</span> <span class='ocrx_word' id='word_1_383' title='bbox 1504 1943 1646 1980; x_wconf 89' lang='lat' dir='ltr'>melius</span> 
     </span>
     <span class='ocr_line' id='line_1_41' title="bbox 30 1988 1646 2036; baseline 0.001 -11"><span class='ocrx_word' id='word_1_384' title='bbox 30 1988 209 2034; x_wconf 83' lang='lat' dir='ltr'>partibus</span> <span class='ocrx_word' id='word_1_385' title='bbox 236 1993 274 2026; x_wconf 91' lang='lat' dir='ltr'>et</span> <span class='ocrx_word' id='word_1_386' title='bbox 298 1988 392 2027; x_wconf 88' lang='lat' dir='ltr'>finis</span> <span class='ocrx_word' id='word_1_387' title='bbox 413 1989 604 2036; x_wconf 88' lang='lat' dir='ltr'>ipsarum.</span> <span class='ocrx_word' id='word_1_388' title='bbox 627 1990 663 2026; x_wconf 90' lang='lat' dir='ltr'>Si</span> <span class='ocrx_word' id='word_1_389' title='bbox 685 1994 813 2026; x_wconf 89' lang='lat' dir='ltr'>autem</span> <span class='ocrx_word' id='word_1_390' title='bbox 835 1990 953 2026; x_wconf 89' lang='lat' dir='ltr'>rebus</span> <span class='ocrx_word' id='word_1_391' title='bbox 974 1989 1258 2027; x_wconf 87' lang='lat' dir='ltr'>subtrahantur</span> <span class='ocrx_word' id='word_1_392' title='bbox 1285 1990 1476 2034; x_wconf 88' lang='lat' dir='ltr'>actiones,</span> <span class='ocrx_word' id='word_1_393' title='bbox 1493 1990 1646 2027; x_wconf 89' lang='lat' dir='ltr'>subtra-</span> 
     </span>
     <span class='ocr_line' id='line_1_42' title="bbox 30 2035 1647 2084; baseline 0.002 -13"><span class='ocrx_word' id='word_1_394' title='bbox 30 2035 138 2072; x_wconf 90' lang='lat' dir='ltr'>hitur</span> <span class='ocrx_word' id='word_1_395' title='bbox 157 2035 254 2072; x_wconf 91' lang='lat' dir='ltr'>ordo</span> <span class='ocrx_word' id='word_1_396' title='bbox 289 2045 421 2073; x_wconf 89' lang='lat' dir='ltr'>rerum</span> <span class='ocrx_word' id='word_1_397' title='bbox 441 2037 488 2073; x_wconf 86' lang='lat' dir='ltr'>ad</span> <span class='ocrx_word' id='word_1_398' title='bbox 505 2037 688 2074; x_wconf 86' lang='lat' dir='ltr'>invicem.</span> <span class='ocrx_word' id='word_1_399' title='bbox 710 2038 854 2073; x_wconf 87' lang='lat' dir='ltr'>Rerum</span> <span class='ocrx_word' id='word_1_400' title='bbox 887 2037 993 2073; x_wconf 88' lang='lat' dir='ltr'>enim</span> <span class='ocrx_word' id='word_1_401' title='bbox 1019 2046 1106 2084; x_wconf 79' lang='lat' dir='ltr'>quae</span> <span class='ocrx_word' id='word_1_402' title='bbox 1127 2040 1220 2073; x_wconf 89' lang='lat' dir='ltr'>sunt</span> <span class='ocrx_word' id='word_1_403' title='bbox 1239 2036 1403 2074; x_wconf 73' lang='lat' dir='ltr'>diversae</span> <span class='ocrx_word' id='word_1_404' title='bbox 1425 2038 1647 2074; x_wconf 86' lang='lat' dir='ltr'>secundum</span> 
     </span>
     <span class='ocr_line' id='line_1_43' title="bbox 31 2083 1645 2130; baseline 0.002 -12"><span class='ocrx_word' id='word_1_405' title='bbox 31 2091 126 2119; x_wconf 84' lang='lat' dir='ltr'>suas</span> <span class='ocrx_word' id='word_1_406' title='bbox 157 2086 335 2126; x_wconf 86' lang='lat' dir='ltr'>naturas,</span> <span class='ocrx_word' id='word_1_407' title='bbox 370 2091 451 2120; x_wconf 91' lang='lat' dir='ltr'>non</span> <span class='ocrx_word' id='word_1_408' title='bbox 471 2087 532 2120; x_wconf 89' lang='lat' dir='ltr'>est</span> <span class='ocrx_word' id='word_1_409' title='bbox 551 2083 755 2130; x_wconf 84' lang='lat' dir='ltr'>colligatio</span> <span class='ocrx_word' id='word_1_410' title='bbox 783 2084 825 2120; x_wconf 93' lang='lat' dir='ltr'>in</span> <span class='ocrx_word' id='word_1_411' title='bbox 851 2083 1005 2121; x_wconf 90' lang='lat' dir='ltr'>ordinis</span> <span class='ocrx_word' id='word_1_412' title='bbox 1030 2084 1235 2127; x_wconf 85' lang='lat' dir='ltr'>unitatem,</span> <span class='ocrx_word' id='word_1_413' title='bbox 1255 2083 1333 2121; x_wconf 91' lang='lat' dir='ltr'>nisi</span> <span class='ocrx_word' id='word_1_414' title='bbox 1356 2093 1423 2129; x_wconf 88' lang='lat' dir='ltr'>per</span> <span class='ocrx_word' id='word_1_415' title='bbox 1443 2084 1519 2121; x_wconf 89' lang='lat' dir='ltr'>hoc</span> <span class='ocrx_word' id='word_1_416' title='bbox 1540 2085 1645 2130; x_wconf 86' lang='lat' dir='ltr'>quod</span> 
     </span>
     <span class='ocr_line' id='line_1_44' title="bbox 31 2128 1646 2178; baseline 0.001 -12"><span class='ocrx_word' id='word_1_417' title='bbox 31 2128 211 2175; x_wconf 87' lang='lat' dir='ltr'>quaedam</span> <span class='ocrx_word' id='word_1_418' title='bbox 231 2132 367 2176; x_wconf 84' lang='lat' dir='ltr'>agunt,</span> <span class='ocrx_word' id='word_1_419' title='bbox 386 2133 424 2166; x_wconf 88' lang='lat' dir='ltr'>et</span> <span class='ocrx_word' id='word_1_420' title='bbox 438 2130 617 2176; x_wconf 80' lang='lat' dir='ltr'>quaedam</span> <span class='ocrx_word' id='word_1_421' title='bbox 636 2130 852 2175; x_wconf 84' lang='lat' dir='ltr'>patiuntur.</span> <span class='ocrx_word' id='word_1_422' title='bbox 869 2130 1159 2169; x_wconf 78' lang='lat' dir='ltr'>inconveniens</span> <span class='ocrx_word' id='word_1_423' title='bbox 1173 2131 1295 2178; x_wconf 82' lang='lat' dir='ltr'>igitur</span> <span class='ocrx_word' id='word_1_424' title='bbox 1308 2135 1368 2168; x_wconf 91' lang='lat' dir='ltr'>est</span> <span class='ocrx_word' id='word_1_425' title='bbox 1381 2130 1524 2172; x_wconf 84' lang='lat' dir='ltr'>dicere,</span> <span class='ocrx_word' id='word_1_426' title='bbox 1539 2131 1646 2178; x_wconf 86' lang='lat' dir='ltr'>quod</span> 
     </span>
     <span class='ocr_line' id='line_1_45' title="bbox 30 2175 776 2222; baseline 0.003 -10"><span class='ocrx_word' id='word_1_427' title='bbox 30 2184 94 2212; x_wconf 85' lang='lat' dir='ltr'>res</span> <span class='ocrx_word' id='word_1_428' title='bbox 115 2184 196 2212; x_wconf 90' lang='lat' dir='ltr'>non</span> <span class='ocrx_word' id='word_1_429' title='bbox 217 2175 363 2213; x_wconf 84' lang='lat' dir='ltr'>habent</span> <span class='ocrx_word' id='word_1_430' title='bbox 383 2177 564 2222; x_wconf 89' lang='lat' dir='ltr'>proprias</span> <span class='ocrx_word' id='word_1_431' title='bbox 585 2177 776 2214; x_wconf 89' lang='lat' dir='ltr'>actiones.</span> 
     </span>
    </p>

    <p class='ocr_par' dir='ltr' id='par_1_9' title="bbox 28 2221 1647 2691">
     <span class='ocr_line' id='line_1_46' title="bbox 77 2221 1647 2269; baseline 0.001 -11"><span class='ocrx_word' id='word_1_432' title='bbox 77 2223 261 2268; x_wconf 75' lang='lat' dir='ltr'>Amplius,</span> <span class='ocrx_word' id='word_1_433' title='bbox 283 2223 317 2260; x_wconf 92' lang='lat' dir='ltr'>si</span> <span class='ocrx_word' id='word_1_434' title='bbox 338 2221 503 2261; x_wconf 86' lang='lat' dir='ltr'>effectus</span> <span class='ocrx_word' id='word_1_435' title='bbox 523 2232 604 2260; x_wconf 88' lang='lat' dir='ltr'>non</span> <span class='ocrx_word' id='word_1_436' title='bbox 626 2223 899 2269; x_wconf 86' lang='lat' dir='ltr'>producuntur</span> <span class='ocrx_word' id='word_1_437' title='bbox 926 2233 974 2261; x_wconf 85' lang='lat' dir='ltr'>ex</span> <span class='ocrx_word' id='word_1_438' title='bbox 993 2224 1150 2261; x_wconf 86' lang='lat' dir='ltr'>actione</span> <span class='ocrx_word' id='word_1_439' title='bbox 1169 2233 1300 2261; x_wconf 87' lang='lat' dir='ltr'>rerum</span> <span class='ocrx_word' id='word_1_440' title='bbox 1322 2228 1555 2267; x_wconf 83' lang='lat' dir='ltr'>creatarum,</span> <span class='ocrx_word' id='word_1_441' title='bbox 1576 2225 1647 2260; x_wconf 87' lang='lat' dir='ltr'>sed</span> 
     </span>
     <span class='ocr_line' id='line_1_47' title="bbox 31 2269 1647 2317; baseline 0.001 -12"><span class='ocrx_word' id='word_1_442' title='bbox 31 2269 162 2306; x_wconf 87' lang='lat' dir='ltr'>solum</span> <span class='ocrx_word' id='word_1_443' title='bbox 198 2279 245 2305; x_wconf 81' lang='lat' dir='ltr'>ex</span> <span class='ocrx_word' id='word_1_444' title='bbox 283 2269 438 2306; x_wconf 89' lang='lat' dir='ltr'>actione</span> <span class='ocrx_word' id='word_1_445' title='bbox 467 2270 550 2315; x_wconf 91' lang='lat' dir='ltr'>Dei,</span> <span class='ocrx_word' id='word_1_446' title='bbox 571 2270 823 2316; x_wconf 90' lang='lat' dir='ltr'>impossibile</span> <span class='ocrx_word' id='word_1_447' title='bbox 858 2273 919 2307; x_wconf 87' lang='lat' dir='ltr'>est</span> <span class='ocrx_word' id='word_1_448' title='bbox 955 2270 1061 2315; x_wconf 89' lang='lat' dir='ltr'>quod</span> <span class='ocrx_word' id='word_1_449' title='bbox 1081 2280 1152 2317; x_wconf 91' lang='lat' dir='ltr'>per</span> <span class='ocrx_word' id='word_1_450' title='bbox 1170 2270 1353 2308; x_wconf 87' lang='lat' dir='ltr'>effectum</span> <span class='ocrx_word' id='word_1_451' title='bbox 1371 2271 1647 2307; x_wconf 75' lang='lat' dir='ltr'>manifestetur</span> 
     </span>
     <span class='ocr_line' id='line_1_48' title="bbox 30 2316 1646 2363; baseline 0.001 -11"><span class='ocrx_word' id='word_1_452' title='bbox 30 2317 156 2353; x_wconf 86' lang='lat' dir='ltr'>virtus</span> <span class='ocrx_word' id='word_1_453' title='bbox 176 2316 346 2363; x_wconf 87' lang='lat' dir='ltr'>alicujus</span> <span class='ocrx_word' id='word_1_454' title='bbox 367 2325 498 2354; x_wconf 77' lang='lat' dir='ltr'>causae</span> <span class='ocrx_word' id='word_1_455' title='bbox 518 2320 673 2354; x_wconf 85' lang='lat' dir='ltr'>creatae.</span> <span class='ocrx_word' id='word_1_456' title='bbox 694 2319 780 2354; x_wconf 88' lang='lat' dir='ltr'>Non</span> <span class='ocrx_word' id='word_1_457' title='bbox 801 2317 906 2354; x_wconf 86' lang='lat' dir='ltr'>enim</span> <span class='ocrx_word' id='word_1_458' title='bbox 925 2316 1090 2355; x_wconf 84' lang='lat' dir='ltr'>effectus</span> <span class='ocrx_word' id='word_1_459' title='bbox 1121 2317 1295 2355; x_wconf 89' lang='lat' dir='ltr'>ostendit</span> <span class='ocrx_word' id='word_1_460' title='bbox 1311 2318 1493 2354; x_wconf 88' lang='lat' dir='ltr'>virtutem</span> <span class='ocrx_word' id='word_1_461' title='bbox 1515 2326 1646 2354; x_wconf 74' lang='lat' dir='ltr'>causae</span> 
     </span>
     <span class='ocr_line' id='line_1_49' title="bbox 29 2363 1642 2410; baseline 0.001 -11"><span class='ocrx_word' id='word_1_462' title='bbox 29 2363 109 2400; x_wconf 90' lang='lat' dir='ltr'>nisi</span> <span class='ocrx_word' id='word_1_463' title='bbox 130 2363 283 2400; x_wconf 86' lang='lat' dir='ltr'>ratione</span> <span class='ocrx_word' id='word_1_464' title='bbox 304 2363 487 2407; x_wconf 87' lang='lat' dir='ltr'>actionis,</span> <span class='ocrx_word' id='word_1_465' title='bbox 530 2373 617 2410; x_wconf 81' lang='lat' dir='ltr'>quae</span> <span class='ocrx_word' id='word_1_466' title='bbox 650 2374 673 2401; x_wconf 86' lang='lat' dir='ltr'>a</span> <span class='ocrx_word' id='word_1_467' title='bbox 705 2364 848 2400; x_wconf 89' lang='lat' dir='ltr'>virtute</span> <span class='ocrx_word' id='word_1_468' title='bbox 868 2364 1089 2410; x_wconf 86' lang='lat' dir='ltr'>procedens</span> <span class='ocrx_word' id='word_1_469' title='bbox 1117 2364 1162 2401; x_wconf 87' lang='lat' dir='ltr'>ad</span> <span class='ocrx_word' id='word_1_470' title='bbox 1197 2363 1379 2401; x_wconf 82' lang='lat' dir='ltr'>effectum</span> <span class='ocrx_word' id='word_1_471' title='bbox 1397 2364 1642 2400; x_wconf 83' lang='lat' dir='ltr'>terminatur.</span> 
     </span>
     <span class='ocr_line' id='line_1_50' title="bbox 29 2410 1646 2461; baseline 0.001 -15"><span class='ocrx_word' id='word_1_472' title='bbox 29 2411 178 2461; x_wconf 66' lang='lat' dir='ltr'>Natura</span> <span class='ocrx_word' id='word_1_473' title='bbox 196 2413 325 2447; x_wconf 90' lang='lat' dir='ltr'>autem</span> <span class='ocrx_word' id='word_1_474' title='bbox 359 2419 489 2447; x_wconf 83' lang='lat' dir='ltr'>causae</span> <span class='ocrx_word' id='word_1_475' title='bbox 509 2419 590 2447; x_wconf 92' lang='lat' dir='ltr'>non</span> <span class='ocrx_word' id='word_1_476' title='bbox 611 2411 868 2457; x_wconf 83' lang='lat' dir='ltr'>cognoscitur</span> <span class='ocrx_word' id='word_1_477' title='bbox 898 2420 967 2457; x_wconf 89' lang='lat' dir='ltr'>per</span> <span class='ocrx_word' id='word_1_478' title='bbox 995 2410 1176 2447; x_wconf 86' lang='lat' dir='ltr'>effectum</span> <span class='ocrx_word' id='word_1_479' title='bbox 1200 2411 1277 2447; x_wconf 85' lang='lat' dir='ltr'>nisi</span> <span class='ocrx_word' id='word_1_480' title='bbox 1300 2411 1341 2447; x_wconf 88' lang='lat' dir='ltr'>in</span> <span class='ocrx_word' id='word_1_481' title='bbox 1367 2414 1558 2456; x_wconf 84' lang='lat' dir='ltr'>quantum</span> <span class='ocrx_word' id='word_1_482' title='bbox 1577 2420 1646 2456; x_wconf 87' lang='lat' dir='ltr'>per</span> 
     </span>
     <span class='ocr_line' id='line_1_51' title="bbox 28 2457 1645 2504; baseline 0.001 -12"><span class='ocrx_word' id='word_1_483' title='bbox 28 2465 162 2502; x_wconf 78' lang='lat' dir='ltr'>ipsum</span> <span class='ocrx_word' id='word_1_484' title='bbox 183 2457 439 2502; x_wconf 71' lang='lat' dir='ltr'>cognoscitur</span> <span class='ocrx_word' id='word_1_485' title='bbox 463 2457 588 2494; x_wconf 91' lang='lat' dir='ltr'>virtus</span> <span class='ocrx_word' id='word_1_486' title='bbox 614 2457 713 2504; x_wconf 89' lang='lat' dir='ltr'>ejus,</span> <span class='ocrx_word' id='word_1_487' title='bbox 747 2467 834 2504; x_wconf 84' lang='lat' dir='ltr'>quae</span> <span class='ocrx_word' id='word_1_488' title='bbox 867 2462 1048 2494; x_wconf 87' lang='lat' dir='ltr'>naturam</span> <span class='ocrx_word' id='word_1_489' title='bbox 1081 2457 1351 2504; x_wconf 88' lang='lat' dir='ltr'>consequitur.</span> <span class='ocrx_word' id='word_1_490' title='bbox 1380 2457 1419 2493; x_wconf 84' lang='lat' dir='ltr'>Si</span> <span class='ocrx_word' id='word_1_491' title='bbox 1440 2457 1561 2502; x_wconf 74' lang='lat' dir='ltr'>igitur</span> <span class='ocrx_word' id='word_1_492' title='bbox 1580 2466 1645 2494; x_wconf 87' lang='lat' dir='ltr'>res</span> 
     </span>
     <span class='ocr_line' id='line_1_52' title="bbox 29 2503 1644 2551; baseline 0 -11"><span class='ocrx_word' id='word_1_493' title='bbox 29 2507 170 2541; x_wconf 82' lang='lat' dir='ltr'>creatae</span> <span class='ocrx_word' id='word_1_494' title='bbox 189 2512 270 2541; x_wconf 92' lang='lat' dir='ltr'>non</span> <span class='ocrx_word' id='word_1_495' title='bbox 291 2503 435 2541; x_wconf 85' lang='lat' dir='ltr'>liabent</span> <span class='ocrx_word' id='word_1_496' title='bbox 456 2504 632 2541; x_wconf 89' lang='lat' dir='ltr'>actiones</span> <span class='ocrx_word' id='word_1_497' title='bbox 651 2505 698 2540; x_wconf 87' lang='lat' dir='ltr'>ad</span> <span class='ocrx_word' id='word_1_498' title='bbox 717 2504 1014 2549; x_wconf 85' lang='lat' dir='ltr'>producendum</span> <span class='ocrx_word' id='word_1_499' title='bbox 1031 2503 1209 2548; x_wconf 80' lang='lat' dir='ltr'>effectus,</span> <span class='ocrx_word' id='word_1_500' title='bbox 1228 2503 1408 2551; x_wconf 88' lang='lat' dir='ltr'>sequitur</span> <span class='ocrx_word' id='word_1_501' title='bbox 1425 2503 1530 2550; x_wconf 89' lang='lat' dir='ltr'>quod</span> <span class='ocrx_word' id='word_1_502' title='bbox 1546 2512 1644 2541; x_wconf 80' lang='lat' dir='ltr'>nun-</span> 
     </span>
     <span class='ocr_line' id='line_1_53' title="bbox 28 2549 1643 2598; baseline 0.001 -11"><span class='ocrx_word' id='word_1_503' title='bbox 28 2559 148 2596; x_wconf 81' lang='lat' dir='ltr'>quam</span> <span class='ocrx_word' id='word_1_504' title='bbox 168 2554 310 2588; x_wconf 88' lang='lat' dir='ltr'>natura</span> <span class='ocrx_word' id='word_1_505' title='bbox 336 2551 505 2597; x_wconf 85' lang='lat' dir='ltr'>alicujus</span> <span class='ocrx_word' id='word_1_506' title='bbox 541 2550 597 2587; x_wconf 90' lang='lat' dir='ltr'>rei</span> <span class='ocrx_word' id='word_1_507' title='bbox 630 2555 770 2588; x_wconf 82' lang='lat' dir='ltr'>creatae</span> <span class='ocrx_word' id='word_1_508' title='bbox 804 2551 948 2596; x_wconf 85' lang='lat' dir='ltr'>poterit</span> <span class='ocrx_word' id='word_1_509' title='bbox 978 2551 1168 2598; x_wconf 83' lang='lat' dir='ltr'>cognosci</span> <span class='ocrx_word' id='word_1_510' title='bbox 1197 2560 1267 2596; x_wconf 89' lang='lat' dir='ltr'>per</span> <span class='ocrx_word' id='word_1_511' title='bbox 1294 2549 1490 2594; x_wconf 82' lang='lat' dir='ltr'>effectum,</span> <span class='ocrx_word' id='word_1_512' title='bbox 1513 2555 1550 2588; x_wconf 88' lang='lat' dir='ltr'>et</span> <span class='ocrx_word' id='word_1_513' title='bbox 1585 2552 1643 2588; x_wconf 87' lang='lat' dir='ltr'>sie</span> 
     </span>
     <span class='ocr_line' id='line_1_54' title="bbox 30 2597 1643 2644; baseline 0.001 -10"><span class='ocrx_word' id='word_1_514' title='bbox 30 2597 277 2635; x_wconf 86' lang='lat' dir='ltr'>subtrahitur</span> <span class='ocrx_word' id='word_1_515' title='bbox 307 2597 425 2635; x_wconf 89' lang='lat' dir='ltr'>nobis</span> <span class='ocrx_word' id='word_1_516' title='bbox 457 2597 589 2634; x_wconf 89' lang='lat' dir='ltr'>omnis</span> <span class='ocrx_word' id='word_1_517' title='bbox 621 2598 798 2642; x_wconf 77' lang='lat' dir='ltr'>cognitio</span> <span class='ocrx_word' id='word_1_518' title='bbox 830 2597 1008 2634; x_wconf 73' lang='lat' dir='ltr'>scientiae</span> <span class='ocrx_word' id='word_1_519' title='bbox 1039 2597 1247 2643; x_wconf 87' lang='lat' dir='ltr'>naturalis,</span> <span class='ocrx_word' id='word_1_520' title='bbox 1268 2597 1310 2634; x_wconf 91' lang='lat' dir='ltr'>in</span> <span class='ocrx_word' id='word_1_521' title='bbox 1342 2607 1417 2644; x_wconf 89' lang='lat' dir='ltr'>qua</span> <span class='ocrx_word' id='word_1_522' title='bbox 1447 2597 1643 2644; x_wconf 80' lang='lat' dir='ltr'>praecipue</span> 
     </span>
     <span class='ocr_line' id='line_1_55' title="bbox 30 2642 926 2691; baseline 0.001 -11"><span class='ocrx_word' id='word_1_523' title='bbox 30 2642 393 2683; x_wconf 86' lang='lat' dir='ltr'>demonstrationes</span> <span class='ocrx_word' id='word_1_524' title='bbox 410 2654 479 2691; x_wconf 89' lang='lat' dir='ltr'>per</span> <span class='ocrx_word' id='word_1_525' title='bbox 497 2644 679 2681; x_wconf 81' lang='lat' dir='ltr'>effectum</span> <span class='ocrx_word' id='word_1_526' title='bbox 702 2648 926 2681; x_wconf 89' lang='lat' dir='ltr'>sumuntur.</span> 
     </span>
    </p>

    <p class='ocr_par' dir='ltr' id='par_1_10' title="bbox 30 2690 1643 2880">
     <span class='ocr_line' id='line_1_56' title="bbox 56 2690 1640 2741; baseline 0.001 -15"><span class='ocrx_word' id='word_1_527' title='bbox 56 2692 177 2741; x_wconf 49' lang='lat' dir='ltr'>diem,</span> <span class='ocrx_word' id='word_1_528' title='bbox 213 2696 372 2738; x_wconf 86' lang='lat' dir='ltr'>apparet</span> <span class='ocrx_word' id='word_1_529' title='bbox 402 2701 473 2738; x_wconf 88' lang='lat' dir='ltr'>per</span> <span class='ocrx_word' id='word_1_530' title='bbox 503 2691 774 2728; x_wconf 86' lang='lat' dir='ltr'>inductionem</span> <span class='ocrx_word' id='word_1_531' title='bbox 807 2691 846 2728; x_wconf 91' lang='lat' dir='ltr'>in</span> <span class='ocrx_word' id='word_1_532' title='bbox 881 2691 1083 2734; x_wconf 90' lang='lat' dir='ltr'>omnibus,</span> <span class='ocrx_word' id='word_1_533' title='bbox 1104 2690 1209 2737; x_wconf 90' lang='lat' dir='ltr'>quod</span> <span class='ocrx_word' id='word_1_534' title='bbox 1241 2690 1371 2728; x_wconf 88' lang='lat' dir='ltr'>simile</span> <span class='ocrx_word' id='word_1_535' title='bbox 1403 2695 1493 2737; x_wconf 71' lang='lat' dir='ltr'>agat</span> <span class='ocrx_word' id='word_1_536' title='bbox 1525 2700 1640 2728; x_wconf 70' lang='lat' dir='ltr'>suuni</span> 
     </span>
     <span class='ocr_line' id='line_1_57' title="bbox 30 2737 1642 2786; baseline -0.001 -12"><span class='ocrx_word' id='word_1_537' title='bbox 30 2737 176 2775; x_wconf 83' lang='lat' dir='ltr'>simile.</span> <span class='ocrx_word' id='word_1_538' title='bbox 198 2738 240 2775; x_wconf 90' lang='lat' dir='ltr'>Id</span> <span class='ocrx_word' id='word_1_539' title='bbox 261 2742 391 2776; x_wconf 87' lang='lat' dir='ltr'>autem</span> <span class='ocrx_word' id='word_1_540' title='bbox 419 2738 524 2786; x_wconf 85' lang='lat' dir='ltr'>quod</span> <span class='ocrx_word' id='word_1_541' title='bbox 551 2741 763 2785; x_wconf 82' lang='lat' dir='ltr'>generatur</span> <span class='ocrx_word' id='word_1_542' title='bbox 791 2738 833 2774; x_wconf 91' lang='lat' dir='ltr'>in</span> <span class='ocrx_word' id='word_1_543' title='bbox 865 2738 985 2775; x_wconf 87' lang='lat' dir='ltr'>rebus</span> <span class='ocrx_word' id='word_1_544' title='bbox 1018 2737 1290 2782; x_wconf 86' lang='lat' dir='ltr'>inferioribus,</span> <span class='ocrx_word' id='word_1_545' title='bbox 1312 2747 1393 2775; x_wconf 83' lang='lat' dir='ltr'>non</span> <span class='ocrx_word' id='word_1_546' title='bbox 1423 2742 1484 2774; x_wconf 88' lang='lat' dir='ltr'>est</span> <span class='ocrx_word' id='word_1_547' title='bbox 1516 2738 1642 2775; x_wconf 65' lang='lat' dir='ltr'>forms..</span> 
     </span>
     <span class='ocr_line' id='line_1_58' title="bbox 32 2785 1640 2832; baseline 0.001 -14"><span class='ocrx_word' id='word_1_548' title='bbox 32 2787 203 2829; x_wconf 82' lang='lat' dir='ltr'>tantum,</span> <span class='ocrx_word' id='word_1_549' title='bbox 225 2786 294 2822; x_wconf 89' lang='lat' dir='ltr'>sed</span> <span class='ocrx_word' id='word_1_550' title='bbox 315 2786 580 2832; x_wconf 86' lang='lat' dir='ltr'>compositum</span> <span class='ocrx_word' id='word_1_551' title='bbox 600 2795 648 2822; x_wconf 81' lang='lat' dir='ltr'>ex</span> <span class='ocrx_word' id='word_1_552' title='bbox 666 2785 833 2823; x_wconf 87' lang='lat' dir='ltr'>materia</span> <span class='ocrx_word' id='word_1_553' title='bbox 852 2788 891 2821; x_wconf 91' lang='lat' dir='ltr'>et</span> <span class='ocrx_word' id='word_1_554' title='bbox 916 2785 1056 2822; x_wconf 86' lang='lat' dir='ltr'>forma.</span> <span class='ocrx_word' id='word_1_555' title='bbox 1078 2786 1175 2822; x_wconf 89' lang='lat' dir='ltr'>Nam</span> <span class='ocrx_word' id='word_1_556' title='bbox 1203 2785 1335 2822; x_wconf 89' lang='lat' dir='ltr'>omnis</span> <span class='ocrx_word' id='word_1_557' title='bbox 1366 2785 1568 2832; x_wconf 79' lang='lat' dir='ltr'>generatio</span> <span class='ocrx_word' id='word_1_558' title='bbox 1595 2795 1640 2820; x_wconf 84' lang='lat' dir='ltr'>ex</span> 
     </span>
     <span class='ocr_line' id='line_1_59' title="bbox 30 2830 1643 2880; baseline 0.001 -14"><span class='ocrx_word' id='word_1_559' title='bbox 30 2830 164 2876; x_wconf 82' lang='lat' dir='ltr'>aliquo</span> <span class='ocrx_word' id='word_1_560' title='bbox 185 2835 258 2878; x_wconf 87' lang='lat' dir='ltr'>est,</span> <span class='ocrx_word' id='word_1_561' title='bbox 280 2833 434 2870; x_wconf 87' lang='lat' dir='ltr'>scilicet</span> <span class='ocrx_word' id='word_1_562' title='bbox 453 2843 500 2870; x_wconf 88' lang='lat' dir='ltr'>ex</span> <span class='ocrx_word' id='word_1_563' title='bbox 519 2832 696 2879; x_wconf 80' lang='lat' dir='ltr'>materia,</span> <span class='ocrx_word' id='word_1_564' title='bbox 718 2836 756 2869; x_wconf 87' lang='lat' dir='ltr'>et</span> <span class='ocrx_word' id='word_1_565' title='bbox 776 2831 825 2870; x_wconf 87' lang='lat' dir='ltr'>ad</span> <span class='ocrx_word' id='word_1_566' title='bbox 844 2831 1010 2880; x_wconf 85' lang='lat' dir='ltr'>aliquid,</span> <span class='ocrx_word' id='word_1_567' title='bbox 1030 2831 1183 2871; x_wconf 80' lang='lat' dir='ltr'>scilicet</span> <span class='ocrx_word' id='word_1_568' title='bbox 1200 2832 1250 2870; x_wconf 84' lang='lat' dir='ltr'>ad</span> <span class='ocrx_word' id='word_1_569' title='bbox 1277 2832 1458 2872; x_wconf 77' lang='lat' dir='ltr'>formam.</span> <span class='ocrx_word' id='word_1_570' title='bbox 1483 2834 1643 2878; x_wconf 78' lang='lat' dir='ltr'>oportet</span> 
     </span>
    </p>
   </div>
  </div>
 </body>
</html>
