1894 3223
700 96 788 132 LIB.
816 95 880 139 11¹,
908 95 1009 131 CAP.
1037 93 1112 131 (311.
1638 94 1707 129 399

84 179 256 225 artificii,
277 179 311 217 si
336 179 476 216 artifex
489 177 605 215 aliter
623 176 774 224 aliquid
795 181 979 222 operetur
997 176 1038 214 in
1060 184 1136 214 suo
1155 174 1339 219 artificio,
1357 175 1475 212 etiam
1494 177 1705 220 postquam

85 227 121 265 ei
134 227 301 274 primam
324 226 492 263 sormam
510 224 629 262 dedit.
645 226 779 271 Neque
801 232 895 270 ergo
914 228 976 262 est
992 227 1132 261 contra
1150 225 1347 267 naturam,
1360 222 1394 259 si
1408 223 1512 259 Deus
1531 221 1572 258 in
1588 221 1708 269 rebus

84 273 334 359 Εαὲυῑαὶἰϋυε
373 271 522 319 aliquid
565 276 751 318 operetur
796 270 910 307 aliter
947 279 1065 318 quam
1103 273 1322 308 consuetus
1371 277 1513 306 cursus
1555 272 1707 306 naturae

115 331 136 359 a
165 326 215 358 et.

133 368 230 405 Hinc
262 370 324 404 cst
356 366 462 414 quod
490 365 739 412 Augustinus
774 365 870 403 dicit
892 366 1025 411 (contr.
1058 366 1183 401 Faust.
1215 365 1332 408 Man„
1354 363 1381 400 l.
1401 370 1512 407 xxvi,
1541 373 1625 410 cap.
1644 363 1705 409 3):

88 429 106 447 «
124 416 229 452 Deus
250 417 406 451 creator
420 417 457 451 et
477 413 661 451 conditor
680 414 859 450 omnium
882 417 1111 450 naturarum
1133 412 1232 449 nihil
1248 415 1386 448 contra
1406 414 1586 448 naturam
1603 411 1709 457 facit,

86 462 181 509 quia
215 460 255 498 id
291 464 352 498 est
390 460 568 498 naturale
605 460 748 508 cuique
780 461 836 498 rei
870 460 976 507 quod
1005 459 1111 504 facit,
1142 468 1166 496 a
1192 467 1271 506 quo
1301 461 1362 495 est
1387 458 1519 494 omnis
1548 458 1708 504 modus,

87 517 290 552 numerus,
313 511 351 545 et
370 508 468 545 ordo
488 512 638 545 naturae
655 520 692 546 n.

762 653 929 696 CAPUT
967 653 1015 694 CI
1023 685 1030 693 .

750 774 802 804 DE
824 773 1046 803 MIRAGULIS.

138 887 225 923 Haec
247 889 376 922 autem
400 894 485 931 quae
505 887 647 931 praeter
667 883 844 920 ordinem
867 882 1133 920 communiter
1150 881 1193 918 in
1222 881 1342 919 rebus
1374 884 1564 920 statutum
1585 891 1713 929 quan·

91 932 218 980 doque
241 932 429 969 divinitus
449 931 547 968 fiunt
567 931 759 968 miracula
780 930 857 967 dici
887 930 1030 966 solent.
1048 929 1298 967 Admiramur
1316 929 1423 966 enim
1443 929 1709 977 aliquid‚cum

89 978 273 1018 effectum
302 979 480 1016 videntes
498 1007 508 1023 ,
542 987 704 1015 causam
740 979 987 1021 ignoramus.
1026 977 1070 1013 Et
1103 976 1197 1023 quia
1227 985 1351 1013 causa
1369 985 1450 1014 una
1469 980 1508 1014 et
1529 976 1665 1013 eadem
1687 985 1709 1013 a

89 1026 327 1074 quibusdam
348 1025 544 1062 interdum
578 1028 638 1062 est
669 1025 842 1071 cognita,
865 1027 903 1060 et
919 1033 942 1060 a
962 1023 1200 1070 quibusdam
1220 1022 1372 1070 ignota,
1393 1023 1486 1060 inde
1514 1023 1711 1069 contingit

90 1073 195 1121 quod
225 1072 440 1109 videntium
476 1071 592 1108 simul
616 1071 788 1118 aliquem
809 1069 992 1108 effectum
1025 1070 1147 1116 aliqui
1174 1070 1381 1113 mirantur,
1403 1074 1442 1106 et
1473 1069 1595 1122 aliqui
1627 1078 1710 1107 non

87 1120 284 1157 mirantur
313 1129 321 1153 :
347 1118 575 1166 astrologus
613 1118 719 1154 enim
755 1126 836 1154 non
874 1117 1041 1153 miratur
1075 1116 1215 1153 videns
1252 1116 1430 1162 eclipsim
1469 1117 1586 1159 solis,
1617 1117 1708 1163 quia

90 1167 299 1214 cognoscit
317 1175 477 1203 causam
496 1177 505 1209 ;
527 1166 692 1212 ignarus
710 1168 839 1202 autem
858 1164 978 1209 hujus
995 1163 1173 1201 scientiae
1191 1171 1357 1200 necesse
1376 1163 1492 1200 habet
1507 1163 1709 1208 admirari,

91 1222 250 1252 causam
274 1213 477 1259 ignorans.
501 1212 564 1249 Sic
596 1212 718 1259 igitur
749 1215 808 1248 est
829 1211 977 1257 aliquid
997 1211 1141 1247 mirum
1175 1210 1305 1257 quoad
1325 1211 1446 1255 hunc,
1467 1219 1549 1247 non
1579 1214 1710 1248 autem

91 1261 221 1309 quoad
251 1260 378 1297 illurn.
400 1259 502 1296 Illud
524 1268 565 1296 er
595 1268 618 1296 o
639 1258 873 1304 simpliciter
892 1258 1036 1294 mirum
1057 1261 1131 1302 est,
1154 1257 1260 1304 quod
1280 1257 1398 1294 habet
1432 1266 1594 1295 causam
1615 1257 1711 1295 sim-

89 1308 245 1355 pliciter
275 1307 486 1350 occultam,
508 1310 547 1343 et
612 1315 659 1343 oc
690 1309 807 1343 sonat
837 1314 996 1342 nomem
1027 1304 1225 1350 miraculi,
1246 1308 1290 1340 ut
1320 1304 1473 1341 scilicet
1504 1305 1557 1341 sit
1587 1304 1635 1342 de
1668 1313 1712 1342 se

90 1354 353 1392 admiratione
387 1354 563 1400 plenum,
593 1362 675 1390 non
704 1352 834 1400 quoad
863 1352 971 1389 hunc
1004 1352 1066 1389 vel
1087 1352 1198 1389 illum
1238 1355 1405 1388 tantum.
1425 1353 1552 1389 Causa
1579 1355 1711 1389 autem

92 1401 327 1449 simpliciter
363 1402 520 1438 occulta
555 1401 663 1437 omni
695 1400 846 1437 homini
885 1403 945 1436 est
973 1400 1091 1436 Deus.
1119 1398 1331 1436 probatum
1364 1402 1425 1436 est
1453 1399 1558 1436 enim
1592 1407 1714 1445 supra

93 1449 192 1495 (cap.
215 1448 288 1495 47),
307 1449 411 1495 quod
433 1448 518 1494 ejus
536 1447 752 1484 essentiam
774 1446 909 1483 nullus
930 1446 1051 1483 homo
1071 1447 1113 1483 in
1134 1449 1240 1483 statu
1259 1446 1381 1492 hujus
1399 1446 1489 1483 vitae
1509 1446 1712 1483 intellectu

92 1505 233 1542 capere
262 1499 406 1541 potest.
438 1495 509 1531 illa
540 1495 662 1541 igitur
692 1494 849 1540 proprie
881 1493 1074 1530 miracula
1093 1493 1262 1530 dicenda
1281 1496 1376 1530 sunt
1407 1502 1495 1540 quae
1521 1493 1712 1530 divinitus

91 1541 193 1580 fiunt
210 1546 350 1589 praeter
369 1542 548 1579 ordinem
570 1542 834 1577 communitor
851 1541 1102 1578 observatum
1122 1540 1164 1576 in
1182 1539 1316 1577 rebus.

142 1591 287 1627 Horum
311 1592 439 1626 autem
461 1588 744 1625 miraculorum
773 1588 917 1624 diversi
945 1591 1039 1624 sunt
1057 1587 1205 1633 gradus
1233 1590 1273 1624 et
1291 1586 1466 1624 ordines.
1486 1588 1583 1624 Nam
1604 1594 1714 1624 sum·

92 1645 203 1674 mum
240 1636 405 1684 gradum
439 1636 542 1672 inter
572 1635 764 1672 miracula
789 1638 927 1671 tenent
956 1635 998 1670 in
1027 1634 1173 1682 quibus
1207 1633 1357 1680 aliquid
1383 1633 1429 1671 fit
1453 1643 1478 1671 a
1499 1635 1581 1672 Deo
1606 1633 1713 1681 quod

93 1688 236 1721 natura
255 1692 456 1730 nunquam
485 1683 612 1719 facere
630 1686 775 1728 potest,
797 1682 901 1719 sicut
921 1680 1028 1728 quod
1050 1681 1129 1718 duo
1148 1689 1317 1727 corpora
1336 1681 1418 1718 sint
1436 1681 1572 1725 simul,
1605 1680 1712 1727 quod

94 1731 156 1768 sol
174 1731 406 1776 retrocedat,
422 1733 490 1766 aut
507 1732 598 1774 stet,
619 1729 725 1775 quod
746 1738 853 1766 mare
873 1728 1044 1765 divisum
1058 1728 1359 1765 transeuntibus
1373 1728 1447 1764 iter
1463 1728 1654 1774 praebeam
1676 1730 1715 1764 et

91 1778 197 1815 inter
215 1777 300 1814 haec
319 1777 437 1814 ctiam
459 1776 556 1813 ordo
573 1776 788 1813 attenditur
809 1788 818 1812 :
843 1784 936 1812 nam
957 1779 1105 1822 quanto
1130 1775 1283 1821 majora
1301 1779 1396 1812 sunt
1411 1775 1481 1812 illa
1500 1784 1588 1821 quae
1608 1776 1713 1812 Deus

93 1828 279 1872 operatur
298 1828 336 1860 et
364 1828 513 1871 quanto
543 1823 674 1870 magis
708 1827 801 1860 sunt
826 1825 977 1860 remota
997 1832 1021 1858 a
1043 1822 1230 1859 facultate
1260 1826 1425 1866 natum,
1446 1825 1556 1858 tanto
1593 1822 1713 1858 mira-

90 1871 226 1910 culum
247 1871 377 1918 majus
397 1875 471 1915 est,
499 1870 603 1907 sicut
621 1869 752 1917 majus
784 1873 845 1907 est
861 1869 1099 1907 miraculum
1120 1869 1227 1916 quod
1255 1869 1318 1906 sol
1338 1868 1572 1913 retrocedat,
1593 1877 1712 1915 quam

93 1918 200 1967 quod
217 1927 326 1956 mare
345 1918 557 1955 dividatur.

142 1966 367 2004 Secundum
405 1968 536 2002 autem
572 1964 740 2011 gradum
772 1963 816 2002 in
847 1963 1054 2002 miraculis
1079 1966 1216 2001 tenent
1244 1963 1315 2000 illa
1345 1963 1388 2000 in
1427 1962 1574 2010 quibus
1607 1964 1715 2000 Deus

94 2012 245 2060 aliquid
268 2011 360 2050 facit
379 2012 485 2059 quod
503 2014 644 2049 natura
658 2012 786 2048 facere
803 2014 948 2057 potest,
971 2011 1042 2048 sed
1059 2020 1142 2049 non
1162 2020 1233 2057 per
1250 2010 1363 2048 illum
1386 2010 1582 2047 ordinem.
1605 2011 1714 2055 Opus

93 2059 201 2097 enim
223 2064 372 2096 naturae
393 2063 453 2096 est
472 2058 579 2106 quod
599 2058 759 2106 aliquod
782 2058 930 2096 animal
950 2058 1068 2103 vivat,
1087 2057 1220 2095 videat
1236 2061 1275 2095 et
1300 2057 1494 2102 ambulet;
1515 2057 1587 2095 sed
1606 2056 1714 2104 quod

93 2110 186 2153 post
221 2110 388 2143 mortem
413 2106 527 2142 vivat.
565 2109 658 2152 post
688 2105 904 2142 caecitatem
942 2105 1098 2151 videat,
1139 2109 1232 2152 post
1269 2104 1511 2142 debilitatem
1547 2103 1715 2141 claudus

94 2152 283 2197 ambulet,
305 2152 389 2190 liaec
414 2156 556 2189 natura
586 2152 715 2189 facere
747 2161 827 2188 non
849 2155 992 2198 potest,
1014 2152 1083 2189 sed
1115 2153 1220 2190 Deus
1244 2151 1443 2189 interdum
1475 2151 1715 2188 miraculose

96 2203 295 2246 operatur.
317 2201 421 2236 Inter
447 2199 532 2237 haec
554 2199 671 2235 etiam
693 2199 885 2236 miracula
904 2199 1052 2246 gradus
1073 2199 1290 2237 attenditur
1307 2198 1528 2236 secundum
1547 2198 1653 2245 quod
1673 2197 1714 2234 id

97 2246 201 2294 quod
221 2245 264 2283 fit
277 2246 406 2293 magis
423 2249 482 2283 est
501 2255 525 2283 a
543 2245 729 2283 facultate
750 2250 902 2283 naturae
921 2250 1132 2283 remotum.

141 2293 294 2330 Tertius
315 2296 446 2330 autem
478 2292 626 2339 gradus
642 2293 926 2330 miraculorum
947 2296 1007 2330 est
1026 2302 1116 2330 cum
1144 2294 1251 2330 Deus
1280 2291 1376 2329 facit
1405 2291 1511 2338 quod
1545 2299 1717 2329 consue-

94 2344 178 2378 tum
199 2343 261 2377 est
279 2340 363 2377 fieri
382 2339 613 2386 operatione
631 2343 797 2384 naturae,
818 2344 951 2376 tamen
971 2339 1122 2387 absque
1141 2339 1350 2386 principiis
1373 2342 1525 2376 naturae
1547 2346 1713 2384 operan-

94 2387 218 2431 tibus,
241 2387 346 2425 sicut
364 2396 455 2424 cum
475 2386 621 2434 aliquis
641 2396 666 2425 a
687 2386 794 2424 febre
809 2386 975 2424 curabili
998 2396 1069 2433 per
1087 2391 1269 2424 naturam
1288 2385 1425 2425 divina
1441 2385 1586 2422 virtute
1606 2393 1715 2421 cura-

93 2437 172 2480 tur,
191 2438 235 2528 &t
256 2443 346 2472 cum
378 2433 480 2480 pluit
508 2434 598 2472 sine
630 2432 861 2481 operatione
888 2434 1177 2481 principiorum
1198 2435 1364 2470 naturae.
1387 2432 1418 2480 (Ι
1442 2435 1558 2478 part„
1589 2441 1626 2479 q.
1648 2439 1713 2473 cv,

95 2485 168 2518 art.
231 2509 240 2517 .
1428 2487 1440 2501 '

763 2579 931 2621 CAPUT
959 2579 1042 2621 CH.

546 2698 646 2733 QUOD
667 2698 784 2728 SOL‘US
801 2697 901 2727 lmus
925 2697 1040 2727 FAci'r
1055 2697 1266 2728 mmm.

146 2810 201 2845 Ex
217 2808 438 2856 praemissis
460 2810 591 2845 autem
618 2805 774 2844 ostendi
798 2809 930 2853 potest
958 2805 1065 2852 quod
1089 2805 1284 2844 miracula
1306 2805 1437 2844 facere
1466 2806 1579 2845 solus
1609 2808 1713 2843 Deus

99 2856 366 2902 potest.Quod
387 2855 492 2893 enim
509 2858 570 2892 est
586 2854 661 2892 sub
679 2854 817 2891 ordine
835 2852 1010 2891 totaliter
1023 2853 1284 2891 constitutum
1315 2863 1398 2892 non
1421 2857 1553 2901 potest
1572 2857 1721 2900 praeter·
