1894 3223
698 128 787 166 LIB.
815 129 880 173 111,
906 129 1008 166 CAP.
1035 128 1186 166 CLVIII.
1685 131 1748 166 48¹

131 219 208 257 pue
226 218 296 256 per
314 208 571 251 voluntatem,
586 217 666 244 non
689 209 818 246 solum
836 210 1104 247 necessarium
1120 209 1303 258 estquod
1320 210 1442 247 homo
1462 209 1645 247 exteriori
1663 215 1752 248 actu

131 266 153 295 a
175 259 336 303 peccato
355 254 524 298 recedat,
545 263 709 300 peccare
740 255 943 301 desinens,
965 256 1034 294 sed
1061 257 1179 294 etiam
1211 257 1317 304 quod
1350 256 1507 295 recedat
1536 257 1751 303 voluntate,

133 303 180 342 ad
203 303 278 340 1100
298 301 403 349 quod
436 310 506 346 per
531 301 696 348 gratiam
717 310 741 339 a
769 307 930 347 peccato
962 308 1155 350 resurgat.
1190 304 1397 341 voluntate
1427 308 1558 341 autem
1591 303 1710 341 homo
1731 314 1754 342 a

133 353 294 397 peccato
315 347 461 386 recedit
482 348 574 384 dum
606 352 643 384 et
664 348 712 385 de
742 350 936 394 praeterito
965 351 1128 395 poenitet
1144 355 1181 387 et
1213 351 1388 387 futurum
1411 351 1530 388 vitare
1555 352 1750 397 proponit.

133 395 410 434 Necessarium
432 398 492 432 est
509 395 630 442 igitur
645 395 750 442 quod
770 394 891 433 homo
911 406 933 433 a
950 401 1110 442 peccato
1132 406 1344 445 resurgens
1360 397 1460 434 etde
1481 402 1639 443 peccato
1662 407 1754 444 prae-

133 443 248 481 terito
272 442 459 488 poeniteat
480 446 518 479 et
539 442 671 480 sutura
698 442 819 479 vitare
851 448 1057 489 proponat.
1080 440 1117 480 st
1138 445 1243 480 enim
1276 444 1397 482 homo
1418 453 1495 481 non
1519 449 1755 490 proponeret

133 489 324 528 desistere
345 498 368 526 a
385 493 560 535 peccato.
582 497 661 526 non
688 493 794 527 esset
816 494 1020 535 peccatum
1048 491 1266 527 secundum
1288 500 1330 528 se
1351 492 1589 528 contrarium
1614 493 1753 529 volun-

129 537 223 580 tati;
242 535 277 574 si
296 544 389 573 vero
409 536 526 572 vellet
543 536 734 573 desistere
752 546 775 574 a
795 541 970 582 peccato,
993 546 1073 573 non
1090 541 1220 574 tamen
1241 538 1392 574 doleret
1412 538 1458 574 de
1478 544 1637 583 peccalo
1659 549 1753 585 prte-

130 583 262 628 terito,
285 591 366 620 non
387 586 493 620 esset
513 583 610 620 illud
640 583 743 620 idem
772 588 974 629 peccatum
1011 584 1117 630 quod
1151 585 1242 620 fecit
1273 585 1514 621 contrarium
1545 587 1751 623 voluntati.

135 631 202 668 Est
220 632 350 667 autem
372 630 595 667 contrarius
617 633 749 668 motus
769 640 847 677 quo
868 631 916 668 ab
947 630 1080 677 aliquo
1112 631 1307 667 receditur
1334 632 1469 678 motui,
1489 640 1567 678 quo
1589 633 1637 669 ad
1658 633 1755 670 illud

131 676 371 724 pervenitur,
394 677 497 714 sicut
516 677 712 715 dealbatio
732 678 930 715 contraria
961 682 1021 715 est
1047 678 1322 725 denigrationi.
1347 679 1454 715 Unde
1476 683 1627 724 oportet
1649 680 1755 726 quod

130 733 202 771 per
221 723 419 761 contraria
438 724 624 761 voluntas
646 724 802 761 recedat
824 734 847 761 a
867 728 1027 771 peccato
1050 725 1111 762 liis
1132 734 1200 770 per
1231 734 1318 771 quae
1350 725 1390 761 in
1419 730 1620 771 peccatum
1644 727 1754 764 incli-

131 774 227 808 nata
243 771 328 808 fuit.
352 771 436 808 Fuit
456 775 586 808 autem
617 771 805 808 inclinata
824 772 865 808 in
887 776 1089 817 peccatum
1119 781 1188 818 per
1217 772 1434 818 appetitum
1465 777 1503 809 et
1532 774 1755 811 delectatio-

134 827 226 855 nem
247 818 350 855 circa
370 826 434 854 res
455 818 678 855 inferiores.
701 820 861 865 Oportet
876 819 995 866 igitur
1015 818 1120 865 quod
1136 828 1158 855 a
1178 823 1339 865 peccato
1363 819 1519 856 recedat
1538 830 1606 866 per
1624 822 1756 867 aliqua

131 864 319 912 poenalia,
351 864 496 912 quibus
529 864 728 911 affligatur
759 869 918 911 propter
950 866 1026 903 1100
1054 866 1158 912 quod
1190 866 1395 911 peccavit:
1418 867 1520 904 sicut
1549 868 1661 903 enim·
1688 877 1756 913 per

134 911 435 949 delectationem
457 916 580 949 tracta
601 912 674 949 fuit
694 912 878 950 voluntas
899 913 946 949 ad
979 921 1220 950 consensum
1244 913 1408 960 peccati,
1430 914 1489 951 sic
1521 922 1590 960 per
1616 924 1754 960 poenas

134 958 393 997 confirmatur
410 959 450 995 in
472 959 768 996 abominatione
791 960 952 1005 peccati.

180 1007 282 1049 Item,
304 1005 482 1043 videmus
498 1005 604 1052 quod
625 1006 743 1042 etiam
763 1006 878 1043 bruta
892 1006 1077 1043 animalia
1097 1016 1119 1043 a
1141 1007 1324 1044 maximis
1344 1007 1612 1053 voluptatibus
1634 1012 1754 1046 retra-

135 1052 285 1091 huntur
304 1061 373 1098 per
389 1053 548 1089 dolores
569 1053 788 1089 verberum.
810 1054 971 1099 Oportet
990 1057 1119 1090 autem
1138 1063 1227 1090 eum
1246 1055 1312 1100 qui
1334 1054 1380 1090 de
1402 1059 1563 1099 peccato
1584 1056 1757 1101 resurgit

135 1107 217 1136 non
241 1099 371 1136 solum
394 1099 579 1136 detestari
600 1103 803 1145 peccatum
825 1100 1079 1145 praeteritum,
1102 1101 1171 1137 scd
1193 1100 1309 1137 etiam
1337 1101 1458 1137 vitare
1481 1102 1670 1138 futurum.
1690 1104 1756 1139 Est

137 1145 259 1193 igitur
278 1145 521 1182 conveniens
540 1149 582 1182 01
599 1146 798 1193 affligatur
826 1155 898 1192 pro
927 1150 1104 1192 peccato,
1127 1150 1170 1183 ut
1190 1147 1247 1184 sic
1278 1148 1408 1194 magis
1441 1148 1696 1186 confirmetur
1715 1149 1757 1186 in

135 1192 339 1239 proposito
359 1192 506 1229 vitandi
528 1196 699 1238 peccata.

183 1241 374 1281 Praeterea,
406 1248 452 1276 ea
482 1248 570 1286 quae
595 1248 686 1276 cum
715 1239 849 1277 labore
870 1243 908 1276 et
939 1249 1058 1286 poena
1083 1239 1324 1287 acquirimus
1360 1241 1490 1288 magis
1520 1250 1699 1280 amamus
1721 1246 1759 1280 et

137 1285 368 1334 diligentius
389 1295 693 1330 conservamus;
716 1287 820 1324 unde
838 1287 895 1324 illi
916 1287 982 1333 qui
1014 1296 1083 1334 per
1111 1288 1315 1333 proprium
1348 1288 1522 1325 laborem
1548 1291 1758 1336 acquirunt

137 1333 342 1379 pecunias,
374 1333 506 1370 minus
536 1342 604 1370 eas
636 1334 862 1379 expendunt
896 1343 1012 1380 quam
1035 1334 1102 1381 qui
1123 1334 1208 1371 sine
1246 1335 1381 1372 labore
1415 1336 1623 1381 accipiunt,
1644 1338 1704 1373 vel
1737 1346 1759 1374 a

137 1380 368 1426 parentibus
387 1381 450 1418 vel
470 1389 723 1428 quocumque
744 1381 821 1418 alio
842 1381 975 1418 modo.
1003 1381 1076 1418 Sed
1111 1381 1261 1418 11001101
1292 1383 1515 1429 resurgenti
1544 1393 1566 1420 a
1596 1388 1757 1429 peccato

141 1427 218 1465 1100
238 1428 408 1465 maxime
429 1428 699 1465 necessarium
721 1432 793 1469 est,
811 1431 853 1465 ut
873 1431 1020 1465 statum
1046 1428 1179 1475 gratiae
1196 1432 1234 1465 et
1260 1429 1329 1465 Dei
1351 1438 1525 1467 amorem
1548 1430 1759 1477 diligenter

142 1478 363 1518 conservet,
384 1484 500 1521 quem
532 1475 778 1522 negligenter
807 1484 875 1521 per
894 1478 1095 1521 peccatum
1128 1475 1274 1512 amisit.
1305 1477 1371 1513 Est
1390 1485 1484 1523 ergo
1516 1478 1758 1514 conveniens

140 1524 183 1558 ut
201 1520 376 1558 laborem
395 1525 432 1558 et
451 1530 608 1567 poenam
630 1522 826 1559 sustineat
851 1531 922 1568 pro
943 1522 1117 1568 peccatis
1138 1523 1381 1560 commissis.

185 1567 331 1610 Adhuc,
353 1568 451 1605 ordo
481 1568 645 1613 justitiae
664 1568 740 1606 hoc
762 1569 924 1615 requirit
961 1573 1003 1606 ut
1028 1574 1189 1614 peccato
1222 1578 1340 1614 poena
1370 1570 1569 1608 reddatur.
1598 1573 1651 1607 Ex
1682 1571 1759 1610 hoc

141 1618 272 1652 autem
293 1615 399 1662 quod
420 1615 516 1652 ordo
541 1619 720 1652 servatur
740 1616 779 1652 in
801 1616 933 1659 rebus,
963 1616 1156 1661 sapientia
1188 1616 1256 1652 Dei
1284 1615 1546 1664 gubernantis
1583 1622 1755 1664 apparet.

140 1661 309 1699 Pertinet
330 1662 450 1709 igitur
470 1662 517 1698 ad
536 1663 896 1700 manifestationem
925 1662 1064 1700 divinae
1082 1662 1271 1700 bonitatis
1305 1667 1343 1700 et
1368 1664 1435 1700 Dei
1465 1664 1630 1711 gloriam
1652 1666 1756 1711 quod

140 1717 211 1754 pro
231 1714 391 1754 peccato
412 1718 528 1754 poena
548 1709 745 1746 reddatur.
761 1710 833 1747 Sed
853 1713 1047 1755 peccator,
1070 1710 1284 1755 peccando,
1306 1714 1444 1748 contra
1464 1711 1641 1748 ordinem
1662 1712 1757 1749 divi-

139 1755 247 1792 nitus
268 1756 491 1793 institutum
513 1756 617 1801 facit,
639 1756 748 1803 leges
770 1758 836 1793 Dei
870 1756 1240 1804 praetergrediendo.
1273 1759 1339 1794 Est
1371 1757 1493 1805 igitur
1513 1759 1755 1797 conveniens

140 1805 184 1839 nt
202 1801 278 1839 1100
297 1807 572 1849 recompenset
592 1803 633 1839 in
654 1804 788 1849 seipso
808 1803 1008 1849 puniendo
1029 1804 1134 1849 quod
1155 1805 1266 1850 prius
1296 1809 1545 1851 peccaverat,
1569 1806 1627 1843 sic
1649 1806 1755 1843 enim

139 1848 314 1886 totaliter
327 1852 436 1886 extra
464 1849 797 1887 inordinationem
821 1850 1096 1887 constituetur.
1638 1879 1641 1881 .

185 1897 259 1933 Per
274 1895 352 1934 hoc
371 1905 466 1944 ergo
486 1900 592 1943 patet
611 1896 730 1943 quod,
748 1901 957 1943 postquam
977 1897 1096 1934 110100
1111 1907 1179 1942 per
1196 1898 1363 1944 gratiam
1381 1899 1657 1935 remissionem
1674 1909 1759 1945 pec-

141 1942 217 1979 cati
239 1947 479 1981 consecutus
500 1946 561 1980 est
588 1947 626 1980 et
645 1943 694 1980 ad
726 1947 872 1980 statum
893 1944 1028 1991 gratiae
1061 1945 1261 1989 reductus,
1282 1950 1461 1982 remanet
1492 1946 1690 1992 obligatus
1712 1957 1759 1984 ex

140 1989 379 2036 Deijustitia
403 1989 449 2027 ad
481 1990 654 2037 aliquam
686 2000 843 2036 poenam
874 2000 944 2037 pro
978 1995 1139 2037 peccato
1172 1992 1404 2030 commisso.
1441 1994 1563 2036 Quam
1598 1994 1756 2039 quidem

139 2045 298 2082 poenam
319 2037 353 2074 si
372 2037 532 2083 propria
550 2037 751 2079 volunhate
771 2047 794 2075 a
826 2047 869 2075 se
901 2038 1088 2085 exegerit,
1111 2048 1179 2084 per
1197 2038 1274 2076 1100
1305 2041 1385 2076 Deo
1416 2040 1646 2077 satisfacere
1667 2041 1759 2078 dici-

139 2088 217 2127 tur,
238 2084 280 2120 in
301 2087 492 2131 quantum
513 2093 603 2121 cum
633 2084 767 2122 labore
794 2088 832 2121 01
854 2094 971 2130 00000
991 2085 1170 2122 ordinem
1187 2085 1377 2124 divinitus
1399 2086 1623 2124 institutum
1643 2098 1758 2124 exse-

141 2130 289 2175 quitur,
326 2139 397 2176 010
431 2134 592 2176 peccato
629 2140 672 2167 se
706 2131 921 2176 puniendo,
944 2141 1060 2178 quem
1100 2132 1300 2178 peccando
1321 2137 1598 2180 transgressus
1617 2135 1756 2180 fuerat,

141 2176 342 2222 propriam
364 2175 604 2228 voluntatem
623 2178 842 2224 sequendo.
861 2179 899 2214 Si
921 2182 1052 2215 autem
1073 2188 1095 2215 a
1115 2188 1158 2216 se
1191 2180 1292 2216 hanc
1325 2189 1482 2226 poenam
1503 2190 1584 2217 1100
1613 2182 1756 2228 exigat,

141 2232 231 2259 cum
275 2232 323 2260 ea
368 2231 455 2270 quae
489 2223 629 2260 divinae
658 2224 914 2269 providentiae
945 2225 1151 2271 subjacent
1182 2226 1408 2264 inordinata
1442 2237 1645 2264 remanere
1676 2237 1757 2265 non

140 2269 310 2315 possint,
331 2269 415 2307 haec
432 2279 550 2316 poena
568 2269 771 2318 infligetur
790 2271 825 2308 ei
847 2281 870 2308 a
891 2273 995 2315 Deo;
1016 2281 1089 2309 nec
1111 2272 1203 2309 talis
1221 2282 1338 2318 poena
1366 2274 1633 2311 satisfactoria
1653 2275 1757 2311 dice-

139 2320 217 2361 tur,
237 2325 359 2363 quum
381 2325 462 2354 non
483 2317 602 2354 suerit
620 2327 668 2354 ex
693 2318 887 2355 electione
914 2319 1115 2364 patientis,
1138 2319 1206 2356 sed
1223 2320 1375 2357 dicetur
1402 2321 1641 2367 purgatoria,
1665 2322 1758 2366 quia

140 2362 221 2400 alio
242 2363 431 2409 puniente
448 2363 562 2410 quasi
583 2364 830 2411 purgabitur,
851 2365 945 2402 dum
976 2366 1169 2412 quidquid
1196 2366 1465 2404 inordinatum
1485 2367 1557 2403 suit
1578 2368 1617 2402 in
1637 2377 1684 2403 eo
1705 2370 1755 2404 ad

141 2409 317 2447 debitum
334 2410 513 2447 ordinem
534 2411 756 2449 reducetur.
776 2412 875 2449 Hinc
895 2415 956 2450 est
973 2413 1079 2459 quod
1093 2413 1306 2459 Apostolus
1327 2413 1446 2450 dicit:
1467 2414 1509 2450 Si
1527 2416 1757 2458 nosmetipsos

139 2456 438 2501 diffudicaremus,
471 2467 545 2493 non
571 2459 696 2504 utique
719 2458 985 2503 J'udicaremur.
1025 2462 1119 2495 Dum
1145 2460 1357 2504 judicamur
1385 2463 1515 2505 autem,
1556 2471 1578 2496 α
1608 2463 1757 2496 Domino

138 2504 370 2549 corripimur,
390 2507 431 2540 ut
448 2513 521 2539 ηοη
537 2514 616 2540 cum
635 2505 698 2541 hoc
713 2505 847 2541 mundo
864 2506 1090 2543 damnemur.
1111 2506 1146 2551 (I
1164 2506 1258 2547 Cor„
1283 2515 1337 2551 XI,
1357 2509 1414 2550 31,
1434 2506 1507 2553 32.)

187 2550 528 2588 Considerandum
567 2554 700 2587 tamen
738 2552 858 2598 quod,
882 2561 972 2589 cum
1000 2561 1114 2589 mens
1135 2562 1158 2589 a
1185 2557 1346 2598 peccato
1378 2555 1577 2598 avertitur,
1598 2557 1677 2591 tam
1697 2564 1758 2591 ve-

137 2596 306 2634 hemens
326 2601 457 2644 potest
476 2606 565 2634 esse
586 2598 736 2643 peccati
755 2598 1008 2644 displicentia
1027 2603 1065 2635 et
1082 2598 1250 2636 inhaesio
1270 2600 1415 2637 mentis
1436 2600 1482 2636 ad
1507 2602 1627 2637 Deum
1650 2601 1755 2647 quod

137 2652 220 2681 non
238 2644 457 2681 remanebit
477 2644 667 2691 obligatio
688 2644 736 2682 ad
756 2645 928 2691 aliquam
953 2654 1123 2691 poenam.
1145 2647 1256 2689 Nam,
1278 2650 1320 2682 ut
1337 2656 1384 2683 ex
1402 2647 1601 2692 praedietis
1620 2648 1755 2695 colligi

136 2694 281 2736 potest,
301 2699 420 2738 poena
439 2699 559 2738 quam
583 2691 673 2737 quis
693 2691 841 2737 patitur
857 2695 948 2737 post
979 2692 1128 2737 peccati
1160 2693 1437 2730 remissionem
1457 2694 1507 2731 ad
1527 2694 1603 2731 1100
1623 2704 1757 2732 neces-

138 2737 243 2775 saria
262 2741 324 2776 est
350 2741 394 2775 ut
428 2746 543 2774 mens
574 2737 729 2775 firmius
760 2737 867 2775 bono
897 2738 1099 2788 inhaereat,
1119 2738 1281 2775 homine
1311 2749 1382 2786 per
1406 2749 1544 2786 poenas
1562 2742 1756 2788 castigato

138 2782 279 2829 (poenae
298 2785 406 2822 enim
426 2784 635 2822 medicinae
654 2785 832 2831 quaedam
854 2786 975 2831 sunt),
997 2789 1035 2821 et
1055 2789 1098 2821 ut
1126 2786 1244 2822 etiam
1265 2787 1362 2824 ordo
1379 2786 1542 2833 justitiae
1564 2793 1753 2829 servetur,

136 2830 231 2867 dum
251 2831 319 2877 qui
335 2832 512 2877 peccavit
539 2831 711 2868 sustinet
729 2840 900 2877 pcenam.
924 2831 1088 2884 Dilectio
1119 2835 1248 2870 autem
1270 2833 1316 2870 ad
1337 2835 1459 2870 Deum
1479 2834 1625 2872 sufficit
1645 2843 1755 2871 men-

137 2878 218 2914 tem
236 2876 414 2916 hominis
433 2877 591 2916 firmare
611 2878 652 2915 in
671 2878 792 2923 bono,
823 2879 1019 2926 praecipue
1044 2879 1309 2918 sivehemens
1341 2880 1478 2927 fuerit;
1504 2881 1758 2926 displicentia

1554 2959 1591 2990 31
