1894 3223
581 141 669 177 LIB.
699 140 743 180 11,
772 140 871 176 CAP.
899 140 1059 177 LXXXII.
1553 140 1616 175 22¹

5 223 228 271 pizantibus
248 226 287 260 et
305 222 473 259 extasim
492 221 640 269 passis,
662 225 811 268 quanto
830 222 958 268 magis
992 221 1035 259 sit
1054 220 1238 259 retractio
1257 229 1282 258 a
1300 220 1502 266 corporeis
1523 229 1619 258 sen-

5 271 134 309 sibus.
170 272 248 307 Nec
286 269 485 306 immerito
531 269 607 306 hoc
645 268 814 313 accidit,
853 270 968 315 quia,
1005 277 1126 315 quum
1165 268 1298 305 anima
1339 268 1536 312 humana,
1580 270 1639 308 ut,

5 326 124 364 supra
147 317 194 364 (c.
218 316 276 363 68)
304 320 512 354 ostensum
545 318 619 359 est,
653 316 705 352 sit
724 316 766 352 in
787 316 962 353 continio
994 325 1204 361 corporum
1227 319 1266 352 et
1297 312 1639 360 incorporearum·

4 364 334 408 substantiarum,
352 363 467 410 quasi
488 363 530 399 in
551 362 754 400 horizonte
789 362 964 400 existens
982 363 1212 400 aeternitatis
1232 365 1271 399 et
1288 362 1492 408 temporis,
1515 371 1621 399 rece·

4 411 105 449 dens
125 411 174 448 ab
187 410 332 448 infimo
351 410 640 457 appropinquat
660 409 707 446 ad
730 418 955 454 summum;
980 410 1097 454 unde,
1120 413 1158 446 et
1177 409 1336 456 quando
1358 409 1530 446 totaliter
1550 409 1624 446 erit

3 468 29 496 a
45 467 211 504 corpore
231 462 427 504 separata,
445 456 616 503 perfecte
637 456 924 494 assimilabitur
945 457 1180 494 substantiis
1208 457 1402 502 separatis
1428 460 1621 504 quantum

5 505 53 543 ad
73 505 234 543 modum
257 504 519 558 intelligendi,
540 508 580 541 et
600 503 763 541 uberius
783 503 1030 541 influentiam
1055 513 1190 541 earum
1210 505 1385 549 recipiet,

52 553 115 590 Sic
135 553 270 599 igitur,
291 552 366 590 etsi
386 551 607 597 intelligere
639 555 819 589 nostrum
842 551 1061 589 secundum
1096 551 1257 588 modum
1291 551 1497 596 praesentis
1517 551 1621 595 vitae,

6 603 193 647 corrupto
212 607 392 645 corpore,
411 601 700 644 corrumpatur,
723 598 908 636 succedet
928 602 1058 635 tamen
1080 598 1183 635 alius
1205 597 1348 634 modus
1373 597 1622 651 intelligendi

4 646 136 684 altior.
158 646 376 684 Reminisci
408 650 555 690 autem,
576 655 697 692 quum
731 646 782 682 sit
813 649 924 682 actus
944 655 1013 691 per
1032 653 1267 691 corporeum
1301 653 1494 691 organum
1516 653 1623 682 exer·

4 694 124 739 citus,
148 698 189 731 ut
218 693 450 731 Aristoteles
471 693 535 739 (De
554 695 726 728 memoria
744 695 778 728 et
793 694 1074 736 reminiscentia,
1095 702 1129 729 c.
1150 692 1187 738 2)
1206 691 1356 737 probat,
1381 701 1459 728 non
1481 691 1624 737 poterit

5 744 98 787 post
127 749 272 786 corpus
291 741 333 777 in
364 741 498 777 anima
518 748 746 783 remanere;
770 740 847 776 nisi
882 739 1082 776 reminisci
1104 738 1304 785 aequivoce
1340 745 1520 775 sumatur
1552 747 1622 785 pro

5 787 272 834 intelligentia
295 796 435 825 eorum
453 796 541 834 quae
563 787 653 834 quis
673 787 784 833 prius
807 787 929 831 novit,
950 795 1068 833 quam
1089 790 1242 831 oportet
1266 785 1407 823 animae
1433 791 1622 832 seiiaratae

6 834 148 872 adesse
177 835 294 872 etiam
323 843 459 872 eorum
521 843 581 871 uae
608 835 718 871 novit
748 834 788 870 in
827 834 919 877 vita,
940 842 1060 880 quum
1094 833 1249 879 species
1281 834 1554 880 intelligibiles
1581 834 1623 870 in

6 882 210 919 intellectu
232 881 415 928 possibili
450 844 714 918 indelebiliter
733 880 987 932 recipiantur,
1019 884 1061 916 ut
1081 879 1229 917 dictum
1247 884 1308 917 est
1336 889 1455 927 supra
1476 882 1524 927 (c.
1545 881 1620 927 74).

6 929 119 966 Circa
152 929 253 966 alias
281 938 375 966 vero
408 929 550 965 animae
585 928 852 974 operationes,
873 930 976 964 sicut
1007 930 1068 964 est
1099 936 1245 968 amare,
1267 927 1439 974 gaudere
1470 931 1507 965 et
1545 927 1624 965 alia

7 975 258 1022 hujusmodi,
299 980 361 1013 est
398 975 659 1022 aequivocatio
693 974 893 1018 cavenda;
932 982 1023 1011 nam
1059 974 1296 1021 quandoque
1333 979 1546 1012 sumuntur
1580 978 1623 1012 ut

7 1026 102 1060 sunt
132 1023 274 1060 animae
295 1022 520 1069 passiones,
556 1026 594 1058 et
626 1022 685 1059 sic
706 1025 800 1059 sunt
821 1025 932 1058 actus
954 1021 1159 1059 sensibilis
1179 1022 1376 1067 appetitus
1401 1022 1620 1060 secundum

5 1069 360 1116 concupiscibilem
391 1069 451 1106 vel
481 1068 723 1106 irascibilem
743 1077 831 1106 cum
861 1068 994 1115 aliqua
1025 1070 1315 1114 permutatione
1354 1069 1564 1115 corporali,
1585 1072 1624 1105 et

6 1116 65 1153 sic
94 1116 135 1153 in
155 1116 289 1154 anima
307 1124 467 1153 manere
486 1125 565 1153 non
586 1119 756 1162 possunt
775 1119 865 1161 post
885 1119 1066 1159 mortem,
1086 1119 1129 1152 ut
1147 1115 1378 1152 Aristoteles
1399 1117 1537 1162 probat
1558 1116 1623 1161 (De

3 1164 143 1204 anima.
164 1172 192 1203 1,
210 1167 303 1200 text.
326 1171 472 1200 comm.
495 1163 578 1209 66);
602 1166 815 1200 sumuntur
835 1166 964 1200 autem
987 1162 1225 1209 quandoque
1248 1171 1320 1209 pro
1339 1163 1510 1208 simplici
1532 1167 1623 1200 actu

4 1210 233 1255 voluntatis,
269 1211 337 1257 qui
357 1214 419 1248 est
447 1210 597 1257 absque
618 1210 832 1256 passione;
854 1210 958 1246 unde
993 1210 1226 1247 Aristoteles
1246 1210 1378 1257 (Echio.
1402 1219 1475 1256 vn,
1506 1219 1540 1247 c.
1564 1209 1621 1257 14)

5 1257 223 1304 dicitquod
245 1259 350 1295 Deus
369 1267 450 1294 una
469 1257 639 1304 simplici
664 1257 892 1303 operatione
915 1256 1073 1303 gaudet,
1095 1260 1134 1294 et
1150 1256 1203 1304 (x,
1225 1267 1259 1294 c.
1282 1258 1317 1304 8)
1339 1257 1445 1304 quod
1465 1259 1507 1295 in
1527 1266 1622 1295 con·

3 1304 260 1351 templatione
294 1304 500 1352 sapientiae
535 1308 595 1342 est
624 1304 832 1342 delectatio
867 1303 1127 1350 admirabilis,
1146 1307 1185 1341 et
1205 1304 1307 1351 (vni,
1327 1314 1364 1341 c.
1390 1305 1424 1352 5)
1445 1313 1621 1342 amorem

5 1352 189 1390 amicitiae
206 1352 254 1389 ab
274 1352 487 1396 amatione,
510 1361 597 1399 quae
617 1355 677 1389 cst
697 1352 846 1398 passio,
866 1351 1100 1398 distinguit3
1122 1360 1245 1398 quum
1259 1361 1352 1388 vero
1372 1352 1556 1389 voluntas
1573 1352 1624 1389 sit

4 1399 181 1445 potentia
200 1407 281 1436 non
300 1403 417 1436 utens
438 1408 603 1446 organo,
625 1399 729 1436 sieut
748 1408 821 1436 nec
857 1399 1096 1443 intellectus,
1126 1399 1258 1444 palam
1285 1403 1345 1436 est
1378 1399 1622 1446 hujusmodi,

7 1445 224 1482 secundum
247 1446 351 1493 quod
369 1450 464 1483 sunt
481 1450 592 1483 actus
613 1446 843 1491 voluntatis,
867 1446 907 1482 in
926 1446 1059 1483 anima
1076 1450 1258 1492 separata
1276 1455 1494 1483 remanere.

52 1492 114 1529 Sic
131 1492 259 1575 igiturl
271 1502 318 1530 ex
335 1493 534 1540 praedictis
555 1493 777 1530 rationibus
797 1493 983 1530 concludi
1002 1501 1082 1530 non
1102 1496 1231 1539 potest
1251 1493 1425 1531 animam
1446 1493 1624 1531 bominis

6 1546 96 1576 esse
118 1543 244 1576 morta
264 1548 339 1577 em.

646 1613 813 1693 CAPUT
839 1651 996 1694 LXXII.

189 1765 290 1799 QUOD
315 1764 451 1795 AMMAE
473 1765 682 1796 BRUTORUM
705 1765 928 1796 ANIMAIAUM
952 1764 1032 1796 NON
1054 1765 1154 1797 SUNT
1178 1765 1444 1798 IMMORTALES·

53 1869 108 1905 Ex
126 1867 190 1905 his
220 1872 349 1905 autem
378 1877 466 1915 quae
501 1868 605 1907 dicta
633 1872 741 1914 sunt,
763 1869 965 1906 evidenter
994 1869 1220 1908 ostenditur
1236 1869 1443 1910 brutorum
1470 1870 1627 1910 animas

5 1923 87 1953 non
106 1923 197 1952 esse
216 1915 476 1953 immortales.

50 1964 136 2000 Jam
155 1962 261 2000 enim
279 1966 485 2000 ostensum
504 1966 565 2000 est
584 1962 634 2009 (c.
653 1965 696 2000 57
719 1963 825 2010 et68)
840 1962 944 2011 quod
964 1963 1074 2000 nulla
1091 1963 1269 2010 operatio
1284 1964 1484 2003 sensitivae
1501 1966 1625 2011 partis

6 2017 96 2047 esse
116 2009 204 2046 sine
225 2018 390 2055 corpore
411 2013 553 2056 potest.
577 2012 619 2047 ln
639 2010 850 2047 animabus
878 2014 1007 2048 autem
1027 2010 1234 2049 brutorum
1261 2020 1343 2049 non
1367 2016 1429 2049 est
1446 2012 1623 2049 invenire

7 2056 180 2102 aliquam
207 2057 477 2102 operationem
505 2058 751 2103 superiorem
785 2057 1084 2103 operationibus
1118 2058 1321 2097 sensitivae
1357 2060 1481 2106 partis
1499 2071 1508 2105 ;
1543 2068 1625 2097 non

6 2102 114 2139 enim
148 2102 376 2150 intelligunt
398 2112 525 2151 neque
546 2104 858 2150 ratiocinantur-3
882 2104 988 2151 quod
1008 2114 1056 2142 ex
1076 2105 1152 2143 hoc
1175 2109 1337 2152 apparet
1359 2106 1453 2154 quia
1489 2107 1625 2144 omnia

7 2149 197 2187 animalia
225 2149 400 2197 ejusdem
423 2151 569 2197 speciei
589 2155 628 2188 et
660 2152 844 2189 similiter
864 2155 1091 2197 operantur,
1112 2153 1228 2199 quasi
1248 2162 1273 2191 a
1290 2157 1432 2191 natura
1451 2158 1567 2191 motae
1589 2157 1626 2191 et

8 2204 90 2233 non
125 2205 173 2233 ex
208 2200 291 2234 arte
316 2202 549 2243 operantes3
574 2199 706 2236 omnis
737 2199 844 2236 enim
878 2199 1050 2236 hirundo
1080 2199 1266 2237 similiter
1293 2200 1389 2237 facit
1413 2201 1565 2244 nidum,
1587 2203 1625 2238 et

7 2243 141 2280 omnis
160 2252 307 2297 aranea
323 2244 508 2282 similiter
526 2245 658 2282 telam.
689 2246 806 2283 Nulla
825 2246 948 2292 igitur
973 2246 1150 2292 operatio
1172 2251 1233 2284 est
1254 2248 1398 2285 animae
1417 2247 1623 2285 brutorum

7 2298 96 2337 quae
124 2294 254 2336 possit
287 2291 375 2328 sine
403 2300 568 2338 corpore
600 2301 704 2330 esse.
727 2294 856 2337 Quum
891 2293 1013 2340 igitur
1032 2294 1164 2331 omnis
1196 2293 1421 2331 substantia
1449 2295 1624 2341 aliquam

8 2337 280 2383 operationem
300 2337 455 2384 habeat,
477 2348 557 2376 non
574 2340 718 2386 poterit
739 2340 872 2378 anima
891 2339 995 2377 bruti
1020 2340 1170 2388 absque
1190 2349 1356 2387 corpore
1376 2349 1492 2385 esse;
1513 2348 1624 2387 ergo,

7 2388 197 2431 pereunte
217 2393 396 2431 corpore,
417 2386 530 2431 perit.

56 2432 158 2474 Item,
179 2432 312 2469 omnis
344 2431 471 2469 forma
492 2436 672 2478 separata
692 2442 716 2470 a
733 2434 900 2471 materia
929 2437 987 2471 est
1008 2433 1208 2471 intellecta
1240 2434 1282 2470 in
1303 2437 1418 2478 actu3
1440 2433 1499 2471 sic
1518 2434 1624 2472 enim

7 2477 234 2516 intellectus
265 2487 389 2524 agens
419 2479 513 2515 facit
540 2480 695 2526 species
729 2480 1001 2527 intelligibiles
1022 2485 1125 2526 actu,
1156 2481 1197 2517 in
1218 2484 1409 2528 quantum
1431 2481 1624 2518 abstrahit

7 2533 76 2563 eas
96 2528 139 2562 ut
167 2535 215 2562 ex
246 2525 487 2572 supradictis
506 2525 556 2572 (c.
574 2529 635 2573 77)
671 2529 791 2572 patet.
811 2527 898 2570 Sed,
920 2528 955 2564 si
977 2528 1110 2564 anima
1133 2526 1236 2564 bruti
1270 2531 1416 2572 manet,
1437 2532 1622 2573 corrupto

7 2581 186 2618 corpore,
206 2573 279 2609 erit
299 2572 425 2609 forma
443 2581 466 2609 a
485 2573 649 2610 materia
669 2578 863 2620 separata.
886 2575 986 2620 Ergo
1007 2574 1081 2610 erit
1095 2574 1221 2611 forma
1241 2574 1441 2612 intellecta
1457 2575 1499 2612 in
1518 2579 1623 2613 actu.

7 2619 83 2656 Sed
105 2619 146 2656 in
166 2620 359 2665 separatis
378 2629 400 2656 a
420 2620 584 2657 materia
604 2619 708 2657 idem
729 2624 789 2656 est
820 2620 1051 2666 intelligens
1069 2624 1108 2657 et
1127 2620 1384 2666 intellectum,
1407 2624 1450 2659 ut
1474 2623 1623 2660 Aristo-

6 2665 106 2703 teles
126 2666 221 2703 dicit
236 2666 301 2713 (De
319 2668 456 2711 anima,
475 2674 534 2709 111‘,
558 2669 651 2703 text.
671 2675 816 2704 comm.
839 2667 911 2713 16).
925 2668 1025 2714 Ergo
1039 2667 1172 2705 anima
1182 2667 1301 2714 bruti,
1321 2669 1357 2706 si
1373 2672 1464 2715 post
1478 2678 1625 2716 corpus

8 2716 156 2758 manet,
177 2713 251 2750 erit
272 2713 576 2758 intellectualis;
599 2713 704 2760 quod
724 2717 784 2750 est
798 2714 1060 2760 impossihile.

55 2760 199 2806 Adhuc,
220 2760 263 2797 in
283 2761 459 2808 qualibet
487 2770 528 2797 re
549 2770 635 2807 quae
669 2764 799 2807 potest
817 2761 1040 2807 pertingere
1062 2761 1110 2800 ad
1130 2761 1303 2809 aliquam
1323 2762 1622 2809 perfectionem,

8 2805 208 2844 invenitur
234 2807 428 2845 naturalis
456 2808 653 2854 appetitus
683 2807 793 2845 illius
824 2807 1105 2854 perfectionis3
1126 2808 1274 2846 bonum
1297 2810 1404 2847 enim
1422 2815 1484 2848 est
1516 2811 1624 2858 quod

11 2854 148 2891 omnia
183 2858 384 2900 appetunt,
417 2855 472 2892 ita
503 2858 637 2892 tamen
666 2854 771 2901 quod
802 2855 1113 2902 unumquodque
1145 2856 1348 2903 proprium
1378 2857 1541 2894 bonum.
1578 2859 1623 2895 In

8 2899 135 2938 brutis
153 2905 285 2939 autem
314 2910 397 2940 non
415 2902 616 2940 invenitur
643 2901 789 2950 aliquis
809 2902 1007 2949 appetitus
1024 2902 1076 2940 ad
1094 2911 1184 2941 esse
1202 2907 1450 2951 perpetuum,
1473 2904 1552 2942 nisi
1579 2908 1624 2943 ut
