1894 3223
712 159 801 197 ΗΒ.
829 161 887 205 lV,
915 161 1015 197 CAP.
1041 161 1146 198 ΧΧΙΙ.
1674 164 1736 200 531

171 243 215 280 Et
227 242 356 289 primo
373 241 532 288 quidem
546 240 621 278 hoc
636 242 791 279 videtur
808 252 896 280 esse
913 243 1095 279 amiciliae
1111 242 1280 279 maxime
1298 243 1499 290 proprium
1516 243 1633 280 simul
1650 252 1740 280 con-

120 289 270 327 versari
291 288 340 326 ad
361 289 546 325 amicum.
571 289 824 326 conversatio
840 294 968 326 autem
994 290 1168 327 nominis
1189 290 1237 326 ad
1259 291 1378 327 Deum
1401 295 1462 327 est
1482 299 1550 336 per
1564 296 1740 328 conlem-

123 336 338 383 plationem
369 335 510 381 ipsius,
539 335 643 372 sicut
662 339 698 373 et
732 337 944 382 Apostolus
966 336 1119 373 dicebat
1141 348 1149 373 :
1175 338 1307 373 Nostra
1326 339 1545 373 conversatio
1575 339 1615 374 in
1647 338 1741 374 coelis

122 386 186 420 est.
209 382 413 429 (Phil.,111,
443 383 517 427 20.)
547 383 647 426 Quia
678 384 796 430 igitur
828 384 993 429 Spiritus
1014 387 1178 420 sanctus
1214 393 1287 420 nos
1317 388 1514 421 amatores
1536 385 1601 421 Dei
1635 385 1738 429 facit,

122 438 374 476 consequens
395 433 454 466 est
473 431 578 476 quod
601 440 669 477 per
683 431 869 477 Spiritum
893 434 1074 467 sanetum
1091 431 1158 467 Dei
1177 431 1510 476 contemplatores
1525 432 1741 469 constitua-

120 485 211 514 mur
229 488 238 521 ;
260 476 364 514 unde
380 477 593 522 Apostolus
617 489 624 513 :
647 478 719 514 Nos
745 488 826 513 vero
842 488 959 512 omncs
980 478 1137 512 revelata
1156 478 1250 519 faeie
1275 478 1428 521 Gloriam
1452 480 1597 514 Domini
1616 489 1739 523 specu-

121 524 248 563 lantes,
270 525 311 559 in
329 524 487 559 eamdem
507 525 701 568 imaqinem
720 526 1025 568 trarzsfi>7·77mi7ittr
1042 535 1063 559 a
1092 525 1257 559 claritate
1278 526 1318 559 in
1347 526 1546 561 claritatem
1567 529 1740 572 tunquum

121 581 146 607 a
163 571 311 607 Domini
329 572 475 616 spiritu.
499 571 549 616 (H
566 571 660 611 Cor„
683 579 740 614 111,
765 572 837 617 18.)
1637 577 1644 581 ’

169 619 235 655 Est
254 621 384 654 autem
407 621 443 654 et
463 618 646 655 amicitiae
673 618 874 664 proprium
894 617 998 664 quod
1018 617 1163 664 aliquis
1191 617 1232 654 in
1250 618 1457 666 praesentia
1481 619 1596 658 amici
1617 619 1742 657 delec-

120 668 239 709 tetur,
260 668 298 701 et
318 665 356 700 in
378 665 464 711 eJus
484 664 614 702 verbis
633 668 671 701 et
692 665 802 702 sactis
821 666 1002 710 gaudeat,
1036 668 1073 701 et
1108 665 1149 700 in
1185 674 1232 701 eo
1264 666 1578 702 consolationem
1602 670 1741 704 eontra

121 720 262 750 omnes
283 712 500 749 anxietates
521 711 694 748 inveniat
715 725 723 757 ;
754 712 855 749 unde
876 713 913 748 in
943 711 1112 748 tristitiis
1130 712 1298 748 maxime
1320 713 1367 749 ad
1389 713 1539 750 amicos
1560 713 1741 750 consola-

120 759 244 796 tionis
276 768 398 796 causa
430 759 697 806 confugimus.
731 760 815 803 Qua
852 759 970 806 igitur
1005 759 1169 804 Spiritus
1202 763 1364 797 sanctus
1395 760 1462 796 Dei
1491 769 1565 797 nos
1587 761 1738 797 amicos

121 806 329 844 constituit
347 810 384 843 et
405 815 494 843 eum
515 806 555 843 in
578 806 694 843 nobis
713 805 889 843 habitare
917 805 1009 842 facit
1029 810 1066 842 et
1088 814 1162 843 nos
1182 805 1222 842 in
1242 806 1344 852 ipso,
1367 811 1408 843 ut
1435 810 1641 844 ostensum
1663 810 1738 850 est,

122 862 374 900 consequens
395 856 515 890 estut
536 862 603 899 per
623 854 808 898 Spiritum
831 857 1011 889 sanctum
1047 852 1234 899 gaudium
1257 853 1304 890 de
1326 855 1406 890 Deo
1439 857 1476 890 et
1503 855 1741 891 consolatio-

122 909 213 938 nem
232 900 449 938 habeamus
470 904 607 936 contra
621 909 760 938 omnes
780 901 913 937 mundi
930 900 1188 937 adversitates
1208 904 1246 936 et
1264 900 1586 947 impugnationes
1604 914 1612 945 ;
1634 901 1738 939 unde

122 947 264 985 dicitur
281 960 288 984 :
308 948 427 984 Redde
446 948 537 983 mihi
558 947 721 983 laetitiam
748 948 921 983 salutaris
953 949 1019 990 tui,
1048 951 1079 982 et
1110 949 1245 992 spiritu
1264 949 1468 993 principali
1499 950 1669 993 confirma
1689 959 1741 984 me

138 995 272 1031 Psalm.
293 1003 327 1038 L,
349 994 407 1040 14)
421 1022 430 1037 ,
451 998 488 1030 et
510 1007 518 1030 z
540 995 700 1038 chuum
715 996 781 1030 Dei
799 997 832 1030 et
845 994 1007 1039 justitia,
1027 997 1060 1029 et
1075 1005 1166 1039 pace,
1182 998 1215 1030 et
1227 995 1403 1039 qaudium
1414 996 1453 1029 in
1465 995 1607 1039 Spiritu
1619 999 1740 1031 sancto

137 1043 253 1082 Rom„
275 1049 360 1085 XIV,
381 1041 437 1083 17)
455 1052 464 1084 ;
493 1043 531 1077 et
552 1041 696 1078 dicitur
717 1053 726 1077 ε
747 1042 950 1077 Ecclesia...
977 1042 1128 1076 habebat
1143 1052 1279 1086 pacem,
1302 1045 1335 1076 et
1349 1041 1596 1087 {edificabatur
1615 1043 1737 1078 ambu-

137 1098 203 1124 ans
223 1090 262 1123 in
282 1090 406 1123 timore
427 1089 583 1127 Domini,
606 1091 638 1123 et
655 1090 890 1124 consolatione
919 1090 1036 1123 sancti
1064 1089 1224 1133 Spiritus
1250 1089 1469 1133 replebatur.
1489 1088 1586 1134 (Act.
1608 1092 1737 1134 apost„

120 1142 176 1180 IX,
198 1134 272 1181 36.)
294 1136 337 1170 Et
358 1134 447 1171 ideo
468 1135 660 1171 Dominus
681 1135 867 1180 Spiritum
890 1139 1070 1171 sanctum
1092 1135 1348 1180 paracletum,
1369 1135 1407 1171 id
1430 1139 1490 1172 est
1509 1137 1736 1173 consolato-

120 1189 219 1225 rem,
241 1181 422 1218 nominat
444 1191 452 1215 :
476 1181 686 1217 Paracletus
706 1184 825 1217 autem
843 1182 1004 1226 Spiritus
1020 1184 1165 1217 sanctus
1191 1183 1349 1227 (Joann.,
1368 1189 1451 1226 xlx,
1473 1183 1548 1228 26),
1573 1185 1646 1219 etc.

169 1228 359 1265 Similiter
378 1231 507 1264 autem
530 1231 567 1264 et
587 1228 770 1265 amicitiae
792 1229 994 1275 proprium
1018 1233 1078 1265 est
1099 1229 1325 1265 consentire
1352 1229 1481 1265 amico
1507 1229 1548 1265 in
1569 1229 1633 1266 his
1654 1238 1740 1276 quae

121 1275 217 1313 vult.
239 1275 429 1312 Voluntas
449 1277 577 1312 autem
602 1275 668 1312 Dei
690 1275 806 1312 nobis
838 1285 906 1321 per
927 1279 1120 1321 praecepta
1147 1275 1273 1321 ipsius
1306 1276 1535 1321 explicatur.
1570 1277 1742 1314 Pertinet

121 1323 244 1371 igitur
260 1323 307 1359 ad
325 1331 497 1359 amorem
513 1331 591 1368 quo
609 1324 728 1359 Deum
747 1322 952 1370 diligimus
968 1325 1008 1358 ut
1023 1322 1108 1369 eJ'us
1126 1323 1311 1360 mandata
1331 1323 1582 1369 impleamus,
1603 1331 1742 1361 secun-

122 1370 215 1408 dum
239 1369 337 1406 illud
361 1381 370 1406 :
403 1369 444 1406 Si
474 1369 630 1414 diligitis
662 1380 729 1410 me,
753 1370 929 1405 mandata
954 1380 1031 1404 mea
1060 1373 1209 1406 servate.
1243 1369 1399 1416 (Joann.‚
1419 1379 1501 1414 xlv,
1524 1370 1596 1417 15.)
1619 1373 1737 1411 Unde,

123 1425 245 1464 quum
264 1426 333 1462 per
353 1417 539 1461 Spiritum
557 1420 736 1453 sanctum
758 1417 822 1453 Dei
845 1421 1041 1453 amatores
1062 1418 1366 1461 constituamur,
1381 1426 1451 1462 per
1469 1418 1600 1463 ipsum
1622 1418 1740 1455 etiam

123 1464 417 1510 quodammodo
439 1464 593 1509 agimur
615 1467 656 1500 ut
674 1467 867 1509 praecepta
882 1464 946 1500 Dei
971 1464 1221 1510 impleamus,
1242 1465 1462 1501 secundum
1493 1465 1592 1501 illud
1617 1467 1739 1511 Apos-

122 1511 194 1548 toli
218 1522 226 1547 ε
254 1511 472 1556 Quicumque
488 1511 630 1555 Spiritu
655 1512 720 1547 Dei
737 1514 905 1555 aquutur,
929 1512 958 1545 ii
974 1514 1058 1546 sunt
1076 1512 1145 1556 filii
1160 1513 1236 1547 Dei.
1255 1511 1383 1557 (Rom,
1398 1519 1485 1555 V111,
1510 1511 1583 1557 14.)

172 1557 509 1594 Considerandum
533 1561 663 1594 tamen
689 1561 747 1595 est
768 1558 871 1604 quod
892 1568 914 1594 a
934 1558 1077 1603 Spiritu
1102 1562 1241 1595 sancto
1263 1558 1333 1594 filii
1358 1558 1424 1594 Dei
1454 1563 1639 1604 aguntur,
1659 1567 1741 1596 non

126 1605 231 1642 sicut
246 1605 363 1648 servi,
383 1604 451 1641 sed
472 1604 575 1641 sicut
595 1604 722 1641 liberi.
744 1605 870 1649 Quum
895 1605 1000 1641 enim
1026 1605 1124 1642 liber
1143 1605 1194 1642 sit
1214 1605 1279 1652 qui
1302 1605 1364 1642 sui
1384 1614 1505 1642 causa
1537 1609 1610 1649 est,
1642 1605 1742 1644 illud

123 1651 247 1689 libere
269 1652 424 1698 agimus
446 1651 549 1698 quod
573 1661 619 1688 ex
640 1651 756 1689 nobis
777 1652 877 1697 ipsis
898 1652 1054 1698 agimus
1074 1664 1082 1696 ;
1106 1652 1180 1689 hoc
1201 1661 1292 1689 vero
1313 1655 1373 1689 est
1393 1652 1497 1699 quod
1519 1662 1567 1689 ex
1595 1653 1741 1690 volun-

124 1702 204 1736 tate
225 1700 381 1746 agimus
400 1710 408 1742 3
432 1698 537 1745 quod
558 1698 864 1745 autem-agimus
886 1703 1023 1735 contra
1041 1699 1298 1743 voluntatem,
1318 1708 1396 1736 non
1419 1700 1555 1743 libere,
1574 1700 1642 1737 sed
1665 1709 1743 1737 ser-

122 1745 254 1783 viliter
273 1746 429 1792 agimus
448 1757 456 1788 ;
479 1746 561 1782 sive
583 1746 634 1782 sit
654 1746 842 1782 violentia
862 1746 1056 1791 absoluta,
1077 1750 1118 1782 ut
1150 1747 1309 1793 quando
1339 1750 1464 1783 totum
1504 1747 1739 1793 principium

124 1796 186 1831 est
211 1796 332 1836 extra,
357 1792 458 1828 nihil
479 1792 705 1829 conferente
725 1794 802 1828 vim
824 1802 958 1838 passo,
981 1798 1076 1839 puta
1092 1803 1211 1840 quum
1235 1794 1380 1840 aliquis
1397 1794 1434 1829 vi
1457 1794 1673 1839 impellitur
1693 1794 1738 1831 ad

122 1843 274 1877 motum
293 1851 301 1884 ;
321 1839 401 1876 sive
423 1838 473 1875 sit
489 1839 675 1876 violentia
697 1840 919 1876 voluntario
941 1841 1075 1885 mixta,
1098 1844 1139 1877 ut
1177 1849 1298 1887 quum
1327 1840 1471 1887 aliquis
1499 1841 1582 1877 vult
1612 1841 1740 1880 facere

121 1887 184 1924 vel
204 1887 283 1933 pati
305 1886 409 1933 quod
426 1886 560 1923 minus
580 1890 640 1923 est
659 1887 898 1923 contrarium
921 1888 1128 1931 voluntati,
1150 1891 1192 1924 ut
1221 1887 1358 1924 evadat
1391 1887 1496 1934 quod
1528 1888 1656 1933 magis
1674 1896 1740 1925 vo-

122 1934 265 1972 luntati
285 1934 562 1970 contrariatur.
584 1933 752 1979 Spiritus
774 1938 902 1971 autem
925 1939 1088 1971 sanctus
1109 1934 1167 1971 sic
1187 1943 1262 1971 nos
1283 1935 1332 1971 ad
1355 1935 1553 1982 agendum
1574 1934 1741 1972 inclinat

123 1984 168 2018 ut
186 1989 261 2018 nos
280 1980 501 2017 voluntarie
523 1988 638 2027 agere
656 1980 784 2025 faciat,
802 1982 841 2017 in
873 1985 1063 2028 quantum
1094 1990 1168 2018 nos
1195 1985 1392 2019 amatores
1422 1982 1490 2018 Dei
1520 1981 1739 2019 constituit.

124 2027 210 2066 Filii
231 2027 352 2075 igitur
368 2028 435 2064 Dei
454 2027 575 2064 libere
596 2037 618 2064 a
638 2028 783 2073 Spiritu
804 2033 942 2065 sancto
960 2033 1131 2076 aguntur
1147 2038 1195 2065 ex
1215 2037 1361 2069 amore,
1384 2038 1462 2065 non
1486 2028 1682 2066 serviliter
1695 2038 1743 2066 ex

123 2075 291 2119 timore3
312 2074 417 2111 unde
436 2075 648 2120 Apostolus
670 2075 764 2111 dicit
784 2077 891 2112 :Nou
911 2077 1097 2121 accepistis
1122 2077 1292 2121 spiritum
1323 2077 1506 2112 servitutis
1541 2077 1672 2112 iterum
1703 2078 1742 2112 in

123 2122 262 2162 timore,
283 2121 346 2156 secl
364 2122 549 2166 accepistis
568 2123 737 2166 spir-itum
756 2122 959 2168 adoptionis
975 2124 1144 2168 filiorum.
1167 2121 1296 2169 (Rom,
1316 2131 1402 2167 VIII,
1423 2122 1496 2170 15.)

173 2168 299 2212 Quum
323 2171 453 2204 autem
473 2167 657 2204 voluntas
678 2168 880 2205 ordinetur
904 2170 942 2205 in
977 2170 1014 2206 id
1048 2170 1153 2215 quod
1175 2174 1235 2206 est
1266 2179 1355 2207 vere
1383 2170 1547 2213 bonum,
1567 2170 1740 2216 quando,

125 2214 207 2253 sive
225 2218 384 2260 propter
403 2215 630 2260 passionem
651 2215 734 2251 sive
755 2220 912 2261 propter
931 2217 1078 2252 malum
1111 2217 1290 2253 habitum
1322 2220 1389 2254 aut
1422 2216 1740 2262 dispositionem,

124 2261 247 2299 homo
267 2261 314 2298 ab
339 2270 385 2298 eo
406 2261 510 2308 quod
532 2265 592 2298 est
612 2271 701 2298 vere
722 2261 871 2299 bonnm
892 2263 1092 2308 avertitur,
1112 2263 1308 2300 serviliter
1326 2263 1420 2310 agit,
1442 2263 1482 2299 in
1507 2267 1698 2310 quantum
1720 2273 1743 2301 a

125 2308 296 2356 quodam
315 2311 502 2345 extraneo
522 2307 749 2354 inclinatur,
770 2310 803 2346 si
828 2310 1102 2346 consideretur
1120 2310 1204 2356 ipse
1225 2310 1323 2347 ordo
1353 2310 1547 2347 naturalis
1568 2311 1743 2348 volunta-

125 2355 179 2392 tis
197 2367 206 2400 ;
230 2355 314 2398 sed,
335 2355 370 2392 si
390 2355 664 2392 consideretur
684 2359 795 2393 actus
807 2357 1020 2394 voluntatis
1034 2361 1076 2394 ut
1093 2356 1291 2394 inclinatae
1306 2357 1347 2393 in
1364 2365 1559 2402 apparens
1576 2357 1740 2403 bonum,

125 2401 248 2440 libere
267 2401 348 2449 agit
367 2411 487 2448 quum
517 2402 696 2449 sequitur
723 2403 949 2448 passionem
978 2407 1045 2440 aut
1073 2403 1249 2441 habitum
1283 2407 1524 2449 corruptum,
1553 2404 1744 2441 serviliter

126 2453 257 2487 autem
279 2449 360 2496 agit
378 2448 429 2492 si,
449 2448 518 2485 tali
538 2449 740 2486 voluntate
766 2455 963 2495 manente,
983 2454 1142 2497 propter
1171 2451 1354 2487 timorem
1379 2451 1479 2497 legis
1510 2451 1552 2487 in
1587 2455 1742 2488 contra-

126 2496 231 2533 rium
251 2495 391 2542 positae
410 2495 582 2532 abstinet
599 2495 647 2533 ab
668 2505 715 2533 eo
733 2497 839 2543 quod
865 2498 959 2534 vult.
992 2498 1119 2542 Quum
1141 2497 1263 2544 igitur
1292 2497 1460 2543 Spiritus
1494 2501 1657 2535 sanetus
1676 2507 1744 2544 per

128 2552 304 2580 amorem
326 2542 567 2579 voluntatem
589 2543 754 2580 inclinet
767 2544 807 2579 in
830 2553 961 2580 verum
977 2544 1140 2588 honum,
1157 2545 1198 2580 in
1217 2544 1322 2591 quod
1341 2543 1571 2581 naturaliter
1590 2545 1744 2583 ordina-

125 2593 203 2633 tur,
225 2589 328 2626 tollit
355 2593 392 2626 et
408 2589 632 2626 servitutem
657 2599 735 2636 qua
759 2590 921 2637 (homo),
944 2600 1082 2628 servus
1104 2591 1303 2636 passionis
1329 2591 1536 2636 etpeccati
1562 2591 1741 2638 effeetus,

126 2639 265 2674 contra
278 2635 456 2672 ordinem
469 2636 684 2673 voluntatis
696 2637 790 2683 agit,
808 2641 846 2674 et
857 2638 1084 2674 servitutem
1098 2647 1175 2683 qua
1187 2642 1324 2674 contra
1338 2641 1489 2674 motum
1508 2646 1591 2675 suae
1606 2639 1744 2676 volun-

126 2683 220 2720 tatis
241 2683 460 2720 secundum
476 2682 603 2728 legem
624 2683 718 2729 agit,
742 2684 855 2730 quasi
876 2685 976 2731 legis
997 2693 1150 2728 servus,
1166 2693 1246 2721 non
1267 2684 1434 2721 amicus.
1458 2686 1619 2730 Propter
1636 2686 1740 2733 quod

126 2731 341 2776 Apostolus
374 2730 469 2766 dicit
490 2741 498 2766 ε
519 2730 587 2765 Ubi
606 2729 766 2774 Spiritus
795 2733 950 2774 Domini,
972 2731 1025 2766 ibi
1056 2732 1203 2767 libertas
1234 2730 1286 2777 (H
1303 2731 1398 2776 Cor„
1419 2740 1477 2776 111,
1507 2732 1564 2780 17)
1582 2743 1591 2776 ;
1613 2737 1650 2769 et
1672 2745 1681 2769 :
1703 2734 1744 2770 Si

127 2778 261 2822 spiritu
280 2777 469 2820 ducimini,
489 2786 562 2812 non
589 2778 673 2812 estis
691 2777 758 2812 sub
777 2778 864 2822 leqe.
887 2778 1039 2824 (Galat.‚
1058 2786 1100 2822 v,
1124 2777 1195 2824 18).
1217 2777 1314 2814 Hinc
1348 2781 1407 2815 est
1437 2779 1543 2824 quod
1573 2779 1741 2825 Spiritus

130 2827 294 2860 sanctus
314 2832 384 2870 per
404 2832 578 2860 amorem
613 2832 688 2860 nos
711 2824 866 2861 ordinat
894 2824 1112 2862 secundum
1134 2824 1233 2862 illud
1252 2835 1260 2861 :
1281 2825 1324 2862 Si
1341 2825 1484 2871 Spiritu
1499 2827 1602 2869 facta
1621 2828 1742 2862 carnis

127 2871 445 2916 mortificaveritis,
465 2872 610 2908 vivetis.
634 2870 762 2917 (Rom,
787 2880 872 2918 vm,
896 2872 968 2919 13.)
