<?xml version="1.0" encoding="UTF-8"?>
<!DOCTYPE html PUBLIC "-//W3C//DTD XHTML 1.0 Transitional//EN"
    "http://www.w3.org/TR/xhtml1/DTD/xhtml1-transitional.dtd">
<html xmlns="http://www.w3.org/1999/xhtml" xml:lang="en" lang="en">
 <head>
  <title>
</title>
<meta http-equiv="Content-Type" content="text/html;charset=utf-8" />
  <meta name='ocr-system' content='tesseract 3.04.00' />
  <meta name='ocr-capabilities' content='ocr_page ocr_carea ocr_par ocr_line ocrx_word'/>
</head>
<body>
  <div class='ocr_page' id='page_1' title='image "./deveritatecathol00thomuoft_0570.png"; bbox 0 0 1894 3223; ppageno 0'>
   <div class='ocr_carea' id='block_1_1' title="bbox 155 129 1176 186">
    <p class='ocr_par' dir='ltr' id='par_1_1' title="bbox 155 129 1176 186">
     <span class='ocr_line' id='line_1_1' title="bbox 155 129 1176 186; baseline -0.006 -1"><span class='ocrx_word' id='word_1_1' title='bbox 155 150 226 185; x_wconf 78' lang='lat'>530</span> <span class='ocrx_word' id='word_1_2' title='bbox 743 143 831 178; x_wconf 70' lang='grc' dir='ltr'>ΜΒ.</span> <span class='ocrx_word' id='word_1_3' title='bbox 860 143 918 186; x_wconf 75' lang='lat' dir='ltr'>iv,</span> <span class='ocrx_word' id='word_1_4' title='bbox 945 129 1046 178; x_wconf 79' lang='lat' dir='ltr'><strong>CAP.</strong></span> <span class='ocrx_word' id='word_1_5' title='bbox 1071 143 1176 179; x_wconf 78' lang='lat' dir='ltr'>xxli.</span> 
     </span>
    </p>
   </div>
   <div class='ocr_carea' id='block_1_2' title="bbox 155 221 1782 2472">
    <p class='ocr_par' dir='ltr' id='par_1_2' title="bbox 155 221 1777 827">
     <span class='ocr_line' id='line_1_2' title="bbox 156 221 1776 271; baseline -0.004 -5"><span class='ocrx_word' id='word_1_6' title='bbox 156 231 308 266; x_wconf 85' lang='lat' dir='ltr'>secreta</span> <span class='ocrx_word' id='word_1_7' title='bbox 327 228 485 271; x_wconf 86' lang='lat' dir='ltr'>propter</span> <span class='ocrx_word' id='word_1_8' title='bbox 505 223 695 260; x_wconf 89' lang='lat' dir='ltr'>unitatem</span> <span class='ocrx_word' id='word_1_9' title='bbox 716 222 896 268; x_wconf 83' lang='lat' dir='ltr'>affectus,</span> <span class='ocrx_word' id='word_1_10' title='bbox 915 222 985 260; x_wconf 90' lang='lat' dir='ltr'>sed</span> <span class='ocrx_word' id='word_1_11' title='bbox 1008 222 1144 260; x_wconf 84' lang='lat' dir='ltr'>eadem</span> <span class='ocrx_word' id='word_1_12' title='bbox 1163 223 1297 260; x_wconf 87' lang='lat' dir='ltr'>unitas</span> <span class='ocrx_word' id='word_1_13' title='bbox 1328 222 1492 270; x_wconf 82' lang='lat' dir='ltr'>requirit</span> <span class='ocrx_word' id='word_1_14' title='bbox 1527 221 1633 269; x_wconf 89' lang='lat' dir='ltr'>quod</span> <span class='ocrx_word' id='word_1_15' title='bbox 1654 222 1776 260; x_wconf 84' lang='lat' dir='ltr'>etiam</span> 
     </span>
     <span class='ocr_line' id='line_1_3' title="bbox 157 268 1775 320; baseline -0.004 -9"><span class='ocrx_word' id='word_1_16' title='bbox 157 285 202 312; x_wconf 83' lang='lat' dir='ltr'>ea</span> <span class='ocrx_word' id='word_1_17' title='bbox 223 283 308 320; x_wconf 75' lang='lat' dir='ltr'>(111ae</span> <span class='ocrx_word' id='word_1_18' title='bbox 330 273 446 308; x_wconf 85' lang='lat' dir='ltr'>habet</span> <span class='ocrx_word' id='word_1_19' title='bbox 466 271 594 307; x_wconf 84' lang='lat' dir='ltr'>amico</span> <span class='ocrx_word' id='word_1_20' title='bbox 614 270 903 313; x_wconf 82' lang='lat' dir='ltr'>communicet3</span> <span class='ocrx_word' id='word_1_21' title='bbox 927 270 1032 316; x_wconf 90' lang='lat' dir='ltr'>quia,</span> <span class='ocrx_word' id='word_1_22' title='bbox 1051 279 1173 316; x_wconf 90' lang='lat' dir='ltr'>quum</span> <span class='ocrx_word' id='word_1_23' title='bbox 1206 269 1327 306; x_wconf 91' lang='lat' dir='ltr'>homo</span> <span class='ocrx_word' id='word_1_24' title='bbox 1362 269 1532 306; x_wconf 86' lang='lat' dir='ltr'>amicum</span> <span class='ocrx_word' id='word_1_25' title='bbox 1567 268 1712 306; x_wconf 87' lang='lat' dir='ltr'>habeat</span> <span class='ocrx_word' id='word_1_26' title='bbox 1731 273 1775 306; x_wconf 90' lang='lat' dir='ltr'>ut</span> 
     </span>
     <span class='ocr_line' id='line_1_4' title="bbox 157 315 1774 363; baseline -0.002 -7"><span class='ocrx_word' id='word_1_27' title='bbox 157 322 322 358; x_wconf 81' lang='lat' dir='ltr'>alterum</span> <span class='ocrx_word' id='word_1_28' title='bbox 344 328 400 361; x_wconf 89' lang='lat' dir='ltr'>se,</span> <span class='ocrx_word' id='word_1_29' title='bbox 421 326 584 353; x_wconf 85' lang='lat' dir='ltr'>necesse</span> <span class='ocrx_word' id='word_1_30' title='bbox 605 316 787 363; x_wconf 86' lang='lat' dir='ltr'>estquod</span> <span class='ocrx_word' id='word_1_31' title='bbox 807 316 840 352; x_wconf 86' lang='lat' dir='ltr'>ei</span> <span class='ocrx_word' id='word_1_32' title='bbox 862 316 1070 352; x_wconf 89' lang='lat' dir='ltr'>subveniat</span> <span class='ocrx_word' id='word_1_33' title='bbox 1093 317 1197 353; x_wconf 90' lang='lat' dir='ltr'>sicut</span> <span class='ocrx_word' id='word_1_34' title='bbox 1217 320 1255 353; x_wconf 92' lang='lat' dir='ltr'>et</span> <span class='ocrx_word' id='word_1_35' title='bbox 1274 315 1363 360; x_wconf 89' lang='lat' dir='ltr'>sibi,</span> <span class='ocrx_word' id='word_1_36' title='bbox 1387 325 1462 353; x_wconf 87' lang='lat' dir='ltr'>sua</span> <span class='ocrx_word' id='word_1_37' title='bbox 1494 315 1528 352; x_wconf 92' lang='lat' dir='ltr'>ei</span> <span class='ocrx_word' id='word_1_38' title='bbox 1550 315 1774 352; x_wconf 87' lang='lat' dir='ltr'>communi-</span> 
     </span>
     <span class='ocr_line' id='line_1_5' title="bbox 158 361 1775 409; baseline -0.002 -6"><span class='ocrx_word' id='word_1_39' title='bbox 158 376 281 409; x_wconf 85' lang='lat' dir='ltr'>cans;</span> <span class='ocrx_word' id='word_1_40' title='bbox 317 365 420 401; x_wconf 86' lang='lat' dir='ltr'>unde</span> <span class='ocrx_word' id='word_1_41' title='bbox 451 368 488 400; x_wconf 92' lang='lat' dir='ltr'>et</span> <span class='ocrx_word' id='word_1_42' title='bbox 514 363 714 409; x_wconf 89' lang='lat' dir='ltr'>proprium</span> <span class='ocrx_word' id='word_1_43' title='bbox 749 363 931 400; x_wconf 71' lang='lat' dir='ltr'>amicitiae</span> <span class='ocrx_word' id='word_1_44' title='bbox 965 372 1053 400; x_wconf 88' lang='lat' dir='ltr'>esse</span> <span class='ocrx_word' id='word_1_45' title='bbox 1082 364 1243 409; x_wconf 90' lang='lat' dir='ltr'>ponitur</span> <span class='ocrx_word' id='word_1_46' title='bbox 1270 363 1370 399; x_wconf 89' lang='lat' dir='ltr'>velle</span> <span class='ocrx_word' id='word_1_47' title='bbox 1401 365 1439 399; x_wconf 89' lang='lat' dir='ltr'>et</span> <span class='ocrx_word' id='word_1_48' title='bbox 1468 361 1596 399; x_wconf 83' lang='lat' dir='ltr'>facere</span> <span class='ocrx_word' id='word_1_49' title='bbox 1623 362 1775 399; x_wconf 88' lang='lat' dir='ltr'>bonum</span> 
     </span>
     <span class='ocr_line' id='line_1_6' title="bbox 157 409 1777 456; baseline -0.002 -7"><span class='ocrx_word' id='word_1_50' title='bbox 157 413 298 456; x_wconf 78' lang='lat' dir='ltr'>amico,</span> <span class='ocrx_word' id='word_1_51' title='bbox 330 411 549 448; x_wconf 83' lang='lat' dir='ltr'>secundum</span> <span class='ocrx_word' id='word_1_52' title='bbox 570 410 668 446; x_wconf 90' lang='lat' dir='ltr'>illud</span> <span class='ocrx_word' id='word_1_53' title='bbox 692 422 700 446; x_wconf 73' lang='grc' dir='ltr'>ε</span> <span class='ocrx_word' id='word_1_54' title='bbox 733 410 801 453; x_wconf 87' lang='lat' dir='ltr'>Qui</span> <span class='ocrx_word' id='word_1_55' title='bbox 820 410 986 445; x_wconf 79' lang='lat' dir='ltr'><em>habuerit</em></span> <span class='ocrx_word' id='word_1_56' title='bbox 1007 410 1247 445; x_wconf 77' lang='lat' dir='ltr'><em>substantiam</em></span> <span class='ocrx_word' id='word_1_57' title='bbox 1276 409 1385 454; x_wconf 82' lang='lat' dir='ltr'>hujus</span> <span class='ocrx_word' id='word_1_58' title='bbox 1411 410 1552 449; x_wconf 81' lang='lat' dir='ltr'>mundi,</span> <span class='ocrx_word' id='word_1_59' title='bbox 1585 414 1618 444; x_wconf 86' lang='lat' dir='ltr'>et</span> <span class='ocrx_word' id='word_1_60' title='bbox 1640 409 1777 445; x_wconf 80' lang='lat' dir='ltr'>viderit</span> 
     </span>
     <span class='ocr_line' id='line_1_7' title="bbox 155 456 1774 504; baseline -0.002 -10"><span class='ocrx_word' id='word_1_61' title='bbox 155 462 308 504; x_wconf 85' lang='lat' dir='ltr'>fratrem</span> <span class='ocrx_word' id='word_1_62' title='bbox 322 469 426 494; x_wconf 85' lang='lat' dir='ltr'>suum</span> <span class='ocrx_word' id='word_1_63' title='bbox 444 459 687 493; x_wconf 81' lang='lat' dir='ltr'>necessitatem</span> <span class='ocrx_word' id='word_1_64' title='bbox 707 457 846 497; x_wconf 83' lang='lat' dir='ltr'>habere,</span> <span class='ocrx_word' id='word_1_65' title='bbox 869 459 902 491; x_wconf 93' lang='lat' dir='ltr'>et</span> <span class='ocrx_word' id='word_1_66' title='bbox 921 458 1090 492; x_wconf 79' lang='lat' dir='ltr'><em>clauserit</em></span> <span class='ocrx_word' id='word_1_67' title='bbox 1108 458 1246 492; x_wconf 78' lang='lat' dir='ltr'>viscera</span> <span class='ocrx_word' id='word_1_68' title='bbox 1264 466 1332 491; x_wconf 82' lang='lat' dir='ltr'>sua</span> <span class='ocrx_word' id='word_1_69' title='bbox 1351 456 1395 491; x_wconf 88' lang='lat' dir='ltr'>ab</span> <span class='ocrx_word' id='word_1_70' title='bbox 1423 466 1474 502; x_wconf 84' lang='lat' dir='ltr'>eo,</span> <span class='ocrx_word' id='word_1_71' title='bbox 1495 456 1668 501; x_wconf 80' lang='lat' dir='ltr'>quomodo</span> <span class='ocrx_word' id='word_1_72' title='bbox 1688 456 1774 491; x_wconf 86' lang='lat' dir='ltr'>cha-</span> 
     </span>
     <span class='ocr_line' id='line_1_8' title="bbox 156 502 1776 548; baseline -0.002 -6"><span class='ocrx_word' id='word_1_73' title='bbox 156 509 247 542; x_wconf 80' lang='lat' dir='ltr'>ritas</span> <span class='ocrx_word' id='word_1_74' title='bbox 268 508 332 541; x_wconf 86' lang='lat' dir='ltr'>Dei</span> <span class='ocrx_word' id='word_1_75' title='bbox 348 507 467 540; x_wconf 82' lang='lat' dir='ltr'>manet</span> <span class='ocrx_word' id='word_1_76' title='bbox 485 506 525 539; x_wconf 80' lang='lat' dir='ltr'>in</span> <span class='ocrx_word' id='word_1_77' title='bbox 544 505 610 540; x_wconf 87' lang='lat' dir='ltr'>eo?</span> <span class='ocrx_word' id='word_1_78' title='bbox 630 503 663 548; x_wconf 89' lang='lat' dir='ltr'>(I</span> <span class='ocrx_word' id='word_1_79' title='bbox 677 505 820 543; x_wconf 87' lang='lat' dir='ltr'>Joann.‚</span> <span class='ocrx_word' id='word_1_80' title='bbox 842 512 901 546; x_wconf 87' lang='lat'>111,</span> <span class='ocrx_word' id='word_1_81' title='bbox 926 503 997 548; x_wconf 87' lang='lat'>17.)</span> <span class='ocrx_word' id='word_1_82' title='bbox 1019 505 1099 540; x_wconf 89' lang='lat' dir='ltr'>Hoc</span> <span class='ocrx_word' id='word_1_83' title='bbox 1120 507 1250 540; x_wconf 87' lang='lat' dir='ltr'>autem</span> <span class='ocrx_word' id='word_1_84' title='bbox 1279 502 1449 539; x_wconf 78' lang='lat' dir='ltr'><strong>maxime</strong></span> <span class='ocrx_word' id='word_1_85' title='bbox 1477 502 1518 539; x_wconf 91' lang='lat' dir='ltr'>in</span> <span class='ocrx_word' id='word_1_86' title='bbox 1549 504 1629 540; x_wconf 88' lang='lat' dir='ltr'>Deo</span> <span class='ocrx_word' id='word_1_87' title='bbox 1657 502 1776 539; x_wconf 87' lang='lat' dir='ltr'>habet</span> 
     </span>
     <span class='ocr_line' id='line_1_9' title="bbox 157 548 1777 598; baseline -0.002 -9"><span class='ocrx_word' id='word_1_88' title='bbox 157 554 304 596; x_wconf 88' lang='lat' dir='ltr'>locum,</span> <span class='ocrx_word' id='word_1_89' title='bbox 322 552 434 598; x_wconf 85' lang='lat' dir='ltr'>cujus</span> <span class='ocrx_word' id='word_1_90' title='bbox 460 551 560 588; x_wconf 85' lang='lat' dir='ltr'>velle</span> <span class='ocrx_word' id='word_1_91' title='bbox 589 555 650 587; x_wconf 91' lang='lat' dir='ltr'>est</span> <span class='ocrx_word' id='word_1_92' title='bbox 681 550 821 587; x_wconf 86' lang='lat' dir='ltr'>efficax</span> <span class='ocrx_word' id='word_1_93' title='bbox 853 550 901 586; x_wconf 89' lang='lat' dir='ltr'>ad</span> <span class='ocrx_word' id='word_1_94' title='bbox 933 549 1144 594; x_wconf 84' lang='lat' dir='ltr'>effectum3</span> <span class='ocrx_word' id='word_1_95' title='bbox 1173 553 1209 585; x_wconf 92' lang='lat' dir='ltr'>et</span> <span class='ocrx_word' id='word_1_96' title='bbox 1229 548 1319 586; x_wconf 84' lang='lat' dir='ltr'>ideo</span> <span class='ocrx_word' id='word_1_97' title='bbox 1339 550 1620 586; x_wconf 87' lang='lat' dir='ltr'>convenienter</span> <span class='ocrx_word' id='word_1_98' title='bbox 1639 549 1777 587; x_wconf 86' lang='lat' dir='ltr'>omnia</span> 
     </span>
     <span class='ocr_line' id='line_1_10' title="bbox 157 595 1773 644; baseline -0.002 -8"><span class='ocrx_word' id='word_1_99' title='bbox 157 601 260 637; x_wconf 90' lang='lat' dir='ltr'>dona</span> <span class='ocrx_word' id='word_1_100' title='bbox 279 599 346 635; x_wconf 91' lang='lat' dir='ltr'>Dei</span> <span class='ocrx_word' id='word_1_101' title='bbox 368 608 435 644; x_wconf 90' lang='lat' dir='ltr'>per</span> <span class='ocrx_word' id='word_1_102' title='bbox 453 598 641 644; x_wconf 89' lang='lat' dir='ltr'>Spiritum</span> <span class='ocrx_word' id='word_1_103' title='bbox 659 601 839 634; x_wconf 89' lang='lat' dir='ltr'>sanctum</span> <span class='ocrx_word' id='word_1_104' title='bbox 862 597 978 634; x_wconf 90' lang='lat' dir='ltr'>nobis</span> <span class='ocrx_word' id='word_1_105' title='bbox 996 596 1135 633; x_wconf 88' lang='lat' dir='ltr'>donari</span> <span class='ocrx_word' id='word_1_106' title='bbox 1162 596 1359 636; x_wconf 87' lang='lat' dir='ltr'>dicuntur,</span> <span class='ocrx_word' id='word_1_107' title='bbox 1389 596 1607 633; x_wconf 89' lang='lat' dir='ltr'>secundum</span> <span class='ocrx_word' id='word_1_108' title='bbox 1642 595 1740 633; x_wconf 90' lang='lat' dir='ltr'>illud</span> <span class='ocrx_word' id='word_1_109' title='bbox 1763 607 1773 632; x_wconf 73' lang='grc' dir='ltr'><strong>ε</strong></span> 
     </span>
     <span class='ocr_line' id='line_1_11' title="bbox 156 643 1777 691; baseline -0.003 -9"><span class='ocrx_word' id='word_1_110' title='bbox 156 648 236 684; x_wconf 87' lang='lat' dir='ltr'>Alii</span> <span class='ocrx_word' id='word_1_111' title='bbox 255 646 398 691; x_wconf 81' lang='lat' dir='ltr'>quidem</span> <span class='ocrx_word' id='word_1_112' title='bbox 416 655 480 690; x_wconf 83' lang='lat' dir='ltr'>per</span> <span class='ocrx_word' id='word_1_113' title='bbox 492 645 669 690; x_wconf 85' lang='lat' dir='ltr'>Spiritum</span> <span class='ocrx_word' id='word_1_114' title='bbox 691 644 801 680; x_wconf 83' lang='lat' dir='ltr'>datur</span> <span class='ocrx_word' id='word_1_115' title='bbox 820 654 932 679; x_wconf 86' lang='lat' dir='ltr'>sermo</span> <span class='ocrx_word' id='word_1_116' title='bbox 958 645 1156 689; x_wconf 69' lang='lat' dir='ltr'>sapientiae,</span> <span class='ocrx_word' id='word_1_117' title='bbox 1178 643 1245 678; x_wconf 86' lang='lat' dir='ltr'>alii</span> <span class='ocrx_word' id='word_1_118' title='bbox 1273 645 1391 678; x_wconf 86' lang='lat' dir='ltr'>autem</span> <span class='ocrx_word' id='word_1_119' title='bbox 1411 652 1523 678; x_wconf 89' lang='lat' dir='ltr'>sermo</span> <span class='ocrx_word' id='word_1_120' title='bbox 1543 645 1702 678; x_wconf 81' lang='lat' dir='ltr'>scientiae</span> <span class='ocrx_word' id='word_1_121' title='bbox 1720 653 1777 678; x_wconf 84' lang='lat' dir='ltr'>se-</span> 
     </span>
     <span class='ocr_line' id='line_1_12' title="bbox 157 689 1776 738; baseline -0.002 -9"><span class='ocrx_word' id='word_1_122' title='bbox 157 694 312 729; x_wconf 76' lang='lat' dir='ltr'>cundum</span> <span class='ocrx_word' id='word_1_123' title='bbox 333 692 491 727; x_wconf 78' lang='lat' dir='ltr'>eumdem</span> <span class='ocrx_word' id='word_1_124' title='bbox 512 693 690 737; x_wconf 81' lang='lat' dir='ltr'>Spiritum</span> <span class='ocrx_word' id='word_1_125' title='bbox 711 691 744 738; x_wconf 87' lang='grc' dir='ltr'>(Ι</span> <span class='ocrx_word' id='word_1_126' title='bbox 762 692 856 735; x_wconf 66' lang='lat' dir='ltr'>Gor„</span> <span class='ocrx_word' id='word_1_127' title='bbox 877 699 947 734; x_wconf 82' lang='lat' dir='ltr'>xii,</span> <span class='ocrx_word' id='word_1_128' title='bbox 970 691 1004 737; x_wconf 89' lang='grc'>8)</span> <span class='ocrx_word' id='word_1_129' title='bbox 1023 702 1032 735; x_wconf 87' lang='grc'>;</span> <span class='ocrx_word' id='word_1_130' title='bbox 1067 695 1104 727; x_wconf 86' lang='lat' dir='ltr'>et</span> <span class='ocrx_word' id='word_1_131' title='bbox 1133 693 1223 735; x_wconf 90' lang='lat' dir='ltr'>post</span> <span class='ocrx_word' id='word_1_132' title='bbox 1255 699 1313 733; x_wconf 89' lang='lat' dir='ltr'>ea,</span> <span class='ocrx_word' id='word_1_133' title='bbox 1346 689 1482 725; x_wconf 90' lang='lat' dir='ltr'>multis</span> <span class='ocrx_word' id='word_1_134' title='bbox 1515 690 1776 734; x_wconf 82' lang='lat' dir='ltr'>enumeratis,</span> 
     </span>
     <span class='ocr_line' id='line_1_13' title="bbox 158 736 1775 821; baseline -0.004 -44"><span class='ocrx_word' id='word_1_135' title='bbox 158 741 212 777; x_wconf 86' lang='lat' dir='ltr'>ait</span> <span class='ocrx_word' id='word_1_136' title='bbox 230 741 341 821; x_wconf 61' lang='lat' dir='ltr'>rtHaec</span> <span class='ocrx_word' id='word_1_137' title='bbox 361 740 482 774; x_wconf 85' lang='lat' dir='ltr'>omnia</span> <span class='ocrx_word' id='word_1_138' title='bbox 500 741 669 784; x_wconf 78' lang='lat' dir='ltr'><em>operatur</em></span> <span class='ocrx_word' id='word_1_139' title='bbox 684 748 777 773; x_wconf 88' lang='lat' dir='ltr'>unus</span> <span class='ocrx_word' id='word_1_140' title='bbox 788 741 894 783; x_wconf 80' lang='lat' dir='ltr'>atque</span> <span class='ocrx_word' id='word_1_141' title='bbox 913 738 1008 773; x_wconf 85' lang='lat' dir='ltr'>idem</span> <span class='ocrx_word' id='word_1_142' title='bbox 1025 737 1199 783; x_wconf 79' lang='lat' dir='ltr'><em>Spiritus,</em></span> <span class='ocrx_word' id='word_1_143' title='bbox 1213 736 1379 772; x_wconf 84' lang='lat' dir='ltr'>dividens</span> <span class='ocrx_word' id='word_1_144' title='bbox 1389 736 1543 780; x_wconf 71' lang='lat' dir='ltr'>sinqulis</span> <span class='ocrx_word' id='word_1_145' title='bbox 1558 739 1668 782; x_wconf 83' lang='lat' dir='ltr'>prout</span> <span class='ocrx_word' id='word_1_146' title='bbox 1683 737 1775 772; x_wconf 81' lang='lat' dir='ltr'>vult.</span> 
     </span>
     <span class='ocr_line' id='line_1_14' title="bbox 173 788 356 827; baseline -0.011 -4"><span class='ocrx_word' id='word_1_147' title='bbox 173 788 239 823; x_wconf 58' lang='lat' dir='ltr'>lbzl</span> <span class='ocrx_word' id='word_1_148' title='bbox 259 814 280 827; x_wconf 90' lang='lat'>.‚</span> <span class='ocrx_word' id='word_1_149' title='bbox 301 790 356 822; x_wconf 84' lang='grc'>11.</span> 
     </span>
    </p>

    <p class='ocr_par' dir='ltr' id='par_1_3' title="bbox 158 786 1781 1580">
     <span class='ocr_line' id='line_1_15' title="bbox 159 786 1778 878; baseline -0.001 -9"><span class='ocrx_word' id='word_1_150' title='bbox 159 788 170 834; x_wconf 70' lang='lat'><strong>(</strong></span> <span class='ocrx_word' id='word_1_151' title='bbox 204 786 455 870; x_wconf 59' lang='lat' dir='ltr'>Manifegtum</span> <span class='ocrx_word' id='word_1_152' title='bbox 477 835 536 868; x_wconf 88' lang='lat' dir='ltr'>est</span> <span class='ocrx_word' id='word_1_153' title='bbox 565 835 696 868; x_wconf 87' lang='lat' dir='ltr'>autem</span> <span class='ocrx_word' id='word_1_154' title='bbox 725 830 846 878; x_wconf 86' lang='lat' dir='ltr'>quod,</span> <span class='ocrx_word' id='word_1_155' title='bbox 879 831 993 872; x_wconf 89' lang='lat' dir='ltr'>sicut,</span> <span class='ocrx_word' id='word_1_156' title='bbox 1029 830 1077 867; x_wconf 89' lang='lat' dir='ltr'>ad</span> <span class='ocrx_word' id='word_1_157' title='bbox 1108 829 1185 867; x_wconf 85' lang='lat' dir='ltr'>hoc</span> <span class='ocrx_word' id='word_1_158' title='bbox 1216 829 1319 877; x_wconf 87' lang='lat' dir='ltr'>quod</span> <span class='ocrx_word' id='word_1_159' title='bbox 1355 837 1500 875; x_wconf 88' lang='lat' dir='ltr'>corpus</span> <span class='ocrx_word' id='word_1_160' title='bbox 1532 828 1694 876; x_wconf 85' lang='lat' dir='ltr'>aliquod</span> <span class='ocrx_word' id='word_1_161' title='bbox 1727 829 1778 867; x_wconf 85' lang='lat' dir='ltr'>ad</span> 
     </span>
     <span class='ocr_line' id='line_1_16' title="bbox 159 876 1778 926; baseline -0.002 -8"><span class='ocrx_word' id='word_1_162' title='bbox 159 881 290 918; x_wconf 82' lang='lat' dir='ltr'>locum</span> <span class='ocrx_word' id='word_1_163' title='bbox 312 880 417 926; x_wconf 79' lang='lat' dir='ltr'>ignis</span> <span class='ocrx_word' id='word_1_164' title='bbox 434 880 649 924; x_wconf 84' lang='lat' dir='ltr'>perveniat,</span> <span class='ocrx_word' id='word_1_165' title='bbox 671 881 825 924; x_wconf 86' lang='lat' dir='ltr'>oportet</span> <span class='ocrx_word' id='word_1_166' title='bbox 843 878 947 924; x_wconf 89' lang='lat' dir='ltr'>quod</span> <span class='ocrx_word' id='word_1_167' title='bbox 968 878 1051 925; x_wconf 86' lang='lat' dir='ltr'>igni</span> <span class='ocrx_word' id='word_1_168' title='bbox 1068 877 1325 920; x_wconf 80' lang='lat' dir='ltr'>assimiletur,</span> <span class='ocrx_word' id='word_1_169' title='bbox 1344 876 1542 913; x_wconf 89' lang='lat' dir='ltr'>levitatem</span> <span class='ocrx_word' id='word_1_170' title='bbox 1565 877 1778 924; x_wconf 84' lang='lat' dir='ltr'>acquirens</span> 
     </span>
     <span class='ocr_line' id='line_1_17' title="bbox 159 923 1778 973; baseline -0.002 -10"><span class='ocrx_word' id='word_1_171' title='bbox 159 938 206 964; x_wconf 77' lang='lat' dir='ltr'>ex</span> <span class='ocrx_word' id='word_1_172' title='bbox 227 937 304 973; x_wconf 81' lang='lat' dir='ltr'>qua</span> <span class='ocrx_word' id='word_1_173' title='bbox 325 931 431 962; x_wconf 85' lang='lat' dir='ltr'>motu</span> <span class='ocrx_word' id='word_1_174' title='bbox 453 926 559 973; x_wconf 85' lang='lat' dir='ltr'>ignis</span> <span class='ocrx_word' id='word_1_175' title='bbox 579 927 739 971; x_wconf 87' lang='lat' dir='ltr'>proprio</span> <span class='ocrx_word' id='word_1_176' title='bbox 762 928 978 969; x_wconf 87' lang='lat' dir='ltr'>moveatur,</span> <span class='ocrx_word' id='word_1_177' title='bbox 1007 925 1074 968; x_wconf 85' lang='lat' dir='ltr'>ita,</span> <span class='ocrx_word' id='word_1_178' title='bbox 1097 924 1145 961; x_wconf 88' lang='lat' dir='ltr'>ad</span> <span class='ocrx_word' id='word_1_179' title='bbox 1167 925 1241 960; x_wconf 89' lang='lat' dir='ltr'>hoc</span> <span class='ocrx_word' id='word_1_180' title='bbox 1261 924 1366 971; x_wconf 90' lang='lat' dir='ltr'>quod</span> <span class='ocrx_word' id='word_1_181' title='bbox 1401 923 1520 960; x_wconf 90' lang='lat' dir='ltr'>homo</span> <span class='ocrx_word' id='word_1_182' title='bbox 1550 923 1598 959; x_wconf 90' lang='lat' dir='ltr'>ad</span> <span class='ocrx_word' id='word_1_183' title='bbox 1634 923 1778 960; x_wconf 84' lang='lat' dir='ltr'>divinae</span> 
     </span>
     <span class='ocr_line' id='line_1_18' title="bbox 159 970 1776 1019; baseline -0.003 -8"><span class='ocrx_word' id='word_1_184' title='bbox 159 974 358 1011; x_wconf 79' lang='lat' dir='ltr'>fruitionis</span> <span class='ocrx_word' id='word_1_185' title='bbox 379 973 674 1017; x_wconf 86' lang='lat' dir='ltr'>beatitudiuem,</span> <span class='ocrx_word' id='word_1_186' title='bbox 696 981 782 1019; x_wconf 84' lang='lat' dir='ltr'>quae</span> <span class='ocrx_word' id='word_1_187' title='bbox 802 974 880 1009; x_wconf 86' lang='lat' dir='ltr'>Deo</span> <span class='ocrx_word' id='word_1_188' title='bbox 900 972 1060 1017; x_wconf 88' lang='lat' dir='ltr'>propria</span> <span class='ocrx_word' id='word_1_189' title='bbox 1093 974 1165 1014; x_wconf 89' lang='lat' dir='ltr'>est,</span> <span class='ocrx_word' id='word_1_190' title='bbox 1196 970 1415 1008; x_wconf 89' lang='lat' dir='ltr'>secundum</span> <span class='ocrx_word' id='word_1_191' title='bbox 1449 979 1559 1007; x_wconf 90' lang='lat' dir='ltr'>suam</span> <span class='ocrx_word' id='word_1_192' title='bbox 1597 973 1776 1006; x_wconf 88' lang='lat' dir='ltr'>naturam</span> 
     </span>
     <span class='ocr_line' id='line_1_19' title="bbox 158 1016 1779 1067; baseline -0.001 -10"><span class='ocrx_word' id='word_1_193' title='bbox 158 1021 372 1067; x_wconf 78' lang='lat' dir='ltr'>perveniat,</span> <span class='ocrx_word' id='word_1_194' title='bbox 391 1028 555 1056; x_wconf 84' lang='lat' dir='ltr'>necesse</span> <span class='ocrx_word' id='word_1_195' title='bbox 580 1024 637 1056; x_wconf 89' lang='lat' dir='ltr'>est</span> <span class='ocrx_word' id='word_1_196' title='bbox 670 1020 798 1065; x_wconf 89' lang='lat' dir='ltr'>primo</span> <span class='ocrx_word' id='word_1_197' title='bbox 829 1019 985 1065; x_wconf 89' lang='lat' dir='ltr'>quidem</span> <span class='ocrx_word' id='word_1_198' title='bbox 1019 1018 1124 1065; x_wconf 91' lang='lat' dir='ltr'>quod</span> <span class='ocrx_word' id='word_1_199' title='bbox 1154 1027 1222 1063; x_wconf 92' lang='lat' dir='ltr'>per</span> <span class='ocrx_word' id='word_1_200' title='bbox 1255 1017 1481 1063; x_wconf 84' lang='lat' dir='ltr'>spirituales</span> <span class='ocrx_word' id='word_1_201' title='bbox 1514 1016 1779 1061; x_wconf 75' lang='lat' dir='ltr'>perfectiones</span> 
     </span>
     <span class='ocr_line' id='line_1_20' title="bbox 160 1063 1775 1112; baseline -0.003 -7"><span class='ocrx_word' id='word_1_202' title='bbox 160 1070 239 1104; x_wconf 90' lang='lat' dir='ltr'>Deo</span> <span class='ocrx_word' id='word_1_203' title='bbox 258 1067 513 1112; x_wconf 70' lang='lat' dir='ltr'>assimiletur,</span> <span class='ocrx_word' id='word_1_204' title='bbox 534 1071 572 1103; x_wconf 89' lang='lat' dir='ltr'>et</span> <span class='ocrx_word' id='word_1_205' title='bbox 592 1066 731 1103; x_wconf 90' lang='lat' dir='ltr'>deinde</span> <span class='ocrx_word' id='word_1_206' title='bbox 754 1066 974 1103; x_wconf 89' lang='lat' dir='ltr'>secundum</span> <span class='ocrx_word' id='word_1_207' title='bbox 995 1075 1062 1102; x_wconf 86' lang='lat' dir='ltr'>eas</span> <span class='ocrx_word' id='word_1_208' title='bbox 1083 1068 1279 1110; x_wconf 88' lang='lat' dir='ltr'>operetur,</span> <span class='ocrx_word' id='word_1_209' title='bbox 1302 1064 1412 1101; x_wconf 87' lang='lat' dir='ltr'>etsie</span> <span class='ocrx_word' id='word_1_210' title='bbox 1433 1064 1589 1100; x_wconf 86' lang='lat' dir='ltr'>tandem</span> <span class='ocrx_word' id='word_1_211' title='bbox 1611 1063 1775 1109; x_wconf 85' lang='lat' dir='ltr'>praedic-</span> 
     </span>
     <span class='ocr_line' id='line_1_21' title="bbox 158 1111 1781 1160; baseline -0.004 -8"><span class='ocrx_word' id='word_1_212' title='bbox 158 1119 239 1152; x_wconf 88' lang='lat' dir='ltr'>tam</span> <span class='ocrx_word' id='word_1_213' title='bbox 259 1114 539 1151; x_wconf 87' lang='lat' dir='ltr'>beatitudinem</span> <span class='ocrx_word' id='word_1_214' title='bbox 566 1116 844 1160; x_wconf 84' lang='lat' dir='ltr'>consequetur.</span> <span class='ocrx_word' id='word_1_215' title='bbox 867 1115 977 1149; x_wconf 83' lang='lat' dir='ltr'>Dona</span> <span class='ocrx_word' id='word_1_216' title='bbox 1005 1116 1134 1149; x_wconf 86' lang='lat' dir='ltr'>autem</span> <span class='ocrx_word' id='word_1_217' title='bbox 1154 1111 1376 1157; x_wconf 82' lang='lat' dir='ltr'>spiritualia</span> <span class='ocrx_word' id='word_1_218' title='bbox 1408 1111 1524 1147; x_wconf 90' lang='lat' dir='ltr'>nobis</span> <span class='ocrx_word' id='word_1_219' title='bbox 1560 1120 1629 1156; x_wconf 91' lang='lat' dir='ltr'>per</span> <span class='ocrx_word' id='word_1_220' title='bbox 1658 1111 1781 1157; x_wconf 91' lang='lat' dir='ltr'>Spiri-</span> 
     </span>
     <span class='ocr_line' id='line_1_22' title="bbox 159 1158 1776 1204; baseline -0.003 -6"><span class='ocrx_word' id='word_1_221' title='bbox 159 1166 243 1198; x_wconf 88' lang='lat' dir='ltr'>tum</span> <span class='ocrx_word' id='word_1_222' title='bbox 261 1165 441 1198; x_wconf 87' lang='lat' dir='ltr'>sanctum</span> <span class='ocrx_word' id='word_1_223' title='bbox 464 1161 618 1204; x_wconf 88' lang='lat' dir='ltr'>dantur,</span> <span class='ocrx_word' id='word_1_224' title='bbox 640 1165 682 1196; x_wconf 89' lang='lat' dir='ltr'>ut</span> <span class='ocrx_word' id='word_1_225' title='bbox 702 1163 906 1197; x_wconf 89' lang='lat' dir='ltr'>ostensum</span> <span class='ocrx_word' id='word_1_226' title='bbox 932 1163 1013 1203; x_wconf 91' lang='lat' dir='ltr'>est;</span> <span class='ocrx_word' id='word_1_227' title='bbox 1051 1163 1087 1195; x_wconf 87' lang='lat' dir='ltr'>ct</span> <span class='ocrx_word' id='word_1_228' title='bbox 1120 1159 1178 1195; x_wconf 84' lang='lat' dir='ltr'>sio</span> <span class='ocrx_word' id='word_1_229' title='bbox 1198 1168 1268 1204; x_wconf 87' lang='lat' dir='ltr'>per</span> <span class='ocrx_word' id='word_1_230' title='bbox 1285 1158 1472 1203; x_wconf 87' lang='lat' dir='ltr'>Spiritum</span> <span class='ocrx_word' id='word_1_231' title='bbox 1493 1159 1675 1194; x_wconf 88' lang='lat' dir='ltr'>sanctum</span> <span class='ocrx_word' id='word_1_232' title='bbox 1696 1159 1776 1193; x_wconf 91' lang='lat' dir='ltr'>Deo</span> 
     </span>
     <span class='ocr_line' id='line_1_23' title="bbox 161 1204 1778 1255; baseline -0.003 -11"><span class='ocrx_word' id='word_1_233' title='bbox 161 1208 471 1255; x_wconf 81' lang='lat' dir='ltr'>configuramur,</span> <span class='ocrx_word' id='word_1_234' title='bbox 492 1211 529 1244; x_wconf 90' lang='lat' dir='ltr'>et</span> <span class='ocrx_word' id='word_1_235' title='bbox 548 1217 617 1252; x_wconf 93' lang='lat' dir='ltr'>per</span> <span class='ocrx_word' id='word_1_236' title='bbox 634 1207 766 1252; x_wconf 87' lang='lat' dir='ltr'>ipsum</span> <span class='ocrx_word' id='word_1_237' title='bbox 791 1206 838 1242; x_wconf 89' lang='lat' dir='ltr'>ad</span> <span class='ocrx_word' id='word_1_238' title='bbox 863 1207 962 1242; x_wconf 87' lang='lat' dir='ltr'>bene</span> <span class='ocrx_word' id='word_1_239' title='bbox 983 1206 1224 1251; x_wconf 86' lang='lat' dir='ltr'>operandum</span> <span class='ocrx_word' id='word_1_240' title='bbox 1245 1204 1397 1241; x_wconf 87' lang='lat' dir='ltr'>habiles</span> <span class='ocrx_word' id='word_1_241' title='bbox 1417 1204 1631 1249; x_wconf 89' lang='lat' dir='ltr'>reddimur,</span> <span class='ocrx_word' id='word_1_242' title='bbox 1654 1207 1692 1240; x_wconf 86' lang='lat' dir='ltr'>et</span> <span class='ocrx_word' id='word_1_243' title='bbox 1709 1213 1778 1249; x_wconf 89' lang='lat' dir='ltr'>per</span> 
     </span>
     <span class='ocr_line' id='line_1_24' title="bbox 162 1250 1776 1298; baseline -0.004 -6"><span class='ocrx_word' id='word_1_244' title='bbox 162 1256 342 1292; x_wconf 85' lang='lat' dir='ltr'>eumdem</span> <span class='ocrx_word' id='word_1_245' title='bbox 367 1255 414 1290; x_wconf 90' lang='lat' dir='ltr'>ad</span> <span class='ocrx_word' id='word_1_246' title='bbox 438 1254 718 1290; x_wconf 86' lang='lat' dir='ltr'>beatitudinem</span> <span class='ocrx_word' id='word_1_247' title='bbox 742 1253 857 1290; x_wconf 90' lang='lat' dir='ltr'>nobis</span> <span class='ocrx_word' id='word_1_248' title='bbox 877 1254 941 1289; x_wconf 83' lang='lat' dir='ltr'>via</span> <span class='ocrx_word' id='word_1_249' title='bbox 960 1256 1212 1298; x_wconf 82' lang='lat' dir='ltr'>praeparatur.</span> <span class='ocrx_word' id='word_1_250' title='bbox 1235 1252 1328 1295; x_wconf 72' lang='lat' dir='ltr'>Quae</span> <span class='ocrx_word' id='word_1_251' title='bbox 1356 1251 1425 1287; x_wconf 89' lang='lat' dir='ltr'>tria</span> <span class='ocrx_word' id='word_1_252' title='bbox 1444 1250 1657 1296; x_wconf 84' lang='lat' dir='ltr'>Apostolus</span> <span class='ocrx_word' id='word_1_253' title='bbox 1679 1250 1776 1286; x_wconf 91' lang='lat' dir='ltr'>insi-</span> 
     </span>
     <span class='ocr_line' id='line_1_25' title="bbox 161 1298 1780 1345; baseline -0.004 -7"><span class='ocrx_word' id='word_1_254' title='bbox 161 1306 255 1338; x_wconf 87' lang='lat' dir='ltr'>nuat</span> <span class='ocrx_word' id='word_1_255' title='bbox 273 1302 402 1345; x_wconf 88' lang='lat' dir='ltr'>nobis,</span> <span class='ocrx_word' id='word_1_256' title='bbox 425 1300 559 1337; x_wconf 87' lang='lat' dir='ltr'>dicens</span> <span class='ocrx_word' id='word_1_257' title='bbox 581 1313 589 1336; x_wconf 90' lang='lat'>:</span> <span class='ocrx_word' id='word_1_258' title='bbox 623 1302 735 1336; x_wconf 72' lang='lat' dir='ltr'>Unoeit</span> <span class='ocrx_word' id='word_1_259' title='bbox 753 1310 816 1335; x_wconf 80' lang='lat' dir='ltr'>nos</span> <span class='ocrx_word' id='word_1_260' title='bbox 835 1303 940 1340; x_wconf 87' lang='lat' dir='ltr'>Deus,</span> <span class='ocrx_word' id='word_1_261' title='bbox 962 1301 995 1335; x_wconf 84' lang='lat' dir='ltr'>et</span> <span class='ocrx_word' id='word_1_262' title='bbox 1013 1301 1173 1344; x_wconf 70' lang='lat' dir='ltr'>siqnavit</span> <span class='ocrx_word' id='word_1_263' title='bbox 1191 1308 1267 1343; x_wconf 85' lang='lat' dir='ltr'>nos,</span> <span class='ocrx_word' id='word_1_264' title='bbox 1286 1301 1319 1334; x_wconf 89' lang='lat' dir='ltr'>et</span> <span class='ocrx_word' id='word_1_265' title='bbox 1340 1298 1438 1333; x_wconf 81' lang='lat' dir='ltr'>dedit</span> <span class='ocrx_word' id='word_1_266' title='bbox 1463 1300 1598 1343; x_wconf 70' lang='lat' dir='ltr'>pigmus</span> <span class='ocrx_word' id='word_1_267' title='bbox 1617 1298 1780 1342; x_wconf 80' lang='lat' dir='ltr'>Spiritus</span> 
     </span>
     <span class='ocr_line' id='line_1_26' title="bbox 159 1346 1780 1393; baseline -0.002 -9"><span class='ocrx_word' id='word_1_268' title='bbox 159 1351 201 1384; x_wconf 84' lang='lat' dir='ltr'>in</span> <span class='ocrx_word' id='word_1_269' title='bbox 221 1349 386 1384; x_wconf 79' lang='lat' dir='ltr'>cordibus</span> <span class='ocrx_word' id='word_1_270' title='bbox 405 1349 536 1383; x_wconf 84' lang='lat' dir='ltr'>nostris</span> <span class='ocrx_word' id='word_1_271' title='bbox 552 1347 602 1393; x_wconf 92' lang='lat' dir='ltr'>(II</span> <span class='ocrx_word' id='word_1_272' title='bbox 620 1348 713 1390; x_wconf 90' lang='lat' dir='ltr'>Cor.,</span> <span class='ocrx_word' id='word_1_273' title='bbox 733 1356 760 1390; x_wconf 84' lang='grc' dir='ltr'>Ι,</span> <span class='ocrx_word' id='word_1_274' title='bbox 781 1350 840 1391; x_wconf 77' lang='lat'>21,</span> <span class='ocrx_word' id='word_1_275' title='bbox 862 1347 943 1393; x_wconf 70' lang='lat'>⁴22);</span> <span class='ocrx_word' id='word_1_276' title='bbox 971 1350 1006 1383; x_wconf 85' lang='lat' dir='ltr'>et</span> <span class='ocrx_word' id='word_1_277' title='bbox 1026 1358 1034 1382; x_wconf 75' lang='grc' dir='ltr'><strong><em>ε</em></strong></span> <span class='ocrx_word' id='word_1_278' title='bbox 1065 1347 1209 1390; x_wconf 70' lang='lat' dir='ltr'>Siqnati</span> <span class='ocrx_word' id='word_1_279' title='bbox 1242 1347 1325 1380; x_wconf 86' lang='lat' dir='ltr'>estis</span> <span class='ocrx_word' id='word_1_280' title='bbox 1357 1346 1499 1390; x_wconf 77' lang='lat' dir='ltr'>Spiritu</span> <span class='ocrx_word' id='word_1_281' title='bbox 1529 1346 1780 1389; x_wconf 84' lang='lat' dir='ltr'>promissionis</span> 
     </span>
     <span class='ocr_line' id='line_1_27' title="bbox 161 1391 1776 1440; baseline -0.002 -9"><span class='ocrx_word' id='word_1_282' title='bbox 161 1399 295 1434; x_wconf 83' lang='lat' dir='ltr'>saneto,</span> <span class='ocrx_word' id='word_1_283' title='bbox 319 1397 381 1440; x_wconf 80' lang='lat' dir='ltr'>qui</span> <span class='ocrx_word' id='word_1_284' title='bbox 394 1398 446 1429; x_wconf 87' lang='lat' dir='ltr'>est</span> <span class='ocrx_word' id='word_1_285' title='bbox 466 1396 598 1439; x_wconf 69' lang='lat' dir='ltr'>piynus</span> <span class='ocrx_word' id='word_1_286' title='bbox 619 1394 827 1429; x_wconf 82' lang='lat' dir='ltr'>hereditatis</span> <span class='ocrx_word' id='word_1_287' title='bbox 844 1397 986 1428; x_wconf 68' lang='lat' dir='ltr'>nostrae.</span> <span class='ocrx_word' id='word_1_288' title='bbox 1007 1393 1166 1439; x_wconf 86' lang='lat' dir='ltr'>(Ephes.,</span> <span class='ocrx_word' id='word_1_289' title='bbox 1188 1402 1214 1436; x_wconf 88' lang='lat'>1,</span> <span class='ocrx_word' id='word_1_290' title='bbox 1240 1395 1295 1435; x_wconf 84' lang='lat'>13,</span> <span class='ocrx_word' id='word_1_291' title='bbox 1321 1393 1391 1437; x_wconf 79' lang='lat'>14.)</span> <span class='ocrx_word' id='word_1_292' title='bbox 1407 1392 1584 1438; x_wconf 83' lang='lat' dir='ltr'>Signatio</span> <span class='ocrx_word' id='word_1_293' title='bbox 1604 1392 1706 1428; x_wconf 87' lang='lat' dir='ltr'>enim</span> <span class='ocrx_word' id='word_1_294' title='bbox 1727 1391 1776 1427; x_wconf 82' lang='lat' dir='ltr'>ad</span> 
     </span>
     <span class='ocr_line' id='line_1_28' title="bbox 162 1438 1776 1487; baseline -0.004 -7"><span class='ocrx_word' id='word_1_295' title='bbox 162 1442 464 1480; x_wconf 83' lang='lat' dir='ltr'>similitudinem</span> <span class='ocrx_word' id='word_1_296' title='bbox 488 1440 816 1487; x_wconf 80' lang='lat' dir='ltr'>configurationis</span> <span class='ocrx_word' id='word_1_297' title='bbox 838 1440 1031 1485; x_wconf 88' lang='lat' dir='ltr'>pertinere</span> <span class='ocrx_word' id='word_1_298' title='bbox 1051 1439 1216 1482; x_wconf 89' lang='lat' dir='ltr'>videtur,</span> <span class='ocrx_word' id='word_1_299' title='bbox 1241 1439 1373 1474; x_wconf 87' lang='lat' dir='ltr'>unctio</span> <span class='ocrx_word' id='word_1_300' title='bbox 1395 1443 1525 1474; x_wconf 88' lang='lat' dir='ltr'>autem</span> <span class='ocrx_word' id='word_1_301' title='bbox 1555 1439 1602 1474; x_wconf 90' lang='lat' dir='ltr'>ad</span> <span class='ocrx_word' id='word_1_302' title='bbox 1634 1438 1776 1475; x_wconf 89' lang='lat' dir='ltr'>babili·</span> 
     </span>
     <span class='ocr_line' id='line_1_29' title="bbox 160 1484 1779 1533; baseline -0.002 -8"><span class='ocrx_word' id='word_1_303' title='bbox 160 1489 348 1526; x_wconf 88' lang='lat' dir='ltr'>tationem</span> <span class='ocrx_word' id='word_1_304' title='bbox 369 1487 542 1524; x_wconf 87' lang='lat' dir='ltr'>bominis</span> <span class='ocrx_word' id='word_1_305' title='bbox 563 1488 610 1524; x_wconf 86' lang='lat' dir='ltr'>ad</span> <span class='ocrx_word' id='word_1_306' title='bbox 626 1488 820 1533; x_wconf 81' lang='lat' dir='ltr'>perfectas</span> <span class='ocrx_word' id='word_1_307' title='bbox 847 1487 1112 1532; x_wconf 80' lang='lat' dir='ltr'>operationes,</span> <span class='ocrx_word' id='word_1_308' title='bbox 1137 1486 1282 1531; x_wconf 85' lang='lat' dir='ltr'>pignus</span> <span class='ocrx_word' id='word_1_309' title='bbox 1313 1488 1442 1521; x_wconf 88' lang='lat' dir='ltr'>autem</span> <span class='ocrx_word' id='word_1_310' title='bbox 1480 1484 1526 1521; x_wconf 87' lang='lat' dir='ltr'>ad</span> <span class='ocrx_word' id='word_1_311' title='bbox 1564 1493 1673 1530; x_wconf 88' lang='lat' dir='ltr'>spem</span> <span class='ocrx_word' id='word_1_312' title='bbox 1699 1494 1779 1531; x_wconf 80' lang='lat' dir='ltr'>qua</span> 
     </span>
     <span class='ocr_line' id='line_1_30' title="bbox 161 1531 1564 1580; baseline -0.004 -8"><span class='ocrx_word' id='word_1_313' title='bbox 161 1536 393 1572; x_wconf 82' lang='lat' dir='ltr'>ordinamur</span> <span class='ocrx_word' id='word_1_314' title='bbox 408 1534 449 1570; x_wconf 90' lang='lat' dir='ltr'>in</span> <span class='ocrx_word' id='word_1_315' title='bbox 466 1535 667 1571; x_wconf 85' lang='lat' dir='ltr'>coelestem</span> <span class='ocrx_word' id='word_1_316' title='bbox 686 1534 956 1577; x_wconf 83' lang='lat' dir='ltr'>hereditatem,</span> <span class='ocrx_word' id='word_1_317' title='bbox 979 1542 1066 1580; x_wconf 82' lang='lat' dir='ltr'>quae</span> <span class='ocrx_word' id='word_1_318' title='bbox 1081 1537 1140 1569; x_wconf 90' lang='lat' dir='ltr'>est</span> <span class='ocrx_word' id='word_1_319' title='bbox 1160 1531 1360 1569; x_wconf 84' lang='lat' dir='ltr'>beatitudo</span> <span class='ocrx_word' id='word_1_320' title='bbox 1380 1531 1564 1577; x_wconf 85' lang='lat' dir='ltr'>perfecta.</span> 
     </span>
    </p>

    <p class='ocr_par' dir='ltr' id='par_1_4' title="bbox 161 1577 1780 1815">
     <span class='ocr_line' id='line_1_31' title="bbox 208 1577 1777 1628; baseline -0.002 -10"><span class='ocrx_word' id='word_1_321' title='bbox 208 1584 265 1626; x_wconf 85' lang='lat' dir='ltr'>Et,</span> <span class='ocrx_word' id='word_1_322' title='bbox 287 1582 379 1628; x_wconf 91' lang='lat' dir='ltr'>quia</span> <span class='ocrx_word' id='word_1_323' title='bbox 401 1591 446 1617; x_wconf 83' lang='lat' dir='ltr'>ex</span> <span class='ocrx_word' id='word_1_324' title='bbox 467 1581 741 1618; x_wconf 87' lang='lat' dir='ltr'>benevolentia</span> <span class='ocrx_word' id='word_1_325' title='bbox 762 1590 878 1627; x_wconf 88' lang='lat' dir='ltr'>quam</span> <span class='ocrx_word' id='word_1_326' title='bbox 908 1581 997 1627; x_wconf 87' lang='lat' dir='ltr'>quis</span> <span class='ocrx_word' id='word_1_327' title='bbox 1022 1580 1140 1616; x_wconf 89' lang='lat' dir='ltr'>habet</span> <span class='ocrx_word' id='word_1_328' title='bbox 1171 1579 1219 1616; x_wconf 88' lang='lat' dir='ltr'>ad</span> <span class='ocrx_word' id='word_1_329' title='bbox 1252 1578 1420 1625; x_wconf 84' lang='lat' dir='ltr'>aliquem</span> <span class='ocrx_word' id='word_1_330' title='bbox 1455 1578 1651 1624; x_wconf 84' lang='lat' dir='ltr'>contingit</span> <span class='ocrx_word' id='word_1_331' title='bbox 1670 1577 1777 1625; x_wconf 86' lang='lat' dir='ltr'>quod</span> 
     </span>
     <span class='ocr_line' id='line_1_32' title="bbox 161 1625 1776 1674; baseline -0.003 -9"><span class='ocrx_word' id='word_1_332' title='bbox 161 1638 251 1666; x_wconf 88' lang='lat' dir='ltr'>eum</span> <span class='ocrx_word' id='word_1_333' title='bbox 272 1629 348 1666; x_wconf 88' lang='lat' dir='ltr'>sibi</span> <span class='ocrx_word' id='word_1_334' title='bbox 370 1629 528 1674; x_wconf 85' lang='lat' dir='ltr'>adoptat</span> <span class='ocrx_word' id='word_1_335' title='bbox 545 1628 584 1664; x_wconf 95' lang='lat' dir='ltr'>in</span> <span class='ocrx_word' id='word_1_336' title='bbox 606 1627 746 1671; x_wconf 85' lang='lat' dir='ltr'>filium,</span> <span class='ocrx_word' id='word_1_337' title='bbox 769 1631 811 1664; x_wconf 89' lang='lat' dir='ltr'>ut</span> <span class='ocrx_word' id='word_1_338' title='bbox 831 1629 890 1664; x_wconf 89' lang='lat' dir='ltr'>sic</span> <span class='ocrx_word' id='word_1_339' title='bbox 910 1627 957 1664; x_wconf 88' lang='lat' dir='ltr'>ad</span> <span class='ocrx_word' id='word_1_340' title='bbox 979 1637 1068 1663; x_wconf 86' lang='lat' dir='ltr'>eum</span> <span class='ocrx_word' id='word_1_341' title='bbox 1099 1626 1297 1663; x_wconf 87' lang='lat' dir='ltr'>hereditas</span> <span class='ocrx_word' id='word_1_342' title='bbox 1318 1625 1542 1671; x_wconf 81' lang='lat' dir='ltr'>adoptantis</span> <span class='ocrx_word' id='word_1_343' title='bbox 1568 1625 1776 1670; x_wconf 84' lang='lat' dir='ltr'>pertineat,</span> 
     </span>
     <span class='ocr_line' id='line_1_33' title="bbox 164 1672 1775 1720; baseline -0.003 -7"><span class='ocrx_word' id='word_1_344' title='bbox 164 1676 446 1713; x_wconf 85' lang='lat' dir='ltr'>convenienter</span> <span class='ocrx_word' id='word_1_345' title='bbox 464 1675 624 1720; x_wconf 85' lang='lat' dir='ltr'>Spiritui</span> <span class='ocrx_word' id='word_1_346' title='bbox 648 1677 784 1711; x_wconf 89' lang='lat' dir='ltr'>sancto</span> <span class='ocrx_word' id='word_1_347' title='bbox 807 1674 965 1720; x_wconf 88' lang='lat' dir='ltr'>adoptio</span> <span class='ocrx_word' id='word_1_348' title='bbox 994 1674 1164 1710; x_wconf 82' lang='lat' dir='ltr'>filiorum</span> <span class='ocrx_word' id='word_1_349' title='bbox 1197 1673 1262 1709; x_wconf 88' lang='lat' dir='ltr'>Dei</span> <span class='ocrx_word' id='word_1_350' title='bbox 1296 1672 1533 1716; x_wconf 84' lang='lat' dir='ltr'>attribuitur,</span> <span class='ocrx_word' id='word_1_351' title='bbox 1555 1672 1775 1709; x_wconf 87' lang='lat' dir='ltr'>secundum</span> 
     </span>
     <span class='ocr_line' id='line_1_34' title="bbox 161 1718 1780 1768; baseline -0.004 -8"><span class='ocrx_word' id='word_1_352' title='bbox 161 1723 259 1760; x_wconf 86' lang='lat' dir='ltr'>illud</span> <span class='ocrx_word' id='word_1_353' title='bbox 284 1735 290 1758; x_wconf 94' lang='lat'><strong>:</strong></span> <span class='ocrx_word' id='word_1_354' title='bbox 313 1724 513 1768; x_wconf 75' lang='lat' dir='ltr'>Accepistis</span> <span class='ocrx_word' id='word_1_355' title='bbox 533 1723 702 1766; x_wconf 84' lang='lat' dir='ltr'>spiritum</span> <span class='ocrx_word' id='word_1_356' title='bbox 734 1722 938 1767; x_wconf 81' lang='lat' dir='ltr'>adoptionis</span> <span class='ocrx_word' id='word_1_357' title='bbox 962 1722 1132 1767; x_wconf 84' lang='lat' dir='ltr'>filiorum,</span> <span class='ocrx_word' id='word_1_358' title='bbox 1155 1723 1193 1755; x_wconf 83' lang='lat' dir='ltr'>in</span> <span class='ocrx_word' id='word_1_359' title='bbox 1213 1730 1280 1765; x_wconf 78' lang='lat' dir='ltr'>quo</span> <span class='ocrx_word' id='word_1_360' title='bbox 1305 1721 1501 1754; x_wconf 84' lang='lat' dir='ltr'>clamamus</span> <span class='ocrx_word' id='word_1_361' title='bbox 1522 1731 1532 1754; x_wconf 88' lang='lat'><strong>:</strong></span> <span class='ocrx_word' id='word_1_362' title='bbox 1552 1719 1660 1755; x_wconf 82' lang='lat' dir='ltr'>Abba</span> <span class='ocrx_word' id='word_1_363' title='bbox 1694 1718 1780 1765; x_wconf 91' lang='lat' dir='ltr'>(Pa-</span> 
     </span>
     <span class='ocr_line' id='line_1_35' title="bbox 161 1769 600 1815; baseline 0 -10"><span class='ocrx_word' id='word_1_364' title='bbox 161 1770 244 1815; x_wconf 82' lang='lat' dir='ltr'>ter).</span> <span class='ocrx_word' id='word_1_365' title='bbox 268 1771 398 1815; x_wconf 80' lang='lat' dir='ltr'>(ROm.‚</span> <span class='ocrx_word' id='word_1_366' title='bbox 418 1778 507 1813; x_wconf 80' lang='lat' dir='ltr'>vin,</span> <span class='ocrx_word' id='word_1_367' title='bbox 529 1769 600 1815; x_wconf 82' lang='grc'>15.)</span> 
     </span>
    </p>

    <p class='ocr_par' dir='ltr' id='par_1_5' title="bbox 158 1811 1782 2472">
     <span class='ocr_line' id='line_1_36' title="bbox 207 1811 1782 1862; baseline -0.001 -10"><span class='ocrx_word' id='word_1_368' title='bbox 207 1816 368 1853; x_wconf 87' lang='lat' dir='ltr'>Perhoc</span> <span class='ocrx_word' id='word_1_369' title='bbox 390 1820 519 1852; x_wconf 87' lang='lat' dir='ltr'>autem</span> <span class='ocrx_word' id='word_1_370' title='bbox 541 1815 646 1862; x_wconf 92' lang='lat' dir='ltr'>quod</span> <span class='ocrx_word' id='word_1_371' title='bbox 667 1816 812 1862; x_wconf 87' lang='lat' dir='ltr'>aliquis</span> <span class='ocrx_word' id='word_1_372' title='bbox 834 1815 997 1852; x_wconf 87' lang='lat' dir='ltr'>alterius</span> <span class='ocrx_word' id='word_1_373' title='bbox 1017 1815 1167 1851; x_wconf 89' lang='lat' dir='ltr'>amicus</span> <span class='ocrx_word' id='word_1_374' title='bbox 1189 1813 1459 1856; x_wconf 88' lang='lat' dir='ltr'>constituitur,</span> <span class='ocrx_word' id='word_1_375' title='bbox 1479 1811 1608 1850; x_wconf 90' lang='lat' dir='ltr'>omnis</span> <span class='ocrx_word' id='word_1_376' title='bbox 1627 1811 1782 1850; x_wconf 86' lang='lat' dir='ltr'>offensa.</span> 
     </span>
     <span class='ocr_line' id='line_1_37' title="bbox 160 1860 1779 1905; baseline -0.004 -5"><span class='ocrx_word' id='word_1_377' title='bbox 160 1868 408 1905; x_wconf 54' lang='lat' dir='ltr'>remove-tum</span> <span class='ocrx_word' id='word_1_378' title='bbox 432 1863 602 1899; x_wconf 86' lang='lat' dir='ltr'>amicitia</span> <span class='ocrx_word' id='word_1_379' title='bbox 623 1863 726 1899; x_wconf 86' lang='lat' dir='ltr'>enim</span> <span class='ocrx_word' id='word_1_380' title='bbox 747 1861 910 1899; x_wconf 61' lang='lat' dir='ltr'>offensae</span> <span class='ocrx_word' id='word_1_381' title='bbox 941 1861 1221 1904; x_wconf 83' lang='lat' dir='ltr'>contrariatur3</span> <span class='ocrx_word' id='word_1_382' title='bbox 1261 1860 1364 1896; x_wconf 85' lang='lat' dir='ltr'>unde</span> <span class='ocrx_word' id='word_1_383' title='bbox 1397 1860 1570 1896; x_wconf 85' lang='lat' dir='ltr'>dicitur:</span> <span class='ocrx_word' id='word_1_384' title='bbox 1603 1860 1779 1895; x_wconf 78' lang='lat' dir='ltr'>Universa</span> 
     </span>
     <span class='ocr_line' id='line_1_38' title="bbox 161 1906 1779 1955; baseline -0.002 -10"><span class='ocrx_word' id='word_1_385' title='bbox 161 1910 291 1946; x_wconf 82' lang='lat' dir='ltr'>delicta</span> <span class='ocrx_word' id='word_1_386' title='bbox 308 1912 422 1955; x_wconf 79' lang='lat' dir='ltr'>operit</span> <span class='ocrx_word' id='word_1_387' title='bbox 438 1910 611 1945; x_wconf 79' lang='lat' dir='ltr'>charitas.</span> <span class='ocrx_word' id='word_1_388' title='bbox 632 1909 768 1955; x_wconf 58' lang='lat' dir='ltr'>(Pron,</span> <span class='ocrx_word' id='word_1_389' title='bbox 788 1917 826 1953; x_wconf 83' lang='lat' dir='ltr'>x,</span> <span class='ocrx_word' id='word_1_390' title='bbox 851 1909 923 1955; x_wconf 73' lang='lat'>12.)</span> <span class='ocrx_word' id='word_1_391' title='bbox 945 1910 1072 1953; x_wconf 82' lang='lat' dir='ltr'>Quum</span> <span class='ocrx_word' id='word_1_392' title='bbox 1091 1908 1210 1955; x_wconf 84' lang='lat' dir='ltr'>igitur</span> <span class='ocrx_word' id='word_1_393' title='bbox 1222 1916 1290 1952; x_wconf 92' lang='lat' dir='ltr'>per</span> <span class='ocrx_word' id='word_1_394' title='bbox 1308 1907 1494 1952; x_wconf 83' lang='lat' dir='ltr'>Spiritum</span> <span class='ocrx_word' id='word_1_395' title='bbox 1515 1908 1693 1942; x_wconf 87' lang='lat' dir='ltr'>sanctum</span> <span class='ocrx_word' id='word_1_396' title='bbox 1713 1906 1779 1942; x_wconf 90' lang='lat' dir='ltr'>Dei</span> 
     </span>
     <span class='ocr_line' id='line_1_39' title="bbox 162 1953 1777 2002; baseline -0.003 -9"><span class='ocrx_word' id='word_1_397' title='bbox 162 1957 278 1993; x_wconf 88' lang='lat' dir='ltr'>amici</span> <span class='ocrx_word' id='word_1_398' title='bbox 301 1957 601 1999; x_wconf 86' lang='lat' dir='ltr'>constituamur,</span> <span class='ocrx_word' id='word_1_399' title='bbox 621 1964 872 2002; x_wconf 86' lang='lat' dir='ltr'>consequens</span> <span class='ocrx_word' id='word_1_400' title='bbox 894 1960 950 1991; x_wconf 84' lang='lat' dir='ltr'>est</span> <span class='ocrx_word' id='word_1_401' title='bbox 973 1955 1076 2002; x_wconf 87' lang='lat' dir='ltr'>quod</span> <span class='ocrx_word' id='word_1_402' title='bbox 1098 1963 1168 2000; x_wconf 89' lang='lat' dir='ltr'>per</span> <span class='ocrx_word' id='word_1_403' title='bbox 1195 1955 1326 1999; x_wconf 87' lang='lat' dir='ltr'>ipsum</span> <span class='ocrx_word' id='word_1_404' title='bbox 1352 1953 1468 1989; x_wconf 91' lang='lat' dir='ltr'>nobis</span> <span class='ocrx_word' id='word_1_405' title='bbox 1501 1962 1522 1988; x_wconf 90' lang='lat' dir='ltr'>a</span> <span class='ocrx_word' id='word_1_406' title='bbox 1544 1954 1623 1988; x_wconf 89' lang='lat' dir='ltr'>Deo</span> <span class='ocrx_word' id='word_1_407' title='bbox 1644 1953 1777 1988; x_wconf 88' lang='lat' dir='ltr'>remit-</span> 
     </span>
     <span class='ocr_line' id='line_1_40' title="bbox 160 2000 1778 2049; baseline -0.003 -10"><span class='ocrx_word' id='word_1_408' title='bbox 160 2006 293 2040; x_wconf 87' lang='lat' dir='ltr'>tantur</span> <span class='ocrx_word' id='word_1_409' title='bbox 313 2006 472 2049; x_wconf 79' lang='lat' dir='ltr'>peccata</span> <span class='ocrx_word' id='word_1_410' title='bbox 490 2015 498 2046; x_wconf 82' lang='lat'>3</span> <span class='ocrx_word' id='word_1_411' title='bbox 521 2006 558 2038; x_wconf 91' lang='lat' dir='ltr'>et</span> <span class='ocrx_word' id='word_1_412' title='bbox 577 2002 666 2038; x_wconf 90' lang='lat' dir='ltr'>ideo</span> <span class='ocrx_word' id='word_1_413' title='bbox 687 2003 878 2039; x_wconf 87' lang='lat' dir='ltr'>Dominus</span> <span class='ocrx_word' id='word_1_414' title='bbox 900 2002 993 2038; x_wconf 85' lang='lat' dir='ltr'>dicit</span> <span class='ocrx_word' id='word_1_415' title='bbox 1017 2000 1222 2047; x_wconf 86' lang='lat' dir='ltr'>discipulis</span> <span class='ocrx_word' id='word_1_416' title='bbox 1242 2012 1250 2036; x_wconf 90' lang='lat'>:</span> <span class='ocrx_word' id='word_1_417' title='bbox 1285 2001 1448 2045; x_wconf 75' lang='lat' dir='ltr'>Accipite</span> <span class='ocrx_word' id='word_1_418' title='bbox 1479 2000 1658 2044; x_wconf 83' lang='lat' dir='ltr'>Spiritum</span> <span class='ocrx_word' id='word_1_419' title='bbox 1677 2009 1778 2035; x_wconf 84' lang='lat' dir='ltr'>sanc-</span> 
     </span>
     <span class='ocr_line' id='line_1_41' title="bbox 160 2046 1779 2095; baseline -0.002 -10"><span class='ocrx_word' id='word_1_420' title='bbox 160 2052 258 2091; x_wconf 83' lang='lat' dir='ltr'>tum;</span> <span class='ocrx_word' id='word_1_421' title='bbox 278 2060 428 2095; x_wconf 77' lang='lat' dir='ltr'>quorum</span> <span class='ocrx_word' id='word_1_422' title='bbox 455 2051 666 2085; x_wconf 80' lang='lat' dir='ltr'>remiseritis</span> <span class='ocrx_word' id='word_1_423' title='bbox 692 2052 851 2094; x_wconf 77' lang='lat' dir='ltr'>peccata,</span> <span class='ocrx_word' id='word_1_424' title='bbox 888 2050 1121 2084; x_wconf 81' lang='lat' dir='ltr'>remittuntur</span> <span class='ocrx_word' id='word_1_425' title='bbox 1151 2049 1200 2083; x_wconf 83' lang='lat' dir='ltr'>eis</span> <span class='ocrx_word' id='word_1_426' title='bbox 1233 2047 1389 2093; x_wconf 83' lang='lat' dir='ltr'>(Joann.‚</span> <span class='ocrx_word' id='word_1_427' title='bbox 1409 2054 1474 2089; x_wconf 82' lang='lat' dir='ltr'>xx,</span> <span class='ocrx_word' id='word_1_428' title='bbox 1495 2046 1581 2092; x_wconf 74' lang='lat'>22);</span> <span class='ocrx_word' id='word_1_429' title='bbox 1618 2049 1655 2082; x_wconf 87' lang='lat' dir='ltr'>et</span> <span class='ocrx_word' id='word_1_430' title='bbox 1689 2046 1779 2082; x_wconf 81' lang='lat' dir='ltr'>ideo</span> 
     </span>
     <span class='ocr_line' id='line_1_42' title="bbox 160 2093 1779 2142; baseline -0.002 -9"><span class='ocrx_word' id='word_1_431' title='bbox 160 2096 530 2141; x_wconf 83' lang='lat' dir='ltr'>blasphemantibus</span> <span class='ocrx_word' id='word_1_432' title='bbox 567 2096 753 2142; x_wconf 89' lang='lat' dir='ltr'>Spiritum</span> <span class='ocrx_word' id='word_1_433' title='bbox 806 2100 987 2132; x_wconf 87' lang='lat' dir='ltr'>sanctum</span> <span class='ocrx_word' id='word_1_434' title='bbox 1037 2099 1288 2141; x_wconf 84' lang='lat' dir='ltr'>peccatorum</span> <span class='ocrx_word' id='word_1_435' title='bbox 1338 2093 1520 2130; x_wconf 83' lang='lat' dir='ltr'>remissio</span> <span class='ocrx_word' id='word_1_436' title='bbox 1561 2093 1779 2138; x_wconf 83' lang='lat' dir='ltr'>denegatur</span> 
     </span>
     <span class='ocr_line' id='line_1_43' title="bbox 162 2140 1778 2190; baseline -0.002 -11"><span class='ocrx_word' id='word_1_437' title='bbox 162 2144 322 2190; x_wconf 61' lang='lat' dir='ltr'>(Marta,</span> <span class='ocrx_word' id='word_1_438' title='bbox 344 2152 414 2187; x_wconf 75' lang='grc' dir='ltr'>ΧΗ,</span> <span class='ocrx_word' id='word_1_439' title='bbox 437 2143 511 2189; x_wconf 87' lang='grc'>31),</span> <span class='ocrx_word' id='word_1_440' title='bbox 533 2143 646 2189; x_wconf 87' lang='lat' dir='ltr'>quasi</span> <span class='ocrx_word' id='word_1_441' title='bbox 663 2152 741 2180; x_wconf 88' lang='lat' dir='ltr'>non</span> <span class='ocrx_word' id='word_1_442' title='bbox 762 2143 999 2179; x_wconf 88' lang='lat' dir='ltr'>habentibus</span> <span class='ocrx_word' id='word_1_443' title='bbox 1020 2142 1118 2178; x_wconf 88' lang='lat' dir='ltr'>illud</span> <span class='ocrx_word' id='word_1_444' title='bbox 1137 2151 1205 2187; x_wconf 87' lang='lat' dir='ltr'>per</span> <span class='ocrx_word' id='word_1_445' title='bbox 1225 2140 1329 2187; x_wconf 91' lang='lat' dir='ltr'>quod</span> <span class='ocrx_word' id='word_1_446' title='bbox 1357 2140 1478 2176; x_wconf 89' lang='lat' dir='ltr'>homo</span> <span class='ocrx_word' id='word_1_447' title='bbox 1498 2140 1778 2177; x_wconf 89' lang='lat' dir='ltr'>remissionem</span> 
     </span>
     <span class='ocr_line' id='line_1_44' title="bbox 161 2185 1782 2236; baseline -0.003 -9"><span class='ocrx_word' id='word_1_448' title='bbox 161 2191 422 2236; x_wconf 86' lang='lat' dir='ltr'>consequitur</span> <span class='ocrx_word' id='word_1_449' title='bbox 441 2194 704 2236; x_wconf 85' lang='lat' dir='ltr'>peccatorum.</span> <span class='ocrx_word' id='word_1_450' title='bbox 725 2190 818 2226; x_wconf 88' lang='lat' dir='ltr'>Inde</span> <span class='ocrx_word' id='word_1_451' title='bbox 836 2190 952 2226; x_wconf 88' lang='lat' dir='ltr'>etiam</span> <span class='ocrx_word' id='word_1_452' title='bbox 975 2193 1034 2226; x_wconf 89' lang='lat' dir='ltr'>est</span> <span class='ocrx_word' id='word_1_453' title='bbox 1054 2189 1159 2235; x_wconf 89' lang='lat' dir='ltr'>quod</span> <span class='ocrx_word' id='word_1_454' title='bbox 1183 2197 1251 2234; x_wconf 90' lang='lat' dir='ltr'>per</span> <span class='ocrx_word' id='word_1_455' title='bbox 1269 2187 1456 2233; x_wconf 88' lang='lat' dir='ltr'>Spiritum</span> <span class='ocrx_word' id='word_1_456' title='bbox 1481 2189 1661 2223; x_wconf 89' lang='lat' dir='ltr'>sanctum</span> <span class='ocrx_word' id='word_1_457' title='bbox 1690 2185 1782 2223; x_wconf 89' lang='lat' dir='ltr'>dici-</span> 
     </span>
     <span class='ocr_line' id='line_1_45' title="bbox 160 2234 1781 2284; baseline -0.003 -10"><span class='ocrx_word' id='word_1_458' title='bbox 160 2245 250 2274; x_wconf 86' lang='lat' dir='ltr'>mur</span> <span class='ocrx_word' id='word_1_459' title='bbox 269 2238 447 2273; x_wconf 89' lang='lat' dir='ltr'>renovari</span> <span class='ocrx_word' id='word_1_460' title='bbox 485 2240 523 2273; x_wconf 89' lang='lat' dir='ltr'>et</span> <span class='ocrx_word' id='word_1_461' title='bbox 549 2237 710 2284; x_wconf 86' lang='lat' dir='ltr'>purgari</span> <span class='ocrx_word' id='word_1_462' title='bbox 744 2237 826 2273; x_wconf 90' lang='lat' dir='ltr'>sive</span> <span class='ocrx_word' id='word_1_463' title='bbox 865 2237 999 2280; x_wconf 86' lang='lat' dir='ltr'>lavari,</span> <span class='ocrx_word' id='word_1_464' title='bbox 1023 2236 1241 2273; x_wconf 79' lang='lat' dir='ltr'>secundum</span> <span class='ocrx_word' id='word_1_465' title='bbox 1268 2234 1367 2271; x_wconf 89' lang='lat' dir='ltr'>illud</span> <span class='ocrx_word' id='word_1_466' title='bbox 1387 2246 1398 2270; x_wconf 89' lang='lat'>:</span> <span class='ocrx_word' id='word_1_467' title='bbox 1419 2235 1569 2269; x_wconf 86' lang='lat' dir='ltr'>Emittes</span> <span class='ocrx_word' id='word_1_468' title='bbox 1600 2234 1781 2279; x_wconf 83' lang='lat' dir='ltr'>Spiritum</span> 
     </span>
     <span class='ocr_line' id='line_1_46' title="bbox 158 2281 1782 2328; baseline -0.002 -9"><span class='ocrx_word' id='word_1_469' title='bbox 158 2287 274 2328; x_wconf 87' lang='lat' dir='ltr'>tuum,</span> <span class='ocrx_word' id='word_1_470' title='bbox 296 2287 329 2319; x_wconf 88' lang='lat' dir='ltr'>et</span> <span class='ocrx_word' id='word_1_471' title='bbox 348 2284 577 2328; x_wconf 85' lang='lat' dir='ltr'>creabuntur,</span> <span class='ocrx_word' id='word_1_472' title='bbox 597 2287 630 2319; x_wconf 92' lang='lat' dir='ltr'>et</span> <span class='ocrx_word' id='word_1_473' title='bbox 647 2284 836 2319; x_wconf 83' lang='lat' dir='ltr'>renovabis</span> <span class='ocrx_word' id='word_1_474' title='bbox 867 2285 998 2327; x_wconf 79' lang='lat' dir='ltr'>faeiem</span> <span class='ocrx_word' id='word_1_475' title='bbox 1017 2286 1122 2319; x_wconf 82' lang='lat' dir='ltr'>terrae</span> <span class='ocrx_word' id='word_1_476' title='bbox 1142 2282 1288 2327; x_wconf 83' lang='lat' dir='ltr'>(Psalm.</span> <span class='ocrx_word' id='word_1_477' title='bbox 1309 2290 1389 2325; x_wconf 85' lang='lat' dir='ltr'>cm,</span> <span class='ocrx_word' id='word_1_478' title='bbox 1414 2281 1472 2327; x_wconf 86' lang='lat'>30)</span> <span class='ocrx_word' id='word_1_479' title='bbox 1490 2292 1498 2324; x_wconf 89' lang='lat'><strong>;</strong></span> <span class='ocrx_word' id='word_1_480' title='bbox 1536 2283 1599 2317; x_wconf 87' lang='lat' dir='ltr'>et:</span> <span class='ocrx_word' id='word_1_481' title='bbox 1619 2282 1782 2316; x_wconf 84' lang='lat' dir='ltr'>Renova-</span> 
     </span>
     <span class='ocr_line' id='line_1_47' title="bbox 159 2327 1782 2377; baseline -0.002 -12"><span class='ocrx_word' id='word_1_482' title='bbox 159 2332 251 2366; x_wconf 85' lang='lat' dir='ltr'>mini</span> <span class='ocrx_word' id='word_1_483' title='bbox 269 2332 403 2376; x_wconf 84' lang='lat' dir='ltr'>spiritu</span> <span class='ocrx_word' id='word_1_484' title='bbox 421 2332 548 2366; x_wconf 82' lang='lat' dir='ltr'>mentis</span> <span class='ocrx_word' id='word_1_485' title='bbox 566 2334 693 2366; x_wconf 81' lang='lat' dir='ltr'>vestrae</span> <span class='ocrx_word' id='word_1_486' title='bbox 713 2330 872 2376; x_wconf 80' lang='lat' dir='ltr'>(Ephes.,</span> <span class='ocrx_word' id='word_1_487' title='bbox 887 2339 941 2375; x_wconf 83' lang='lat' dir='ltr'>IV,</span> <span class='ocrx_word' id='word_1_488' title='bbox 962 2330 1023 2377; x_wconf 79' lang='lat'>23)</span> <span class='ocrx_word' id='word_1_489' title='bbox 1041 2342 1050 2374; x_wconf 81' lang='lat'>3</span> <span class='ocrx_word' id='word_1_490' title='bbox 1070 2334 1107 2366; x_wconf 87' lang='lat' dir='ltr'>et</span> <span class='ocrx_word' id='word_1_491' title='bbox 1121 2341 1129 2365; x_wconf 92' lang='lat'>:</span> <span class='ocrx_word' id='word_1_492' title='bbox 1143 2330 1183 2365; x_wconf 89' lang='lat' dir='ltr'>Si</span> <span class='ocrx_word' id='word_1_493' title='bbox 1201 2328 1356 2363; x_wconf 82' lang='lat' dir='ltr'>abluerit</span> <span class='ocrx_word' id='word_1_494' title='bbox 1367 2329 1539 2364; x_wconf 86' lang='lat' dir='ltr'>Dominus</span> <span class='ocrx_word' id='word_1_495' title='bbox 1549 2327 1670 2363; x_wconf 88' lang='lat' dir='ltr'>sordes</span> <span class='ocrx_word' id='word_1_496' title='bbox 1684 2327 1782 2372; x_wconf 76' lang='lat' dir='ltr'>filia-</span> 
     </span>
     <span class='ocr_line' id='line_1_48' title="bbox 158 2373 1782 2422; baseline -0.002 -9"><span class='ocrx_word' id='word_1_497' title='bbox 158 2388 240 2413; x_wconf 86' lang='lat' dir='ltr'>rum</span> <span class='ocrx_word' id='word_1_498' title='bbox 258 2378 357 2422; x_wconf 84' lang='lat' dir='ltr'>Sion,</span> <span class='ocrx_word' id='word_1_499' title='bbox 379 2380 413 2413; x_wconf 89' lang='lat' dir='ltr'>et</span> <span class='ocrx_word' id='word_1_500' title='bbox 431 2379 644 2422; x_wconf 74' lang='lat' dir='ltr'>sanquinem</span> <span class='ocrx_word' id='word_1_501' title='bbox 655 2378 852 2413; x_wconf 81' lang='lat' dir='ltr'>Jerusalem</span> <span class='ocrx_word' id='word_1_502' title='bbox 872 2378 1001 2413; x_wconf 86' lang='lat' dir='ltr'>laverit</span> <span class='ocrx_word' id='word_1_503' title='bbox 1020 2377 1063 2413; x_wconf 86' lang='lat' dir='ltr'>de</span> <span class='ocrx_word' id='word_1_504' title='bbox 1081 2376 1195 2412; x_wconf 87' lang='lat' dir='ltr'>medio</span> <span class='ocrx_word' id='word_1_505' title='bbox 1226 2375 1322 2420; x_wconf 83' lang='lat' dir='ltr'>ejus,</span> <span class='ocrx_word' id='word_1_506' title='bbox 1349 2376 1389 2410; x_wconf 87' lang='lat' dir='ltr'>in</span> <span class='ocrx_word' id='word_1_507' title='bbox 1420 2375 1555 2420; x_wconf 83' lang='lat' dir='ltr'>spiritu</span> <span class='ocrx_word' id='word_1_508' title='bbox 1576 2373 1717 2419; x_wconf 80' lang='lat' dir='ltr'>judicii</span> <span class='ocrx_word' id='word_1_509' title='bbox 1748 2375 1782 2409; x_wconf 77' lang='lat' dir='ltr'>et</span> 
     </span>
     <span class='ocr_line' id='line_1_49' title="bbox 159 2424 753 2472; baseline 0 -13"><span class='ocrx_word' id='word_1_510' title='bbox 159 2426 296 2469; x_wconf 79' lang='lat' dir='ltr'>spiritu</span> <span class='ocrx_word' id='word_1_511' title='bbox 315 2425 470 2460; x_wconf 82' lang='lat' dir='ltr'>ardoris.</span> <span class='ocrx_word' id='word_1_512' title='bbox 488 2425 603 2471; x_wconf 63' lang='lat' dir='ltr'>(lsai,</span> <span class='ocrx_word' id='word_1_513' title='bbox 624 2433 680 2469; x_wconf 83' lang='lat' dir='ltr'>IV,</span> <span class='ocrx_word' id='word_1_514' title='bbox 701 2424 753 2472; x_wconf 76' lang='lat'>4.)</span> 
     </span>
    </p>
   </div>
   <div class='ocr_carea' id='block_1_3' title="bbox 808 2546 1126 2588">
    <p class='ocr_par' dir='ltr' id='par_1_6' title="bbox 808 2546 1126 2588">
     <span class='ocr_line' id='line_1_50' title="bbox 808 2546 1126 2588; baseline -0.003 -1"><span class='ocrx_word' id='word_1_515' title='bbox 808 2546 976 2588; x_wconf 86' lang='lat' dir='ltr'><strong>CAPUT</strong></span> <span class='ocrx_word' id='word_1_516' title='bbox 1002 2546 1126 2586; x_wconf 88' lang='lat' dir='ltr'><strong>XXII.</strong></span> 
     </span>
    </p>
   </div>
   <div class='ocr_carea' id='block_1_4' title="bbox 229 2643 1712 2741">
    <p class='ocr_par' dir='ltr' id='par_1_7' title="bbox 229 2643 1712 2741">
     <span class='ocr_line' id='line_1_51' title="bbox 229 2643 1712 2686; baseline -0.001 -5"><span class='ocrx_word' id='word_1_517' title='bbox 229 2652 279 2681; x_wconf 80' lang='lat' dir='ltr'>DE</span> <span class='ocrx_word' id='word_1_518' title='bbox 305 2654 535 2683; x_wconf 79' lang='lat' dir='ltr'>EFFECTIBUS</span> <span class='ocrx_word' id='word_1_519' title='bbox 564 2654 791 2683; x_wconf 84' lang='lat' dir='ltr'>ATTRIBUTIS</span> <span class='ocrx_word' id='word_1_520' title='bbox 827 2654 994 2682; x_wconf 85' lang='lat' dir='ltr'>SPIRITUI</span> <span class='ocrx_word' id='word_1_521' title='bbox 1010 2643 1196 2686; x_wconf 62' lang='lat' dir='ltr'>‘SANCTQ</span> <span class='ocrx_word' id='word_1_522' title='bbox 1225 2653 1430 2682; x_wconf 76' lang='lat' dir='ltr'>SECUNDUM</span> <span class='ocrx_word' id='word_1_523' title='bbox 1455 2652 1556 2686; x_wconf 87' lang='lat' dir='ltr'>QUOD</span> <span class='ocrx_word' id='word_1_524' title='bbox 1577 2650 1712 2680; x_wconf 77' lang='lat' dir='ltr'><strong>MOVET</strong></span> 
     </span>
     <span class='ocr_line' id='line_1_52' title="bbox 746 2711 1193 2741; baseline -0.004 0"><span class='ocrx_word' id='word_1_525' title='bbox 746 2712 982 2741; x_wconf 78' lang='lat' dir='ltr'>GREATURAM</span> <span class='ocrx_word' id='word_1_526' title='bbox 1005 2711 1048 2740; x_wconf 84' lang='grc' dir='ltr'>ΙΝ</span> <span class='ocrx_word' id='word_1_527' title='bbox 1072 2711 1193 2740; x_wconf 73' lang='lat' dir='ltr'><strong>DEUM.</strong></span> 
     </span>
    </p>
   </div>
   <div class='ocr_carea' id='block_1_5' title="bbox 159 2799 1783 2933">
    <p class='ocr_par' dir='ltr' id='par_1_8' title="bbox 159 2799 1783 2933">
     <span class='ocr_line' id='line_1_53' title="bbox 207 2799 1783 2852; baseline 0.001 -16"><span class='ocrx_word' id='word_1_528' title='bbox 207 2800 275 2852; x_wconf 81' lang='lat' dir='ltr'>His</span> <span class='ocrx_word' id='word_1_529' title='bbox 295 2800 414 2847; x_wconf 82' lang='lat' dir='ltr'>igitur</span> <span class='ocrx_word' id='word_1_530' title='bbox 433 2802 696 2839; x_wconf 88' lang='lat' dir='ltr'>consideratis</span> <span class='ocrx_word' id='word_1_531' title='bbox 717 2812 804 2849; x_wconf 82' lang='lat' dir='ltr'>quae</span> <span class='ocrx_word' id='word_1_532' title='bbox 821 2806 890 2849; x_wconf 87' lang='lat' dir='ltr'>per</span> <span class='ocrx_word' id='word_1_533' title='bbox 908 2802 1095 2849; x_wconf 91' lang='lat' dir='ltr'>Spiritum</span> <span class='ocrx_word' id='word_1_534' title='bbox 1130 2805 1310 2840; x_wconf 88' lang='lat' dir='ltr'>sanctum</span> <span class='ocrx_word' id='word_1_535' title='bbox 1341 2802 1382 2838; x_wconf 88' lang='lat' dir='ltr'>in</span> <span class='ocrx_word' id='word_1_536' title='bbox 1407 2800 1534 2838; x_wconf 88' lang='lat' dir='ltr'>sacris</span> <span class='ocrx_word' id='word_1_537' title='bbox 1566 2799 1783 2845; x_wconf 83' lang='lat' dir='ltr'>Scripturis</span> 
     </span>
     <span class='ocr_line' id='line_1_54' title="bbox 160 2846 1782 2897; baseline 0.001 -14"><span class='ocrx_word' id='word_1_538' title='bbox 160 2847 277 2884; x_wconf 87' lang='lat' dir='ltr'>nobis</span> <span class='ocrx_word' id='word_1_539' title='bbox 295 2857 317 2883; x_wconf 89' lang='lat' dir='ltr'>a</span> <span class='ocrx_word' id='word_1_540' title='bbox 339 2849 416 2884; x_wconf 88' lang='lat' dir='ltr'>Deo</span> <span class='ocrx_word' id='word_1_541' title='bbox 435 2847 519 2884; x_wconf 86' lang='lat' dir='ltr'>fieri</span> <span class='ocrx_word' id='word_1_542' title='bbox 552 2849 749 2890; x_wconf 88' lang='lat' dir='ltr'>dicuntur,</span> <span class='ocrx_word' id='word_1_543' title='bbox 785 2853 941 2896; x_wconf 89' lang='lat' dir='ltr'>oportet</span> <span class='ocrx_word' id='word_1_544' title='bbox 971 2848 1225 2886; x_wconf 85' lang='lat' dir='ltr'>considerare</span> <span class='ocrx_word' id='word_1_545' title='bbox 1260 2847 1461 2897; x_wconf 90' lang='lat' dir='ltr'>quomodo</span> <span class='ocrx_word' id='word_1_546' title='bbox 1493 2855 1563 2894; x_wconf 85' lang='lat' dir='ltr'>per</span> <span class='ocrx_word' id='word_1_547' title='bbox 1590 2846 1782 2893; x_wconf 82' lang='lat' dir='ltr'>Spiritum</span> 
     </span>
     <span class='ocr_line' id='line_1_55' title="bbox 159 2895 808 2933; baseline 0.003 -3"><span class='ocrx_word' id='word_1_548' title='bbox 159 2897 341 2931; x_wconf 87' lang='lat' dir='ltr'>sanctum</span> <span class='ocrx_word' id='word_1_549' title='bbox 362 2902 591 2932; x_wconf 88' lang='lat' dir='ltr'>moveamur</span> <span class='ocrx_word' id='word_1_550' title='bbox 609 2895 650 2931; x_wconf 90' lang='lat' dir='ltr'>in</span> <span class='ocrx_word' id='word_1_551' title='bbox 670 2897 808 2933; x_wconf 90' lang='lat' dir='ltr'>Deum.</span> 
     </span>
    </p>
   </div>
  </div>
 </body>
</html>
