1894 3223
123 79 168 115 30
727 74 815 112 LIB.
843 75 872 118 1,
900 75 1000 113 CAP.
1026 75 1124 114 XXV.

123 160 268 208 quihus
289 169 378 196 esse
399 157 660 195 substantiale
677 156 921 201 designatur.
940 157 1026 193 Non
1044 156 1149 193 enim
1170 160 1298 202 potest
1315 156 1561 194 esseanimal
1577 155 1618 192 in
1628 158 1732 198 actu,

123 207 217 254 quin
233 207 284 244 sit
303 206 448 243 animal
465 203 656 242 rationale
673 203 734 239 vel
754 202 996 240 irrationale.
1020 203 1127 240 Unde
1148 203 1266 240 etiam
1302 203 1509 247 Platonici,
1538 207 1733 248 ponentes

123 255 247 298 ideas,
270 262 349 290 non
370 254 589 299 posuerunt
610 249 721 286 ideas
742 259 809 294 per
827 259 869 286 se
891 250 1127 287 exsistentes
1148 260 1352 297 generum,
1369 259 1456 297 quae
1476 250 1736 297 designantur

122 301 171 339 ad
192 309 281 337 esse
299 299 444 345 speciei
467 308 534 343 per
563 296 807 333 differentias
828 297 1082 341 essentiales;
1105 297 1175 334 sed
1199 300 1418 343 posuerunt
1448 297 1559 334 ideas
1589 306 1659 342 per
1693 305 1736 332 se

122 348 363 385 exsistentes
384 346 557 381 solarum
581 343 818 389 specierum,
838 352 925 391 quae
944 344 991 380 ad
1012 344 1073 382 sui
1096 344 1413 391 designationem
1448 353 1529 381 non
1556 343 1737 388 indigent

123 393 404 432 essentialibus
426 390 674 442 differentiis.
700 389 739 427 Si
761 399 856 437 ergo
879 390 1056 428 divinum
1075 401 1163 428 esse
1186 401 1254 437 per
1283 391 1431 438 aliquid
1460 390 1569 428 aliud
1599 399 1737 435 super-

123 441 299 479 additum
322 439 553 484 designetur
572 437 850 483 designatione
871 437 1091 483 essentiali,
1113 438 1242 484 ipsum
1263 447 1352 475 esse
1367 447 1447 475 non
1468 437 1542 474 erit
1561 437 1601 473 in
1632 440 1736 481 actu,

124 488 203 526 nisi
225 487 294 523 illo
307 484 562 532 superaddito
580 484 809 522 exsistente.
832 484 907 522 Sed
928 484 1060 530 ipsum
1080 494 1169 522 esse
1188 485 1364 524 divinum
1382 489 1442 522 est
1462 494 1536 522 sua
1556 483 1739 521 substan-

123 535 190 580 tia,
212 537 254 571 ut
271 537 477 570 ostensum
495 536 555 569 est
575 531 623 578 (e.
645 530 729 577 22);
751 539 847 578 ergo
868 531 1092 569 substantia
1112 532 1245 569 divina
1265 541 1344 568 non
1359 535 1491 578 potest
1510 540 1600 568 esse
1620 530 1662 567 in
1678 539 1739 567 ac-

122 585 178 626 tu,
200 579 278 617 nisi
299 580 432 626 aliquo
453 579 784 626 superveniente3
805 588 854 630 ex
872 587 952 625 quo
973 582 1104 624 potest
1130 579 1330 623 concludi,
1350 579 1456 626 quod
1493 587 1575 616 non
1597 578 1650 615 sit
1666 586 1737 624 per

123 638 167 666 se
187 636 352 664 necesse
373 635 461 663 esse
485 638 495 671 ;
516 626 630 673 qu'us
650 628 893 662 contrarium
915 634 1036 671 supra
1055 629 1262 663 ostensum
1283 629 1344 662 est
1363 626 1412 671 (c.
1436 626 1507 672 15).

168 676 269 715 Item,
292 683 409 711 omne
437 673 536 711 illud
567 672 673 720 quod
694 672 846 719 indiget
866 672 1000 718 aliquo
1021 673 1275 718 superaddito
1297 673 1344 709 ad
1366 673 1441 710 hoe
1473 673 1578 719 quod
1609 671 1739 718 possit

123 731 227 766 esse,
245 725 306 758 est
325 722 364 758 in
385 720 561 767 potentia
581 723 762 766 respectu
784 719 906 756 illius.
929 719 1001 756 Sed
1023 719 1157 756 divina
1176 719 1399 757 substantia
1419 729 1499 756 non
1521 723 1581 756 est
1602 720 1737 765 aliquo

123 769 242 806 modo
262 769 305 805 in
325 768 514 814 potentia,
536 771 579 805 ut
601 776 723 813 supra
742 770 949 803 ostensum
989 770 1049 803 est
1067 766 1113 813 (c.
1135 766 1192 813 16)
1211 778 1219 811 ;
1243 767 1313 804 sed
1336 776 1410 803 sua
1432 766 1656 803 substantia
1679 769 1740 802 est

123 825 241 853 suum
262 824 365 853 esse.
379 817 480 861 Ergo
496 824 585 852 esse
606 823 724 852 suum
744 822 824 850 non
846 817 974 859 potest
988 813 1189 860 designari
1206 814 1341 861 aliqua
1356 813 1636 860 designatione
1649 812 1740 850 suh-

124 863 302 900 stantiali
322 872 392 908 per
409 862 556 909 aliquid
575 861 649 899 sibi
672 860 983 907 superadditum.

169 911 354 956 Amplius,
377 918 494 946 omne
514 909 613 946 illud
632 918 701 955 per
720 908 826 955 quod
848 918 911 945 res
935 908 1195 955 consequitur
1212 917 1300 945 esse
1315 908 1354 945 in
1371 911 1459 946 actu
1481 907 1741 945 etestintrin-

123 966 259 998 secum
279 957 348 1002 rei,
372 956 431 993 vel
452 959 512 993 est
530 959 613 994 tota
632 955 821 1000 essentia,
841 956 903 992 vel
921 964 1012 1001 pars
1033 955 1231 992 essentiae.
1255 956 1364 1000 Quod
1388 960 1520 993 autem
1554 955 1740 1001 designat

123 1004 274 1051 aliquid
295 1003 572 1050 designatione
587 1002 806 1047 essentiali,
828 1002 922 1040 facit
941 1012 1024 1040 rem
1045 1012 1135 1040 esse
1149 1006 1252 1047 actu,
1268 1006 1306 1039 et
1326 1006 1386 1040 est
1406 1003 1667 1039 intrinsecum
1682 1001 1739 1038 rei

124 1052 341 1097 designatae
358 1063 367 1095 3
387 1051 486 1088 alias
505 1051 627 1097 perid
649 1050 850 1096 designari
873 1059 953 1086 non
974 1053 1110 1096 posset
1124 1050 1451 1087 substantialiter.
1469 1051 1569 1096 Ergo
1585 1052 1742 1095 oportet

123 1099 229 1145 quod
249 1099 301 1136 sit
319 1098 381 1135 vel
396 1098 484 1144 ipsa
498 1097 675 1135 essentia
694 1097 765 1142 rei,
785 1097 847 1134 vel
867 1106 960 1143 pars
981 1097 1179 1135 essentiae.
1205 1097 1280 1134 Sed
1312 1098 1345 1134 si
1378 1097 1528 1143 aliquid
1550 1097 1739 1142 superad-

124 1146 230 1184 ditur
247 1146 295 1183 ad
317 1155 405 1182 esse
421 1145 612 1187 divinum,
634 1144 710 1181 hoc
733 1153 814 1181 non
836 1147 965 1189 potest
987 1152 1076 1182 esse
1097 1147 1181 1181 tota
1212 1144 1389 1181 essentia
1414 1144 1482 1181 Dei
1503 1156 1512 1188 ;
1534 1145 1627 1190 quia
1657 1143 1740 1190 jam

124 1196 331 1231 ostensum
353 1196 412 1229 est
434 1192 480 1239 (c.
499 1192 573 1239 22),
595 1191 701 1238 quod
721 1200 811 1228 esse
830 1191 897 1228 Dei
915 1200 996 1228 non
1014 1195 1075 1229 est
1094 1191 1201 1229 aliud
1217 1192 1265 1228 ab
1288 1191 1466 1228 essentia
1487 1190 1589 1237 ejus.
1607 1191 1740 1227 Relin-

124 1241 259 1287 quitur
273 1249 366 1287 ergo
385 1239 491 1287 quod
511 1240 562 1277 sit
582 1247 673 1285 pars
703 1238 887 1276 essentiae
914 1239 1070 1284 divinae,
1087 1239 1193 1276 etsie
1210 1240 1314 1276 Deus
1334 1238 1408 1275 erit
1427 1238 1674 1284 compositus
1694 1247 1742 1275 ex

123 1287 304 1334 partibus
325 1287 619 1327 essentialiter;
640 1285 754 1332 cujus
775 1286 1017 1322 contrarium
1040 1295 1159 1332 supra
1179 1290 1386 1323 ostensum
1407 1289 1468 1322 est
1488 1285 1537 1332 (c.
1561 1285 1632 1332 18).

169 1336 271 1376 Item,
293 1334 399 1381 quod
414 1334 570 1371 additur
582 1333 699 1370 alicui
719 1332 768 1369 ad
782 1333 1100 1380 designationem
1118 1333 1288 1379 alicujus
1308 1333 1585 1380 designatione
1607 1341 1743 1370 essen-

123 1381 223 1426 tiali,
244 1390 323 1418 non
345 1381 553 1418 constituit
573 1382 659 1426 ejus
680 1380 888 1424 rationem,
905 1380 974 1417 sed
985 1381 1114 1417 solum
1134 1389 1222 1417 esse
1243 1382 1283 1416 in
1299 1384 1402 1417 acm.
1416 1380 1620 1417 Rationale
1636 1379 1742 1416 enim

126 1429 302 1465 additum
326 1428 488 1465 animali
510 1427 679 1474 acquirit
699 1427 846 1464 animal
865 1436 953 1464 esse
969 1428 1010 1463 in
1029 1431 1138 1470 actu;
1159 1436 1238 1464 non
1261 1431 1392 1464 autem
1406 1426 1614 1464 constituit
1627 1426 1744 1464 ratio-

125 1485 216 1512 nem
236 1476 436 1519 animalis,
458 1475 497 1512 in
517 1478 707 1521 quantum
728 1477 788 1510 est
805 1474 975 1519 anima13
998 1483 1088 1511 nam
1109 1473 1332 1510 differentia
1352 1483 1431 1510 non
1454 1474 1575 1510 intrat
1603 1473 1744 1511 defini-

125 1523 274 1559 tionem
294 1523 452 1568 generis
469 1533 477 1565 ;
497 1522 567 1558 sed
588 1521 621 1558 si
641 1521 682 1557 in
700 1522 778 1557 Deo
800 1521 966 1558 addatur
986 1521 1136 1568 aliquid
1156 1531 1224 1567 per
1243 1521 1350 1568 quod
1371 1521 1603 1567 designetur
1636 1520 1742 1558 desi·

124 1570 313 1617 gnatione
333 1569 552 1613 essentiali,
571 1571 726 1614 oportet
744 1568 848 1615 quod
866 1568 963 1606 illud
980 1568 1196 1606 constituat
1215 1568 1266 1612 ei,
1287 1568 1351 1605 cui
1368 1567 1743 1612 additui-,rationem

124 1617 292 1663 propriae
313 1616 398 1664 ejus
417 1616 648 1662 quidditatis
670 1624 740 1667 seu
757 1619 915 1667 ¹naturae
934 1628 942 1658 3
966 1625 1057 1653 nam
1090 1615 1196 1662 quod
1227 1615 1286 1652 sic
1303 1615 1474 1660 additur,
1495 1615 1664 1662 acquirit
1685 1614 1743 1652 rei

125 1674 213 1702 esse
230 1664 268 1700 in
291 1668 394 1701 actu.
412 1665 492 1700 Hoc
513 1667 657 1704 autem,
677 1662 835 1699 seilicet
855 1672 944 1699 esse
964 1663 1004 1699 in
1026 1665 1130 1707 actu,
1153 1666 1213 1699 est
1232 1662 1319 1708 ipsa
1339 1662 1473 1700 divina
1493 1662 1682 1706 essentia,
1700 1665 1744 1698 ut

126 1721 246 1757 supra
266 1715 474 1748 ostensum
495 1714 555 1748 est
576 1710 623 1758 (c.
645 1708 719 1756 22).
741 1709 990 1756 Relinquitur
1024 1719 1120 1756 ergo
1152 1710 1258 1756 quod
1289 1719 1409 1756 supra
1440 1709 1619 1747 divinum
1654 1717 1745 1746 esse

126 1758 226 1795 nihil
250 1758 377 1803 possit
397 1757 501 1800 addi,
523 1757 629 1804 quod
647 1756 829 1802 designet
847 1757 981 1803 ipsum
1003 1756 1283 1804 designatione
1307 1757 1527 1800 essentiali,
1547 1755 1742 1795 sicutdif-

127 1806 294 1843 ferentia
314 1804 498 1852 designat
517 1813 659 1851 genus⁷

779 1923 951 1964 CAPUT
967 1922 1087 1964 XXV.

509 2038 609 2072 QUOD
641 2038 740 2066 DEUS
765 2037 844 2067 NON
871 2037 931 2066 SIT
960 2038 1001 2066 IN
1032 2037 1174 2071 ALIQUO
1204 2037 1364 2066 GENERE.

175 2140 230 2176 Ex
249 2139 326 2175 hoe
345 2140 478 2178 autem
497 2136 545 2173 de
566 2137 803 2174 necessitate
823 2135 1088 2180 concluditur,
1110 2135 1216 2182 quod
1235 2137 1340 2173 Deus
1360 2144 1441 2172 non
1462 2135 1516 2173 sit
1541 2136 1583 2173 in
1610 2136 1746 2183 aliquo

155 2195 287 2223 encre.

126 2195 152 2232 g
173 2235 270 2270 Nam
288 2241 405 2270 omne
420 2231 525 2278 quod
546 2234 606 2268 est
623 2231 664 2267 in
685 2230 819 2277 aliquo
834 2239 992 2277 genere,
1015 2230 1132 2267 habet
1146 2229 1296 2276 aliquid
1316 2229 1357 2266 in
1381 2238 1440 2275 se,
1457 2240 1527 2276 per
1546 2230 1652 2277 quod
1674 2239 1745 2267 na·

125 2283 214 2317 tura
231 2279 389 2327 generis
411 2279 641 2326 designetur
659 2278 706 2315 ad
728 2277 914 2323 speciem.
937 2277 1043 2314 Nihil
1063 2277 1168 2314 enim
1189 2280 1250 2313 est
1277 2277 1318 2313 in
1339 2286 1485 2323 genere
1519 2277 1625 2324 quod
1665 2286 1747 2314 non

126 2327 180 2365 sit
197 2328 239 2364 in
259 2327 393 2373 aliqua
411 2326 497 2372 ejus
517 2326 664 2372 specie.
686 2327 766 2362 Hoc
787 2328 918 2362 autem
945 2324 985 2360 in
1003 2325 1084 2361 Deo
1105 2329 1166 2361 est
1185 2324 1449 2369 impossibile,
1471 2327 1514 2361 ut
1534 2328 1744 2362 ostensum

126 2377 189 2412 est
208 2374 308 2421 (cap.
327 2372 524 2420 praeced).
547 2372 798 2418 impossihile
819 2375 879 2409 est
898 2372 1020 2418 igitur
1035 2372 1158 2408 Deum
1174 2380 1264 2408 esse
1286 2371 1327 2407 in
1344 2371 1480 2418 aliquo
1496 2380 1655 2418 genere.

171 2421 356 2467 Amplius,
378 2420 411 2457 si
434 2422 538 2457 Deus
558 2419 663 2457 sitin
685 2428 844 2466 genere,
865 2423 934 2456 aut
953 2422 1014 2455 est
1032 2418 1074 2456 in
1096 2427 1240 2465 genere
1260 2418 1492 2459 accidentis,
1514 2422 1582 2456 aut
1613 2419 1655 2455 in
1675 2428 1744 2465 ge-

126 2477 219 2505 nere
239 2467 484 2505 suhstantiae.
508 2469 550 2503 In
566 2476 710 2513 genere
731 2465 948 2503 accidentis
965 2474 1047 2502 non
1065 2469 1126 2502 est
1143 2477 1152 2509 ;
1175 2464 1362 2503 accidens
1382 2466 1488 2503 enim
1511 2474 1590 2503 non
1606 2468 1740 2511 potest

127 2523 216 2552 esse
229 2515 398 2561 primum
416 2524 487 2551 ens
508 2517 546 2550 et
563 2514 689 2560 prima
707 2523 841 2551 causa.
859 2515 903 2550 In
926 2521 1070 2560 genere
1085 2512 1203 2549 etiam
1215 2512 1449 2550 substantiae
1468 2521 1558 2550 esse
1575 2521 1655 2548 non
1673 2520 1743 2557 po-

126 2564 205 2598 test
223 2573 232 2605 ;
253 2562 347 2608 quia
365 2561 602 2601 substantia,
636 2571 724 2608 quae
744 2564 805 2598 est
823 2569 967 2608 genus,
988 2568 1070 2597 non
1091 2563 1152 2597 est
1183 2559 1315 2606 ipsum
1341 2568 1450 2604 esse3
1477 2559 1578 2596 alias
1611 2558 1744 2595 omnis

126 2608 351 2645 substantia
368 2611 474 2644 esset
493 2617 583 2644 esse
604 2617 736 2653 suum,
757 2612 796 2645 et
815 2607 874 2645 sic
894 2615 974 2645 non
996 2610 1104 2644 esset
1123 2610 1331 2644 causatum
1351 2606 1401 2644 ab
1421 2606 1515 2650 alio,
1534 2615 1657 2652 quum
1679 2614 1741 2642 ra-

124 2655 180 2692 tio
216 2655 374 2701 generis
413 2654 587 2691 salvetur
624 2654 666 2690 in
693 2654 895 2695 omnibus,
916 2663 1005 2701 quae
1025 2654 1099 2691 sub
1123 2663 1268 2702 genere
1294 2653 1577 2697 continentur3
1609 2656 1647 2689 et
1681 2652 1741 2689 sic

126 2701 236 2739 nulla
266 2701 490 2738 substantia
509 2705 616 2738 esset
633 2705 796 2739 causata
815 2701 863 2739 ab
890 2702 984 2746 alio,
1003 2701 1108 2749 quod
1129 2710 1221 2739 esse
1241 2709 1322 2738 non
1342 2703 1485 2746 potest,
1504 2703 1546 2736 ut
1568 2702 1674 2746 patet
1695 2708 1742 2736 ex

127 2748 244 2786 dietis
265 2747 314 2795 (c.
334 2751 376 2786 13
397 2751 435 2785 et
453 2747 524 2795 15).
547 2749 651 2785 Deus
672 2753 804 2786 autem
825 2752 885 2786 est
902 2750 1034 2795 ipsum
1052 2758 1142 2786 esse
1159 2760 1169 2794 3
1186 2747 1308 2795 igitur
1338 2755 1419 2784 non
1439 2750 1500 2783 est
1533 2746 1575 2782 in
1604 2746 1740 2794 aliquo

157 2804 286 2832 enere.

127 2804 152 2843 g
172 2843 275 2889 leem,
295 2841 487 2890 quidquid
506 2842 625 2880 estin
655 2852 816 2890 genere,
847 2843 1068 2881 secundum
1095 2851 1186 2880 esse
1212 2839 1344 2879 differt
1374 2839 1423 2878 ab
1455 2839 1547 2878 aliis
1582 2849 1671 2888 quae
1700 2840 1744 2877 in
