1894 3223
154 146 224 182 496
462 177 465 180 ,
764 139 852 174 LIB.
881 138 940 182 lv,
969 138 1070 175 CAP.
1097 139 1173 175 VII.

203 225 269 260 Est
291 225 421 259 autem
442 221 526 257 haec
545 219 690 266 positio
707 219 785 256 Arii
806 222 844 255 et
858 219 1054 264 Eunomii,
1077 223 1116 256 et
1134 219 1287 257 videtur
1306 229 1329 257 a
1351 220 1646 258 Platonicorum
1665 219 1786 258 dictis

155 272 290 308 exorta
308 268 375 314 qui
398 267 598 312 ponebant
620 275 818 304 summum
836 267 958 302 Deum
974 268 1123 311 patrem
1139 271 1177 303 et
1197 271 1416 304 creatorem
1436 267 1617 304 omnium
1634 276 1780 312 rerum,

155 325 265 361 aquo
286 314 468 360 primitus
483 313 686 351 effluxisse
700 313 883 350 dicebant
895 313 1106 359 quamdam
1123 317 1294 350 mentem
1307 314 1348 350 in
1363 324 1441 361 qua
1457 313 1782 351 essentomnium

155 371 286 400 rerum
306 361 442 398 formae
463 360 710 407 superiorem
726 360 912 397 omnibus
928 360 1018 397 aliis
1034 360 1153 397 rebus
1170 369 1288 407 quam
1308 363 1515 406 paternum
1536 361 1783 397 intellectum

154 408 428 448 nominabant,
469 411 507 444 et
541 411 633 453 post
662 407 779 451 hanc,
811 406 982 447 animam
1021 407 1174 452 mundi,
1198 410 1236 444 et
1268 407 1410 444 deinde
1433 408 1532 445 alias
1553 412 1781 450 creaturas3

154 455 261 502 quod
285 464 380 501 ergo
401 455 441 491 in
461 454 671 500 scripturis
687 453 815 492 sacris
837 454 884 491 de
901 453 969 490 Dei
990 453 1085 491 Filio
1107 453 1265 498 dicitur,
1284 453 1361 490 hoc
1381 454 1428 491 de
1447 458 1578 492 mente
1600 454 1785 500 praedicta

153 501 442 548 intelligebant,
465 504 503 538 et
521 501 716 547 praecipue
735 500 828 548 quia
848 510 964 537 sacra
983 501 1184 546 Scriptura
1199 500 1267 537 Dei
1288 501 1430 537 Filium
1452 502 1520 538 Dei
1542 501 1784 548 Sapientiam

155 548 334 586 nominat
348 552 385 585 et
405 549 574 585 Verbum
587 548 750 585 Dei.Cui
767 548 882 585 etiam
902 548 1080 593 opinioni
1101 550 1298 585 consonat
1318 548 1462 593 positio
1479 548 1700 591 Avicennee‚
1717 548 1785 594 qui

155 605 278 641 supra
298 596 471 632 animam
492 595 609 640 primi
629 595 718 632 coeli
734 595 847 641 ponit
866 595 1171 641 intelligentiam
1192 594 1358 641 primam
1375 598 1596 631 moventem
1613 595 1784 641 primum

155 643 314 687 coelum,
337 651 458 687 supra
478 651 596 689 quam
619 642 787 679 ulterius
806 643 929 679 Deum
960 641 1001 678 in
1031 650 1190 679 summo
1223 641 1408 687 ponebat.
1432 642 1496 679 Sic
1514 642 1631 688 igitur
1651 641 1785 679 Ariani

155 689 202 727 de
235 689 303 725 Dei
332 690 429 726 Filio
448 689 637 735 suspicati
660 691 755 726 sunt
774 689 881 736 quod
902 690 1008 725 esset
1043 688 1224 735 quaedam
1260 691 1441 725 creatura
1480 689 1784 734 supereminens

154 736 342 773 omnibus
374 736 462 773 aliis
492 736 701 779 creaturis,
736 745 813 782 qua
848 735 1062 780 mediante,
1080 737 1185 773 Deus
1206 735 1340 772 omnia
1360 738 1538 772 creasset
1557 747 1566 780 ;
1587 735 1785 781 praecipue

156 783 271 820 etiam
312 792 403 820 cum
441 783 601 829 quidam
622 782 853 829 philosophi
885 782 1093 829 posuerint
1125 782 1297 829 quodam
1326 782 1467 819 ordine
1498 791 1563 819 res
1592 791 1616 819 a
1656 783 1784 828 primo

154 830 347 876 principio
384 831 628 877 pi‘ocecisse,
667 830 726 868 ita
758 829 866 877 quod
899 839 969 877 per
1000 829 1171 877 primum
1206 831 1382 867 creatum
1420 829 1555 866 omnia
1592 828 1670 866 alia
1705 828 1787 865 sint

155 879 300 914 creata.

823 988 994 1035 CAPUT
1028 988 1114 1029 VII.

666 1101 907 1132 IMPROBATIO
933 1101 1151 1131 POSITIONIS
1175 1102 1275 1132 ΑΒΗ.

206 1206 314 1242 Hanc
347 1207 477 1242 autem
505 1204 746 1250 positionem
775 1204 917 1242 divinae
945 1205 1153 1251 scripturae
1176 1213 1399 1251 repugnare
1419 1203 1628 1242 manifeste
1653 1207 1785 1250 potest

156 1253 374 1298 percipere,
407 1252 441 1288 si
474 1252 563 1297 quis
585 1261 789 1288 sacrarum
826 1253 1114 1297 scripturarum
1148 1251 1251 1289 dicta
1293 1251 1506 1297 diligenter
1541 1252 1782 1288 considerat.

206 1300 301 1336 Cum
322 1299 428 1335 enim
445 1298 643 1344 Scriptura
662 1299 794 1335 divina
812 1301 850 1335 et
867 1298 1063 1336 Christum
1084 1298 1151 1335 Dei
1186 1298 1324 1335 Filium
1340 1301 1377 1334 et
1408 1298 1572 1345 angelos
1588 1299 1656 1335 Dei
1676 1298 1784 1336 filios

160 1346 354 1389 nominat,
377 1346 455 1381 alia
474 1348 606 1382 tamen
628 1348 665 1382 et
694 1346 772 1382 alia
792 1346 968 1390 ratione,
997 1345 1102 1382 unde
1121 1346 1335 1391 Apostolus
1357 1345 1452 1381 dicit
1473 1357 1481 1381 ε
1504 1346 1570 1382 Cui
1588 1346 1686 1382 dimit
1714 1346 1783 1381 ali-

159 1393 306 1438 quando
325 1393 535 1436 mipelorum
554 1404 565 1427 .·
586 1394 702 1428 Filius
721 1403 818 1428 meus
839 1403 874 1428 es
893 1396 944 1433 tu,
967 1403 1028 1436 eqo
1049 1393 1153 1427 hodie
1174 1393 1361 1437 yenuz'te?
1382 1391 1517 1438 (Hel-nn,
1539 1401 1565 1432 Ι,
1604 1392 1639 1439 5)
1676 1393 1784 1439 quod

160 1439 208 1476 ad
232 1439 427 1475 Christum
450 1439 592 1475 asserit
627 1448 716 1476 esse
756 1439 918 1475 dictum.
943 1439 1168 1476 Secundum
1207 1442 1336 1475 autem
1376 1438 1617 1483 positionem
1645 1440 1784 1485 praedi-

159 1488 276 1528 ctam,
296 1486 431 1522 eadem
449 1485 598 1522 ratione
617 1486 748 1532 angeli
766 1486 835 1522 filii
856 1486 924 1522 Dei
939 1486 1163 1523 dicerentur
1179 1488 1216 1522 et
1239 1485 1431 1529 Christus;
1451 1485 1655 1531 utriusque
1677 1486 1785 1525 enim

159 1542 283 1570 unum
314 1541 459 1569 nomen
494 1532 700 1570 filiationis
732 1535 974 1578 competeret
1009 1533 1230 1570 secundum
1261 1532 1473 1579 quamdam
1497 1532 1783 1571 sublimitatem

159 1582 323 1623 naturae,
346 1580 386 1615 in
408 1590 483 1625 qua
499 1580 618 1616 creati
639 1583 770 1617 sunta
790 1582 893 1625 Deo,
917 1589 989 1617 nec
1011 1580 1142 1617 obstat
1162 1580 1196 1617 si
1215 1579 1392 1617 Christus
1412 1579 1464 1616 sit
1493 1579 1784 1618 excellentioris

158 1630 323 1670 naturae,
362 1636 438 1672 prae
469 1627 555 1663 aliis
576 1627 742 1673 angelis,
775 1627 868 1674 quia
886 1627 1002 1664 etiam
1022 1627 1125 1664 inter
1140 1627 1307 1674 angelos
1328 1626 1488 1664 ordines
1509 1626 1654 1664 diversi
1675 1627 1783 1664 inve-

159 1674 338 1716 niuntur,
372 1676 415 1710 ut
445 1683 492 1710 ex
524 1675 796 1719 superioribus
817 1677 923 1719 patet
944 1674 983 1720 (l.
1003 1683 1060 1714 111,
1082 1685 1115 1711 c.
1134 1674 1210 1719 79),
1230 1677 1268 1711 et
1285 1676 1417 1710 tamen
1438 1673 1625 1710 omnibus
1646 1674 1783 1711 eadem

159 1720 362 1757 filiationis
379 1721 479 1757 ratio
498 1722 699 1766 competit.
716 1724 801 1758 Non
823 1721 943 1768 igitur
959 1722 1139 1759 Christus
1161 1721 1288 1759 Filius
1307 1721 1375 1758 Dei
1398 1720 1541 1757 dicitur
1561 1721 1783 1759 secundum

159 1768 265 1814 quod
286 1768 429 1804 asserit
444 1768 628 1814 praedicta
645 1769 803 1814 positio.

205 1816 305 1854 Item,
327 1824 416 1851 cum
457 1815 607 1851 ratione
639 1815 854 1852 creationis
887 1825 1033 1852 nomen
1067 1814 1274 1853 filiationis
1311 1815 1452 1853 divinae
1476 1815 1612 1852 multis
1639 1824 1782 1853 conve-

159 1861 256 1905 niat,
279 1862 371 1907 quia
390 1862 577 1899 omnibus
597 1863 753 1909 angelis
774 1865 812 1899 et
827 1863 990 1904 sanctis,
1026 1862 1059 1899 si
1093 1863 1210 1900 etiam
1243 1862 1381 1899 eadem
1413 1862 1566 1899 ratione
1605 1861 1783 1900 Christus

160 1908 283 1959 Filius
305 1908 511 1948 diceretur,
535 1918 616 1946 non
637 1912 745 1946 esset
765 1909 1012 1956 unigenitus,
1035 1909 1127 1946 licet
1145 1918 1215 1955 per
1233 1909 1508 1946 excellentiam
1529 1917 1612 1945 suae
1633 1912 1783 1947 naturae

159 1957 262 1991 inter
281 1959 446 1992 caeteros
468 1955 755 2001 primogenitus
776 1960 913 2002 posset
933 1956 1187 1992 dici.Asserit
1206 1958 1336 1992 autem
1359 1964 1449 1992 eum
1475 1955 1677 2001 Scriptura
1691 1965 1782 1994 esse

159 2001 430 2047 unigenitum:
454 2003 620 2038 Vidimus
635 2003 790 2046 gloriam
817 2003 907 2047 ejus,
929 2003 1084 2047 pieriam
1099 2003 1205 2048 quasi
1225 2004 1412 2047 Unipeniti
1432 2013 1454 2038 α
1472 2004 1594 2039 Patre.
1621 2002 1780 2049 flocum„

158 2056 187 2093 1,
211 2048 282 2094 14.)
305 2050 391 2084 Non
416 2049 536 2095 igitur
556 2050 709 2086 ratione
730 2051 944 2086 creationis
968 2050 1034 2086 Dei
1052 2049 1175 2087 Filius
1198 2049 1355 2086 dieitur.

206 2096 389 2140 Amplius,
414 2105 559 2132 nomen
580 2095 785 2133 filiationis
805 2097 960 2142 proprie
981 2099 1019 2132 et
1036 2106 1127 2133 vere
1147 2096 1446 2144 generationem
1460 2096 1677 2133 viventium
1691 2106 1783 2133 con-

159 2143 354 2188 sequitur,
390 2143 431 2179 in
462 2143 608 2187 quibus
643 2144 819 2189 genitum
861 2153 909 2180 ex
943 2143 1166 2180 substantia
1196 2143 1426 2191 generantis
1457 2143 1655 2189 procedit,
1683 2143 1782 2181 alias

158 2190 265 2226 enim
298 2198 444 2226 nomen
468 2190 685 2234 filiationis,
708 2199 789 2227 non
818 2190 1038 2227 secundum
1058 2191 1278 2234 veritatem,
1300 2190 1371 2228 sed
1391 2191 1524 2236 potius
1560 2190 1782 2228 secundum

159 2236 461 2273 similitudinem
483 2237 688 2282 accipitur,
710 2246 831 2284 quum
849 2237 956 2274 filios
979 2237 1148 2275 dicimus
1170 2240 1238 2274 aut
1257 2237 1477 2283 discipulos
1498 2240 1566 2275 aut
1587 2237 1662 2274 hos
1683 2246 1780 2284 quo-

158 2292 246 2320 rum
280 2283 457 2330 gerimus
486 2293 636 2321 curam.
658 2284 698 2321 Si
732 2285 853 2332 igitur
874 2284 1055 2322 Christus
1075 2293 1157 2322 non
1177 2284 1375 2322 diceretur
1395 2284 1503 2321 filius
1524 2284 1604 2322 nisi
1626 2285 1781 2322 ratione

159 2331 388 2375 creationis,
413 2341 534 2377 quum
556 2331 597 2368 id
617 2331 723 2378 quod
745 2336 902 2369 creatur
921 2342 943 2369 a
964 2334 1044 2369 Deo
1064 2341 1146 2368 non
1164 2341 1212 2369 ex
1231 2331 1455 2369 substantia
1474 2332 1543 2368 Dei
1569 2331 1780 2376 derivetur,

159 2376 338 2414 Christus
360 2387 448 2414 vere
466 2377 573 2415 filius
594 2378 670 2415 dici
694 2387 774 2415 non
795 2381 944 2425 posset.
967 2379 1120 2416 Dicitur
1152 2382 1284 2415 autem
1305 2387 1423 2415 verus
1443 2377 1550 2415 filius
1573 2390 1581 2414 :
1607 2380 1651 2415 Ut
1669 2380 1782 2416 simus

156 2425 199 2460 ’ἱη
217 2435 298 2460 vero
316 2426 409 2461 Filio
428 2425 507 2470 effus
526 2427 609 2462 Jesu
629 2426 783 2462 Christo.
809 2425 843 2468 (I
855 2427 1052 2470 Joann.,v,
1065 2425 1140 2473 20.)
1161 2427 1247 2463 Non
1268 2425 1389 2473 igitur
1405 2426 1474 2462 Dei
1496 2425 1620 2463 Filius
1637 2425 1783 2463 dicitur

159 2472 274 2517 quasi
296 2482 319 2508 a
338 2473 417 2509 Deo
435 2474 591 2509 creatus
611 2472 652 2508 in
674 2476 995 2520 quantacumque
1015 2477 1166 2511 naturae
1195 2473 1444 2517 excellentia,
1481 2472 1551 2510 sed
1586 2472 1701 2520 quasi
1732 2481 1782 2510 ex

159 2518 228 2555 Dei
248 2519 488 2556 substiantia
507 2519 679 2566 genitus.

204 2567 394 2607 Praeterea,
407 2566 440 2603 si
460 2566 639 2604 Christus
659 2566 810 2604 ratione
830 2567 1041 2604 creationis
1056 2567 1180 2604 Filius
1195 2566 1434 2611 dicitur‚nec
1450 2566 1523 2603 erit
1539 2575 1656 2604 verus
1675 2567 1780 2603 Deus

158 2612 255 2648 nihil
279 2613 384 2649 enim
405 2616 579 2650 creatum
601 2615 706 2651 Deus
727 2617 858 2660 potest
877 2614 970 2659 dici,
992 2614 1069 2652 nisi
1089 2623 1158 2660 per
1177 2613 1390 2661 quamdam
1406 2613 1709 2650 similitudinem
1730 2611 1781 2650 ad

158 2659 296 2709 Deum.
344 2662 431 2706 lpse
470 2663 601 2697 autem
634 2662 751 2698 Jesus
772 2660 953 2699 Christus
988 2663 1050 2699 est
1079 2670 1197 2698 verus
1230 2662 1459 2704 Deus‚cum
1480 2660 1586 2697 enim
1605 2661 1779 2696 ,loannes

158 2703 353 2742 dixisset:
401 2708 446 2744 Ut
472 2709 585 2744 simus
617 2709 658 2743 in
688 2718 771 2744 vero
801 2709 894 2744 Filio
932 2707 1024 2753 ejus,
1060 2707 1265 2746 subdidit:
1295 2709 1362 2744 Hic
1395 2710 1448 2742 est
1474 2716 1579 2742 verus
1610 2707 1717 2746 Deus,
1746 2709 1781 2741 et

155 2752 412 2834 {rita-retemta.
440 2753 565 2801 (Ibid.)
603 2756 691 2792 Non
719 2755 841 2802 igitur
868 2754 1049 2793 Christus
1077 2755 1202 2794 Filius
1230 2754 1300 2793 Dei
1335 2753 1479 2791 dicitur
1497 2753 1650 2790 ratione
1670 2761 1778 2791 crea-

173 2805 291 2834 ionis.

203 2845 386 2890 Amplius,
402 2848 617 2892 Apostolus
635 2848 755 2886 dicit:
776 2851 835 2885 Ea>
854 2849 986 2894 quibus
1005 2851 1058 2886 est
1077 2849 1242 2886 Christus
1251 2848 1446 2884 secundum
1464 2856 1619 2886 carnem,
1638 2848 1704 2892 qui
1726 2848 1779 2883 est

155 2900 270 2939 supra
303 2893 426 2930 omnia
449 2895 543 2932 Deus
560 2895 763 2933 benedictus
780 2897 820 2932 in
835 2896 980 2938 saecula,
1001 2905 1105 2933 amen
1119 2895 1249 2944 (Rom,
1271 2901 1328 2940 lx,
1350 2893 1409 2940 5);
1429 2896 1467 2930 et
1486 2904 1496 2931 z
1519 2895 1779 2942 Exspectantes
