1894 3223
111 186 135 220 ὃ
736 179 825 215 LIB.
852 180 881 218 I,
907 180 1010 215 CAP.
1037 179 1097 214 Vl.

114 263 415 311 inquisitionem
451 261 696 298 excederent.
723 259 946 297 Secundum
978 260 1096 296 etiam
1135 260 1241 297 hunc
1261 259 1438 304 modum,
1469 259 1724 306 philosophis

114 321 209 349 cura
234 310 321 355 fuit,
343 314 385 346 ut
406 312 511 355 patet
531 306 698 358 septimo
720 306 768 353 (c.
792 307 848 352 13)
871 310 907 343 et
927 307 1080 344 decimo
1105 306 1155 353 (c.
1185 310 1199 343 1
1225 307 1314 351 015)
1334 308 1556 351 Ethicorum,
1579 307 1627 344 ad
1650 307 1725 344 hoc

113 357 358 396 11111011111103
389 365 413 393 a
449 353 701 392 sensibilium
719 352 1062 405 ‘delectationibus
1089 353 1138 390 ad
1169 353 1417 391 honestatem
1437 353 1718 400 perducerent,

115 404 324 443 ostendere
356 410 445 439 esse
466 401 543 438 alia
562 400 668 437 bona
688 399 752 437 his
772 400 1032 438 sensibilibus
1051 400 1221 446 potiora,
1277 410 1417 438 uorum
1448 404 1567 447 gustu
1600 400 1725 437 multo

115 451 278 490 suavius
299 449 365 496 qui
387 451 526 484 vacant
545 446 684 499 activis
703 446 765 499 vel
787 447 1103 499 contemplativis
1122 410 1334 484 virtutibus
1355 447 1611 484 delectantur.

162 500 229 535 Est
248 497 365 533 etiam
388 503 656 531 necessarium
679 493 909 539 hujusmodi
934 494 1138 530 veritatem
1158 494 1207 531 ad
1234 495 1472 531 credendum
1494 493 1725 531 hominibus

114 543 296 592 proponi,
312 541 360 579 ad
380 541 449 578 Dei
467 541 738 588 cognitionem
753 541 947 577 veriorem
973 541 1209 578 habendam.
1231 542 1337 578 Tunc
1358 541 1463 578 enim
1481 541 1612 578 solum
1632 550 1725 577 vere

115 594 238 629 Deum
269 588 566 641 cognosci-mus,
585 587 744 640 quando
770 587 1011 640 ipsum-esse
1033 587 1233 625 credimus
1253 597 1380 634 supra>
1402 596 1521 625 omne
1542 587 1595 631 id,
1615 587 1722 634 quod

115 639 162 676 de
188 639 268 674 Deo
300 639 465 682 cogitari
493 635 541 672 ab
571 635 733 672 homine
762 633 954 680 possibile
989 637 1063 679 est,
1090 643 1137 672 eo
1170 635 1274 681 quod
1299 635 1515 672 naturalem
1548 633 1726 671 hominis

115 683 386 731 cognitionem
421 682 555 720 divina
585 681 810 719 substantia
841 681 1008 725 excedit,
1039 684 1082 718 ut
1114 689 1235 727 supra
1266 685 1472 719 ostensum
1502 685 1563 718 est
1597 681 1644 728 (c.
1675 680 1726 728 3).

115 734 189 769 Per
207 731 284 768 hoc
309 739 352 767 er
381 738 405 767 0
425 729 531 776 quod
564 729 716 766 homini
745 729 791 765 de
824 729 904 765 Deo
931 729 1063 775 aliqua
1095 731 1383 774 proponuntur,
1417 737 1504 775 quae
1532 728 1728 765 rationem

115 778 324 831 excedunt,
358 780 531 860 ttruatur
547 776 590 814 in
611 776 773 813 homine
787 775 939 822 opinio,
959 775 1066 822 quod
1084 776 1190 812 Deus
1202 775 1255 812 sit
1272 775 1421 822 aliquid
1436 784 1555 821 supra
1569 775 1608 811 id
1623 773 1728 821 quod

116 829 283 872 cogitari
305 833 356 870 po
376 833 418 861 03
440 853 448 861 .

161 872 249 909 Alia
268 873 386 908 etiam
408 870 559 908 utilitas
574 870 667 907 inde
686 869 879 916 provenit,
894 869 1047 907 scilicet
1065 868 1390 916 praesumptionis
1409 868 1623 914 repressio,
1641 876 1729 914 quae

115 923 175 958 est
194 923 319 956 mater
335 918 495 955 erroris.
527 918 625 954 Sunt
657 918 762 954 enim
783 917 943 964 quidam
966 921 1116 953 tantum
1139 917 1186 953 de
1207 925 1281 952 suo
1302 915 1464 962 ingenio
1486 923 1726 961 praesumen-

114 970 189 1010 tes,
212 970 254 1002 ut
278 969 400 1002 totam
420 969 601 1001 naturam
636 964 810 1001 divinam
832 973 874 1000 se
908 967 1088 1009 reputent
1109 972 1183 1000 suo
1204 963 1407 999 intellectu
1441 971 1560 1008 posse
1582 961 1729 1007 metiri,

115 1013 358 1051 aestimantes
393 1011 544 1048 scilicet
568 1014 693 1048 totum
715 1020 804 1048 esse
838 1020 974 1047 verum
1006 1010 1112 1057 quod
1133 1011 1190 1047 eis
1212 1010 1378 1053 videtur,
1398 1012 1435 1046 et
1455 1009 1600 1046 falsum
1620 1008 1728 1055 quod

115 1061 175 1098 eis
195 1069 276 1097 non
293 1059 458 1096 videtur.
482 1060 527 1094 Ut
548 1067 641 1104 ergo
663 1058 710 1095 ab
726 1058 798 1094 hac
815 1057 1124 1103 praesumptione
1142 1057 1340 1094 humanus
1359 1057 1517 1093 animus
1538 1056 1730 1093 liberatus

117 1108 165 1145 ad
184 1107 403 1144 modestam
427 1106 726 1152 inquisitionem
745 1105 922 1141 veritatis
944 1104 1158 1150 perveniat,
1182 1104 1452 1140 necessarium
1481 1102 1555 1139 suit
1574 1103 1729 1139 homini

115 1154 283 1201 proponi
304 1152 483 1200 quaedam
505 1152 708 1195 divinitus,
731 1161 818 1198 quae
839 1152 1004 1188 omnino
1024 1151 1267 1187 intellectum
1287 1151 1374 1196 eJus
1393 1150 1639 1186 excederent.

161 1205 329 1247 Apparet
344 1200 460 1236 etiam
474 1199 552 1235 alia
564 1199 715 1236 utilitas
727 1208 775 1235 ex
788 1198 905 1235 dictis
921 1197 1154 1244 Philosophi
1171 1198 1210 1233 in
1228 1197 1382 1234 decimo
1395 1198 1603 1233 Ethicorum
1619 1196 1730 1248 (c.7).

117 1248 243 1292 Quum
265 1247 370 1283 enim
391 1246 612 1283 Simonides
631 1245 787 1282 cuidam
816 1245 968 1282 homini
987 1245 1358 1291 praetermittendam
1397 1244 1572 1280 divinam
1593 1253 1730 1290 cogni-

116 1296 269 1332 tionem
289 1293 556 1340 persuaderet,
578 1297 616 1330 et
637 1292 822 1329 humanis
848 1292 965 1328 rebus
991 1292 1198 1338 ingenium
1234 1291 1509 1337 applicandum
1532 1295 1729 1336 oportere,

117 1342 309 1388 inquiens
336 1341 510 1377 bumana
545 1349 682 1385 sapere
713 1340 915 1376 hominem
946 1342 984 1375 et
1011 1339 1196 1376 mortalia
1223 1339 1444 1378 mortalem,
1476 1342 1615 1374 contra
1641 1346 1730 1374 eum

117 1388 387 1433 Philosophus
423 1387 517 1424 dicit
537 1387 641 1433 quod
675 1386 795 1423 homo
826 1386 940 1423 debet
959 1395 1002 1423 se
1035 1386 1083 1423 ad
1103 1385 1344 1422 immortalia
1367 1389 1405 1422 et
1425 1385 1557 1421 divina
1576 1384 1732 1422 trahere

116 1439 307 1483 quantum
347 1437 488 1480 potest.
511 1434 619 1470 Unde
656 1433 697 1469 in
735 1433 836 1470 libro
863 1432 992 1478 primo
1025 1435 1078 1469 De
1096 1433 1316 1468 animalibus
1338 1432 1387 1479 (c.
1408 1432 1458 1479 5),
1483 1432 1591 1468 dicit·
1609 1431 1731 1478 quod,

118 1482 300 1529 quamvis
317 1490 455 1527 parum
475 1481 527 1518 sit
557 1480 663 1527 quod
689 1479 736 1516 de
756 1480 992 1517 substantiis
1014 1479 1288 1525 superioribus
1317 1479 1572 1526 percipimus,
1600 1482 1733 1515 tamen

116 1529 157 1566 id
169 1529 371 1566 modicum
391 1531 451 1564 est
470 1529 599 1574 magis
621 1530 793 1564 amatum
813 1531 849 1563 et
869 1527 1136 1563 desideratum
1158 1527 1267 1563 omni
1298 1526 1526 1573 cognitione
1547 1535 1664 1572 quam
1686 1525 1734 1562 de

116 1575 354 1613 substantiis
385 1574 643 1611 inferioribus
676 1573 1000 1611 habemus.Dicit
1030 1574 1161 1618 etiam,
1181 1576 1220 1609 in
1251 1573 1428 1611 secundo
1449 1573 1534 1610 Goelz’
1552 1576 1586 1608 et
1603 1572 1736 1608 mundi

119 1627 225 1664 (text.
248 1621 479 1668 comm.34),
501 1621 621 1668 quod,
639 1629 730 1657 cum
746 1621 792 1657 de
807 1621 1042 1667 corporibus
1063 1620 1292 1658 coelestibus
1316 1620 1559 1667 quaestiones
1577 1619 1737 1665 possint

118 1670 219 1754 {lei
240 1678 361 1721 parva
379 1671 418 1706 et
435 1669 568 1714 topica
584 1668 801 1714 solutione,
820 1668 1018 1715 contingit
1051 1667 1222 1706 auditori
1245 1671 1288 1704 ut
1305 1668 1521 1704 vehemens
1553 1668 1608 1704 sit
1639 1676 1734 1714 gau-

147 1726 229 1753 1um
249 1726 269 1752 e
289 1725 350 1752 us.

166 1765 219 1800 Ex
243 1726 388 1809 qinhus
417 1762 605 1799 omnibus
622 1764 783 1808 apparet
802 1761 908 1809 quod
926 1761 973 1799 de
999 1761 1118 1798 rebus
1139 1760 1404 1798 nobilissimis
1425 1764 1732 1807 quantumcum-

117 1819 194 1857 que
215 1809 445 1855 imperfecta
464 1809 640 1855 cognitio
673 1809 886 1845 maximam
904 1808 1186 1855 perfectionem
1205 1809 1348 1846 animae
1368 1807 1534 1845 confert.
1560 1809 1603 1843 Et
1625 1807 1732 1849 ideo,

118 1857 298 1903 quamvis
319 1865 378 1900 ea,
398 1865 485 1902 quae
516 1865 636 1900 supra
666 1856 860 1892 rationem
882 1859 988 1898 sunt,
1006 1855 1105 1892 ratio
1127 1855 1301 1892 humana
1337 1855 1451 1901 plene
1489 1864 1630 1900 capere
1653 1863 1734 1892 non

120 1904 402 1949 possit,tamen
417 1902 584 1939 multum
598 1902 673 1939 sibi
695 1903 950 1948 perfectionis
971 1902 1152 1949 acquirit,
1175 1903 1208 1939 si
1228 1902 1368 1939 saltem
1391 1912 1435 1938 ea
1455 1902 1735 1949 qualitercum-

121 1960 194 1997 que
212 1953 343 1986 teneat
364 1948 454 1986 fide.
477 1951 519 1985 Et
540 1949 628 1986 ideo
644 1949 787 1986 dicitur
809 1961 816 1985 :
839 1951 1003 1986 Plurima
1018 1960 1131 1995 supra
1148 1959 1290 1985 sensum
1311 1950 1465 1985 hominis
1485 1952 1626 1984 ostensa
1646 1951 1736 1984 sunt

122 1998 188 2032 tibi
202 1997 349 2043 (Eccli.‚
370 2005 427 2039 111,
447 1996 528 2043 25);
551 2001 589 2032 et
612 2008 621 2032 ε
645 1996 730 2039 Quae
746 1999 831 2032 sunt
849 1998 914 2032 Dei
929 2007 1029 2033 nemo
1048 1998 1161 2040 novit,
1182 1998 1257 2032 nisi
1278 1997 1439 2042 Spiritus
1473 1997 1552 2032 Det.
1569 2025 1576 2032 .
1591 2023 1599 2031 .
1625 1995 1738 2034 Nobis

125 2047 239 2080 autem
254 2044 428 2080 revelavit
445 2045 538 2082 Deus
554 2053 622 2091 per
639 2044 819 2092 Spiritum
836 2054 941 2080 suum
959 2043 989 2091 (1
1010 2044 1112 2085 Cor„
1133 2052 1177 2084 11,
1206 2043 1352 2090 10,11).

795 2195 967 2238 CAPUT
993 2195 1060 2237 VI.

142 2329 246 2364 QUOD
269 2328 485 2360 ASSENTIRE
503 2329 568 2359 HIS
591 2329 680 2364 ΟΠΞ
701 2327 804 2359 SUNT
826 2327 933 2358 FIDEI
957 2326 1036 2357 NON
1051 2326 1126 2357 EST
1147 2325 1371 2364 LEVITATIS,
1397 2325 1573 2361 QUAMVIS
1590 2324 1715 2356 SUPRA

764 2387 966 2418 RATIONEM
985 2386 1086 2416 SINT.

166 2515 400 2562 Hujusmodi
421 2518 555 2553 autem
574 2514 742 2559 veritati,
758 2513 823 2552 cui
837 2512 939 2551 ratio
956 2513 1132 2551 humana
1145 2513 1456 2559 experimentum
1473 2519 1555 2550 non
1574 2509 1735 2558 praebet,

118 2561 236 2599 fidem
271 2563 504 2600 adhibentes
530 2571 611 2599 non
642 2562 780 2599 leviter
797 2560 978 2606 credunt,
997 2560 1112 2608 quasi
1146 2560 1270 2597 doctas
1285 2560 1436 2605 fabulas
1454 2559 1578 2600 secuti,
1615 2560 1660 2594 ut
1677 2566 1739 2595 se·

119 2609 249 2646 cunda
267 2609 371 2646 Petri
392 2609 433 2655 (1,
454 2609 512 2655 16)
534 2609 692 2646 dicitur.

167 2657 255 2692 Haec
275 2655 382 2692 enim
413 2655 556 2692 divinae
576 2654 782 2701 sapientiae
816 2657 970 2693 secreta
986 2655 1076 2702 ipsa
1094 2654 1230 2692 divina
1258 2652 1474 2700 Sapientia,
1491 2659 1582 2697 quae
1600 2651 1739 2690 omnia

116 2702 350 2748 plenissime
370 2702 492 2742 novit,
511 2702 673 2748 dignata
693 2706 753 2739 est
770 2702 1003 2740 hominibus
1023 2702 1210 2746 revelare,
1238 2709 1327 2748 quae
1344 2699 1407 2736 sui
1425 2698 1678 2745 praesentiam
1695 2701 1738 2736 et

117 2749 308 2786 doctrinae
329 2752 368 2786 et
389 2749 665 2794 inspirationis
692 2749 899 2786 veritatem
928 2748 1258 2787 convenientibus
1279 2745 1525 2794 argumentis
1545 2744 1735 2791 ostendit,

118 2795 212 2833 dum
231 2796 279 2833 ad
299 2795 613 2833 confirmandum
633 2804 692 2839 ea,
713 2805 801 2842 quae
839 2796 1059 2834 naturalem
1091 2794 1362 2843 cognitionem
1386 2792 1594 2833 excedunt,
1616 2800 1738 2838 opera

117 2842 328 2880 visibiliter
360 2842 547 2886 ostendit,
564 2851 652 2889 quae
686 2843 810 2879 totius
832 2847 982 2880 naturae
1015 2844 1205 2890 superant
1219 2840 1469 2883 facultatem3
1490 2839 1674 2877 videlicet
1694 2839 1736 2876 in

119 2889 292 2927 mirabili
313 2890 518 2927 curatione
539 2889 790 2936 languorum,
813 2894 1059 2928 mortuorum
1093 2887 1368 2932 suscitatione,
1387 2886 1607 2924 coelestium
1647 2894 1734 2924 cor-

117 2945 259 2984 porum
291 2936 464 2975 mirabili
503 2936 801 2982 immutatione,
834 2940 889 2983 et,
926 2936 1035 2984 quod
1069 2939 1132 2974 031
1163 2934 1388 2972 mirabilius
1410 2934 1419 2970 1
1469 2933 1734 2972 humanarum
