1894 3223
725 114 728 115 ⁷
771 139 897 176 ouno

116 146 183 181 654

152 234 230 264 Car.
257 239 377 263 vaiii.
402 248 440 254 —
455 229 573 262 Solutio
594 229 786 261 auctoritatis
800 238 892 269 supra

116 279 257 310 inductui.
712 275 716 279 “
835 277 893 308 603

157 326 416 356 CA11.inx.——
445 324 489 356 Ex
526 323 609 364 quali
643 331 721 365 pane
758 325 790 355 et
822 322 894 355 vino

115 372 205 404 (lebet
224 372 336 403 coulici
356 372 414 404 lioc
437 372 672 403 sacramentum.
834 371 893 402 603

156 418 234 451 CAP.
260 426 340 450 Lxx.
361 436 400 441 -
439 419 481 450 De
510 420 701 450 sacramento
742 418 895 450 Poeniten-

116 466 186 505 tiae,
229 467 260 498 et
315 465 416 507 primo
473 465 554 506 quod
611 465 753 498 homines
769 489 778 504 ‚
821 466 892 506 post

116 513 244 553 gratiam
284 512 536 545 sacramentalem
565 514 722 552 acceptam
738 536 746 550 ‚
769 515 915 552 peecare'

115 561 257 600 possunt.
837 559 895 590 605

156 606 238 639 CAP.
264 613 358 638 Lxxi.
382 624 419 629 —
444 606 530 644 Quod
550 607 641 638 homo
662 615 795 647 peccans
827 607 897 646 post

119 657 378 687 sacramentorum
400 653 542 694 gratiam,
566 655 670 694 potest
697 653 733 685 ad
767 653 896 694 gratiam

117 701 267 733 converti.
836 700 896 732 606

158 748 238 780 CAP.
260 756 368 780 Lxxn.
388 766 424 772 —-
446 748 488 780 De
501 748 685 780 necessitate
703 746 898 780 Poenitentiae

121 797 152 827 et
170 795 302 836 partium
324 795 402 836 eJus.
836 794 897 825 608

158 843 241 874 CAP.
261 849 384 874 Lxxiii.
404 860 443 867 —
463 843 504 874 De
534 845 725 875 sacramento
748 842 897 874 Extremae

118 888 289 921 Unctionis.
838 890 896 920 610

159 935 238 968 CAP.
259 943 376 968 Lxxiv.
400 953 438 958 —-
491 937 531 968 De
573 938 762 968 sacramento
810 934 896 967 Ordi-

118 983 176 1015 nis.
837 984 896 1015 612

160 1031 241 1064 CAP.
263 1038 366 1063 Lxxv.
409 1049 447 1054 —-
489 1032 530 1062 De
572 1031 769 1064 distinctione
818 1030 898 1063 ordi-

117 1087 202 1110 num.
838 1079 897 1111 613

121 1166 124 1169 ,
159 1125 237 1157 CAP.
260 1133 378 1158 Lxxvi.
408 1144 445 1148 —
466 1127 507 1158 De
536 1125 706 1167 episcopali
735 1125 897 1168 dignitate,

119 1175 148 1205 et
165 1172 246 1213 quod
260 1172 291 1204 in
311 1182 345 1205 ea
364 1181 442 1205 uuus
466 1172 506 1205 sit
520 1181 668 1206 summus.
837 1173 899 1206 614

160 1220 241 1252 CAP.
272 1227 406 1252 Lxxvii.
429 1238 467 1244 --
487 1220 573 1257 Quod
602 1229 656 1261 per
684 1221 782 1253 malos
811 1219 899 1252 mini-

127 1270 207 1299 slros
229 1270 420 1300 sacramenta
441 1268 613 1308 dispensari
633 1271 773 1309 possunt.
840 1269 899 1300 615

162 1315 242 1345 Car.
266 1321 413 1346 Lxxvni.
437 1332 474 1337 ——
495 1315 536 1347 De
566 1317 756 1347 sacramento
793 1313 898 1346 matri·

124 1361 231 1393 nlouii.
839 1362 898 1393 617

161 1410 241 1441 CAP.
263 1417 379 1440 Lxxix.
403 1427 440 1432 —
461 1409 546 1446 Quod
564 1418 618 1449 per
630 1408 783 1442 Christum
800 1418 900 1442 resur-

122 1457 217 1489 reetio
239 1465 399 1497 corporum
424 1456 464 1488 sit
481 1456 594 1488 futura.
839 1458 898 1489 618

159 1505 242 1536 Car.
266 1511 369 1536 Lxxx.
392 1522 430 1527 -
450 1503 647 1544 ObJ'ectiones
670 1507 775 1537 contra
797 1514 899 1537 resur-

121 1552 297 1584 rectionem.
839 1552 899 1584 619

161 1600 240 1630 CAP.
277 1606 393 1630 Lxxxi.
435 1617 473 1622 -—
515 1599 633 1632 solutio
673 1600 898 1641 praemissarum

121 1646 341 1686 objectionum.
838 1649 898 1679 620

162 1694 242 1724 Car.
265 1700 394 1724 Lxxxii.
418 1694 558 1731 —Quod
578 1694 720 1726 homines·
739 1697 901 1734 resurgent

123 1743 323 1776 immortales.
840 1747 899 1777 623

164 1791 243 1822 Car.
277 1798 429 1822 Lxxxiii.
465 1809 496 1813 —-
548 1792 635 1829 Quod
683 1793 714 1824 in
764 1802 899 1830 resurre-

900 132 1102 183 -rERuM.

968 229 1067 260 ctione
1100 238 1157 262 nou
1189 230 1246 262 erit
1283 239 1356 262 usus
1396 229 1531 263 ciborum
1564 235 1595 263 et
1613 239 1740 263 venere-

968 283 1068 307 orum.
1687 280 1745 310 (525

1009 322 1088 355 Car.
1110 329 1253 355 Lxxxw.
1273 340 1311 346 -—
1330 323 1416 360 Quod
1434 334 1563 366 corpora
1583 333 1745 364 resurgen-

967 369 1011 402 tia
1029 371 1119 401 eruut
1139 369 1273 410 ejusdem
1297 372 1411 402 naturae
1429 371 1508 403 sicut
1529 371 1625 412 prius.
1688 374 1747 405 629

1009 416 1089 449 CAP.
1123 424 1251 448 Lxxxv.
1283 434 1322 439 —
1357 417 1442 455 Quod
1479 426 1608 459 corpora
1644 427 1748 451 resur-

968 464 1102 505 gentium
1134 466 1223 496 erunt
1250 464 1375 498 alterius
1411 465 1626 506 dispositionis
1657 475 1747 507 quam

969 514 1050 543 ante.
1686 516 1743 546 631

986 580 995 586 .
1010 559 1090 591 (ΖΜ).
1114 567 1256 591 LxxxV1.
1283 579 1320 583 —
1342 561 1383 593 De
1405 560 1558 601 qualitate
1585 569 1746 603 corporum

970 606 1221 647 glorificatorum.
1688 610 1748 640 632

1011 653 1090 685 CAP.
1114 660 1275 685 Lxxxvii.
1297 670 1334 676 —
1355 654 1396 685 De
1417 654 1486 686 loco
1503 663 1666 696 corporum
1686 655 1749 695 glo-

970 699 1174 733 rificatorum.
1688 704 1747 736 633

1011 747 1091 780 CAP.
1121 754 1291 780 Lxxan.
1328 767 1366 772 —-
1402 750 1444 781 De
1476 758 1550 782 sexu
1589 752 1620 781 et
1660 751 1749 782 aetate

969 794 1207 834 resurgentium.
1688 797 1747 829 634

1011 842 1091 874 CAP·
1114 849 1254 875 Lxxxix.
1277 860 1315 867 -·
1335 843 1378 876 De
1410 843 1557 885 qualitate
1583 852 1746 886 corporum

970 889 1195 929 resurgentium
1213 889 1245 922 in
1267 889 1431 923 damnatis.
1687 892 1748 923 634

1011 936 1090 968 CAP.
1112 944 1166 969 xc.
1190 955 1229 961 —
1249 937 1406 974 Quomodo
1439 937 1618 970 substantiae
1645 938 1749 970 incor-

970 993 1071 1025 poreae
1093 985 1247 1026 patiantur
1267 984 1304 1017 ab
1326 984 1396 1025 igne
1417 993 1579 1026 corporeo.
1688 987 1747 1018 635

1012 1031 1093 1064 CAP.
1112 1039 1182 1064 xci.
1203 1048 1243 1055 -
1272 1031 1358 1069 Quod
1392 1032 1512 1071 animai,
1533 1031 1638 1064 statim
1673 1035 1747 1074 post

972 1079 1196 1121 separationem
1214 1088 1229 1111 a
1245 1087 1383 1120 corpore,
1397 1087 1519 1120 poenam
1530 1079 1578 1112 vel
1590 1080 1749 1121 praemium

972 1129 1212 1167 consequuntur.
1690 1128 1749 1161 637

1012 1175 1094 1207 CAP.
1130 1182 1212 1208 xcii.
1250 1194 1287 1199 —-
1321 1176 1407 1214 Quod
1442 1177 1550 1209 animae
1577 1178 1749 1209 sanctorum

973 1224 1043 1263 post
1076 1225 1204 1254 mortem
1244 1223 1358 1255 liabent
1391 1223 1582 1257 voluntatem
1610 1223 1751 1256 immuta-

972 1270 1064 1302 bilem
1085 1269 1115 1301 in
1139 1269 1230 1301 hono.
1688 1271 1749 1304 639

1014 1317 1096 1349 CAP.
1130 1324 1227 1349 xcni.
1265 1336 1304 1342 -
1341 1319 1426 1358 Quod
1459 1319 1568 1351 animae
1602 1317 1751 1350 malorum

973 1367 1045 1406 post
1069 1366 1197 1397 mortem
1238 1365 1351 1398 habeut
1388 1365 1579 1398 voluntatem
1611 1365 1752 1397 immuta·

973 1411 1065 1443 bilem
1086 1410 1117 1442 in
1134 1411 1225 1443 malo.
1690 1412 1750 1443 646

1014 1458 1095 1490 CAP.
1122 1464 1213 1489 xmv.
1236 1474 1274 1481 -
1291 1457 1333 1489 De
1352 1457 1566 1489 immobilitate
1583 1457 1752 1491 voluntatis

974 1505 1005 1536 in
1025 1503 1185 1537 animabus
1204 1504 1237 1537 iu
1256 1503 1435 1544 purgatorio
1458 1503 1604 1537 detentis.
1689 1506 1748 1536 641

1014 1552 1093 1585 CAP.
1127 1559 1207 1584 xcv.
1238 1569 1278 1576 —-
1307 1552 1348 1584 De
1377 1560 1468 1584 eausa
1493 1551 1752 1584 immutabilitatis

974 1600 1177 1633 eommuuiler
1217 1599 1247 1631 iu
1293 1599 1436 1631 omuibus
1475 1599 1633 1631 animabus
1681 1603 1753 1641 post

975 1649 1198 1690 separationem
1220 1657 1237 1680 a
1256 1655 1396 1688 corpore.
1690 1650 1749 1680 [541

1015 1697 1096 1728 CAP.
1120 1703 1209 1727 xcvr.
1230 1713 1267 1717 —
1289 1695 1329 1726 De
1353 1694 1435 1726 finali
1452 1694 1582 1734 judicio.
1691 1696 1752 1726 64².)

1015 1744 1095 1775 CAP.
1134 1751 1241 1775 CXVII.
1284 1761 1322 1766 —-
1361 1742 1402 1773 De
1432 1744 1513 1774 statu
1543 1742 1647 1775 mundi
1681 1745 1752 1783 post

971 1792 1133 1833 judicium.
1691 1791 1750 1822 643

616 2910 678 2938 *5211*
704 2914 728 2938 L:
746 2915 818 2939 illic.
839 2929 870 2933 -—
889 2915 964 2948 ΤΗ).
982 2914 1166 2941 ὃιςὶιυιυωωί
1188 2917 1218 2941 et
1237 2916 1273 2942 Cfl
