1894 3223
635 84 724 122 Ltss.
756 85 816 127 ΙΙΙ,
846 84 946 120 ΟΑΡ.
975 83 1077 119 LXII.
1595 81 1660 115 335

90 170 187 208 Hinc
207 173 266 207 est
291 167 399 216 quod
425 167 619 205 Dominus
642 167 750 210 dicit,
769 168 897 210 Joaii„
918 173 1017 209 xvir,
1038 167 1058 201 3
1081 164 1191 200 :Haec
1217 165 1269 199 est
1296 163 1373 198 vita
1396 164 1530 197 aeterna
1550 164 1589 195 ut
1608 169 1661 196 co·

41 219 214 263 quoscum
232 219 266 254 te
283 225 396 252 unum
413 216 526 252 Deum
542 214 678 251 vivum.

693 359 860 402 CAPUT
891 360 1010 401 LXII.

295 482 396 517 QUOD
420 481 611 511 vaNTEs
638 481 744 510 DEMI
770 481 811 509 IN
835 480 1065 510 PERPETUUM
1088 479 1171 510 EUM
1197 479 1407 509 VIDEBUNT.

95 597 150 633 Ex
169 595 245 632 hoc
265 597 396 631 autern
425 595 586 639 apparet
615 591 720 639 quod
741 592 797 628 illi
820 592 885 638 qui
908 591 1088 628 ultimam
1110 589 1338 626 felicitatem
1361 592 1662 637 consequuntur

49 652 96 681 ex
113 642 270 680 visione
290 640 425 678 divina
444 648 647 686 nunquam
675 638 722 676 ab
744 639 811 675 illa
831 638 1024 675 decident.
1043 638 1166 674 Omne
1184 636 1290 673 enim
1304 638 1414 682 quod
1426 636 1662 682 quandoque

49 693 123 735 aet,
151 692 188 726 et
224 687 462 735 quandoque
479 695 562 724 non
582 689 654 732 est,
681 689 857 733 tempore
870 688 1135 728 mensuratur,
1158 686 1200 720 ut
1213 687 1319 729 patet
1337 683 1377 719 in
1398 687 1536 729 quarto
1551 683 1660 727 Phys.

51 737 159 784 (text.
193 744 336 773 comm.
372 734 468 781 117).
488 733 596 771 visio
629 735 760 770 autem
792 732 990 779 praedicta,
1011 740 1098 778 quae
1136 729 1424 767 intellectuales
1460 733 1662 766 creaturas

49 784 187 822 beatas
204 782 309 826 facit,
330 791 410 818 non
443 780 563 829 estin
593 783 782 826 tempore,
802 779 871 817 sed
899 779 938 815 in
966 778 1195 816 aeternitate.
1218 776 1470 824 Impossibile
1491 780 1552 814 est
1571 783 1665 823 ergo

53 830 175 878 quod,
201 839 248 867 ex
267 838 346 876 quo
361 828 471 866 illius
492 828 686 874 particeps
706 826 850 874 aliquis
870 825 926 870 fit,
948 826 1073 872 ipsam
1093 825 1258 862 amittat.

98 877 238 918 Adhuc,
261 879 440 914 creatura
463 874 745 912 intellectualis
784 882 862 911 non
901 873 1078 919 pervenit
1117 871 1165 909 ad
1205 871 1386 908 ultimum
1425 870 1559 915 finem,
1586 871 1665 907 nisi

83 924 212 962 uando
232 923 318 970 ejus
344 921 523 960 naturale
547 921 787 958 desiderium
809 921 1019 968 quietatur.
1035 920 1144 956 Sicut
1163 922 1293 956 autem
1314 918 1546 955 naturaliter
1565 916 1665 954 desi-

53 935 164 1009 gerat
184 970 425 1014 felicitatem,
444 969 501 1005 ita
529 968 760 1005 naturaliter
786 967 985 1004 desiderat
1013 965 1214 1003 felicitatis
1232 966 1547 1012 perpetuitatem.
1572 965 1666 1002 Cum

56 1019 162 1056 enim
183 1017 224 1054 in
244 1025 319 1054 sua
336 1014 561 1053 substantia
587 1015 640 1052 sit
658 1017 859 1061 perpetua,
875 1013 973 1051 illud
1007 1013 1112 1060 quod
1138 1017 1297 1059 propter
1328 1021 1372 1050 se
1393 1012 1604 1055 desiderat,
1630 1015 1668 1048 et

54 1074 136 1102 non
174 1066 333 1110 propter
370 1061 493 1106 aliud,
509 1061 706 1099 desiderat
744 1064 786 1098 ut
822 1069 979 1106 semper
1016 1059 1257 1097 habendum.
1276 1059 1366 1097 Non
1400 1059 1524 1106 igitur
1561 1062 1668 1095 esset

54 1111 225 1149 felicitas
245 1109 410 1147 ultimus
424 1108 531 1152 finis,
551 1108 631 1145 nisi
651 1112 840 1155 perpetuo
861 1110 1122 1154 permaneret.

103 1157 285 1203 Amplius,
317 1165 437 1194 omne
465 1155 562 1193 illud
592 1155 698 1202 quod
741 1164 830 1192 cum
864 1163 998 1192 amore
1026 1152 1276 1200 possidetur,
1306 1153 1341 1191 si
1380 1151 1530 1190 sciatur
1561 1151 1667 1199 quod

83 1205 294 1252 nandoque
315 1202 531 1255 amittatur,
552 1202 751 1239 tristitiam
773 1202 905 1239 infert.
926 1201 1035 1254 Visio
1056 1204 1187 1239 autem
1207 1200 1406 1246 praedicta,
1423 1208 1510 1253 quae
1528 1198 1669 1237 beatos

72 1253 162 1294 θοὴ,
185 1261 273 1289 cum
295 1251 348 1289 sit
373 1259 545 1287 maxime
566 1248 810 1287 delectabilis
841 1253 878 1286 et
897 1256 1069 1286 maxime
1088 1247 1325 1292 desiderata,
1347 1255 1518 1284 maxime
1539 1255 1563 1283 a
1581 1255 1670 1292 pos-

54 1298 280 1338 sidentibus
300 1306 386 1335 eam
404 1300 572 1345 amatur.
591 1296 841 1342 Impossibile
862 1305 956 1342 ergo
977 1298 1166 1334 esseteos
1186 1304 1267 1332 non
1286 1294 1449 1338 tristari,
1465 1294 1500 1331 si
1521 1294 1669 1331 scirent

59 1355 102 1384 se
122 1345 359 1394 quandoque
379 1353 464 1381 eam
486 1344 721 1381 amissuros.
741 1344 778 1381 Si
800 1347 930 1380 autem
949 1352 1031 1380 non
1062 1346 1166 1380 esset
1186 1345 1388 1389 perpetua,
1409 1341 1487 1378 hoc
1507 1341 1668 1378 scirent.

56 1395 142 1431 Jam
175 1393 280 1430 enim
314 1395 520 1429 ostensum
553 1394 614 1428 est
635 1391 734 1437 (cap.
759 1390 832 1436 59),
869 1390 988 1436 quod,
1015 1390 1187 1426 videndo
1209 1389 1383 1426 divinam
1405 1388 1667 1425 substantiam

59 1441 179 1478 etiam
197 1439 274 1476 alia
293 1441 540 1476 coonoscuut
562 1447 649 1484 quae
673 1437 904 1474 naturaliter
925 1440 1031 1474 sunt.
1059 1436 1167 1473 Unde
1187 1436 1313 1472 multo
1343 1435 1474 1482 magis
1498 1442 1670 1481 coguos-

61 1490 156 1525 cunt
181 1485 312 1534 qualis
327 1466 408 1537 ‚iblla
437 1484 540 1521 visio
571 1485 643 1536 sit,·
656 1489 784 1521 utrum
807 1487 1007 1530 perpetua,
1029 1483 1090 1520 vel
1110 1483 1348 1530 quandoque
1377 1481 1565 1519 desitura.
1586 1483 1672 1518 Non

62 1542 157 1581 ergo
175 1533 266 1571 talis
298 1540 401 1569 VISIO
433 1531 591 1569 adesset
611 1540 669 1568 eis
701 1532 787 1568 sine
818 1531 991 1575 tristitia,
1006 1534 1044 1566 et
1063 1531 1119 1566 ita
1138 1539 1219 1567 non
1249 1533 1355 1567 esset
1374 1539 1466 1566 vera
1486 1529 1669 1572 felicitas,

62 1590 150 1629 quae
165 1579 214 1618 ab
226 1579 334 1617 omni
345 1577 450 1616 malo
461 1578 678 1615 immunem
689 1578 855 1619 reddere
867 1577 993 1621 debet,
1003 1581 1046 1614 ut
1059 1586 1177 1623 supra
1193 1577 1291 1623 (cap.
1305 1576 1364 1622 48)
1380 1579 1585 1613 ostensum
1597 1580 1666 1612 est.

108 1629 207 1668 Item,
227 1625 331 1673 quod
366 1630 545 1663 movetur
573 1625 805 1662 naturaliter
831 1625 878 1662 ad
912 1624 1063 1671 aliquid
1093 1625 1197 1661 sicut
1224 1624 1273 1661 ad
1293 1623 1412 1660 finem
1433 1623 1495 1660 sui
1521 1627 1668 1667 motus,

61 1683 144 1712 non
162 1676 387 1712 removetur
405 1671 454 1710 ab
474 1680 521 1709 eo
541 1672 620 1709 nisi
640 1681 710 1717 per
728 1672 971 1714 violentiam,
991 1671 1096 1708 sicut
1111 1680 1229 1718 grave
1248 1679 1339 1708 cum
1359 1670 1566 1716 projicitur
1585 1679 1672 1707 sur-

61 1730 150 1760 sum
171 1733 180 1758 :
202 1723 359 1758 constat
375 1722 504 1757 autem
538 1728 585 1755 ex
605 1719 802 1764 praedictis
823 1719 922 1766 (cap.
939 1718 997 1763 50)
1019 1719 1125 1765 quod
1154 1719 1287 1756 omnis
1315 1717 1538 1755 substantia
1555 1717 1669 1753 intel-

58 1767 241 1806 lectualis
278 1766 450 1818 naturali
484 1765 682 1802 desiderio
702 1765 827 1802 tendit
863 1765 911 1802 ad
940 1765 1049 1802 illam
1069 1765 1280 1802 visionem.
1302 1766 1390 1802 Non
1412 1773 1507 1811 ergo
1526 1763 1574 1801 ab
1602 1763 1671 1800 illa

56 1814 215 1854 deficiet
233 1813 312 1851 nist
342 1822 412 1860 per
426 1813 668 1850 violentiam.
691 1813 796 1850 Nihil
815 1816 943 1850 autem
975 1812 1130 1849 tollitur.
1146 1822 1216 1858 per
1235 1811 1462 1850 violentiam
1485 1811 1668 1856 alicujus,

58 1863 139 1900 nisi
157 1861 284 1899 virtus
297 1860 512 1897 auferentis
527 1860 578 1897 sit
591 1859 718 1906 major
732 1860 874 1897 virtute
890 1860 1108 1897 causantis.
1128 1859 1304 1897 visionis
1318 1862 1449 1896 autem
1461 1858 1530 1895 Dei
1548 1867 1671 1895 causa

55 1913 121 1947 est
139 1910 257 1954 Deus,
273 1912 317 1946 ut
335 1917 458 1954 supra
477 1907 577 1954 (cap.
599 1907 658 1953 52)
673 1907 879 1953 probatum
899 1910 972 1944 est.
995 1907 1095 1953 Ergo
1115 1916 1206 1944 cum
1224 1906 1333 1943 nulla
1350 1905 1475 1943 virtus
1496 1905 1669 1942 divinam

58 1957 243 1993 virtutem
265 1955 440 1999 excedat,
458 1954 707 2000 impossibile
725 1958 786 1992 est
805 1955 911 2002 quod
933 1954 1002 1991 illa
1028 1953 1132 1991 visio
1155 1963 1227 2001 per
1245 1953 1473 1990 violentiam
1491 1952 1669 1990 tollatur.

57 2003 105 2040 In
123 2005 356 2049 perpetuum
378 2009 474 2049 ergo
492 2001 661 2039 durabit.

107 2049 252 2101 Adhuc,
274 2049 309 2086 si
342 2047 487 2094 aliquis
521 2048 653 2085 videre
671 2048 826 2086 desinat
850 2048 956 2096 quod
975 2049 1087 2095 prius
1108 2048 1280 2094 videbat,
1298 2051 1368 2086 aut
1388 2047 1465 2085 hoc
1484 2046 1558 2084 erit
1579 2047 1672 2095 quia

62 2095 218 2135 deficiet
239 2095 276 2133 ei
309 2095 477 2147 facultas
508 2094 680 2140 videndi,
699 2095 803 2133 sicut
827 2105 917 2132 cum
948 2096 1094 2143 aliquis
1122 2096 1292 2133 moritur
1321 2095 1383 2132 vel
1412 2098 1593 2139 caecatui‘,
1611 2094 1673 2131 vel

60 2142 293 2196 aliqualiter·
310 2140 546 2194 impeditur;
566 2144 633 2179 aut
651 2142 726 2178 erit
750 2142 842 2189 quia
860 2151 941 2180 non
969 2144 1053 2181 vult
1091 2143 1263 2190 amplius
1289 2142 1435 2187 videre,
1457 2142 1562 2179 sicut
1581 2150 1672 2178 cum

61 2199 153 2237 quis
174 2191 313 2227 avertit
327 2197 458 2226 visum
484 2198 508 2226 a
519 2197 566 2241 re
587 2197 705 2236 quam
725 2189 836 2235 prius
860 2189 1042 2235 videbat3
1062 2190 1124 2228 vel
1145 2190 1239 2237 quia
1258 2188 1456 2236 objectum
1474 2187 1671 2226 subtrahi-

59 2241 125 2274 tur
146 2249 154 2273 :
177 2239 216 2273 et
232 2235 590 2288 hoccommuniter
609 2244 743 2273 verum
760 2239 833 2280 est,
853 2236 936 2274 sive
956 2236 1004 2274 de
1024 2237 1180 2275 visione
1197 2244 1357 2278 sensus,
1379 2236 1463 2273 sive
1491 2235 1538 2272 de
1556 2234 1672 2271 intel—

59 2283 222 2321 lectuali
249 2283 404 2320 visione
436 2282 886 2329 loquatur.Suhstantiae
918 2287 1050 2322 autem
1088 2283 1347 2321 intellectuali
1365 2282 1515 2320 videnti
1546 2282 1670 2317 Deum

58 2339 143 2369 non
178 2333 310 2377 potest
342 2329 481 2367 deesse
517 2329 685 2367 facultas
715 2329 873 2367 videndi
912 2332 1035 2369 Deum
1070 2339 1199 2378 neque
1234 2339 1306 2376 per
1340 2329 1417 2367 hoc
1442 2327 1550 2376 quod
1583 2336 1672 2365 esse

62 2377 231 2418 desinat,
252 2386 342 2414 cum
361 2376 413 2413 sit
433 2379 634 2429 perpetua,
654 2379 698 2413 ut
718 2385 839 2423 supra
857 2377 939 2423 (lib.
960 2387 1004 2422 11,
1026 2387 1112 2423 cap.
1134 2377 1194 2425 55)
1215 2380 1423 2414 ostensum
1442 2378 1518 2419 est,
1545 2382 1672 2421 neque

59 2433 132 2472 per
151 2424 344 2461 defectum
366 2422 531 2461 luminis
549 2432 630 2471 quo
649 2425 773 2461 Deum
794 2423 910 2469 videt,
932 2434 1021 2462 cum
1041 2425 1175 2461 lumen
1196 2423 1295 2460 illud
1321 2421 1676 2470 incorruptibiliter

58 2471 275 2523 recipiatur
307 2469 527 2508 secundum
557 2470 829 2507 conditionem
853 2474 889 2507 et
906 2471 1136 2517 recipientis
1153 2474 1191 2508 et
1212 2469 1343 2508 dantis
1363 2481 1372 2514 ;
1394 2479 1523 2517 neque
1542 2473 1674 2515 potest

56 2518 203 2556 ⁴deesse
239 2528 276 2555 ei
295 2518 481 2555 voluntas
516 2516 585 2554 tali
598 2516 759 2569 ‘visione
798 2517 969 2558 fruendi.
989 2527 1037 2554 ex
1067 2526 1147 2564 quo
1165 2517 1333 2564 percipit
1368 2517 1499 2554 inilia
1516 2517 1670 2554 visione

56 2574 155 2603 esse
186 2574 300 2604 suam
331 2564 511 2601 ultimam
538 2563 783 2609 felicitatem,
804 2564 907 2601 sicut
935 2573 1017 2601 nou
1047 2567 1179 2610 potest
1205 2563 1307 2601 velle
1333 2572 1416 2601 non
1450 2573 1542 2602 esse
1561 2563 1669 2601 felix.

57 2613 197 2665 ⁴pieque
224 2612 342 2650 etiam
374 2611 506 2648 videre
543 2610 701 2648 desinet
729 2619 800 2657 per
830 2610 1140 2649 subtractionem
1171 2610 1330 2658 objecti,
1350 2611 1445 2658 quia
1472 2611 1670 2658 objectum

58 2659 161 2697 allud
179 2659 287 2707 quod
306 2661 367 2696 est
384 2659 504 2703 Deus,
517 2666 674 2704 semper
689 2658 828 2695 eodem
847 2657 967 2695 modo
988 2667 1031 2695 se
1046 2657 1176 2703 habet,
1195 2667 1271 2695 nec
1289 2658 1499 2706 elongatur
1512 2668 1536 2696 a
1553 2658 1672 2695 nobis

60 2705 144 2759 nisi
171 2706 214 2743 in
249 2709 441 2753 quantum
471 2713 548 2743 nos
585 2705 821 2752 elongamur
845 2704 894 2742 ab
925 2705 1028 2751 ipso.
1050 2704 1301 2752 Impossibile
1334 2709 1396 2743 est
1423 2705 1547 2753 igitur
1566 2704 1672 2752 quod

59 2752 166 2790 visio
180 2753 251 2790 illa
269 2753 336 2790 Dei
358 2761 445 2799 quae
467 2752 606 2790 beatos
625 2751 731 2792 facit,
752 2760 929 2798 unquam
949 2751 1117 2789 deficiat.

112 2799 300 2845 Praeterea,
322 2798 570 2845 impossibile
600 2798 787 2845 estquod
816 2798 960 2845 aliquis
986 2809 1008 2836 a
1033 2799 1140 2836 bono
1159 2808 1239 2847 quo
1257 2799 1401 2837 fruitur
1430 2800 1524 2836 velit
1544 2799 1671 2836 disce-

62 2843 174 2891 dere,
191 2846 271 2884 nisi
286 2846 626 2895 propteraliquod
639 2846 789 2883 malum
810 2845 916 2893 quod
931 2846 972 2883 in
992 2846 1180 2884 fruitione
1195 2845 1310 2884 illius
1320 2846 1421 2885 boni
1439 2847 1669 2888 aestimatur,
