1894 3223
146 76 211 112 130
729 68 818 103 LIB.
846 67 893 110 II,
921 65 1023 102 CAP.
1049 65 1168 102 XXVI.

189 156 288 197 Item,
311 156 516 189 ostensum
538 152 599 186 est
618 157 739 192 supra
758 147 799 192 (l.
821 155 848 190 1,
871 155 905 182 c.
922 144 979 191 95)
999 144 1103 192 quod
1121 145 1226 182 Deus
1247 153 1327 182 non
1339 146 1470 191 potest
1483 143 1583 180 velle
1598 143 1764 191 aliquod

145 201 314 243 malum;
334 198 437 235 unde
458 199 563 242 patet
581 194 687 241 quod
708 195 812 230 Deus
831 201 994 239 peccare
1014 199 1093 228 non
1114 192 1258 237 potest.

193 246 381 284 Similiter
401 247 606 280 ostensum
637 243 698 277 est
727 248 848 285 supra
881 239 1019 285 (l.1,c.
1061 237 1117 284 13)
1149 239 1255 284 quod
1293 237 1427 275 divina
1459 237 1642 275 voluntas
1678 247 1760 274 non

146 297 274 341 potest
295 300 382 328 esse
403 288 620 372 mlutabilis.
640 287 703 324 Sic
723 287 845 334 igitur
864 295 944 323 non
966 288 1095 332 potest
1114 284 1242 322 facere
1263 285 1302 322 id
1330 283 1436 332 quod
1456 287 1516 321 est
1548 294 1571 321 a
1597 293 1640 322 se
1668 284 1768 322 voli·

147 346 227 378 tum
250 347 327 375 non
350 346 401 373 im
450 345 518 373 erl.

194 346 554 423 Sciendumptamen
576 380 682 428 quod
709 379 784 417 hoc
801 379 880 416 alio
900 379 1019 417 modo
1040 380 1184 417 dicitur
1204 388 1285 416 non
1319 387 1438 425 posse
1475 387 1497 415 a
1527 377 1768 423 praemissis„

148 436 243 470 Nam
261 431 466 477 praemissa
486 427 719 474 simpliciter
739 428 842 463 Deus
863 435 935 463 nec
951 426 1066 472 velle,
1087 436 1160 464 nec
1193 426 1321 463 facere
1351 429 1493 472 potest.
1530 424 1764 472 Hujusmodi

149 484 278 517 autem
300 480 402 514 Deus
423 479 553 523 potest
572 474 730 521 quidem
751 473 811 509 vel
834 473 977 518 facere,
994 474 1055 510 vel
1077 474 1191 518 velle,
1213 473 1247 510 si
1268 472 1353 519 ers
1371 473 1572 516 voluntas,
1595 472 1654 508 vel
1694 481 1763 518 po-

149 526 270 563 tentia
289 525 469 562 absolute
499 521 787 565 consideretur,
821 528 900 556 non
941 523 1072 556 autem
1105 521 1139 558 si
1164 520 1453 564 consideretur,
1475 519 1774 565 praesupposita

149 573 349 610 voluntate
369 571 416 607 de
438 569 635 616 opposito.
657 569 754 605 Nam
774 566 958 603 voluntas
979 566 1113 603 divina
1127 571 1307 612 respectu
1323 570 1608 611 creaturarum,
1624 575 1763 603 neces-

151 620 306 657 sitatem
328 617 546 655 nonhabet
572 615 650 652 nisi
683 624 731 651 ex
761 613 1051 659 suppositione,
1074 617 1116 650 ut
1142 618 1349 651 ostensum
1383 618 1441 651 est
1481 614 1520 659 (1.
1560 622 1587 658 1,
1620 623 1655 650 c.
1690 613 1763 659 83).

149 669 193 704 Et
212 666 301 702 ideo
322 673 461 702 omnes
482 664 569 701 istae
588 661 812 699 locutiones
832 672 840 697 :
860 662 954 696 Deus
971 671 1044 697 non
1059 663 1178 706 potest
1191 661 1311 705 facere
1328 662 1513 696 contraria
1527 660 1582 696 his
1597 670 1676 705 quae
1690 660 1765 696 clis-

146 714 268 760 posut't
286 713 418 756 facere,
442 714 480 747 ct
499 717 757 757 quaecumque
784 707 967 744 similiter
994 707 1194 752 dicuntur,
1216 707 1494 754 intelliguntur
1517 707 1764 752 composite:

151 760 210 798 sic
230 760 334 796 enim
355 758 561 804 implicant
576 754 892 802 suppositionem
908 754 1050 792 divinae
1063 753 1282 791 voluntatis
1297 753 1344 790 de
1362 753 1560 799 opposito.
1580 754 1619 789 Si
1636 757 1767 790 autem

149 806 424 888 intelliganltur
443 804 583 849 divise,
607 805 701 841 sunt
721 801 844 846 falsae,
867 801 960 849 quia
979 801 1199 848 respiciunt
1216 800 1434 848 potentiam
1469 803 1505 837 et
1524 799 1766 837 voluntatem

152 853 221 891 Dei
246 854 342 890 abso
363 855 441 889 ute.

199 900 307 937 Sicut
321 902 451 937 autem
470 899 574 934 Deus
594 896 677 943 agit
696 904 766 942 per
784 895 1041 939 voluntatem,
1064 895 1119 932 ita
1138 898 1176 932 et
1207 904 1276 941 per
1307 893 1548 931 intellectum
1572 898 1608 930 ct
1641 894 1769 931 scien-

153 947 261 991 tiam,
286 950 326 983 ut
347 949 554 983 ostensum
576 948 635 981 est
655 943 704 989 (c.
723 946 767 980 23
790 946 827 979 et
842 941 916 987 24).
940 942 1025 978 Pari
1049 942 1172 989 igitur
1189 941 1342 979 ratione
1363 950 1443 978 non
1480 944 1610 986 potest
1641 941 1769 978 facere

153 1003 239 1041 quae
261 1003 303 1031 se
323 994 517 1030 iacturum
537 999 619 1028 non
640 989 851 1036 praescivit,
871 992 939 1026 aut
960 989 1156 1026 dimittere
1177 998 1264 1036 quae
1285 998 1329 1026 se
1347 988 1542 1025 facturum
1557 987 1768 1034 praescivit,

153 1041 245 1088 quia
265 1049 345 1078 non
365 1042 495 1086 potest
513 1038 641 1075 facere
663 1046 750 1084 quae
770 1037 897 1073 facere
919 1045 1000 1073 non
1032 1037 1128 1080 vult,
1151 1040 1219 1073 aut
1253 1035 1449 1073 dimittere
1478 1044 1565 1082 quae
1601 1034 1696 1072 vult.
1726 1036 1770 1071 Et

154 1088 292 1125 eodem
314 1087 433 1124 modo
454 1085 684 1123 conceditur
702 1087 739 1120 et
760 1086 927 1130 negatur
946 1087 1172 1130 utrumque,
1192 1085 1235 1120 ut
1275 1082 1442 1120 scillicet
1471 1082 1657 1129 praedicta
1688 1090 1769 1118 non

153 1143 272 1181 posse
305 1134 471 1178 dicatur,
499 1140 580 1169 non
615 1131 772 1178 quidem
814 1129 1010 1176 absolute,
1029 1129 1101 1168 sed
1128 1129 1202 1167 sub
1234 1129 1464 1168 conditione
1492 1129 1553 1166 vel
1584 1128 1769 1176 supposi-

155 1182 277 1219 tione.
301 1181 329 1228 (Ι
348 1184 448 1228 part,
469 1189 508 1227 q.
527 1186 625 1224 xxv,
647 1181 720 1215 art.
740 1180 760 1215 3
780 1181 818 1214 et
836 1178 886 1223 4).

797 1323 965 1365 CAPUT
998 1322 1139 1365 XXVI.

159 1446 259 1482 QUOD
277 1437 437 1475 DIVINUS
463 1443 719 1474 INTELLEGTUS
750 1441 829 1472 NON
865 1441 1117 1473 COARCTATUR
1146 1442 1199 1472 AD
1236 1441 1532 1472 DETERMINATOS
1565 1441 1770 1474 EFFEGTUS.

205 1555 398 1600 Quoniam
420 1556 551 1592 autem
573 1556 780 1591 ostensum
812 1556 873 1591 cst
904 1551 1011 1601 quod
1042 1551 1177 1590 divina
1206 1552 1384 1599 potentia
1410 1552 1460 1590 ad
1489 1551 1772 1591 determinatos

157 1602 322 1641 effectus
345 1611 425 1639 non
447 1602 649 1647 limitatur,
671 1610 716 1638 ac
736 1610 806 1647 per
826 1601 916 1646 hoc,
938 1599 1044 1647 quod
1065 1610 1111 1637 ex
1133 1600 1370 1637 necessitate
1399 1603 1549 1637 naturae
1570 1608 1650 1636 non
1676 1599 1770 1646 agit,

158 1650 228 1688 sed
248 1659 318 1696 per
337 1649 580 1686 intellectum
599 1651 637 1685 et
656 1648 897 1694 voluntatem
918 1659 926 1691 3
946 1657 994 1684 ne
1015 1647 1079 1685 cui
1104 1646 1203 1684 forte
1222 1647 1401 1684 videatur
1420 1646 1525 1694 quod
1546 1646 1630 1694 eJus
1657 1646 1772 1683 intel-

157 1698 298 1742 lectus,
320 1697 380 1734 vel
400 1696 566 1734 scientia
586 1695 635 1732 ad
654 1695 938 1732 determinatos
957 1693 1125 1732 effectus
1145 1694 1400 1732 solummodo
1432 1694 1562 1740 possit
1598 1693 1770 1738 extendi,

156 1748 195 1782 et
214 1744 272 1781 sic
293 1747 384 1790 agat
402 1753 449 1780 ex
466 1742 703 1779 necessitate
722 1742 913 1785 scientiae,
934 1741 1117 1789 quamvis
1137 1750 1218 1778 non
1246 1751 1294 1778 ex
1323 1741 1561 1778 necessitate
1591 1744 1742 1778 naturae
1761 1752 1770 1786 ;

155 1794 277 1829 restat
298 1790 505 1827 ostendere
531 1788 637 1835 quod
658 1789 743 1836 ejus
764 1789 945 1833 scientia,
966 1788 1027 1825 vel
1047 1788 1274 1826 intellectus
1293 1788 1416 1825 nullis
1438 1787 1651 1825 effectuum
1667 1786 1772 1824 limi-

156 1838 264 1876 tibus
284 1841 517 1875 coarctatur.
541 1838 752 1873 Ostensum
768 1840 826 1873 cst
847 1835 953 1872 enim
971 1844 1093 1881 supra
1109 1835 1149 1881 (l.
1170 1843 1198 1875 1,
1220 1844 1255 1872 c.
1279 1834 1340 1882 49)
1371 1835 1477 1882 quod
1499 1836 1604 1871 Deus
1637 1834 1772 1872 omnia

158 1886 235 1923 alia
259 1894 345 1932 quae
366 1885 413 1921 ab
434 1893 480 1920 co
501 1883 713 1930 procedere
732 1886 914 1929 possunt,
937 1881 1248 1929 comprehendit,
1275 1890 1388 1919 suam
1410 1881 1624 1919 essentiam
1652 1881 1771 1918 intel·

157 1933 331 1979 ligando,
354 1931 393 1967 in
414 1940 492 1977 qua
511 1930 646 1967 omnia
676 1929 903 1976 hujusmodi
937 1939 1026 1967 esse
1059 1929 1331 1966 necessarium
1364 1932 1425 1966 est
1454 1938 1525 1975 per
1557 1928 1771 1975 aliqualem

158 1978 475 2023 similitudinem,
498 1978 601 2014 sicut
620 1976 784 2014 effectus
816 1977 958 2014 virtute
993 1979 1086 2014 sunt
1117 1976 1160 2013 in
1192 1985 1325 2014 causa.
1362 1976 1401 2013 Si
1434 1975 1557 2023 igitur
1592 1975 1771 2021 potentia

158 2026 292 2064 divina
311 2026 358 2063 ad
377 2024 541 2062 effectus
555 2024 836 2062 determinatos
855 2032 935 2060 non
956 2027 1191 2068 coarctatur,
1213 2026 1256 2061 ut
1270 2032 1391 2069 supra
1407 2021 1456 2069 (c.
1477 2022 1540 2069 22)
1561 2025 1783 2060 ostensum.

158 2077 231 2118 est,
248 2072 518 2110 necessarium
540 2075 655 2109 estet
677 2072 723 2109 de
745 2071 829 2118 ejus
849 2071 1054 2108 intellectu
1074 2070 1244 2108 similem
1268 2070 1507 2108 sententiam
1527 2070 1723 2115 proferre.

203 2121 347 2163 Adhuc,
371 2120 512 2158 divinae
529 2119 712 2157 essentiae
731 2118 966 2156 infinitatem
988 2127 1108 2164 supra
1135 2117 1176 2164 (l.
1197 2127 1225 2163 1,
1247 2127 1281 2156 c.
1302 2120 1348 2156 43
1396 2117 1660 2155 ostendimus.
1680 2115 1772 2153 Infi-

158 2168 284 2206 nitum
307 2171 451 2212 autem,
474 2166 719 2214 quantalibet
738 2165 938 2204 additione
954 2164 1159 2203 finitorum
1178 2165 1294 2210 facta,
1315 2174 1338 2202 a
1368 2163 1514 2211 aequari
1530 2172 1612 2201 non
1626 2166 1772 2210 potest,

157 2215 253 2262 quin
269 2215 309 2251 in
327 2215 525 2251 infinitum
540 2214 701 2252 excedat
717 2213 961 2262 quantalibet
974 2212 1100 2259 finita,
1118 2213 1153 2250 si
1169 2213 1288 2251 etiam
1302 2220 1470 2250 numero
1499 2209 1658 2248 infinita
1672 2210 1774 2248 exis-

156 2266 254 2299 tant.
275 2261 379 2299 Nihil
400 2261 508 2299 aliud
527 2264 668 2308 praeter
686 2262 809 2299 Deum
830 2263 987 2299 constat
1012 2269 1103 2299 esse
1133 2259 1354 2299 secundum
1386 2257 1601 2297 essentiam
1637 2256 1771 2294 infini-

156 2312 255 2352 tum,
277 2317 366 2346 cum
383 2308 518 2346 omnia
536 2309 614 2346 alia
630 2309 849 2347 secundum
871 2308 1056 2346 essentiae
1075 2308 1271 2346 rationem
1292 2307 1368 2345 sub
1396 2304 1671 2344 determinatis
1702 2314 1785 2350 ge·-

157 2356 321 2394 nerihus
337 2359 374 2393 ct
393 2355 602 2402 speciebus
622 2355 912 2394 concludantur
933 2367 941 2392 :
963 2355 1338 2402 quomodocumque
1358 2354 1480 2407 igitur
1506 2355 1545 2390 et
1564 2355 1778 2400 quantum·

157 2412 327 2450 cumque
348 2402 470 2440 divini
491 2402 656 2441 effectus
679 2402 1078 2450 comprehendantur,
1098 2411 1256 2449 semper
1274 2404 1315 2439 in
1334 2401 1469 2439 divina
1500 2400 1678 2438 essentia
1712 2401 1780 2437 est.

157 2454 201 2487 ut
220 2459 289 2492 eos
310 2450 482 2491 excedat,
502 2454 541 2487 et
559 2450 615 2487 ita
633 2450 805 2496 plurium
824 2449 924 2488 ratio
947 2458 1036 2487 esse
1054 2450 1196 2496 possit.
1219 2447 1773 2496 Divinusigiturintellectus,

157 2497 225 2544 qui
245 2497 415 2543 perfecte
435 2497 609 2534 divinam
630 2498 845 2535 essentiam
865 2496 1087 2544 cognoscit,
1110 2500 1154 2534 ut
1172 2505 1293 2543 supra
1311 2496 1352 2544 (l.
1372 2504 1400 2542 1,
1422 2505 1457 2533 c.
1475 2494 1536 2542 47)
1562 2497 1773 2531 ostensum

158 2546 231 2587 est,
253 2553 410 2581 omnem
429 2543 622 2582 finitatem
642 2543 853 2582 effectuum
872 2543 1119 2582 transcendit
1138 2555 1147 2582 ε
1169 2552 1251 2581 ΠοΠ
1270 2543 1394 2592 igitur
1409 2551 1458 2580 ex
1469 2540 1705 2578 necessitate
1723 2537 1781 2577 ad.-

158 2589 233 2627 hos
253 2591 313 2627 vel
337 2591 430 2628 illos
450 2590 615 2629 effectus
636 2596 872 2629 coarctatur.

203 2637 303 2677 Item,
324 2645 442 2689 supra
456 2638 495 2683 (l.
515 2647 543 2684 1,
558 2648 593 2676 c.
609 2638 668 2686 69)
686 2641 893 2677 ostensum
908 2642 969 2676 est
988 2637 1094 2722 quod
1109 2637 1269 2676 divinus
1282 2636 1507 2674 intellectus
1522 2632 1773 2686 infinitorum

158 2686 219 2720 est
242 2687 435 2736 Cognlt0r3
457 2686 561 2722 Deus
581 2689 711 2724 autem
732 2695 802 2731 per
821 2686 883 2723 sui
915 2685 996 2722 inte
1017 2684 1143 2723 lectus
1175 2684 1383 2725 scientiam
1413 2689 1478 2718 res
1512 2680 1696 2727 producit
1730 2688 1778 2719 ια

158 2738 261 2814 estse.
282 2730 500 2768 Causalitas
525 2731 647 2778 igitur
674 2732 798 2769 divini
831 2732 1058 2770 intellectus
1090 2732 1140 2773 ad
1165 2731 1301 2769 finitos
1332 2728 1498 2767 effectus
1527 2736 1610 2765 non
1640 2736 1777 2765 coarc-

175 2785 198 2815 a
217 2786 274 2813 ur.

200 2823 384 2871 Amplius,
404 2823 438 2861 si
455 2823 577 2862 divini
593 2824 818 2865 intellectus
834 2825 1048 2867 causalitas
1081 2825 1133 2867 ad
1164 2823 1330 2864 effectus
1359 2821 1536 2872 aliquos,
1572 2822 1689 2870 quasi
1723 2820 1773 2861 de

1887 161 1894 188 ι

1890 190 1894 237 ἶ
