1894 3223
746 138 833 172 [ΑΒ.
864 140 889 178 Ι,
919 139 1018 172 CAP.
1046 137 1137 172 xlll.
1708 139 1749 173 1³

792 296 959 336 CAPUT
986 296 1095 337 xlll.

556 426 744 457 RATIONES
766 427 817 455 AD
846 426 1082 455 PROBANDUM
1117 427 1222 455 DEUM
1241 427 1345 455 ESSE.

183 555 353 592 ostenso
372 553 495 601 igitur
514 553 619 600 quod
643 562 723 590 non
743 557 803 590 est
822 561 967 589 vanum
988 553 1058 589 niti
1076 553 1122 589 ad
1133 553 1485 591 demonstrandum
1499 554 1620 590 Deum
1635 563 1740 598 esse,

132 601 394 649 procedamus
415 601 462 637 ad
484 600 711 646 ponendum
730 600 918 642 rationes.
942 600 1086 647 quibus
1106 606 1184 637 tam
1207 601 1434 647 philosophi
1459 610 1576 647 quam
1608 601 1744 638 docto·

136 658 201 687 res
224 648 409 686 catholici
431 649 552 684 Deum
572 656 660 684 esse
682 648 959 693 probaverunt.

183 696 314 732 Primo
333 698 462 732 aulem
479 703 674 741 ponemus
695 695 868 731 rationes
887 694 1031 740 quibus
1054 694 1286 731 Aristoteles
1307 695 1482 740 procedit
1500 695 1548 732 ad
1569 695 1744 741 proban*-

134 742 228 780 dum
251 744 370 779 Deum
394 750 497 785 esse,
518 742 583 788 qui
604 742 678 778 hoc
700 742 864 787 probare
885 741 1054 777 intendit
1072 751 1119 777 ex
1138 745 1245 787 parte
1261 746 1406 785 motus,
1432 742 1586 779 duabus
1603 742 1692 779 viis.

183 790 355 834 Quarum
378 789 505 834 prima
524 789 615 825 talis
636 792 695 825 est
717 801 724 824 :
758 790 881 826 Omne
904 788 1008 834 quod
1029 796 1221 831 movetur,
1242 788 1290 824 ab
1325 789 1403 825 alio
1426 793 1616 825 movetur.
1641 791 1749 826 Patet

135 841 265 874 autern
286 845 407 873 sensu
431 835 578 882 aliquid
600 835 761 877 moveri,
784 838 921 881 utputa
938 834 1083 877 solem;
1107 844 1215 880 ergo,
1237 835 1316 871 alio
1337 839 1531 879 movente,
1554 840 1746 873 movetur.

134 886 210 921 Aut
229 892 324 929 ergo
344 882 441 919 illud
463 891 627 919 movens
649 886 839 921 movetur,
865 884 1044 917 autnon.
1067 881 1203 917 Sinon
1226 886 1417 926 movetur,
1442 892 1535 928 ergo
1556 883 1747 920 hahemus

136 931 400 977 propositum,
424 930 527 976 quod
550 939 714 965 necesse
732 932 791 965 est
812 937 956 973 ponere
975 927 1135 973 aliquod
1156 937 1321 965 movens
1343 929 1560 973 immobile,
1596 934 1633 965 et
1670 930 1745 967 hoc

136 977 307 1014 dicimus
326 979 452 1012 Deum.
474 977 511 1013 Si
531 980 660 1012 autem
683 979 874 1017 movetur,
891 983 983 1019 ergo
999 974 1046 1010 ab
1064 975 1142 1011 alio
1158 979 1338 1011 movente
1357 979 1548 1013 movetur.
1565 979 1640 1012 Aut
1653 984 1748 1023 ergo

136 1027 198 1061 est
216 1023 427 1070 procedere
443 1023 483 1058 in
503 1022 716 1066 infinitum,
738 1026 805 1058 aut
824 1025 884 1058 est
904 1021 1088 1058 devenire
1108 1022 1156 1058 ad
1176 1022 1336 1069 aliquod
1348 1023 1747 1068 movensimmohile;

136 1070 205 1108 sed
227 1079 307 1107 non
329 1072 389 1106 est
408 1069 619 1115 procedere
641 1069 679 1105 in
708 1069 907 1105 infinitum
925 1080 934 1113 ;
951 1077 1045 1115 ergo
1066 1077 1231 1106 necesse
1251 1073 1310 1107 cst
1329 1079 1476 1116 ponere
1497 1069 1658 1117 aliquod
1672 1070 1749 1117 pri-

136 1125 246 1154 mum
266 1124 432 1153 movens
452 1116 669 1152 immobile.

181 1165 225 1200 In
263 1163 336 1200 hac
357 1167 486 1199 autem
507 1163 741 1209 probatione
761 1166 854 1199 sunt
880 1162 970 1215 ‚duae
999 1163 1296 1210 propositiones
1315 1163 1541 1209 probandae,
1579 1164 1748 1201 scillicet

136 1210 243 1257 quod
263 1219 380 1248 omne
403 1214 552 1247 motum
575 1214 754 1247 movetur
773 1210 821 1247 ab
838 1209 930 1255 alio,
953 1213 989 1247 et
1010 1210 1116 1257 quod
1136 1210 1177 1246 in
1200 1211 1451 1249 moventibus
1470 1215 1509 1248 et
1522 1211 1642 1248 motis
1663 1220 1744 1249 uon

137 1257 190 1295 sit
208 1257 420 1304 procedere
442 1257 480 1293 in
500 1256 712 1293 infinitum.

185 1305 358 1349 Quorum
381 1304 549 1350 primum
572 1304 711 1350 probat
731 1304 1000 1350 Philosophus
1020 1304 1147 1342 tribus
1164 1304 1308 1342 modis.
1685 1339 1706 1342 .,

185 1351 317 1388 Primo
337 1351 395 1388 sic
418 1363 425 1387 :
447 1351 483 1388 Si
507 1351 654 1398 aliquid
675 1355 803 1388 movet
825 1353 1015 1398 seipsum,
1038 1355 1191 1398 oportet
1211 1352 1316 1398 quod
1332 1352 1427 1389 inse
1448 1352 1747 1398 habeatprinci-

138 1398 248 1445 pium
269 1402 401 1435 motus
422 1398 504 1442 sui;
529 1398 642 1434 aliter
656 1398 865 1436 manifeste
885 1398 933 1435 ab
954 1399 1033 1435 alio
1054 1403 1290 1436 moveretur.
1314 1401 1473 1445 Oportet
1500 1400 1618 1436 etiam
1638 1399 1743 1446 quod

139 1446 192 1483 sit
211 1445 506 1492 primomotum,
529 1445 681 1482 scilieet
700 1446 805 1492 quod
821 1449 1025 1483 moveatur
1045 1447 1198 1484 ratione
1219 1447 1280 1483 sui
1297 1446 1425 1492 ipsius
1446 1450 1483 1482 et
1502 1447 1745 1484 nonratione

135 1501 219 1530 suae
238 1493 374 1539 partis,
400 1492 502 1529 sicut
530 1496 710 1529 movetur
729 1493 874 1529 animal
906 1502 976 1539 per
996 1497 1145 1530 motum
1166 1494 1293 1539 pedis.
1315 1494 1377 1530 Sic
1399 1494 1504 1530 enim
1522 1497 1647 1530 totum
1664 1503 1744 1531 non

137 1543 362 1576 moveretur
381 1548 403 1576 a
420 1547 476 1582 se,
499 1539 567 1576 sed
588 1549 610 1575 a
629 1548 701 1576 sua
718 1544 838 1584 parte,
867 1544 904 1575 et
931 1549 1010 1576 una
1039 1550 1130 1585 pars
1150 1541 1198 1576 ab
1227 1541 1304 1576 alia
1326 1541 1514 1587 (Physic.‚
1531 1549 1602 1584 vn,
1626 1541 1743 1586 init.).

137 1587 298 1632 Oportet
318 1586 436 1622 etiam
457 1586 586 1631 ipsum
610 1586 806 1623 divisibile
827 1596 916 1623 esse
938 1591 975 1623 et
996 1587 1139 1623 habere
1160 1591 1307 1632 partes,
1328 1597 1449 1633 quum
1485 1596 1602 1624 omne
1639 1587 1744 1633 quod

135 1636 315 1670 movetur
334 1632 384 1670 sit
411 1632 622 1673 divisibile,
646 1637 685 1669 ut
712 1633 901 1678 probatur
920 1633 960 1669 in
979 1638 1090 1670 sexto
1104 1634 1338 1678 Pltysz'corttm
1359 1634 1464 1681 (text.
1485 1643 1628 1671 comm.
1644 1637 1689 1671 32
1709 1639 1747 1671 et

136 1681 211 1725 88).
234 1680 302 1717 His
321 1679 553 1725 suppositis,
577 1679 635 1716 sic
656 1680 786 1725 arguit
807 1692 816 1716 ε

183 1728 263 1764 Hoc
283 1726 386 1778 quod
420 1722 593 1778 aseipso
614 1727 776 1772 ponitur
794 1727 957 1767 moveri,
981 1731 1040 1763 est
1060 1727 1339 1773 primomotum
1358 1740 1366 1764 ε
1387 1738 1482 1775 ergo
1503 1729 1551 1765 ad
1571 1730 1743 1776 quietem

135 1773 256 1812 unius
276 1776 399 1819 partis
420 1782 505 1819 ejus
527 1782 605 1809 nou
623 1774 803 1819 sequitur
823 1774 936 1819 quies
957 1775 1093 1811 totius.
1115 1775 1153 1810 Si
1173 1775 1292 1819 enim,
1315 1775 1542 1821 quiescente
1564 1786 1643 1812 una
1659 1786 1744 1821 par-

134 1823 186 1865 te,
205 1820 284 1857 alia
302 1829 394 1866 pars
413 1820 498 1866 eJus
518 1824 754 1861 moveretur,
777 1824 871 1857 tunc
892 1821 1022 1866 ipsum
1041 1825 1166 1857 totum
1195 1831 1273 1858 non
1308 1826 1414 1858 esset
1444 1823 1740 1868 primomotum,

135 1867 204 1904 sed
225 1876 316 1913 pars
334 1866 420 1913 ejus
440 1876 527 1914 quae
547 1870 738 1911 movetur,
767 1868 845 1904 alia
865 1868 1107 1914 quiescente.
1129 1868 1232 1904 Nihil
1260 1873 1390 1904 autem
1417 1870 1521 1915 quod
1557 1870 1739 1916 quiescit,

134 1914 363 1961 quiescente
384 1913 476 1953 alio,
498 1917 677 1950 movetur
696 1924 719 1950 a
738 1915 886 1960 seipso.
912 1915 1030 1961 Cujus
1049 1915 1153 1951 enim
1175 1915 1288 1961 quies
1303 1916 1349 1952 ad
1371 1917 1543 1962 quietem
1563 1917 1742 1964 sequitur

134 1961 311 2002 alterius,
331 1964 485 2006 oportet
504 1961 608 2007 quod
631 1965 762 1998 motus
777 1962 824 1997 ad
846 1966 995 1998 motum
1018 1962 1180 1998 alterius
1199 1967 1408 2008 sequatur;
1432 1967 1469 1999 et
1489 1964 1546 2000 sic
1560 1973 1638 2000 non
1660 1973 1744 2000 mo·

132 2011 246 2045 vetur
265 2018 288 2045 a
307 2008 454 2054 seipso.
474 2009 575 2054 Ergo
590 2008 666 2044 hoc
685 2008 789 2054 quod
806 2009 1025 2054 ponebatur
1045 2018 1067 2045 a
1089 2009 1222 2054 seipso
1242 2010 1405 2053 moveri,
1428 2019 1508 2046 non
1529 2014 1707 2048 movetur
1723 2020 1746 2047 a

134 2055 296 2101 seipso;
319 2063 482 2092 necesse
502 2059 562 2092 est
581 2064 675 2101 ergo
697 2064 814 2091 omne
835 2056 939 2102 quod
960 2059 1140 2092 movetur
1160 2056 1207 2092 ab
1229 2056 1307 2093 alio
1327 2058 1489 2093 moveri.

181 2103 260 2139 Nec
279 2101 412 2138 obviat
429 2101 521 2138 huic
535 2102 678 2138 rationi
701 2102 804 2148 quod
826 2102 925 2139 forte
947 2102 1091 2149 aliquis
1101 2107 1237 2148 posset
1255 2103 1383 2140 dicere
1401 2104 1506 2150 quod
1522 2104 1620 2150 ejus,
1637 2105 1743 2151 quod

133 2148 295 2196 ponitur
315 2157 472 2186 movere
487 2148 678 2194 seipsum,
697 2158 788 2194 pars
805 2158 885 2186 non
907 2153 1036 2194 potest
1050 2150 1253 2195 quiescere
1272 2162 1280 2194 ;
1303 2151 1510 2195 etiterum,
1532 2151 1637 2197 quod
1661 2161 1745 2197 par-

133 2196 187 2233 tis
208 2204 289 2233 non
313 2199 373 2232 est
392 2195 596 2242 quiescere
616 2196 676 2232 vel
695 2196 842 2232 moveri
864 2196 941 2233 nisi
957 2206 1025 2242 per
1044 2196 1242 2240 accidens,
1257 2200 1300 2232 ut
1318 2198 1514 2234 Avicenna
1531 2199 1746 2235 calumnia-

133 2246 221 2286 tur;
240 2242 334 2289 quia
350 2242 412 2279 vis
433 2243 600 2279 rationis
620 2243 659 2278 in
680 2242 756 2279 hoc
777 2243 974 2286 consistit,
997 2243 1115 2289 quod,
1138 2244 1172 2280 si
1195 2244 1345 2290 aliquid
1370 2245 1546 2290 seipsum
1589 2248 1744 2282 moveat

134 2288 264 2336 primo
285 2293 322 2326 et
340 2299 411 2336 per
430 2298 486 2332 se,
508 2298 588 2326 non
609 2289 762 2326 ratione
793 2290 977 2335 partium,
1013 2293 1167 2336 oportet
1197 2291 1302 2336 quod
1332 2300 1449 2328 suum
1481 2292 1629 2328 moveri
1662 2301 1742 2329 non

136 2335 357 2382 dependeat
376 2335 424 2373 ab
438 2335 573 2383 aliquo
593 2348 602 2381 3
622 2336 770 2373 moveri
791 2340 922 2374 autem
944 2336 1072 2382 ipsius
1093 2337 1319 2382 divisibilis,
1341 2338 1445 2375 sicut
1464 2342 1502 2375 et
1534 2338 1619 2384 ejus
1640 2347 1742 2383 esse,

135 2382 330 2429 dependet
348 2383 562 2429 apartibus
580 2395 588 2427 3
608 2388 645 2419 ct
666 2384 723 2420 sic
746 2392 825 2419 non
851 2388 980 2428 potest
1001 2384 1176 2429 seipsum
1203 2393 1360 2420 movere
1380 2385 1508 2431 primo
1529 2390 1566 2421 et
1588 2394 1657 2430 per
1676 2395 1735 2422 se.

135 2431 222 2466 Non
242 2429 456 2476 requiritur
475 2439 584 2476 ergo,
605 2430 654 2467 ad
679 2430 883 2467 veritatem
903 2431 1186 2468 conditionalis
1207 2431 1390 2475 inductae,
1421 2431 1526 2477 quod
1548 2435 1744 2477 supponat

134 2479 284 2522 partem
306 2476 501 2513 moventis
521 2478 697 2521 seipsum
719 2478 940 2523 quiescere,
963 2478 1075 2523 quasi
1095 2477 1291 2523 quoddam
1309 2487 1443 2514 verum
1464 2478 1657 2522 absolute,
1675 2478 1742 2515 sed

137 2525 292 2569 oportet
309 2522 410 2559 hanc
432 2523 740 2560 conditionalem
761 2532 850 2561 esse
869 2533 1015 2566 veram,
1032 2524 1150 2569 quod,
1172 2525 1204 2558 εἰ
1224 2525 1416 2568 quiesceret
1428 2535 1530 2570 pars,
1553 2526 1747 2570 quiesceret

135 2573 270 2613 totunm
292 2578 379 2616 quae
399 2569 556 2615 quidem
579 2573 707 2615 potest
727 2579 814 2607 esse
836 2580 940 2614 vera,
960 2570 1113 2606 etiamsi
1133 2570 1369 2607 antecedens
1390 2571 1441 2608 sit
1460 2571 1708 2616 impossibile
1732 2584 1740 2609 :

137 2617 241 2654 Sicut
261 2617 338 2653 ista
357 2615 640 2653 conditionalis
662 2620 722 2654 est
741 2627 829 2653 vera
847 2629 856 2653 ε
876 2618 916 2653 Sz·
936 2617 1035 2651 homo
1055 2619 1106 2651 est
1125 2618 1262 2661 asinus,
1283 2620 1334 2652 est
1347 2619 1585 2654 irrationalis.

130 2681 135 2685 ,
183 2663 365 2701 Secundo
386 2663 524 2708 probat
544 2663 730 2708 (physic,
752 2672 837 2702 vm,
860 2666 951 2699 text.
975 2671 1117 2699 comm.
1139 2666 1181 2699 27
1204 2667 1241 2699 et
1267 2664 1366 2711 seq.)
1383 2674 1452 2710 per
1473 2665 1741 2703 inductionem

137 2710 197 2747 sic
219 2722 227 2746 :
251 2711 374 2747 Omne
395 2710 499 2756 quod
521 2713 700 2746 movetur
726 2719 795 2755 per
814 2709 1010 2749 accidens,
1035 2719 1112 2746 non
1141 2714 1320 2747 movetur
1336 2721 1359 2747 a
1379 2712 1512 2758 seipso
1535 2724 1543 2756 ;
1565 2718 1743 2750 movetur

138 2757 244 2794 enim
266 2757 313 2794 ad
334 2761 485 2793 motum
502 2756 677 2793 alterius.
704 2756 892 2793 Similiter
910 2765 1036 2803 neque
1057 2757 1163 2803 quod
1195 2762 1374 2795 movetur
1394 2768 1461 2804 per
1494 2759 1736 2800 violentiam,

137 2807 179 2841 ut
199 2803 454 2840 manifestum
476 2806 534 2840 est
554 2815 561 2846 ;
586 2812 713 2849 neque
734 2813 820 2849 quae
838 2808 1046 2839 moventur
1063 2813 1132 2849 per
1152 2808 1345 2845 naturam,
1366 2810 1407 2842 ut
1425 2815 1472 2842 ex
1490 2815 1532 2842 se
1550 2810 1668 2849 mota,
1685 2806 1738 2844 si-

137 2854 205 2887 cut
227 2850 415 2888 animalia
434 2859 520 2897 quae
540 2854 696 2887 constat
710 2850 758 2886 ab
775 2850 907 2886 anima
924 2850 1174 2895 moveri3nec
1188 2850 1327 2888 iterum
1349 2862 1435 2898 quae
1455 2857 1661 2890 moventur
1674 2863 1739 2899 per

136 2900 334 2944 naturam,
356 2899 400 2935 ut
416 2897 553 2944 gravia
571 2901 610 2934 et
629 2896 744 2941 levia,
765 2896 859 2944 quia
878 2896 960 2934 liaec
978 2900 1215 2934 moventura
1227 2902 1439 2944 generante
1460 2902 1498 2936 et
1516 2903 1740 2937 removente
