<?xml version="1.0" encoding="UTF-8"?>
<!DOCTYPE html PUBLIC "-//W3C//DTD XHTML 1.0 Transitional//EN"
    "http://www.w3.org/TR/xhtml1/DTD/xhtml1-transitional.dtd">
<html xmlns="http://www.w3.org/1999/xhtml" xml:lang="en" lang="en">
 <head>
  <title>
</title>
<meta http-equiv="Content-Type" content="text/html;charset=utf-8" />
  <meta name='ocr-system' content='tesseract 3.04.00' />
  <meta name='ocr-capabilities' content='ocr_page ocr_carea ocr_par ocr_line ocrx_word'/>
</head>
<body>
  <div class='ocr_page' id='page_1' title='image "./deveritatecathol00thomuoft_0568.png"; bbox 0 0 1894 3223; ppageno 0'>
   <div class='ocr_carea' id='block_1_1' title="bbox 149 130 1169 171">
    <p class='ocr_par' dir='ltr' id='par_1_1' title="bbox 149 130 1169 171">
     <span class='ocr_line' id='line_1_1' title="bbox 149 130 1169 171; baseline -0.002 -1"><span class='ocrx_word' id='word_1_1' title='bbox 149 135 216 171; x_wconf 82' lang='lat'>528</span> <span class='ocrx_word' id='word_1_2' title='bbox 757 131 842 165; x_wconf 86' lang='lat' dir='ltr'>LIB.</span> <span class='ocrx_word' id='word_1_3' title='bbox 870 130 928 169; x_wconf 89' lang='lat' dir='ltr'>lv,</span> <span class='ocrx_word' id='word_1_4' title='bbox 957 130 1057 165; x_wconf 86' lang='lat' dir='ltr'><strong>CAP.</strong></span> <span class='ocrx_word' id='word_1_5' title='bbox 1083 132 1169 168; x_wconf 83' lang='lat' dir='ltr'>XXI.</span> 
     </span>
    </p>
   </div>
   <div class='ocr_carea' id='block_1_2' title="bbox 821 281 1106 323">
    <p class='ocr_par' dir='ltr' id='par_1_2' title="bbox 821 281 1106 323">
     <span class='ocr_line' id='line_1_2' title="bbox 821 281 1106 323; baseline 0.004 -1"><span class='ocrx_word' id='word_1_6' title='bbox 821 281 989 323; x_wconf 82' lang='lat' dir='ltr'><strong>CAPUT</strong></span> <span class='ocrx_word' id='word_1_7' title='bbox 1021 282 1106 323; x_wconf 92' lang='lat' dir='ltr'>XX.</span> 
     </span>
    </p>
   </div>
   <div class='ocr_carea' id='block_1_3' title="bbox 223 389 1691 496">
    <p class='ocr_par' dir='ltr' id='par_1_3' title="bbox 223 389 1691 496">
     <span class='ocr_line' id='line_1_3' title="bbox 223 389 1691 429; baseline 0 -9"><span class='ocrx_word' id='word_1_8' title='bbox 223 392 273 420; x_wconf 88' lang='lat' dir='ltr'>DE</span> <span class='ocrx_word' id='word_1_9' title='bbox 296 390 528 419; x_wconf 88' lang='lat' dir='ltr'>EFFEGTIBUS</span> <span class='ocrx_word' id='word_1_10' title='bbox 553 389 784 419; x_wconf 88' lang='lat' dir='ltr'>ATTRIBUTIS</span> <span class='ocrx_word' id='word_1_11' title='bbox 810 390 975 418; x_wconf 87' lang='lat' dir='ltr'>SPIRITUI</span> <span class='ocrx_word' id='word_1_12' title='bbox 1001 389 1146 419; x_wconf 82' lang='lat' dir='ltr'>SANGTO</span> <span class='ocrx_word' id='word_1_13' title='bbox 1167 390 1208 418; x_wconf 78' lang='lat' dir='ltr'>IN</span> <span class='ocrx_word' id='word_1_14' title='bbox 1233 390 1468 429; x_wconf 84' lang='lat' dir='ltr'>SCRIPTURIS,</span> <span class='ocrx_word' id='word_1_15' title='bbox 1496 391 1691 420; x_wconf 86' lang='lat' dir='ltr'>RESPECTU</span> 
     </span>
     <span class='ocr_line' id='line_1_4' title="bbox 759 447 1150 496; baseline 0 -20"><span class='ocrx_word' id='word_1_16' title='bbox 759 447 896 476; x_wconf 87' lang='lat' dir='ltr'>TOTIUS</span> <span class='ocrx_word' id='word_1_17' title='bbox 923 448 1150 496; x_wconf 58' lang='lat' dir='ltr'>CRnATURAE.</span> 
     </span>
    </p>
   </div>
   <div class='ocr_carea' id='block_1_4' title="bbox 145 543 1769 2314">
    <p class='ocr_par' dir='ltr' id='par_1_4' title="bbox 149 543 1767 638">
     <span class='ocr_line' id='line_1_5' title="bbox 195 543 1767 592; baseline 0.001 -10"><span class='ocrx_word' id='word_1_18' title='bbox 195 547 356 592; x_wconf 90' lang='lat' dir='ltr'>Oportet</span> <span class='ocrx_word' id='word_1_19' title='bbox 384 548 514 581; x_wconf 89' lang='lat' dir='ltr'>autem</span> <span class='ocrx_word' id='word_1_20' title='bbox 528 572 538 588; x_wconf 94' lang='lat'>,</span> <span class='ocrx_word' id='word_1_21' title='bbox 572 543 793 580; x_wconf 86' lang='lat' dir='ltr'>secundum</span> <span class='ocrx_word' id='word_1_22' title='bbox 828 543 1146 580; x_wconf 77' lang='lat' dir='ltr'>convenientiam</span> <span class='ocrx_word' id='word_1_23' title='bbox 1183 543 1476 589; x_wconf 78' lang='lat' dir='ltr'>praedictorum,</span> <span class='ocrx_word' id='word_1_24' title='bbox 1512 545 1767 583; x_wconf 87' lang='lat' dir='ltr'>considerare</span> 
     </span>
     <span class='ocr_line' id='line_1_6' title="bbox 149 590 1349 638; baseline -0.002 -8"><span class='ocrx_word' id='word_1_25' title='bbox 149 592 315 630; x_wconf 82' lang='lat' dir='ltr'>effectus</span> <span class='ocrx_word' id='word_1_26' title='bbox 337 601 439 638; x_wconf 87' lang='lat' dir='ltr'>quos</span> <span class='ocrx_word' id='word_1_27' title='bbox 460 590 620 636; x_wconf 90' lang='lat' dir='ltr'>Spiritui</span> <span class='ocrx_word' id='word_1_28' title='bbox 644 593 784 627; x_wconf 88' lang='lat' dir='ltr'>sancto</span> <span class='ocrx_word' id='word_1_29' title='bbox 804 599 919 627; x_wconf 87' lang='lat' dir='ltr'>sacra</span> <span class='ocrx_word' id='word_1_30' title='bbox 939 590 1139 636; x_wconf 81' lang='lat' dir='ltr'>Scriptura</span> <span class='ocrx_word' id='word_1_31' title='bbox 1158 590 1349 628; x_wconf 89' lang='lat' dir='ltr'>attribuit.</span> 
     </span>
    </p>

    <p class='ocr_par' dir='ltr' id='par_1_5' title="bbox 147 637 1769 1481">
     <span class='ocr_line' id='line_1_7' title="bbox 196 637 1766 684; baseline 0.001 -8"><span class='ocrx_word' id='word_1_32' title='bbox 196 641 408 676; x_wconf 90' lang='lat' dir='ltr'>Ostensum</span> <span class='ocrx_word' id='word_1_33' title='bbox 442 642 502 675; x_wconf 89' lang='lat' dir='ltr'>est</span> <span class='ocrx_word' id='word_1_34' title='bbox 534 637 638 674; x_wconf 89' lang='lat' dir='ltr'>enim</span> <span class='ocrx_word' id='word_1_35' title='bbox 672 637 714 673; x_wconf 91' lang='lat' dir='ltr'>in</span> <span class='ocrx_word' id='word_1_36' title='bbox 747 637 1023 683; x_wconf 86' lang='lat' dir='ltr'>superioribus</span> <span class='ocrx_word' id='word_1_37' title='bbox 1044 637 1086 684; x_wconf 90' lang='lat' dir='ltr'>(l.</span> <span class='ocrx_word' id='word_1_38' title='bbox 1110 646 1137 681; x_wconf 92' lang='lat'>1,</span> <span class='ocrx_word' id='word_1_39' title='bbox 1159 646 1193 678; x_wconf 88' lang='grc'>0,</span> <span class='ocrx_word' id='word_1_40' title='bbox 1217 637 1275 684; x_wconf 90' lang='lat'>86)</span> <span class='ocrx_word' id='word_1_41' title='bbox 1298 638 1403 684; x_wconf 90' lang='lat' dir='ltr'>quod</span> <span class='ocrx_word' id='word_1_42' title='bbox 1437 638 1595 676; x_wconf 84' lang='lat' dir='ltr'>bonitas</span> <span class='ocrx_word' id='word_1_43' title='bbox 1614 640 1683 676; x_wconf 92' lang='lat' dir='ltr'>Dei</span> <span class='ocrx_word' id='word_1_44' title='bbox 1705 644 1766 677; x_wconf 86' lang='lat' dir='ltr'>est</span> 
     </span>
     <span class='ocr_line' id='line_1_8' title="bbox 147 684 1763 731; baseline 0.001 -8"><span class='ocrx_word' id='word_1_45' title='bbox 147 686 248 723; x_wconf 87' lang='lat' dir='ltr'>ratio</span> <span class='ocrx_word' id='word_1_46' title='bbox 268 685 427 722; x_wconf 78' lang='lat' dir='ltr'>volendi</span> <span class='ocrx_word' id='word_1_47' title='bbox 449 684 554 731; x_wconf 89' lang='lat' dir='ltr'>quod</span> <span class='ocrx_word' id='word_1_48' title='bbox 575 684 653 721; x_wconf 85' lang='lat' dir='ltr'>alia</span> <span class='ocrx_word' id='word_1_49' title='bbox 673 684 755 721; x_wconf 89' lang='lat' dir='ltr'>sint</span> <span class='ocrx_word' id='word_1_50' title='bbox 773 688 811 721; x_wconf 90' lang='lat' dir='ltr'>et</span> <span class='ocrx_word' id='word_1_51' title='bbox 830 693 898 730; x_wconf 91' lang='lat' dir='ltr'>per</span> <span class='ocrx_word' id='word_1_52' title='bbox 919 693 1033 721; x_wconf 88' lang='lat' dir='ltr'>suam</span> <span class='ocrx_word' id='word_1_53' title='bbox 1054 684 1296 721; x_wconf 86' lang='lat' dir='ltr'>voluntatem</span> <span class='ocrx_word' id='word_1_54' title='bbox 1314 694 1377 722; x_wconf 88' lang='lat' dir='ltr'>res</span> <span class='ocrx_word' id='word_1_55' title='bbox 1399 685 1439 721; x_wconf 89' lang='lat' dir='ltr'>in</span> <span class='ocrx_word' id='word_1_56' title='bbox 1459 694 1548 722; x_wconf 89' lang='lat' dir='ltr'>esse</span> <span class='ocrx_word' id='word_1_57' title='bbox 1569 687 1763 731; x_wconf 80' lang='lat' dir='ltr'>producit.</span> 
     </span>
     <span class='ocr_line' id='line_1_9' title="bbox 147 730 1767 779; baseline 0.001 -10"><span class='ocrx_word' id='word_1_58' title='bbox 147 737 266 770; x_wconf 88' lang='lat' dir='ltr'>Amor</span> <span class='ocrx_word' id='word_1_59' title='bbox 285 733 406 779; x_wconf 85' lang='lat' dir='ltr'>igitur</span> <span class='ocrx_word' id='word_1_60' title='bbox 426 741 505 778; x_wconf 86' lang='lat' dir='ltr'>quo</span> <span class='ocrx_word' id='word_1_61' title='bbox 526 740 639 768; x_wconf 90' lang='lat' dir='ltr'>suam</span> <span class='ocrx_word' id='word_1_62' title='bbox 660 730 875 768; x_wconf 87' lang='lat' dir='ltr'>honitatem</span> <span class='ocrx_word' id='word_1_63' title='bbox 896 735 1001 768; x_wconf 90' lang='lat' dir='ltr'>amat</span> <span class='ocrx_word' id='word_1_64' title='bbox 1025 735 1086 768; x_wconf 87' lang='lat' dir='ltr'>est</span> <span class='ocrx_word' id='word_1_65' title='bbox 1105 740 1226 769; x_wconf 89' lang='lat' dir='ltr'>causa</span> <span class='ocrx_word' id='word_1_66' title='bbox 1244 731 1458 768; x_wconf 80' lang='lat' dir='ltr'>creationis</span> <span class='ocrx_word' id='word_1_67' title='bbox 1479 742 1608 769; x_wconf 89' lang='lat' dir='ltr'>rerum</span> <span class='ocrx_word' id='word_1_68' title='bbox 1627 745 1634 778; x_wconf 92' lang='lat'>;</span> <span class='ocrx_word' id='word_1_69' title='bbox 1663 733 1767 771; x_wconf 88' lang='lat' dir='ltr'>unde</span> 
     </span>
     <span class='ocr_line' id='line_1_10' title="bbox 149 778 1765 826; baseline 0.001 -10"><span class='ocrx_word' id='word_1_70' title='bbox 149 784 185 816; x_wconf 88' lang='lat' dir='ltr'>et</span> <span class='ocrx_word' id='word_1_71' title='bbox 205 779 365 826; x_wconf 80' lang='lat' dir='ltr'>quidam</span> <span class='ocrx_word' id='word_1_72' title='bbox 397 779 548 825; x_wconf 83' lang='lat' dir='ltr'>antiqui</span> <span class='ocrx_word' id='word_1_73' title='bbox 568 778 798 824; x_wconf 83' lang='lat' dir='ltr'>philosophi</span> <span class='ocrx_word' id='word_1_74' title='bbox 817 787 993 815; x_wconf 87' lang='lat' dir='ltr'>amorem</span> <span class='ocrx_word' id='word_1_75' title='bbox 1015 778 1177 815; x_wconf 90' lang='lat' dir='ltr'>deorum</span> <span class='ocrx_word' id='word_1_76' title='bbox 1200 787 1361 815; x_wconf 89' lang='lat' dir='ltr'>causam</span> <span class='ocrx_word' id='word_1_77' title='bbox 1385 778 1564 815; x_wconf 90' lang='lat' dir='ltr'>omnium</span> <span class='ocrx_word' id='word_1_78' title='bbox 1586 789 1674 816; x_wconf 88' lang='lat' dir='ltr'>esse</span> <span class='ocrx_word' id='word_1_79' title='bbox 1695 789 1765 825; x_wconf 91' lang='lat' dir='ltr'>po-</span> 
     </span>
     <span class='ocr_line' id='line_1_11' title="bbox 149 825 1768 872; baseline 0 -9"><span class='ocrx_word' id='word_1_80' title='bbox 149 829 328 870; x_wconf 88' lang='lat' dir='ltr'>suerunt,</span> <span class='ocrx_word' id='word_1_81' title='bbox 351 829 394 863; x_wconf 89' lang='lat' dir='ltr'>ut</span> <span class='ocrx_word' id='word_1_82' title='bbox 412 829 518 872; x_wconf 90' lang='lat' dir='ltr'>patet</span> <span class='ocrx_word' id='word_1_83' title='bbox 536 825 578 861; x_wconf 91' lang='lat' dir='ltr'>in</span> <span class='ocrx_word' id='word_1_84' title='bbox 599 826 726 871; x_wconf 89' lang='lat' dir='ltr'>primo</span> <span class='ocrx_word' id='word_1_85' title='bbox 737 826 1086 870; x_wconf 71' lang='lat' dir='ltr'>Metaphysicorum3</span> <span class='ocrx_word' id='word_1_86' title='bbox 1104 828 1141 862; x_wconf 83' lang='lat' dir='ltr'>et</span> <span class='ocrx_word' id='word_1_87' title='bbox 1158 825 1374 872; x_wconf 80' lang='lat' dir='ltr'>Dionysius</span> <span class='ocrx_word' id='word_1_88' title='bbox 1395 825 1489 861; x_wconf 86' lang='lat' dir='ltr'>dicit</span> <span class='ocrx_word' id='word_1_89' title='bbox 1506 826 1611 872; x_wconf 86' lang='lat' dir='ltr'>quod</span> <span class='ocrx_word' id='word_1_90' title='bbox 1633 840 1652 860; x_wconf 72' lang='grc' dir='ltr'><strong>κ</strong></span> <span class='ocrx_word' id='word_1_91' title='bbox 1670 826 1768 863; x_wconf 90' lang='lat' dir='ltr'>divi-</span> 
     </span>
     <span class='ocr_line' id='line_1_12' title="bbox 149 872 1766 920; baseline 0.002 -11"><span class='ocrx_word' id='word_1_92' title='bbox 149 883 225 910; x_wconf 87' lang='lat' dir='ltr'>nus</span> <span class='ocrx_word' id='word_1_93' title='bbox 247 882 358 910; x_wconf 87' lang='lat' dir='ltr'>amor</span> <span class='ocrx_word' id='word_1_94' title='bbox 374 881 455 909; x_wconf 90' lang='lat' dir='ltr'>non</span> <span class='ocrx_word' id='word_1_95' title='bbox 475 872 655 918; x_wconf 86' lang='lat' dir='ltr'>permisit</span> <span class='ocrx_word' id='word_1_96' title='bbox 674 872 804 918; x_wconf 91' lang='lat' dir='ltr'>ipsum</span> <span class='ocrx_word' id='word_1_97' title='bbox 826 872 913 909; x_wconf 87' lang='lat' dir='ltr'>sine</span> <span class='ocrx_word' id='word_1_98' title='bbox 934 872 1111 918; x_wconf 83' lang='lat' dir='ltr'>germine</span> <span class='ocrx_word' id='word_1_99' title='bbox 1132 881 1220 909; x_wconf 90' lang='lat' dir='ltr'>esse</span> <span class='ocrx_word' id='word_1_100' title='bbox 1238 886 1256 905; x_wconf 90' lang='lat'>»</span> <span class='ocrx_word' id='word_1_101' title='bbox 1273 873 1340 919; x_wconf 89' lang='lat' dir='ltr'>(De</span> <span class='ocrx_word' id='word_1_102' title='bbox 1353 872 1472 908; x_wconf 82' lang='lat' dir='ltr'>divin.</span> <span class='ocrx_word' id='word_1_103' title='bbox 1487 873 1652 918; x_wconf 89' lang='lat' dir='ltr'>nomin.,</span> <span class='ocrx_word' id='word_1_104' title='bbox 1669 883 1702 910; x_wconf 92' lang='lat' dir='ltr'>c.</span> <span class='ocrx_word' id='word_1_105' title='bbox 1715 874 1766 920; x_wconf 83' lang='lat'>4).</span> 
     </span>
     <span class='ocr_line' id='line_1_13' title="bbox 149 919 1767 966; baseline 0 -9"><span class='ocrx_word' id='word_1_106' title='bbox 149 920 330 957; x_wconf 76' lang='lat' dir='ltr'>Habitum</span> <span class='ocrx_word' id='word_1_107' title='bbox 354 924 413 956; x_wconf 89' lang='lat' dir='ltr'>est</span> <span class='ocrx_word' id='word_1_108' title='bbox 433 923 564 956; x_wconf 90' lang='lat' dir='ltr'>autem</span> <span class='ocrx_word' id='word_1_109' title='bbox 585 929 632 955; x_wconf 83' lang='lat' dir='ltr'>ex</span> <span class='ocrx_word' id='word_1_110' title='bbox 652 919 870 965; x_wconf 84' lang='lat' dir='ltr'>praemissis</span> <span class='ocrx_word' id='word_1_111' title='bbox 892 919 996 965; x_wconf 87' lang='lat' dir='ltr'>quod</span> <span class='ocrx_word' id='word_1_112' title='bbox 1016 919 1182 964; x_wconf 83' lang='lat' dir='ltr'>Spiritus</span> <span class='ocrx_word' id='word_1_113' title='bbox 1207 924 1370 956; x_wconf 87' lang='lat' dir='ltr'>sanctus</span> <span class='ocrx_word' id='word_1_114' title='bbox 1391 919 1568 965; x_wconf 83' lang='lat' dir='ltr'>procedit</span> <span class='ocrx_word' id='word_1_115' title='bbox 1594 929 1663 966; x_wconf 89' lang='lat' dir='ltr'>per</span> <span class='ocrx_word' id='word_1_116' title='bbox 1682 929 1767 957; x_wconf 91' lang='lat' dir='ltr'>mo·</span> 
     </span>
     <span class='ocr_line' id='line_1_14' title="bbox 149 966 1769 1013; baseline 0.001 -10"><span class='ocrx_word' id='word_1_117' title='bbox 149 968 241 1004; x_wconf 88' lang='lat' dir='ltr'>dum</span> <span class='ocrx_word' id='word_1_118' title='bbox 270 967 417 1004; x_wconf 89' lang='lat' dir='ltr'>amoris</span> <span class='ocrx_word' id='word_1_119' title='bbox 449 976 526 1011; x_wconf 74' lang='lat' dir='ltr'>quo</span> <span class='ocrx_word' id='word_1_120' title='bbox 550 968 653 1002; x_wconf 88' lang='lat' dir='ltr'>Deus</span> <span class='ocrx_word' id='word_1_121' title='bbox 681 970 786 1002; x_wconf 88' lang='lat' dir='ltr'>amat</span> <span class='ocrx_word' id='word_1_122' title='bbox 815 966 1005 1011; x_wconf 90' lang='lat' dir='ltr'>seipsum.</span> <span class='ocrx_word' id='word_1_123' title='bbox 1030 966 1152 1013; x_wconf 90' lang='lat' dir='ltr'>Igitur</span> <span class='ocrx_word' id='word_1_124' title='bbox 1172 966 1341 1011; x_wconf 85' lang='lat' dir='ltr'>Spiritus</span> <span class='ocrx_word' id='word_1_125' title='bbox 1363 970 1525 1003; x_wconf 88' lang='lat' dir='ltr'>sanctus</span> <span class='ocrx_word' id='word_1_126' title='bbox 1547 971 1606 1003; x_wconf 88' lang='lat' dir='ltr'>est</span> <span class='ocrx_word' id='word_1_127' title='bbox 1626 967 1769 1013; x_wconf 91' lang='lat' dir='ltr'>princi-</span> 
     </span>
     <span class='ocr_line' id='line_1_15' title="bbox 150 1012 1768 1059; baseline 0.001 -10"><span class='ocrx_word' id='word_1_128' title='bbox 150 1015 257 1059; x_wconf 90' lang='lat' dir='ltr'>pium</span> <span class='ocrx_word' id='word_1_129' title='bbox 278 1014 491 1050; x_wconf 81' lang='lat' dir='ltr'>creationis</span> <span class='ocrx_word' id='word_1_130' title='bbox 514 1022 642 1049; x_wconf 84' lang='lat' dir='ltr'>rerum</span> <span class='ocrx_word' id='word_1_131' title='bbox 662 1025 670 1057; x_wconf 90' lang='lat'>;</span> <span class='ocrx_word' id='word_1_132' title='bbox 694 1017 731 1049; x_wconf 89' lang='lat' dir='ltr'>et</span> <span class='ocrx_word' id='word_1_133' title='bbox 751 1013 827 1050; x_wconf 87' lang='lat' dir='ltr'>hoc</span> <span class='ocrx_word' id='word_1_134' title='bbox 848 1012 1120 1058; x_wconf 88' lang='lat' dir='ltr'>significatur:</span> <span class='ocrx_word' id='word_1_135' title='bbox 1139 1015 1289 1049; x_wconf 70' lang='lat' dir='ltr'>Emittes</span> <span class='ocrx_word' id='word_1_136' title='bbox 1309 1014 1487 1058; x_wconf 77' lang='lat' dir='ltr'>Spiritum</span> <span class='ocrx_word' id='word_1_137' title='bbox 1510 1016 1624 1058; x_wconf 84' lang='lat' dir='ltr'>tuum,</span> <span class='ocrx_word' id='word_1_138' title='bbox 1645 1018 1677 1050; x_wconf 79' lang='lat' dir='ltr'>et</span> <span class='ocrx_word' id='word_1_139' title='bbox 1696 1024 1768 1050; x_wconf 83' lang='lat' dir='ltr'>cre-</span> 
     </span>
     <span class='ocr_line' id='line_1_16' title="bbox 149 1059 1766 1106; baseline 0.001 -10"><span class='ocrx_word' id='word_1_140' title='bbox 149 1062 320 1097; x_wconf 74' lang='lat' dir='ltr'>abuntur.</span> <span class='ocrx_word' id='word_1_141' title='bbox 344 1061 491 1106; x_wconf 78' lang='lat' dir='ltr'>(Psuim.</span> <span class='ocrx_word' id='word_1_142' title='bbox 514 1069 593 1101; x_wconf 84' lang='lat' dir='ltr'>CIII,</span> <span class='ocrx_word' id='word_1_143' title='bbox 616 1059 690 1106; x_wconf 87' lang='lat'>30.)</span> <span class='ocrx_word' id='word_1_144' title='bbox 711 1080 757 1085; x_wconf 92' lang='lat'>—-</span> <span class='ocrx_word' id='word_1_145' title='bbox 777 1062 830 1096; x_wconf 82' lang='lat' dir='ltr'>Ex</span> <span class='ocrx_word' id='word_1_146' title='bbox 850 1060 925 1096; x_wconf 88' lang='lat' dir='ltr'>hoc</span> <span class='ocrx_word' id='word_1_147' title='bbox 947 1060 1061 1096; x_wconf 88' lang='lat' dir='ltr'>etiam</span> <span class='ocrx_word' id='word_1_148' title='bbox 1084 1060 1189 1106; x_wconf 84' lang='lat' dir='ltr'>quod</span> <span class='ocrx_word' id='word_1_149' title='bbox 1214 1060 1382 1106; x_wconf 85' lang='lat' dir='ltr'>Spiritus</span> <span class='ocrx_word' id='word_1_150' title='bbox 1402 1064 1564 1097; x_wconf 85' lang='lat' dir='ltr'>sanctus</span> <span class='ocrx_word' id='word_1_151' title='bbox 1585 1070 1653 1106; x_wconf 86' lang='lat' dir='ltr'>per</span> <span class='ocrx_word' id='word_1_152' title='bbox 1682 1070 1766 1098; x_wconf 91' lang='grc'>1110-</span> 
     </span>
     <span class='ocr_line' id='line_1_17' title="bbox 150 1107 1766 1153; baseline 0.001 -9"><span class='ocrx_word' id='word_1_153' title='bbox 150 1108 241 1144; x_wconf 86' lang='lat' dir='ltr'>dum</span> <span class='ocrx_word' id='word_1_154' title='bbox 265 1108 414 1144; x_wconf 88' lang='lat' dir='ltr'>amoris</span> <span class='ocrx_word' id='word_1_155' title='bbox 434 1107 623 1152; x_wconf 87' lang='lat' dir='ltr'>procedit,</span> <span class='ocrx_word' id='word_1_156' title='bbox 645 1116 756 1143; x_wconf 91' lang='lat' dir='ltr'>amor</span> <span class='ocrx_word' id='word_1_157' title='bbox 774 1111 904 1143; x_wconf 89' lang='lat' dir='ltr'>autem</span> <span class='ocrx_word' id='word_1_158' title='bbox 923 1107 998 1143; x_wconf 88' lang='lat' dir='ltr'>vim</span> <span class='ocrx_word' id='word_1_159' title='bbox 1020 1107 1231 1153; x_wconf 83' lang='lat' dir='ltr'>quamdam</span> <span class='ocrx_word' id='word_1_160' title='bbox 1252 1107 1503 1152; x_wconf 79' lang='lat' dir='ltr'>impulsivam</span> <span class='ocrx_word' id='word_1_161' title='bbox 1524 1111 1561 1143; x_wconf 92' lang='lat' dir='ltr'>et</span> <span class='ocrx_word' id='word_1_162' title='bbox 1579 1108 1766 1145; x_wconf 86' lang='lat' dir='ltr'>motivam</span> 
     </span>
     <span class='ocr_line' id='line_1_18' title="bbox 150 1154 1767 1200; baseline 0 -9"><span class='ocrx_word' id='word_1_163' title='bbox 150 1154 280 1196; x_wconf 84' lang='lat' dir='ltr'>habet,</span> <span class='ocrx_word' id='word_1_164' title='bbox 304 1158 435 1190; x_wconf 88' lang='lat' dir='ltr'>motus</span> <span class='ocrx_word' id='word_1_165' title='bbox 455 1154 520 1200; x_wconf 86' lang='lat' dir='ltr'>qui</span> <span class='ocrx_word' id='word_1_166' title='bbox 543 1157 603 1190; x_wconf 88' lang='lat' dir='ltr'>est</span> <span class='ocrx_word' id='word_1_167' title='bbox 622 1163 645 1189; x_wconf 86' lang='lat' dir='ltr'>a</span> <span class='ocrx_word' id='word_1_168' title='bbox 666 1155 744 1190; x_wconf 88' lang='lat' dir='ltr'>Deo</span> <span class='ocrx_word' id='word_1_169' title='bbox 765 1154 805 1190; x_wconf 90' lang='lat' dir='ltr'>in</span> <span class='ocrx_word' id='word_1_170' title='bbox 824 1154 942 1190; x_wconf 87' lang='lat' dir='ltr'>rebus</span> <span class='ocrx_word' id='word_1_171' title='bbox 963 1154 1124 1199; x_wconf 84' lang='lat' dir='ltr'>Spiritui</span> <span class='ocrx_word' id='word_1_172' title='bbox 1147 1157 1284 1191; x_wconf 91' lang='lat' dir='ltr'>sancto</span> <span class='ocrx_word' id='word_1_173' title='bbox 1306 1154 1462 1199; x_wconf 90' lang='lat' dir='ltr'>proprie</span> <span class='ocrx_word' id='word_1_174' title='bbox 1484 1154 1642 1191; x_wconf 83' lang='lat' dir='ltr'>attribui</span> <span class='ocrx_word' id='word_1_175' title='bbox 1663 1155 1767 1191; x_wconf 86' lang='lat' dir='ltr'>vide-</span> 
     </span>
     <span class='ocr_line' id='line_1_19' title="bbox 151 1200 1762 1248; baseline 0.001 -12"><span class='ocrx_word' id='word_1_176' title='bbox 151 1205 225 1238; x_wconf 89' lang='lat' dir='ltr'>tur.</span> <span class='ocrx_word' id='word_1_177' title='bbox 248 1201 376 1237; x_wconf 89' lang='lat' dir='ltr'>Prima</span> <span class='ocrx_word' id='word_1_178' title='bbox 397 1205 527 1237; x_wconf 87' lang='lat' dir='ltr'>autem</span> <span class='ocrx_word' id='word_1_179' title='bbox 546 1200 709 1237; x_wconf 88' lang='lat' dir='ltr'>mutatio</span> <span class='ocrx_word' id='word_1_180' title='bbox 729 1201 768 1236; x_wconf 92' lang='lat' dir='ltr'>in</span> <span class='ocrx_word' id='word_1_181' title='bbox 790 1201 907 1237; x_wconf 83' lang='lat' dir='ltr'>rebus</span> <span class='ocrx_word' id='word_1_182' title='bbox 930 1210 952 1237; x_wconf 91' lang='lat' dir='ltr'>a</span> <span class='ocrx_word' id='word_1_183' title='bbox 971 1202 1050 1237; x_wconf 82' lang='lat' dir='ltr'>Deo</span> <span class='ocrx_word' id='word_1_184' title='bbox 1068 1201 1265 1237; x_wconf 81' lang='lat' dir='ltr'>exsistens</span> <span class='ocrx_word' id='word_1_185' title='bbox 1287 1201 1522 1248; x_wconf 81' lang='lat' dir='ltr'>intelligitur</span> <span class='ocrx_word' id='word_1_186' title='bbox 1541 1201 1762 1238; x_wconf 90' lang='lat' dir='ltr'>secundum</span> 
     </span>
     <span class='ocr_line' id='line_1_20' title="bbox 149 1247 1764 1294; baseline 0.001 -10"><span class='ocrx_word' id='word_1_187' title='bbox 149 1248 255 1294; x_wconf 81' lang='lat' dir='ltr'>quod</span> <span class='ocrx_word' id='word_1_188' title='bbox 275 1257 323 1284; x_wconf 79' lang='lat' dir='ltr'>ex</span> <span class='ocrx_word' id='word_1_189' title='bbox 339 1248 503 1284; x_wconf 88' lang='lat' dir='ltr'>materia</span> <span class='ocrx_word' id='word_1_190' title='bbox 523 1250 654 1284; x_wconf 89' lang='lat' dir='ltr'>creata</span> <span class='ocrx_word' id='word_1_191' title='bbox 671 1247 830 1283; x_wconf 83' lang='lat' dir='ltr'>informi</span> <span class='ocrx_word' id='word_1_192' title='bbox 852 1247 1005 1292; x_wconf 89' lang='lat' dir='ltr'>species</span> <span class='ocrx_word' id='word_1_193' title='bbox 1021 1247 1198 1284; x_wconf 84' lang='lat' dir='ltr'>diversas</span> <span class='ocrx_word' id='word_1_194' title='bbox 1218 1247 1414 1293; x_wconf 68' lang='lat' dir='ltr'>produxit.</span> <span class='ocrx_word' id='word_1_195' title='bbox 1439 1247 1544 1284; x_wconf 90' lang='lat' dir='ltr'>Unde</span> <span class='ocrx_word' id='word_1_196' title='bbox 1567 1247 1641 1284; x_wconf 88' lang='lat' dir='ltr'>hoc</span> <span class='ocrx_word' id='word_1_197' title='bbox 1663 1257 1764 1294; x_wconf 92' lang='lat' dir='ltr'>opus</span> 
     </span>
     <span class='ocr_line' id='line_1_21' title="bbox 150 1294 1767 1340; baseline -0.001 -9"><span class='ocrx_word' id='word_1_198' title='bbox 150 1295 307 1340; x_wconf 90' lang='lat' dir='ltr'>Spiritui</span> <span class='ocrx_word' id='word_1_199' title='bbox 330 1298 467 1331; x_wconf 89' lang='lat' dir='ltr'>sancto</span> <span class='ocrx_word' id='word_1_200' title='bbox 486 1303 598 1331; x_wconf 90' lang='lat' dir='ltr'>sacra</span> <span class='ocrx_word' id='word_1_201' title='bbox 617 1294 816 1339; x_wconf 82' lang='lat' dir='ltr'>Scriptura</span> <span class='ocrx_word' id='word_1_202' title='bbox 833 1294 1033 1337; x_wconf 85' lang='lat' dir='ltr'>attribuit3</span> <span class='ocrx_word' id='word_1_203' title='bbox 1057 1294 1201 1330; x_wconf 89' lang='lat' dir='ltr'>dicitur</span> <span class='ocrx_word' id='word_1_204' title='bbox 1217 1295 1322 1331; x_wconf 90' lang='lat' dir='ltr'>enim</span> <span class='ocrx_word' id='word_1_205' title='bbox 1340 1304 1348 1329; x_wconf 91' lang='lat'>:</span> <span class='ocrx_word' id='word_1_206' title='bbox 1370 1295 1529 1339; x_wconf 76' lang='lat' dir='ltr'>Spiritus</span> <span class='ocrx_word' id='word_1_207' title='bbox 1544 1296 1611 1330; x_wconf 74' lang='lat' dir='ltr'>Dei</span> <span class='ocrx_word' id='word_1_208' title='bbox 1629 1295 1767 1338; x_wconf 75' lang='lat' dir='ltr'>ferebu-</span> 
     </span>
     <span class='ocr_line' id='line_1_22' title="bbox 149 1341 1766 1388; baseline 0.001 -12"><span class='ocrx_word' id='word_1_209' title='bbox 149 1345 210 1376; x_wconf 79' lang='lat' dir='ltr'>tur</span> <span class='ocrx_word' id='word_1_210' title='bbox 237 1351 345 1387; x_wconf 75' lang='lat' dir='ltr'>super</span> <span class='ocrx_word' id='word_1_211' title='bbox 363 1351 497 1386; x_wconf 77' lang='lat' dir='ltr'>aquus3</span> <span class='ocrx_word' id='word_1_212' title='bbox 524 1341 607 1377; x_wconf 91' lang='lat' dir='ltr'>vult</span> <span class='ocrx_word' id='word_1_213' title='bbox 627 1341 731 1377; x_wconf 88' lang='lat' dir='ltr'>enim</span> <span class='ocrx_word' id='word_1_214' title='bbox 756 1341 1002 1387; x_wconf 75' lang='lat' dir='ltr'>Augustinus</span> <span class='ocrx_word' id='word_1_215' title='bbox 1026 1350 1094 1386; x_wconf 92' lang='lat' dir='ltr'>per</span> <span class='ocrx_word' id='word_1_216' title='bbox 1114 1350 1237 1387; x_wconf 85' lang='lat' dir='ltr'>aquas</span> <span class='ocrx_word' id='word_1_217' title='bbox 1267 1341 1436 1387; x_wconf 81' lang='lat' dir='ltr'>intelligi</span> <span class='ocrx_word' id='word_1_218' title='bbox 1465 1342 1668 1378; x_wconf 81' lang='lat' dir='ltr'>materiam</span> <span class='ocrx_word' id='word_1_219' title='bbox 1691 1342 1766 1388; x_wconf 92' lang='lat' dir='ltr'>pri-</span> 
     </span>
     <span class='ocr_line' id='line_1_23' title="bbox 150 1387 1766 1434; baseline 0.001 -10"><span class='ocrx_word' id='word_1_220' title='bbox 150 1397 269 1431; x_wconf 85' lang='lat' dir='ltr'>mam,</span> <span class='ocrx_word' id='word_1_221' title='bbox 305 1397 423 1433; x_wconf 87' lang='lat' dir='ltr'>super</span> <span class='ocrx_word' id='word_1_222' title='bbox 443 1397 559 1434; x_wconf 87' lang='lat' dir='ltr'>quam</span> <span class='ocrx_word' id='word_1_223' title='bbox 594 1387 762 1432; x_wconf 89' lang='lat' dir='ltr'>Spiritus</span> <span class='ocrx_word' id='word_1_224' title='bbox 792 1388 947 1424; x_wconf 88' lang='lat' dir='ltr'>Domini</span> <span class='ocrx_word' id='word_1_225' title='bbox 970 1388 1062 1424; x_wconf 79' lang='lat' dir='ltr'>ferri</span> <span class='ocrx_word' id='word_1_226' title='bbox 1083 1387 1239 1433; x_wconf 86' lang='lat' dir='ltr'>dicitur,</span> <span class='ocrx_word' id='word_1_227' title='bbox 1261 1397 1339 1424; x_wconf 88' lang='lat' dir='ltr'>non</span> <span class='ocrx_word' id='word_1_228' title='bbox 1368 1388 1482 1434; x_wconf 89' lang='lat' dir='ltr'>quasi</span> <span class='ocrx_word' id='word_1_229' title='bbox 1504 1388 1589 1434; x_wconf 91' lang='lat' dir='ltr'>ipse</span> <span class='ocrx_word' id='word_1_230' title='bbox 1611 1398 1766 1425; x_wconf 79' lang='lat' dir='ltr'>movea-</span> 
     </span>
     <span class='ocr_line' id='line_1_24' title="bbox 149 1434 985 1481; baseline -0.001 -10"><span class='ocrx_word' id='word_1_231' title='bbox 149 1439 225 1477; x_wconf 88' lang='lat' dir='ltr'>tur,</span> <span class='ocrx_word' id='word_1_232' title='bbox 249 1435 318 1471; x_wconf 87' lang='lat' dir='ltr'>sed</span> <span class='ocrx_word' id='word_1_233' title='bbox 337 1435 429 1481; x_wconf 88' lang='lat' dir='ltr'>quia</span> <span class='ocrx_word' id='word_1_234' title='bbox 444 1438 503 1470; x_wconf 84' lang='lat' dir='ltr'>est</span> <span class='ocrx_word' id='word_1_235' title='bbox 520 1434 711 1471; x_wconf 89' lang='lat' dir='ltr'>motionis</span> <span class='ocrx_word' id='word_1_236' title='bbox 733 1434 985 1479; x_wconf 82' lang='lat' dir='ltr'>principium.</span> 
     </span>
    </p>

    <p class='ocr_par' dir='ltr' id='par_1_6' title="bbox 147 1480 1766 1903">
     <span class='ocr_line' id='line_1_25' title="bbox 195 1480 1762 1528; baseline 0.001 -11"><span class='ocrx_word' id='word_1_237' title='bbox 195 1483 346 1525; x_wconf 81' lang='lat' dir='ltr'>Rursus,</span> <span class='ocrx_word' id='word_1_238' title='bbox 377 1490 505 1517; x_wconf 87' lang='lat' dir='ltr'>rerum</span> <span class='ocrx_word' id='word_1_239' title='bbox 537 1480 770 1528; x_wconf 81' lang='lat' dir='ltr'>gubernatio</span> <span class='ocrx_word' id='word_1_240' title='bbox 803 1490 825 1518; x_wconf 89' lang='lat' dir='ltr'>a</span> <span class='ocrx_word' id='word_1_241' title='bbox 857 1483 935 1517; x_wconf 90' lang='lat' dir='ltr'>Deo</span> <span class='ocrx_word' id='word_1_242' title='bbox 962 1481 1182 1517; x_wconf 88' lang='lat' dir='ltr'>secundum</span> <span class='ocrx_word' id='word_1_243' title='bbox 1205 1481 1415 1527; x_wconf 85' lang='lat' dir='ltr'>quamdam</span> <span class='ocrx_word' id='word_1_244' title='bbox 1437 1481 1651 1518; x_wconf 87' lang='lat' dir='ltr'>motionem</span> <span class='ocrx_word' id='word_1_245' title='bbox 1673 1491 1762 1519; x_wconf 91' lang='lat' dir='ltr'>esse</span> 
     </span>
     <span class='ocr_line' id='line_1_26' title="bbox 147 1528 1763 1574; baseline 0.001 -10"><span class='ocrx_word' id='word_1_246' title='bbox 147 1528 391 1574; x_wconf 85' lang='lat' dir='ltr'>intelligitur,</span> <span class='ocrx_word' id='word_1_247' title='bbox 414 1529 632 1564; x_wconf 90' lang='lat' dir='ltr'>secundum</span> <span class='ocrx_word' id='word_1_248' title='bbox 653 1528 758 1574; x_wconf 86' lang='lat' dir='ltr'>quod</span> <span class='ocrx_word' id='word_1_249' title='bbox 773 1529 876 1564; x_wconf 90' lang='lat' dir='ltr'>Deus</span> <span class='ocrx_word' id='word_1_250' title='bbox 897 1528 1029 1564; x_wconf 88' lang='lat' dir='ltr'>omnia</span> <span class='ocrx_word' id='word_1_251' title='bbox 1048 1528 1177 1574; x_wconf 85' lang='lat' dir='ltr'>dirigit</span> <span class='ocrx_word' id='word_1_252' title='bbox 1196 1532 1235 1564; x_wconf 88' lang='lat' dir='ltr'>et</span> <span class='ocrx_word' id='word_1_253' title='bbox 1250 1531 1381 1564; x_wconf 88' lang='lat' dir='ltr'>movet</span> <span class='ocrx_word' id='word_1_254' title='bbox 1399 1528 1437 1564; x_wconf 90' lang='lat' dir='ltr'>in</span> <span class='ocrx_word' id='word_1_255' title='bbox 1451 1529 1631 1573; x_wconf 89' lang='lat' dir='ltr'>proprios</span> <span class='ocrx_word' id='word_1_256' title='bbox 1647 1528 1763 1566; x_wconf 90' lang='lat' dir='ltr'>fines.</span> 
     </span>
     <span class='ocr_line' id='line_1_27' title="bbox 149 1574 1763 1621; baseline 0.001 -10"><span class='ocrx_word' id='word_1_257' title='bbox 149 1576 187 1611; x_wconf 91' lang='lat' dir='ltr'>Si</span> <span class='ocrx_word' id='word_1_258' title='bbox 217 1575 335 1621; x_wconf 85' lang='lat' dir='ltr'>igitur</span> <span class='ocrx_word' id='word_1_259' title='bbox 349 1575 545 1620; x_wconf 90' lang='lat' dir='ltr'>impulsus</span> <span class='ocrx_word' id='word_1_260' title='bbox 560 1578 597 1610; x_wconf 91' lang='lat' dir='ltr'>et</span> <span class='ocrx_word' id='word_1_261' title='bbox 613 1574 734 1611; x_wconf 90' lang='lat' dir='ltr'>motio</span> <span class='ocrx_word' id='word_1_262' title='bbox 756 1575 804 1611; x_wconf 90' lang='lat' dir='ltr'>ad</span> <span class='ocrx_word' id='word_1_263' title='bbox 824 1575 1003 1620; x_wconf 89' lang='lat' dir='ltr'>Spiritum</span> <span class='ocrx_word' id='word_1_264' title='bbox 1021 1578 1216 1619; x_wconf 84' lang='lat' dir='ltr'>sanctum,</span> <span class='ocrx_word' id='word_1_265' title='bbox 1238 1574 1387 1611; x_wconf 89' lang='lat' dir='ltr'>ratione</span> <span class='ocrx_word' id='word_1_266' title='bbox 1404 1575 1564 1618; x_wconf 87' lang='lat' dir='ltr'>amoris,</span> <span class='ocrx_word' id='word_1_267' title='bbox 1583 1575 1763 1621; x_wconf 87' lang='lat' dir='ltr'>pertinet,</span> 
     </span>
     <span class='ocr_line' id='line_1_28' title="bbox 148 1621 1763 1669; baseline 0.001 -12"><span class='ocrx_word' id='word_1_268' title='bbox 148 1621 427 1658; x_wconf 85' lang='lat' dir='ltr'>convenienter</span> <span class='ocrx_word' id='word_1_269' title='bbox 458 1631 587 1658; x_wconf 88' lang='lat' dir='ltr'>rerum</span> <span class='ocrx_word' id='word_1_270' title='bbox 609 1621 841 1669; x_wconf 82' lang='lat' dir='ltr'>gubernatio</span> <span class='ocrx_word' id='word_1_271' title='bbox 872 1625 908 1657; x_wconf 89' lang='lat' dir='ltr'>et</span> <span class='ocrx_word' id='word_1_272' title='bbox 926 1622 1156 1668; x_wconf 84' lang='lat' dir='ltr'>propagatio</span> <span class='ocrx_word' id='word_1_273' title='bbox 1177 1621 1332 1667; x_wconf 87' lang='lat' dir='ltr'>Spiritui</span> <span class='ocrx_word' id='word_1_274' title='bbox 1361 1624 1498 1658; x_wconf 86' lang='lat' dir='ltr'>sancto</span> <span class='ocrx_word' id='word_1_275' title='bbox 1528 1622 1763 1660; x_wconf 82' lang='lat' dir='ltr'>attribuitur.</span> 
     </span>
     <span class='ocr_line' id='line_1_29' title="bbox 149 1668 1766 1715; baseline 0 -10"><span class='ocrx_word' id='word_1_276' title='bbox 149 1669 256 1705; x_wconf 87' lang='lat' dir='ltr'>Unde</span> <span class='ocrx_word' id='word_1_277' title='bbox 288 1668 451 1705; x_wconf 86' lang='lat' dir='ltr'>dicitur:</span> <span class='ocrx_word' id='word_1_278' title='bbox 485 1669 647 1713; x_wconf 77' lang='lat' dir='ltr'>Spiritus</span> <span class='ocrx_word' id='word_1_279' title='bbox 667 1670 733 1704; x_wconf 82' lang='lat' dir='ltr'>Dei</span> <span class='ocrx_word' id='word_1_280' title='bbox 751 1670 838 1712; x_wconf 79' lang='lat' dir='ltr'>fecit</span> <span class='ocrx_word' id='word_1_281' title='bbox 856 1679 911 1704; x_wconf 82' lang='lat' dir='ltr'>me</span> <span class='ocrx_word' id='word_1_282' title='bbox 930 1669 1020 1715; x_wconf 78' lang='lat' dir='ltr'>(Job,</span> <span class='ocrx_word' id='word_1_283' title='bbox 1043 1677 1183 1712; x_wconf 77' lang='lat' dir='ltr'>xxxin,</span> <span class='ocrx_word' id='word_1_284' title='bbox 1207 1669 1241 1715; x_wconf 86' lang='lat'>5)</span> <span class='ocrx_word' id='word_1_285' title='bbox 1260 1681 1268 1712; x_wconf 89' lang='lat'>;</span> <span class='ocrx_word' id='word_1_286' title='bbox 1289 1672 1327 1705; x_wconf 87' lang='lat' dir='ltr'>et</span> <span class='ocrx_word' id='word_1_287' title='bbox 1343 1680 1352 1703; x_wconf 80' lang='lat' dir='ltr'>z</span> <span class='ocrx_word' id='word_1_288' title='bbox 1369 1669 1529 1713; x_wconf 69' lang='lat' dir='ltr'>Spiritus</span> <span class='ocrx_word' id='word_1_289' title='bbox 1550 1672 1632 1704; x_wconf 78' lang='lat' dir='ltr'>tuus</span> <span class='ocrx_word' id='word_1_290' title='bbox 1656 1669 1766 1705; x_wconf 83' lang='lat' dir='ltr'>bouus</span> 
     </span>
     <span class='ocr_line' id='line_1_30' title="bbox 147 1715 1765 1762; baseline 0.002 -12"><span class='ocrx_word' id='word_1_291' title='bbox 147 1716 296 1751; x_wconf 78' lang='lat' dir='ltr'>deducet</span> <span class='ocrx_word' id='word_1_292' title='bbox 324 1726 378 1751; x_wconf 79' lang='lat' dir='ltr'>me</span> <span class='ocrx_word' id='word_1_293' title='bbox 409 1717 448 1750; x_wconf 66' lang='lat' dir='ltr'>‘in</span> <span class='ocrx_word' id='word_1_294' title='bbox 467 1718 600 1751; x_wconf 79' lang='lat' dir='ltr'>terram</span> <span class='ocrx_word' id='word_1_295' title='bbox 625 1718 759 1751; x_wconf 76' lang='lat' dir='ltr'>rectam</span> <span class='ocrx_word' id='word_1_296' title='bbox 779 1715 928 1762; x_wconf 80' lang='lat' dir='ltr'>(Psatm.</span> <span class='ocrx_word' id='word_1_297' title='bbox 950 1724 1063 1758; x_wconf 75' lang='lat' dir='ltr'>cxml,</span> <span class='ocrx_word' id='word_1_298' title='bbox 1088 1716 1158 1761; x_wconf 83' lang='lat'><strong>10).</strong></span> <span class='ocrx_word' id='word_1_299' title='bbox 1181 1736 1227 1741; x_wconf 85' lang='lat'>-—-</span> <span class='ocrx_word' id='word_1_300' title='bbox 1249 1717 1304 1759; x_wconf 88' lang='lat' dir='ltr'>Et,</span> <span class='ocrx_word' id='word_1_301' title='bbox 1326 1716 1417 1762; x_wconf 84' lang='lat' dir='ltr'>quia</span> <span class='ocrx_word' id='word_1_302' title='bbox 1434 1716 1654 1762; x_wconf 84' lang='lat' dir='ltr'>gubernare</span> <span class='ocrx_word' id='word_1_303' title='bbox 1674 1716 1765 1753; x_wconf 86' lang='lat' dir='ltr'>sub·</span> 
     </span>
     <span class='ocr_line' id='line_1_31' title="bbox 148 1762 1762 1808; baseline 0.001 -10"><span class='ocrx_word' id='word_1_304' title='bbox 148 1763 250 1799; x_wconf 90' lang='lat' dir='ltr'>ditos</span> <span class='ocrx_word' id='word_1_305' title='bbox 281 1763 463 1808; x_wconf 90' lang='lat' dir='ltr'>proprius</span> <span class='ocrx_word' id='word_1_306' title='bbox 496 1765 606 1799; x_wconf 90' lang='lat' dir='ltr'>actus</span> <span class='ocrx_word' id='word_1_307' title='bbox 627 1762 776 1799; x_wconf 91' lang='lat' dir='ltr'>domini</span> <span class='ocrx_word' id='word_1_308' title='bbox 806 1765 878 1806; x_wconf 84' lang='lat' dir='ltr'>est,</span> <span class='ocrx_word' id='word_1_309' title='bbox 900 1763 1183 1799; x_wconf 87' lang='lat' dir='ltr'>convenientes</span> <span class='ocrx_word' id='word_1_310' title='bbox 1208 1762 1365 1808; x_wconf 91' lang='lat' dir='ltr'>Spiritui</span> <span class='ocrx_word' id='word_1_311' title='bbox 1383 1766 1520 1799; x_wconf 89' lang='lat' dir='ltr'>sancto</span> <span class='ocrx_word' id='word_1_312' title='bbox 1541 1763 1762 1800; x_wconf 86' lang='lat' dir='ltr'>dominium</span> 
     </span>
     <span class='ocr_line' id='line_1_32' title="bbox 147 1809 1760 1855; baseline 0.001 -9"><span class='ocrx_word' id='word_1_313' title='bbox 147 1809 369 1846; x_wconf 71' lang='lat' dir='ltr'>attribuitur</span> <span class='ocrx_word' id='word_1_314' title='bbox 387 1821 396 1854; x_wconf 89' lang='lat'>;</span> <span class='ocrx_word' id='word_1_315' title='bbox 430 1809 521 1845; x_wconf 85' lang='lat' dir='ltr'>dicit</span> <span class='ocrx_word' id='word_1_316' title='bbox 551 1810 657 1846; x_wconf 86' lang='lat' dir='ltr'>enim</span> <span class='ocrx_word' id='word_1_317' title='bbox 675 1810 913 1854; x_wconf 80' lang='lat' dir='ltr'>Apostolus:</span> <span class='ocrx_word' id='word_1_318' title='bbox 933 1811 1106 1845; x_wconf 77' lang='lat' dir='ltr'>Dominus</span> <span class='ocrx_word' id='word_1_319' title='bbox 1126 1810 1286 1854; x_wconf 75' lang='lat' dir='ltr'>Spiritus</span> <span class='ocrx_word' id='word_1_320' title='bbox 1305 1812 1423 1845; x_wconf 77' lang='lat' dir='ltr'>autem</span> <span class='ocrx_word' id='word_1_321' title='bbox 1448 1813 1499 1845; x_wconf 76' lang='lat' dir='ltr'>est</span> <span class='ocrx_word' id='word_1_322' title='bbox 1519 1809 1571 1855; x_wconf 84' lang='grc' dir='ltr'>(Π</span> <span class='ocrx_word' id='word_1_323' title='bbox 1585 1811 1681 1855; x_wconf 62' lang='lat' dir='ltr'>Cor„</span> <span class='ocrx_word' id='word_1_324' title='bbox 1701 1819 1760 1855; x_wconf 83' lang='grc' dir='ltr'>ΙΙΙ,</span> 
     </span>
     <span class='ocr_line' id='line_1_33' title="bbox 149 1855 1642 1903; baseline -0.001 -11"><span class='ocrx_word' id='word_1_325' title='bbox 149 1857 204 1901; x_wconf 75' lang='lat'>17)</span> <span class='ocrx_word' id='word_1_326' title='bbox 224 1868 232 1899; x_wconf 88' lang='lat'>;</span> <span class='ocrx_word' id='word_1_327' title='bbox 257 1859 294 1893; x_wconf 87' lang='lat' dir='ltr'>et</span> <span class='ocrx_word' id='word_1_328' title='bbox 312 1856 351 1893; x_wconf 90' lang='lat' dir='ltr'>in</span> <span class='ocrx_word' id='word_1_329' title='bbox 374 1856 555 1903; x_wconf 78' lang='lat' dir='ltr'>symbolo</span> <span class='ocrx_word' id='word_1_330' title='bbox 575 1855 666 1892; x_wconf 86' lang='lat' dir='ltr'>fidei</span> <span class='ocrx_word' id='word_1_331' title='bbox 685 1856 825 1893; x_wconf 85' lang='lat' dir='ltr'>dicitur</span> <span class='ocrx_word' id='word_1_332' title='bbox 847 1867 855 1890; x_wconf 71' lang='grc' dir='ltr'>ε</span> <span class='ocrx_word' id='word_1_333' title='bbox 877 1856 987 1893; x_wconf 81' lang='lat' dir='ltr'>Credo</span> <span class='ocrx_word' id='word_1_334' title='bbox 1007 1858 1046 1891; x_wconf 78' lang='lat' dir='ltr'>in</span> <span class='ocrx_word' id='word_1_335' title='bbox 1066 1857 1244 1901; x_wconf 77' lang='lat' dir='ltr'>Spiritum</span> <span class='ocrx_word' id='word_1_336' title='bbox 1257 1859 1419 1892; x_wconf 80' lang='lat' dir='ltr'>sanctum</span> <span class='ocrx_word' id='word_1_337' title='bbox 1439 1858 1642 1892; x_wconf 76' lang='lat' dir='ltr'>Dominum.</span> 
     </span>
    </p>

    <p class='ocr_par' dir='ltr' id='par_1_7' title="bbox 145 1902 1765 2314">
     <span class='ocr_line' id='line_1_34' title="bbox 193 1902 1761 1948; baseline 0.001 -10"><span class='ocrx_word' id='word_1_338' title='bbox 193 1905 292 1942; x_wconf 75' lang='lat' dir='ltr'>Item,</span> <span class='ocrx_word' id='word_1_339' title='bbox 326 1902 403 1939; x_wconf 84' lang='lat' dir='ltr'>vita</span> <span class='ocrx_word' id='word_1_340' title='bbox 423 1903 592 1939; x_wconf 82' lang='lat' dir='ltr'>maxime</span> <span class='ocrx_word' id='word_1_341' title='bbox 611 1903 653 1939; x_wconf 92' lang='lat' dir='ltr'>in</span> <span class='ocrx_word' id='word_1_342' title='bbox 684 1906 793 1939; x_wconf 90' lang='lat' dir='ltr'>motu</span> <span class='ocrx_word' id='word_1_343' title='bbox 818 1903 1116 1947; x_wconf 83' lang='lat' dir='ltr'>manifestatur;</span> <span class='ocrx_word' id='word_1_344' title='bbox 1140 1903 1336 1939; x_wconf 85' lang='lat' dir='ltr'>moventia</span> <span class='ocrx_word' id='word_1_345' title='bbox 1357 1903 1459 1939; x_wconf 88' lang='lat' dir='ltr'>enim</span> <span class='ocrx_word' id='word_1_346' title='bbox 1482 1903 1612 1948; x_wconf 83' lang='lat' dir='ltr'>seipsa</span> <span class='ocrx_word' id='word_1_347' title='bbox 1631 1903 1761 1939; x_wconf 72' lang='lat' dir='ltr'>vivere</span> 
     </span>
     <span class='ocr_line' id='line_1_35' title="bbox 147 1949 1763 1996; baseline 0.001 -11"><span class='ocrx_word' id='word_1_348' title='bbox 147 1949 329 1994; x_wconf 89' lang='lat' dir='ltr'>dicimus,</span> <span class='ocrx_word' id='word_1_349' title='bbox 351 1953 388 1986; x_wconf 91' lang='lat' dir='ltr'>et</span> <span class='ocrx_word' id='word_1_350' title='bbox 408 1949 679 1986; x_wconf 90' lang='lat' dir='ltr'>universaliter</span> <span class='ocrx_word' id='word_1_351' title='bbox 699 1959 957 1996; x_wconf 81' lang='lat' dir='ltr'>quaecumque</span> <span class='ocrx_word' id='word_1_352' title='bbox 979 1959 1002 1986; x_wconf 92' lang='lat' dir='ltr'>a</span> <span class='ocrx_word' id='word_1_353' title='bbox 1022 1949 1164 1995; x_wconf 88' lang='lat' dir='ltr'>seipsis</span> <span class='ocrx_word' id='word_1_354' title='bbox 1182 1952 1352 1996; x_wconf 88' lang='lat' dir='ltr'>aguntur</span> <span class='ocrx_word' id='word_1_355' title='bbox 1371 1949 1419 1985; x_wconf 90' lang='lat' dir='ltr'>ad</span> <span class='ocrx_word' id='word_1_356' title='bbox 1441 1950 1698 1995; x_wconf 87' lang='lat' dir='ltr'>operandum.</span> <span class='ocrx_word' id='word_1_357' title='bbox 1722 1950 1763 1987; x_wconf 88' lang='lat' dir='ltr'>Si</span> 
     </span>
     <span class='ocr_line' id='line_1_36' title="bbox 145 1996 1756 2043; baseline 0.001 -11"><span class='ocrx_word' id='word_1_358' title='bbox 145 1996 278 2043; x_wconf 86' lang='lat' dir='ltr'>igitur,</span> <span class='ocrx_word' id='word_1_359' title='bbox 299 1996 451 2032; x_wconf 88' lang='lat' dir='ltr'>ratione</span> <span class='ocrx_word' id='word_1_360' title='bbox 470 1996 630 2038; x_wconf 88' lang='lat' dir='ltr'>amoris,</span> <span class='ocrx_word' id='word_1_361' title='bbox 652 1996 810 2042; x_wconf 81' lang='lat' dir='ltr'>Spiritui</span> <span class='ocrx_word' id='word_1_362' title='bbox 828 2000 966 2033; x_wconf 88' lang='lat' dir='ltr'>sancto</span> <span class='ocrx_word' id='word_1_363' title='bbox 984 1996 1171 2041; x_wconf 91' lang='lat' dir='ltr'>impulsio</span> <span class='ocrx_word' id='word_1_364' title='bbox 1191 2000 1228 2033; x_wconf 92' lang='lat' dir='ltr'>et</span> <span class='ocrx_word' id='word_1_365' title='bbox 1248 1996 1368 2033; x_wconf 91' lang='lat' dir='ltr'>motio</span> <span class='ocrx_word' id='word_1_366' title='bbox 1390 1997 1589 2041; x_wconf 84' lang='lat' dir='ltr'>competit,</span> <span class='ocrx_word' id='word_1_367' title='bbox 1611 2005 1756 2033; x_wconf 82' lang='lat' dir='ltr'>conve-</span> 
     </span>
     <span class='ocr_line' id='line_1_37' title="bbox 145 2042 1761 2088; baseline 0.001 -9"><span class='ocrx_word' id='word_1_368' title='bbox 145 2044 298 2079; x_wconf 88' lang='lat' dir='ltr'>nienter</span> <span class='ocrx_word' id='word_1_369' title='bbox 322 2043 438 2079; x_wconf 89' lang='lat' dir='ltr'>etiam</span> <span class='ocrx_word' id='word_1_370' title='bbox 471 2042 546 2080; x_wconf 90' lang='lat' dir='ltr'>sibi</span> <span class='ocrx_word' id='word_1_371' title='bbox 571 2043 793 2079; x_wconf 85' lang='lat' dir='ltr'>attribuitur</span> <span class='ocrx_word' id='word_1_372' title='bbox 812 2043 913 2087; x_wconf 79' lang='lat' dir='ltr'>vita3</span> <span class='ocrx_word' id='word_1_373' title='bbox 952 2043 1095 2080; x_wconf 87' lang='lat' dir='ltr'>dicitur</span> <span class='ocrx_word' id='word_1_374' title='bbox 1115 2043 1245 2080; x_wconf 89' lang='lat' dir='ltr'>enim:</span> <span class='ocrx_word' id='word_1_375' title='bbox 1269 2044 1427 2088; x_wconf 74' lang='lat' dir='ltr'>Spiritus</span> <span class='ocrx_word' id='word_1_376' title='bbox 1445 2047 1496 2078; x_wconf 77' lang='lat' dir='ltr'>est</span> <span class='ocrx_word' id='word_1_377' title='bbox 1516 2045 1579 2088; x_wconf 80' lang='lat' dir='ltr'>qui</span> <span class='ocrx_word' id='word_1_378' title='bbox 1598 2044 1761 2088; x_wconf 74' lang='lat' dir='ltr'>vivificat</span> 
     </span>
     <span class='ocr_line' id='line_1_38' title="bbox 147 2089 1757 2136; baseline 0.001 -11"><span class='ocrx_word' id='word_1_379' title='bbox 147 2090 304 2136; x_wconf 81' lang='lat' dir='ltr'>(Joann.‚</span> <span class='ocrx_word' id='word_1_380' title='bbox 325 2098 382 2132; x_wconf 77' lang='lat' dir='ltr'>Vl,</span> <span class='ocrx_word' id='word_1_381' title='bbox 405 2089 462 2136; x_wconf 64' lang='lat'>64)</span> <span class='ocrx_word' id='word_1_382' title='bbox 480 2101 488 2133; x_wconf 91' lang='lat'>;</span> <span class='ocrx_word' id='word_1_383' title='bbox 503 2091 563 2127; x_wconf 84' lang='lat' dir='ltr'>et:</span> <span class='ocrx_word' id='word_1_384' title='bbox 585 2090 684 2125; x_wconf 87' lang='lat' dir='ltr'>Dabo</span> <span class='ocrx_word' id='word_1_385' title='bbox 700 2090 800 2125; x_wconf 81' lang='lat' dir='ltr'>vobis</span> <span class='ocrx_word' id='word_1_386' title='bbox 816 2092 999 2136; x_wconf 79' lang='lat' dir='ltr'>spiritum,</span> <span class='ocrx_word' id='word_1_387' title='bbox 1021 2093 1055 2126; x_wconf 79' lang='lat' dir='ltr'>et</span> <span class='ocrx_word' id='word_1_388' title='bbox 1072 2092 1199 2126; x_wconf 76' lang='lat' dir='ltr'>vivetis</span> <span class='ocrx_word' id='word_1_389' title='bbox 1221 2090 1379 2134; x_wconf 82' lang='lat' dir='ltr'>(Ezeoh.,</span> <span class='ocrx_word' id='word_1_390' title='bbox 1400 2098 1556 2133; x_wconf 80' lang='lat' dir='ltr'>XXXVH,</span> <span class='ocrx_word' id='word_1_391' title='bbox 1577 2090 1611 2133; x_wconf 84' lang='lat'>6)</span> <span class='ocrx_word' id='word_1_392' title='bbox 1631 2102 1639 2133; x_wconf 91' lang='lat'>;</span> <span class='ocrx_word' id='word_1_393' title='bbox 1660 2094 1698 2126; x_wconf 88' lang='lat' dir='ltr'>et</span> <span class='ocrx_word' id='word_1_394' title='bbox 1716 2090 1757 2127; x_wconf 86' lang='lat' dir='ltr'>in</span> 
     </span>
     <span class='ocr_line' id='line_1_39' title="bbox 147 2135 1761 2183; baseline 0.001 -10"><span class='ocrx_word' id='word_1_395' title='bbox 147 2136 329 2183; x_wconf 80' lang='lat' dir='ltr'>symbolo</span> <span class='ocrx_word' id='word_1_396' title='bbox 356 2135 446 2172; x_wconf 88' lang='lat' dir='ltr'>fidei</span> <span class='ocrx_word' id='word_1_397' title='bbox 476 2145 550 2174; x_wconf 88' lang='lat' dir='ltr'>nos</span> <span class='ocrx_word' id='word_1_398' title='bbox 578 2136 619 2173; x_wconf 89' lang='lat' dir='ltr'>in</span> <span class='ocrx_word' id='word_1_399' title='bbox 647 2136 828 2182; x_wconf 88' lang='lat' dir='ltr'>Spiritum</span> <span class='ocrx_word' id='word_1_400' title='bbox 858 2139 1039 2174; x_wconf 89' lang='lat' dir='ltr'>sanctum</span> <span class='ocrx_word' id='word_1_401' title='bbox 1070 2138 1310 2182; x_wconf 80' lang='lat' dir='ltr'>vivificantem</span> <span class='ocrx_word' id='word_1_402' title='bbox 1339 2136 1496 2174; x_wconf 85' lang='lat' dir='ltr'>credere</span> <span class='ocrx_word' id='word_1_403' title='bbox 1517 2137 1761 2182; x_wconf 83' lang='lat' dir='ltr'>profitemur.</span> 
     </span>
     <span class='ocr_line' id='line_1_40' title="bbox 147 2183 1765 2230; baseline 0.001 -11"><span class='ocrx_word' id='word_1_404' title='bbox 147 2183 257 2227; x_wconf 84' lang='lat' dir='ltr'>Quod</span> <span class='ocrx_word' id='word_1_405' title='bbox 296 2183 412 2220; x_wconf 86' lang='lat' dir='ltr'>etiam</span> <span class='ocrx_word' id='word_1_406' title='bbox 446 2185 484 2219; x_wconf 91' lang='lat' dir='ltr'>et</span> <span class='ocrx_word' id='word_1_407' title='bbox 506 2183 657 2220; x_wconf 87' lang='lat' dir='ltr'>nomini</span> <span class='ocrx_word' id='word_1_408' title='bbox 675 2185 827 2229; x_wconf 78' lang='lat' dir='ltr'>spiritus</span> <span class='ocrx_word' id='word_1_409' title='bbox 848 2187 1068 2227; x_wconf 88' lang='lat' dir='ltr'>consonat;</span> <span class='ocrx_word' id='word_1_410' title='bbox 1090 2193 1181 2220; x_wconf 86' lang='lat' dir='ltr'>nam</span> <span class='ocrx_word' id='word_1_411' title='bbox 1212 2183 1327 2220; x_wconf 88' lang='lat' dir='ltr'>etiam</span> <span class='ocrx_word' id='word_1_412' title='bbox 1348 2183 1566 2230; x_wconf 85' lang='lat' dir='ltr'>corporalis</span> <span class='ocrx_word' id='word_1_413' title='bbox 1586 2184 1663 2220; x_wconf 71' lang='lat' dir='ltr'>vita</span> <span class='ocrx_word' id='word_1_414' title='bbox 1683 2184 1765 2221; x_wconf 87' lang='lat' dir='ltr'>ani-</span> 
     </span>
     <span class='ocr_line' id='line_1_41' title="bbox 145 2226 1764 2313; baseline 0.001 -47"><span class='ocrx_word' id='word_1_415' title='bbox 145 2230 308 2313; x_wconf 58' lang='lat' dir='ltr'>}nalium</span> <span class='ocrx_word' id='word_1_416' title='bbox 342 2233 402 2267; x_wconf 85' lang='lat' dir='ltr'>est</span> <span class='ocrx_word' id='word_1_417' title='bbox 421 2239 490 2276; x_wconf 90' lang='lat' dir='ltr'>per</span> <span class='ocrx_word' id='word_1_418' title='bbox 519 2230 700 2277; x_wconf 87' lang='lat' dir='ltr'>spiritum</span> <span class='ocrx_word' id='word_1_419' title='bbox 727 2230 884 2268; x_wconf 87' lang='lat' dir='ltr'>vitalem</span> <span class='ocrx_word' id='word_1_420' title='bbox 904 2240 927 2267; x_wconf 89' lang='lat' dir='ltr'>a</span> <span class='ocrx_word' id='word_1_421' title='bbox 945 2231 1139 2278; x_wconf 89' lang='lat' dir='ltr'>principio</span> <span class='ocrx_word' id='word_1_422' title='bbox 1158 2230 1246 2268; x_wconf 77' lang='lat' dir='ltr'>vitae</span> <span class='ocrx_word' id='word_1_423' title='bbox 1271 2231 1314 2268; x_wconf 91' lang='lat' dir='ltr'>in</span> <span class='ocrx_word' id='word_1_424' title='bbox 1334 2233 1475 2269; x_wconf 80' lang='lat' dir='ltr'>caetera</span> <span class='ocrx_word' id='word_1_425' title='bbox 1494 2226 1764 2268; x_wconf 82' lang='lat' dir='ltr'>membra‘dif-</span> 
     </span>
     <span class='ocr_line' id='line_1_42' title="bbox 163 2286 292 2314; baseline -0.008 0"><span class='ocrx_word' id='word_1_426' title='bbox 163 2286 292 2314; x_wconf 86' lang='lat' dir='ltr'>usum.</span> 
     </span>
    </p>
   </div>
   <div class='ocr_carea' id='block_1_5' title="bbox 801 2377 1111 2418">
    <p class='ocr_par' dir='ltr' id='par_1_8' title="bbox 801 2377 1111 2418">
     <span class='ocr_line' id='line_1_43' title="bbox 801 2377 1111 2418; baseline 0 -1"><span class='ocrx_word' id='word_1_427' title='bbox 801 2377 968 2418; x_wconf 90' lang='lat' dir='ltr'><strong>CAPUT</strong></span> <span class='ocrx_word' id='word_1_428' title='bbox 1008 2378 1111 2418; x_wconf 83' lang='lat' dir='ltr'>XXI.</span> 
     </span>
    </p>
   </div>
   <div class='ocr_carea' id='block_1_6' title="bbox 143 2490 1757 2583">
    <p class='ocr_par' dir='ltr' id='par_1_9' title="bbox 143 2490 1757 2583">
     <span class='ocr_line' id='line_1_44' title="bbox 143 2490 1757 2527; baseline 0.001 -9"><span class='ocrx_word' id='word_1_429' title='bbox 143 2490 193 2519; x_wconf 87' lang='lat' dir='ltr'>DE</span> <span class='ocrx_word' id='word_1_430' title='bbox 214 2491 445 2519; x_wconf 79' lang='lat' dir='ltr'>EFFECTIRUS</span> <span class='ocrx_word' id='word_1_431' title='bbox 465 2491 693 2520; x_wconf 89' lang='lat' dir='ltr'>ATTRIBUTIS</span> <span class='ocrx_word' id='word_1_432' title='bbox 709 2491 876 2520; x_wconf 84' lang='lat' dir='ltr'>SPIRITUI</span> <span class='ocrx_word' id='word_1_433' title='bbox 893 2491 1054 2527; x_wconf 85' lang='lat' dir='ltr'>SANCTO,</span> <span class='ocrx_word' id='word_1_434' title='bbox 1070 2491 1264 2520; x_wconf 84' lang='lat' dir='ltr'>RESPEGTU</span> <span class='ocrx_word' id='word_1_435' title='bbox 1277 2491 1509 2520; x_wconf 82' lang='lat' dir='ltr'>RATIONALIS</span> <span class='ocrx_word' id='word_1_436' title='bbox 1529 2491 1757 2527; x_wconf 73' lang='lat' dir='ltr'>GREATURAE,</span> 
     </span>
     <span class='ocr_line' id='line_1_45' title="bbox 482 2549 1415 2583; baseline -0.001 -5"><span class='ocrx_word' id='word_1_437' title='bbox 482 2549 667 2583; x_wconf 82' lang='lat' dir='ltr'><strong>QUANTUM</strong></span> <span class='ocrx_word' id='word_1_438' title='bbox 685 2550 737 2578; x_wconf 87' lang='lat' dir='ltr'>AD</span> <span class='ocrx_word' id='word_1_439' title='bbox 757 2550 811 2578; x_wconf 84' lang='lat' dir='ltr'>EA</span> <span class='ocrx_word' id='word_1_440' title='bbox 831 2550 916 2583; x_wconf 85' lang='lat' dir='ltr'>QUAE</span> <span class='ocrx_word' id='word_1_441' title='bbox 935 2551 1032 2579; x_wconf 88' lang='lat' dir='ltr'>DEUS</span> <span class='ocrx_word' id='word_1_442' title='bbox 1051 2549 1164 2578; x_wconf 87' lang='lat' dir='ltr'>NOBIS</span> <span class='ocrx_word' id='word_1_443' title='bbox 1185 2549 1415 2579; x_wconf 83' lang='lat' dir='ltr'><strong>ELARGITUR.</strong></span> 
     </span>
    </p>
   </div>
   <div class='ocr_carea' id='block_1_7' title="bbox 143 2651 1761 2934">
    <p class='ocr_par' dir='ltr' id='par_1_10' title="bbox 143 2651 1761 2934">
     <span class='ocr_line' id='line_1_46' title="bbox 191 2651 1761 2704; baseline 0 -16"><span class='ocrx_word' id='word_1_444' title='bbox 191 2652 527 2704; x_wconf 73' lang='lat' dir='ltr'>Considerandum</span> <span class='ocrx_word' id='word_1_445' title='bbox 547 2655 608 2689; x_wconf 88' lang='lat' dir='ltr'>est</span> <span class='ocrx_word' id='word_1_446' title='bbox 627 2653 759 2697; x_wconf 87' lang='lat' dir='ltr'>ctiam,</span> <span class='ocrx_word' id='word_1_447' title='bbox 777 2656 968 2700; x_wconf 86' lang='lat' dir='ltr'>quantum</span> <span class='ocrx_word' id='word_1_448' title='bbox 990 2653 1037 2690; x_wconf 90' lang='lat' dir='ltr'>ad</span> <span class='ocrx_word' id='word_1_449' title='bbox 1059 2652 1224 2690; x_wconf 82' lang='lat' dir='ltr'>effectus</span> <span class='ocrx_word' id='word_1_450' title='bbox 1247 2661 1349 2699; x_wconf 87' lang='lat' dir='ltr'>quos</span> <span class='ocrx_word' id='word_1_451' title='bbox 1371 2652 1527 2698; x_wconf 90' lang='lat' dir='ltr'>proprie</span> <span class='ocrx_word' id='word_1_452' title='bbox 1557 2651 1599 2689; x_wconf 91' lang='lat' dir='ltr'>in</span> <span class='ocrx_word' id='word_1_453' title='bbox 1619 2654 1761 2703; x_wconf 80' lang='lat' dir='ltr'>natura</span> 
     </span>
     <span class='ocr_line' id='line_1_47' title="bbox 144 2697 1758 2750; baseline 0 -17"><span class='ocrx_word' id='word_1_454' title='bbox 144 2699 456 2750; x_wconf 68' lang='lat' dir='ltr'>1‘ationalrfacit,</span> <span class='ocrx_word' id='word_1_455' title='bbox 475 2699 594 2746; x_wconf 84' lang='lat' dir='ltr'>quod,</span> <span class='ocrx_word' id='word_1_456' title='bbox 614 2709 663 2736; x_wconf 82' lang='lat' dir='ltr'>ex</span> <span class='ocrx_word' id='word_1_457' title='bbox 682 2700 758 2737; x_wconf 92' lang='lat' dir='ltr'>hoc</span> <span class='ocrx_word' id='word_1_458' title='bbox 790 2700 897 2746; x_wconf 86' lang='lat' dir='ltr'>quod</span> <span class='ocrx_word' id='word_1_459' title='bbox 915 2700 1054 2737; x_wconf 83' lang='lat' dir='ltr'>diviuae</span> <span class='ocrx_word' id='word_1_460' title='bbox 1073 2699 1305 2746; x_wconf 85' lang='lat' dir='ltr'>perfectioni</span> <span class='ocrx_word' id='word_1_461' title='bbox 1329 2703 1542 2745; x_wconf 84' lang='lat' dir='ltr'>utcumque</span> <span class='ocrx_word' id='word_1_462' title='bbox 1562 2697 1758 2750; x_wconf 80' lang='lat' dir='ltr'>assimila-</span> 
     </span>
     <span class='ocr_line' id='line_1_48' title="bbox 143 2745 1759 2795; baseline 0.002 -16"><span class='ocrx_word' id='word_1_463' title='bbox 143 2752 243 2795; x_wconf 72' lang='lat' dir='ltr'>mur,</span> <span class='ocrx_word' id='word_1_464' title='bbox 275 2745 503 2790; x_wconf 70' lang='lat' dir='ltr'>hujusmodi</span> <span class='ocrx_word' id='word_1_465' title='bbox 522 2746 709 2792; x_wconf 85' lang='lat' dir='ltr'>perfectio</span> <span class='ocrx_word' id='word_1_466' title='bbox 730 2756 754 2784; x_wconf 89' lang='lat' dir='ltr'>a</span> <span class='ocrx_word' id='word_1_467' title='bbox 771 2747 852 2784; x_wconf 91' lang='lat' dir='ltr'>Deo</span> <span class='ocrx_word' id='word_1_468' title='bbox 878 2746 993 2784; x_wconf 90' lang='lat' dir='ltr'>nobis</span> <span class='ocrx_word' id='word_1_469' title='bbox 1012 2747 1096 2784; x_wconf 91' lang='lat' dir='ltr'>dari</span> <span class='ocrx_word' id='word_1_470' title='bbox 1115 2746 1278 2790; x_wconf 78' lang='lat' dir='ltr'>dicitur3</span> <span class='ocrx_word' id='word_1_471' title='bbox 1301 2746 1404 2783; x_wconf 92' lang='lat' dir='ltr'>sicut</span> <span class='ocrx_word' id='word_1_472' title='bbox 1423 2745 1616 2790; x_wconf 87' lang='lat' dir='ltr'>sapientia</span> <span class='ocrx_word' id='word_1_473' title='bbox 1637 2753 1660 2781; x_wconf 89' lang='lat' dir='ltr'>a</span> <span class='ocrx_word' id='word_1_474' title='bbox 1679 2746 1759 2782; x_wconf 91' lang='lat' dir='ltr'>Deo</span> 
     </span>
     <span class='ocr_line' id='line_1_49' title="bbox 143 2790 1751 2844; baseline 0.001 -18"><span class='ocrx_word' id='word_1_475' title='bbox 143 2790 260 2827; x_wconf 82' lang='lat' dir='ltr'>nohis</span> <span class='ocrx_word' id='word_1_476' title='bbox 281 2791 449 2842; x_wconf 83' lang='lat' dir='ltr'>donatur</span> <span class='ocrx_word' id='word_1_477' title='bbox 469 2793 688 2830; x_wconf 87' lang='lat' dir='ltr'>secundum</span> <span class='ocrx_word' id='word_1_478' title='bbox 710 2793 814 2840; x_wconf 87' lang='lat' dir='ltr'>quod</span> <span class='ocrx_word' id='word_1_479' title='bbox 838 2794 983 2830; x_wconf 83' lang='lat' dir='ltr'>divinae</span> <span class='ocrx_word' id='word_1_480' title='bbox 1003 2793 1205 2839; x_wconf 86' lang='lat' dir='ltr'>sapientiae</span> <span class='ocrx_word' id='word_1_481' title='bbox 1228 2797 1440 2839; x_wconf 83' lang='lat' dir='ltr'>utcumque</span> <span class='ocrx_word' id='word_1_482' title='bbox 1464 2791 1751 2844; x_wconf 81' lang='lat' dir='ltr'>assimilamur.</span> 
     </span>
     <span class='ocr_line' id='line_1_50' title="bbox 144 2837 1761 2889; baseline 0.002 -17"><span class='ocrx_word' id='word_1_483' title='bbox 144 2837 271 2881; x_wconf 83' lang='lat' dir='ltr'>Quum</span> <span class='ocrx_word' id='word_1_484' title='bbox 291 2842 409 2884; x_wconf 84' lang='lat' dir='ltr'>igitur</span> <span class='ocrx_word' id='word_1_485' title='bbox 429 2839 593 2883; x_wconf 86' lang='lat' dir='ltr'>Spiritus</span> <span class='ocrx_word' id='word_1_486' title='bbox 614 2845 778 2877; x_wconf 87' lang='lat' dir='ltr'>sanctus</span> <span class='ocrx_word' id='word_1_487' title='bbox 798 2841 985 2886; x_wconf 87' lang='lat' dir='ltr'>procedat</span> <span class='ocrx_word' id='word_1_488' title='bbox 1001 2850 1070 2886; x_wconf 85' lang='lat' dir='ltr'>per</span> <span class='ocrx_word' id='word_1_489' title='bbox 1089 2840 1249 2877; x_wconf 89' lang='lat' dir='ltr'>modum</span> <span class='ocrx_word' id='word_1_490' title='bbox 1273 2839 1419 2876; x_wconf 88' lang='lat' dir='ltr'>amoris</span> <span class='ocrx_word' id='word_1_491' title='bbox 1440 2846 1518 2884; x_wconf 88' lang='lat' dir='ltr'>quo</span> <span class='ocrx_word' id='word_1_492' title='bbox 1535 2839 1638 2889; x_wconf 78' lang='lat' dir='ltr'>Deus</span> <span class='ocrx_word' id='word_1_493' title='bbox 1659 2846 1761 2885; x_wconf 84' lang='lat' dir='ltr'>seip-</span> 
     </span>
     <span class='ocr_line' id='line_1_51' title="bbox 143 2884 1756 2934; baseline 0.002 -14"><span class='ocrx_word' id='word_1_494' title='bbox 143 2891 232 2922; x_wconf 88' lang='lat' dir='ltr'>sum</span> <span class='ocrx_word' id='word_1_495' title='bbox 254 2886 371 2930; x_wconf 86' lang='lat' dir='ltr'>amat,</span> <span class='ocrx_word' id='word_1_496' title='bbox 395 2888 438 2922; x_wconf 85' lang='lat' dir='ltr'>ut</span> <span class='ocrx_word' id='word_1_497' title='bbox 456 2890 663 2924; x_wconf 89' lang='lat' dir='ltr'>ostensum</span> <span class='ocrx_word' id='word_1_498' title='bbox 683 2890 744 2924; x_wconf 88' lang='lat' dir='ltr'>est</span> <span class='ocrx_word' id='word_1_499' title='bbox 761 2887 809 2934; x_wconf 89' lang='lat' dir='ltr'>(c.</span> <span class='ocrx_word' id='word_1_500' title='bbox 834 2887 905 2934; x_wconf 82' lang='lat'>16),</span> <span class='ocrx_word' id='word_1_501' title='bbox 927 2897 975 2924; x_wconf 81' lang='lat' dir='ltr'>ex</span> <span class='ocrx_word' id='word_1_502' title='bbox 994 2887 1070 2924; x_wconf 86' lang='lat' dir='ltr'>hoc</span> <span class='ocrx_word' id='word_1_503' title='bbox 1087 2886 1195 2934; x_wconf 88' lang='lat' dir='ltr'>quod</span> <span class='ocrx_word' id='word_1_504' title='bbox 1215 2886 1308 2923; x_wconf 88' lang='lat' dir='ltr'>huic</span> <span class='ocrx_word' id='word_1_505' title='bbox 1323 2885 1450 2923; x_wconf 88' lang='lat' dir='ltr'>amori</span> <span class='ocrx_word' id='word_1_506' title='bbox 1471 2884 1756 2930; x_wconf 61' lang='lat' dir='ltr'>assmiilamun</span> 
     </span>
    </p>
   </div>
  </div>
 </body>
</html>
