1894 3223
762 164 851 201 LIB.
880 166 908 208 I,
935 165 1036 200 (ΑΡ.
1064 165 1187 202 XLIII.
1734 168 1780 202 47

208 250 308 289 Item,
332 256 421 285 esse
439 247 641 294 proprium
664 246 878 293 cujuslibet
898 247 955 283 rei
983 250 1043 284 est
1064 250 1215 284 tantum
1242 255 1380 283 unum.
1401 245 1474 283 Sed
1495 246 1580 292 ipse
1601 247 1704 283 Deus
1727 250 1786 284 est

158 299 250 334 esse
271 304 402 338 suum,
427 297 608 340 utsupra
638 293 738 340 (cap.
759 293 819 341 22)
848 297 1055 331 ostensum
1084 297 1156 331 est.
1178 292 1430 340 Impossibile
1465 297 1526 330 est
1555 293 1676 340 igitur
1697 302 1786 331 esse

160 342 240 380 nisi
263 351 384 378 unum
406 343 543 378 Deum.

209 389 353 431 Adhuc,
376 387 594 426 secundum
628 387 734 425 hunc
755 387 915 424 modum
938 396 1001 424 res
1023 387 1168 424 habent
1188 396 1291 432 esse,
1314 396 1392 434 quo
1423 387 1630 433 possident
1653 387 1786 424 unita-

160 440 253 474 tem.
276 435 382 472 Unde
404 435 715 482 unumquodque
739 444 820 471 suae
839 434 1024 471 divisioni
1054 444 1123 480 pro
1147 444 1265 480 posse
1288 444 1380 481 repu
1414 439 1492 479 nat,
1530 444 1577 471 ne
1610 444 1680 480 per
1712 434 1786 471 hoc

161 484 203 520 in
225 491 306 520 non
331 491 420 519 esse
441 482 603 527 tendat;
626 482 695 519 sed
717 481 850 519 divina
872 486 1011 518 natura
1033 488 1095 518 est
1115 482 1321 527 potissime
1341 482 1390 518 ha
1420 490 1491 518 ens
1512 491 1614 526 esse.
1631 482 1697 518 Est
1716 481 1787 528 igi-

160 530 283 568 turin
307 539 353 566 ea
374 529 543 566 maxime
565 529 710 566 unitas.
734 529 850 566 Nullo
874 529 994 575 igitur
1021 528 1138 566 modo
1159 530 1198 565 in
1219 529 1331 574 plura
1347 528 1620 575 distinguitur.

207 577 394 622 Amplius,
418 577 458 612 in
480 585 721 623 unoquoque
741 585 885 621 genere
904 577 1083 613 videmus
1104 576 1395 612 multitudinem
1419 576 1466 612 ab
1488 577 1615 621 aliqua
1637 575 1786 612 unitate

161 624 389 671 procedere.
415 625 458 660 Et
485 623 574 660 ideo
596 623 636 659 in
657 623 834 670 quolibet
860 633 1003 669 genere
1024 623 1224 659 invenitur
1250 632 1371 659 unum
1394 623 1579 668 primum,
1599 622 1702 670 quod
1728 625 1788 659 est

160 679 352 708 mensura
372 670 551 708 omnium
574 679 661 717 quae
682 671 721 707 in
744 670 813 707 illo
834 679 979 717 genere
1006 670 1274 707 inveniuntur.
1297 671 1644 716 Quorumcumque
1669 669 1789 716 igitur

160 718 362 755 invenitur
382 717 421 754 in
444 717 579 764 aliquo
600 726 680 755 uno
702 717 992 761 convenientia,
1015 721 1169 763 oportet
1189 716 1294 763 quod
1315 717 1363 753 ab
1385 718 1518 763 aliquo
1540 726 1620 754 uno
1641 716 1787 762 depen-

161 764 282 803 deant
303 777 311 802 :
337 764 406 802 sed
426 766 563 802 omnia
593 765 633 801 in
656 773 745 801 esse
762 765 1016 802 conveniunt.
1039 765 1199 809 Oportet
1225 762 1347 810 igitur
1367 772 1456 800 esse
1478 773 1600 800 unum
1620 767 1787 808 tantum,

162 811 267 859 quod
286 816 345 849 est
368 821 497 848 rerum
519 811 757 857 principium
778 811 882 857 quod
905 813 1008 847 Deus
1028 815 1101 847 est.

210 860 310 899 item,
335 858 571 904 inquolibet
592 859 813 904 principatu
835 858 900 893 ille
921 858 985 903 qui
1011 855 1206 903 praesidet,
1230 856 1418 893 unitatem
1441 856 1651 894 desiderat.
1680 856 1787 894 Unde

161 905 267 943 inter
287 906 532 952 principatus
552 909 613 942 est
632 905 842 951 potissima
864 904 1096 940 monarchia
1116 904 1198 939 sive
1221 912 1407 948 regnum;
1430 905 1643 940 multorum
1667 904 1785 941 etiam

162 952 431 990 membrorum
456 961 576 989 unum
598 956 658 989 est
677 955 808 997 caput.
830 954 882 987 Ac
911 960 980 996 per
1011 950 1086 987 hoc
1120 950 1288 986 evidenti
1325 951 1442 997 signo
1473 955 1645 997 apparet,
1667 951 1700 987 ei
1723 951 1786 988 cui

163 1000 350 1037 convenit
380 999 639 1045 principatus,
677 999 867 1034 unitatem
896 998 1053 1041 deberi;
1083 997 1187 1034 unde
1215 1001 1253 1034 et
1285 998 1408 1034 Deum
1438 1000 1504 1045 qui
1528 1002 1588 1035 est
1608 997 1786 1035 omnium

163 1054 298 1089 causa,
321 1047 476 1091 oportet
500 1054 620 1082 unum
643 1045 878 1090 simpliciter
899 1044 1091 1081 confiteri.

211 1093 318 1130 Hanc
355 1096 483 1129 autem
516 1092 809 1129 contessionem
847 1092 988 1128 divinae
1026 1091 1189 1128 unitatis
1228 1091 1345 1128 etiam
1374 1102 1422 1128 ex
1453 1092 1579 1129 sacris
1615 1092 1787 1139 eloquiis

162 1139 340 1186 accipere
359 1148 590 1185 possumus.
611 1141 706 1175 Nam
731 1140 856 1183 Dent„
871 1147 926 1182 vi,
947 1142 982 1181 4,
1003 1138 1146 1175 dicitur
1167 1139 1306 1178 :Aucta
1337 1139 1463 1181 Israel,
1493 1141 1666 1175 Dominus
1695 1142 1789 1175 Deus

162 1189 260 1231 tuus,
281 1188 375 1222 Deus
392 1196 486 1222 unus
506 1190 576 1229 θείς
603 1190 640 1222 et
663 1186 795 1230 Exod.,
814 1194 881 1229 xx,
904 1189 924 1222 3
947 1196 955 1219 ·.
978 1187 1056 1223 Non
1088 1188 1194 1221 erunt
1212 1186 1281 1220 tibi
1311 1185 1366 1220 clii
1391 1187 1458 1221 alii
1483 1190 1618 1231 praeter
1650 1197 1723 1229 me3
1752 1191 1792 1222 er

162 1233 305 1280 Ephes.
325 1241 381 1278 lv,
407 1236 427 1270 5
450 1245 458 1269 ε
483 1235 582 1270 Unus
601 1235 786 1276 Dominus,
809 1244 882 1268 una
899 1232 999 1278 tides,
1021 1235 1085 1269 etc.

214 1281 293 1318 Hac
313 1284 442 1317 autem
465 1280 628 1317 veritate
649 1280 892 1326 repelluntur
913 1280 1081 1326 gentiles
1102 1279 1265 1316 deorum
1287 1280 1580 1317 multitudinem
1603 1279 1789 1318 confiten-

162 1331 237 1372 tes,
268 1327 450 1374 quamvis
479 1327 612 1373 plures
643 1336 778 1364 eorum
813 1336 933 1363 unum
965 1329 1085 1363 Deum
1113 1336 1313 1363 summum
1343 1337 1431 1364 esse
1453 1328 1640 1368 dicerent,
1663 1337 1685 1364 a
1707 1336 1785 1373 quo

165 1382 309 1412 omnes
337 1374 453 1419 alios,
471 1383 573 1421 quos
608 1374 703 1412 deos
734 1374 1007 1418 nominabant,
1030 1378 1183 1411 creatos
1208 1383 1297 1411 esse
1330 1375 1573 1412 asserebant.
1594 1375 1786 1412 Omnibus

163 1421 403 1459 substantiis
442 1422 696 1467 sempiternis
736 1421 954 1458 divinitatis
993 1430 1137 1458 nomen
1178 1421 1475 1466 adscribentes,
1516 1426 1552 1458 et
1588 1422 1784 1468 praecipue

163 1469 318 1506 ratione
351 1469 569 1515 sapientiae,
605 1473 643 1505 et
678 1468 891 1512 felicitatis,
925 1472 961 1505 et
994 1478 1122 1505 rerum
1159 1468 1474 1515 gubernationis.
1498 1470 1591 1513 Quae
1627 1469 1786 1516 quidem

163 1515 413 1552 consuetudo
440 1515 627 1562 loquendi
648 1516 765 1552 etiam
800 1516 839 1551 in
871 1525 984 1552 sacra
1005 1516 1204 1561 Scriptura
1224 1515 1435 1560 invenitur,
1459 1516 1552 1553 dum
1572 1516 1696 1553 sancti
1716 1525 1786 1553 an-

163 1561 241 1608 geli
261 1565 328 1598 aut
348 1562 464 1599 etiam
486 1562 682 1606 homines,
701 1563 760 1598 vel
777 1562 933 1608 judices
953 1562 1006 1598 dii
1021 1562 1290 1606 nominantur,
1307 1563 1410 1599 sicut
1425 1563 1536 1606 illud,
1557 1565 1619 1600 Ps.
1639 1571 1786 1607 Lxxxv,

164 1611 186 1646 8
209 1620 216 1644 :
239 1610 318 1645 Non
337 1609 536 1645 estsimilis
557 1609 624 1644 tibi
642 1611 681 1644 in
702 1609 787 1652 diis,
815 1611 986 1652 Domine3
1010 1611 1048 1645 Et
1072 1609 1178 1653 aiibi,
1203 1611 1264 1645 Ps.
1287 1618 1419 1653 LXXXI,
1442 1613 1462 1646 6
1483 1622 1490 1646 :
1512 1612 1587 1655 Epo
1606 1610 1786 1646 άέωίεῡίι·

163 1657 262 1700 estis,
282 1659 319 1692 et
342 1656 463 1692 multa
485 1655 711 1702 hujusmodi
734 1665 802 1702 per
818 1656 925 1692 varia
952 1656 1162 1702 Scripturae
1180 1656 1268 1693 loca
1287 1656 1555 1694 inveniuntur,
1579 1657 1685 1693 Unde
1703 1666 1785 1693 ma-

166 1702 231 1749 gis
253 1702 345 1739 huic
365 1703 516 1739 veritati
539 1703 721 1739 videntur
739 1703 926 1740 contrarii
948 1703 1165 1745 Manichaei,
1189 1702 1267 1739 duo
1287 1704 1414 1749 prima
1433 1708 1625 1749 ponentes
1644 1704 1790 1750 princi—

163 1749 243 1801 pia‚
263 1758 430 1796 quorum
453 1749 619 1801 alterum
641 1747 804 1786 alt'erius
822 1759 943 1786 causa
964 1759 1044 1787 non
1066 1751 1130 1787 sit.
1152 1751 1258 1787 lianc
1278 1750 1394 1787 etiam
1424 1751 1627 1788 veritatem
1654 1751 1785 1788 Ariani

165 1803 252 1833 suis
286 1796 487 1833 erroribus
518 1800 852 1842 impugnaverunt
882 1796 975 1833 dum
1010 1796 1249 1834 confitentur
1283 1798 1435 1834 Patrem
1468 1802 1507 1834 et
1536 1798 1676 1834 Filium
1705 1806 1785 1835 non

164 1851 303 1887 unum,
326 1843 394 1880 sed
427 1843 561 1889 plures
591 1843 686 1880 deos
708 1852 811 1886 esse,
833 1852 923 1881 cum
942 1847 1074 1882 tamen
1095 1844 1236 1881 Filium
1257 1853 1392 1881 verum
1414 1846 1536 1882 Deum
1555 1845 1789 1882 auctoritate

161 1889 372 1936 scripturae
388 1890 552 1928 credere
567 1893 774 1937 cogantur.
794 1893 824 1941 (t
844 1898 960 1940 part„
983 1904 1021 1940 q.
1043 1903 1100 1938 xi,
1122 1898 1195 1938 art,
1214 1898 1237 1931 2
1256 1897 1296 1931 et
1316 1897 1367 1942 3.)

809 2034 977 2077 CAPUT
1003 2034 1147 2078 XLIII.

681 2156 782 2190 01:01)
819 2157 918 2185 DEUS
956 2157 1026 2185 EST
1062 2155 1272 2186 INFIMTUS.

217 2267 311 2304 Cum
344 2269 476 2304 autem
507 2265 710 2303 infinitum
739 2266 998 2313 quantitatem
1039 2270 1240 2313 sequatur,
1277 2269 1321 2303 ut
1356 2264 1584 2312 philosophi
1623 2266 1783 2303 tradunt

160 2312 337 2362 (physic.
357 2322 386 2358 1,
407 2316 499 2350 text.
521 2322 666 2351 comm.
689 2315 747 2358 15,
771 2315 814 2350 18
832 2317 870 2349 et
889 2313 963 2361 23),
985 2321 1066 2350 non
1091 2316 1223 2359 potest
1243 2312 1420 2350 infinitas
1441 2315 1520 2350 Deo
1542 2313 1700 2350 attribui
1723 2323 1783 2350 ra-

159 2360 274 2398 cione
288 2359 573 2405 multitudinis,
591 2369 713 2407 quum
734 2364 939 2397 ostensum
961 2360 1012 2397 sit
1040 2359 1139 2407 (cap.
1158 2360 1219 2407 42)
1240 2360 1371 2397 solum
1393 2369 1514 2397 unum
1538 2361 1658 2396 Deum
1679 2369 1785 2404 esse,

164 2406 396 2453 nullamque
424 2407 465 2443 in
493 2416 540 2444 eo
573 2407 920 2453 compositionem,
939 2407 999 2443 vel
1026 2407 1210 2453 partium,
1232 2407 1293 2443 vel
1315 2407 1576 2444 accidentium
1598 2407 1780 2444 inveniri.

163 2453 387 2492 Secundum
421 2453 538 2490 etiam
564 2454 822 2500 quantitatem
845 2454 1073 2491 continuam
1108 2453 1288 2490 infinitus
1309 2454 1386 2490 dici
1414 2462 1494 2490 non
1526 2456 1669 2499 potest,
1691 2462 1781 2491 cum

163 2502 371 2538 ostensum
392 2499 447 2537 sit
469 2499 572 2546 (cap.
589 2500 653 2553 20)
672 2510 763 2537 eum
783 2501 1063 2546 incorporeum
1082 2509 1183 2537 esse.
1207 2500 1455 2546 Relinquitur
1480 2500 1601 2546 igitur
1620 2500 1782 2538 investi-

190 2555 259 2584 are
277 2555 328 2584 an
348 2546 567 2583 secundum
589 2547 834 2592 spiritualem
855 2547 1170 2594 magnitudinem
1204 2555 1293 2583 esse
1325 2546 1522 2583 infinitum
1557 2548 1778 2585 conveniat.

161 2555 260 2638 511ae
280 2592 440 2640 quidem
459 2592 680 2639 spiritualis
699 2594 935 2640 magnitudo
965 2596 1154 2640 quantum
1183 2593 1230 2630 ad
1263 2593 1341 2630 duo
1375 2594 1602 2638 attenditur,
1630 2594 1782 2632 scilieet

163 2643 358 2688 quantum
378 2639 426 2677 ad
456 2639 688 2686 potentiam,
711 2644 749 2677 et
769 2644 959 2687 quantum
993 2640 1040 2676 ad
1073 2640 1241 2686 propriae
1267 2643 1417 2677 naturae
1445 2641 1676 2686 bonitatem,
1699 2642 1781 2678 sive

165 2687 489 2733 completionem.
511 2686 662 2723 Dicitur
683 2686 788 2724 enim
809 2686 959 2733 aliquid
979 2688 1108 2733 magis
1129 2687 1187 2723 vel
1221 2687 1354 2724 minus
1386 2687 1520 2725 album
1559 2689 1777 2725 secundum

160 2733 328 2772 modum
350 2743 429 2781 quo
449 2734 491 2770 in
508 2742 556 2770 eo
577 2742 652 2771 sua
669 2733 810 2770 albedo
831 2733 1089 2779 compleatur.
1107 2735 1300 2770 Pensa-tur
1318 2734 1435 2771 etiam
1456 2735 1689 2782 magnitudo
1707 2735 1783 2771 vir-

161 2780 262 2818 tutis
282 2791 330 2817 ex
346 2780 621 2828 magnitudine
638 2780 809 2817 actionis
829 2780 890 2817 vel
908 2781 1114 2817 sactorum.
1138 2781 1280 2818 Harum
1300 2785 1435 2819 autem
1460 2782 1783 2829 magnitudinum

163 2835 246 2866 una
267 2827 386 2865 aliam
407 2827 679 2874 consequitur.
700 2829 795 2864 Nam
817 2836 866 2863 ex
885 2827 962 2864 hoc
981 2827 1070 2873 ipso
1091 2827 1196 2875 quod
1218 2828 1368 2875 aliquid
1389 2829 1428 2865 in
1457 2833 1546 2865 actu
1581 2833 1655 2873 est,
1682 2829 1777 2865 acti·

162 2881 254 2911 vum
274 2877 349 2912 est.
370 2874 594 2912 Secundum
612 2874 735 2919 igitur
754 2874 917 2911 modum
940 2883 1018 2922 quo
1039 2875 1080 2910 in
1101 2879 1190 2911 actu
1209 2884 1282 2912 suo
1303 2875 1536 2921 completur,
1560 2879 1620 2913 est
1637 2876 1781 2912 modus

164 2920 458 2969 magnitudinis
478 2930 562 2960 suae
581 2921 740 2959 virtutis
758 2932 768 2967 ;
786 2920 903 2959 etsie
920 2921 1158 2969 relinquitur
1174 2931 1242 2959 res
1264 2922 1494 2969 spirituales
1513 2931 1680 2970 magnas
1702 2922 1778 2960 dici
