1894 3223
149 142 225 178 ‚352
725 134 814 172 LIB-
841 135 906 179 ΙΙΙ,
929 134 1034 171 CAP.
1051 133 1193 172 Lxxn.

157 220 261 258 sicut
280 220 470 264 quantum
490 216 642 253 bouum
662 215 717 252 sit
741 215 895 253 sanitas
912 214 1062 251 infirmi
1081 215 1252 253 maxime
1268 219 1534 263 cognoscunt,
1556 216 1624 262 qui
1655 216 1775 254 etiam

157 266 206 305 ad
227 273 311 301 eam
332 262 462 309 magis
484 261 673 300 exardent
689 270 808 308 quam
827 261 930 299 sani.
949 264 1037 300 Non
1056 262 1178 310 igitur
1191 263 1365 309 pertinet
1379 263 1432 302 ad
1455 262 1629 301 divinam
1648 263 1778 310 provi·

156 311 330 350 dentiam
345 309 451 347 mala
471 318 495 346 a
511 309 632 347 rebus
653 308 828 346 totaliter
846 309 1068 346 excludere.

205 360 367 402 Propter
386 356 492 403 quod
522 355 671 393 dicitur
690 367 703 393 ι
720 356 870 393 Ρασίεηε
885 365 1022 402 pacem,
1037 358 1072 392 et
1089 365 1215 393 creans
1231 356 1369 393 maium
1397 357 1501 403 (Isa.,
1517 365 1610 403 XLV,
1627 356 1686 404 7);
1705 360 1745 395 et
1765 368 1774 394 :

156 405 198 443 Si
214 405 285 439 erit
300 403 438 439 malum
456 404 662 438 incivitate
680 403 777 448 quod
795 404 968 440 Dominus
987 412 1060 440 non
1078 404 1204 447 fecerit
1221 404 1363 448 (Amos,
1384 412 1446 448 111,
1465 404 1515 450 6).

204 452 277 487 Per
294 450 369 488 boc
387 453 519 487 autem
538 449 761 486 excluditur
776 448 1041 497 quorumdam
1062 450 1264 496 error‚qui
1283 455 1443 497 propter
1461 451 1536 488 1100
1555 450 1659 497 quod
1673 449 1780 489 mala

155 499 198 535 in
218 496 368 534 mundo
384 496 562 533 invenire
580 496 779 540 videbant,
805 496 989 534 dicebant
1020 498 1144 533 Deum
1163 504 1246 534 non
1264 505 1382 542 esse;
1402 498 1506 534 sicut
1538 498 1700 535 Boetius
1734 497 1778 535 10

155 544 283 591 primo
302 546 354 580 De
369 545 612 580 consolatione
627 543 752 589 (pros.
771 545 809 586 4,
827 552 865 589 p.
889 543 947 589 54)
967 543 1183 579 introducit
1205 544 1417 590 quemdam
1444 544 1777 591 philosophorum

185 594 399 628 naerentem
417 601 426 629 :
449 591 487 627 Si
508 591 613 628 Deus
634 593 707 635 est,
727 589 833 627 unde
852 590 1032 626 malum?
1052 591 1165 627 Esset
1187 593 1317 628 autem
1337 599 1360 628 e
1384 591 1583 629 contrario
1613 600 1779 638 arguen-

186 646 252 675 um
273 638 346 676 :Si
368 637 519 675 malum
551 641 625 678 est,
645 638 751 674 Deus
778 640 853 673 est.
874 638 960 673 Non
988 636 1098 674 001111
1130 640 1237 674 05501
1266 637 1416 675 malum
1449 638 1606 675 sublato
1639 638 1779 676 ordine

155 685 265 728 boni,
286 684 400 731 cujus
420 684 588 731 privatio
609 687 671 721 est
689 682 838 720 malum
859 694 869 720 :
893 684 957 720 1110
976 686 1107 720 autem
1127 683 1226 720 ordo
1245 692 1328 721 1100
1351 688 1472 729 05501,
1492 685 1527 721 51
1559 686 1662 723 Deus
1693 693 1775 722 non

157 735 277 770 esset.

203 778 369 816 Tollitur
387 778 507 816 etiam
525 778 676 816 erroris
694 777 857 815 occasio
878 786 948 823 per
964 776 1175 823 praemissa
1193 776 1362 825 illisqui
1383 777 1555 815 divinam
1568 778 1777 824 providen—

155 826 252 862 tiam
274 834 400 872 usque
421 826 470 862 ad
491 825 575 862 haec
596 824 868 870 corruptibilia
904 824 1061 861 extendi
1096 823 1307 870 negabant,
1327 829 1488 871 propter
1507 825 1583 862 1100
1601 825 1704 872 quod
1735 826 1776 862 in

155 872 216 909 eis
233 872 359 909 multa
378 872 482 910 mala
500 872 657 909 evenire
689 871 1003 918 conspiciebant.
1024 870 1117 908 Sola
1149 873 1280 908 autem
1297 871 1616 918 incorruptibilia
1635 871 1777 909 divinae

155 918 413 965 providentiae
432 918 550 956 subdi
569 917 767 964 dicebant,
786 920 830 955 111
849 918 994 965 quibus
1015 918 1150 955 nullus
1164 918 1344 955 defectus
1359 927 1433 956 nec
1449 919 1596 956 malum
1616 918 1777 965 aliquod

156 966 367 1003 invenitur.

205 1015 277 1050 Per
296 1013 372 1050 hoc
392 1013 510 1049 etiam
531 1012 684 1050 tollitur
702 1011 861 1049 errandi
882 1011 1042 1049 occasio
1063 1011 1305 1057 Manichaeis,
1327 1012 1394 1059 qui
1415 1012 1494 1049 duo
1512 1013 1639 1059 prima
1669 1013 1776 1059 prin·

157 1060 259 1106 cipia
275 1059 435 1107 agentia
452 1063 686 1106 posuerunt,
708 1059 858 1096 bonum
877 1062 915 1095 et
934 1059 1096 1096 malum.
1119 1059 1241 1104 Quasi
1260 1059 1411 1097 malum
1430 1059 1504 1096 sub
1530 1058 1778 1106 providentia

155 1106 250 1144 boni
272 1106 340 1143 Dei
360 1106 493 1143 locum
513 1106 657 1143 habere
675 1115 758 1143 non
776 1110 927 1152 posset.

205 1153 377 1190 Solvitur
396 1153 513 1190 etiam
536 1153 799 1200 quorumdam
819 1153 1027 1197 dubitatio,
1050 1156 1181 1190 utrum
1202 1153 1355 1190 scilicet
1371 1153 1549 1191 actiones
1565 1154 1679 1191 malae
1695 1153 1777 1191 sint

157 1210 180 1237 a
198 1201 306 1244 De03
328 1208 419 1236 nam
438 1209 528 1237 cum
547 1204 754 1238 ostensum
772 1200 828 1236 sit
846 1200 946 1247 (cap.
965 1201 1028 1246 70)
1051 1207 1168 1236 omne
1189 1207 1312 1246 agens
1333 1199 1530 1236 actionem
1553 1209 1666 1238 suam
1689 1207 1777 1246 pro-

157 1247 300 1284 ducere
322 1247 364 1283 in
388 1250 579 1293 quantum
597 1250 688 1294 agat
703 1247 845 1283 virtute
864 1246 1009 1291 divina,
1033 1250 1070 1282 et
1095 1256 1144 1283 ex
1174 1246 1249 1284 hoc
1269 1247 1393 1282 Deum
1420 1255 1509 1283 0550
1529 1247 1707 1284 omnium
1736 1249 1778 1284 et

157 1293 368 1331 effectuum
386 1298 423 1330 et
442 1294 562 1330 etiam
593 1294 796 1331 actionum
829 1301 1005 1335 causam,
1046 1294 1218 1339 itemque
1250 1296 1457 1330 ostensum
1488 1293 1540 1330 sit
1578 1294 1676 1340 (cap.
1697 1293 1775 1340 70),

157 1340 263 1386 quod
283 1340 429 1377 malum
453 1344 489 1377 et
510 1340 701 1384 defectus,
724 1341 765 1376 in
786 1340 849 1376 his
870 1350 957 1387 quae
977 1340 1226 1385 providentia
1245 1339 1377 1377 divina
1397 1344 1603 1386 reguntur,
1624 1340 1778 1378 accidat

156 1396 205 1424 ex
223 1387 452 1425 conditione
479 1387 744 1425 secundarum
777 1395 1003 1431 causarum,
1039 1387 1082 1423 in
1110 1387 1255 1433 quibus
1283 1389 1416 1432 potest
1453 1395 1542 1424 0550
1576 1387 1775 1432 defectus;

157 1434 413 1470 manifestum
444 1437 517 1478 est,
536 1433 643 1480 quod
663 1433 842 1470 actiones
864 1433 992 1477 malae,
1013 1433 1233 1470 secundum
1268 1432 1374 1479 quod
1406 1432 1635 1471 deficientes
1667 1435 1774 1478 sunt,

157 1489 238 1516 0011
261 1484 398 1517 sunta
416 1481 508 1524 Deo,
530 1479 601 1518 sed
621 1489 645 1517 a
662 1480 799 1517 causis
834 1480 1028 1526 proximis
1056 1479 1345 1517 deficientibus.
1366 1481 1409 1517 In
1431 1485 1622 1525 quantum
1645 1483 1776 1518 autem

157 1527 205 1564 ad
224 1527 264 1564 id
285 1526 391 1574 quod
412 1526 459 1564 de
479 1527 635 1565 actione
650 1530 689 1564 et
707 1527 869 1564 entitate
890 1526 1050 1571 liabent,
1072 1530 1229 1573 oportet
1259 1526 1367 1573 quod
1398 1527 1482 1564 sint
1501 1536 1525 1564 a
1558 1529 1653 1572 Deo,
1673 1527 1778 1565 sicut

156 1573 394 1611 claudicatio
417 1577 479 1611 est
493 1583 516 1611 a
535 1574 677 1611 virtute
695 1574 844 1612 motiva
861 1577 1055 1620 quantum
1076 1574 1126 1611 ad
1145 1573 1186 1610 id
1203 1571 1500 1625 quodfbahetde
1515 1578 1778 1621 motutquan·

155 1625 238 1658 tum
259 1630 352 1658 vero
375 1620 424 1658 ad
446 1621 485 1658 id
493 1621 608 1716 ἆμὲοὶᾶ
629 1620 747 1660 habet
773 1620 823 1659 de
854 1621 1024 1666 defectu,
1045 1626 1107 1658 est
1134 1629 1182 1658 ex
1209 1623 1405 1659 curvitate
1432 1622 1574 1660 cruris.
1609 1622 1639 1670 (1
1659 1625 1775 1668 part„

155 1677 192 1714 q.
212 1675 310 1713 xxn,
332 1671 403 1705 art.
423 1671 446 1705 2
466 1677 489 1705 a
563 1696 572 1705 .

787 1815 955 1856 CAPUT
983 1815 1139 1856 LXXII.

248 1933 348 1968 QUOD
373 1933 513 1964 DIVINA
536 1933 802 1965 PROVIDENTIA
824 1933 904 1963 NON
928 1933 1118 1963 EXCLUDIT
1142 1932 1459 1963 GONTINGENTIAM
1481 1934 1511 1964 A
1533 1933 1669 1964 REBUs.

197 2043 311 2080 Sicut
329 2046 461 2080 autem
493 2041 630 2080 divina
653 2042 901 2088 providentia
929 2051 1011 2080 non
1043 2042 1218 2080 excludit
1248 2043 1527 2080 universaliter
1559 2043 1709 2080 malum
1747 2052 1770 2080 a

151 2088 298 2134 rebus,
323 2089 381 2127 ita
407 2089 526 2127 etiam
558 2097 640 2127 non
669 2089 842 2126 excludit
871 2089 1199 2136 contingentiam,
1231 2097 1307 2127 nec
1337 2090 1620 2127 necessitatem
1649 2089 1770 2128 rebus

151 2136 333 2183 imponit.
353 2137 438 2174 Jarn
470 2136 577 2173 enim
607 2139 816 2174 ostensum
846 2140 909 2174 est
935 2135 1036 2183 (cap.
1064 2136 1126 2183 70)
1161 2134 1268 2183 quod
1300 2136 1480 2182 operatio
1511 2136 1771 2184 providentiae

152 2193 230 2230 1100
249 2185 354 2221 Deus
374 2187 558 2229 operatur
577 2182 620 2220 in
637 2182 771 2227 rebus,
791 2191 874 2220 1100
894 2183 1066 2220 excludit
1085 2191 1229 2220 causas
1261 2183 1477 2225 secundas,
1496 2183 1567 2221 sed
1601 2192 1671 2230 per
1702 2191 1772 2222 eas

151 2230 350 2276 impletur,
371 2230 413 2267 in
432 2233 624 2277 quantum
645 2233 767 2276 agunt
784 2231 927 2267 virtute
947 2231 1029 2267 Dei.
1046 2231 1100 2267 Ex
1120 2231 1256 2268 causis
1276 2233 1410 2269 autem
1428 2230 1622 2277 proximis
1643 2230 1773 2277 aliqui

152 2275 318 2314 effectus
348 2276 535 2315 dicuntur
564 2277 782 2315 necessarii
813 2277 875 2314 vel
903 2278 1205 2324 contingentes:
1239 2284 1321 2315 non
1358 2281 1490 2315 autem
1534 2286 1582 2316 ex
1627 2277 1770 2315 causis

149 2324 328 2361 remotis.
347 2325 445 2362 Nam
465 2323 716 2362 fructificatio
735 2324 880 2371 plantae
899 2328 961 2362 est
979 2323 1144 2362 effectus
1165 2324 1404 2371 contingens
1423 2327 1582 2372 propter
1602 2331 1766 2362 causam

149 2371 385 2417 proximam,
417 2379 506 2418 quae
536 2373 598 2409 est
626 2371 687 2410 vis
716 2371 957 2418 generativa,
987 2380 1077 2419 quae
1108 2374 1240 2419 potest
1277 2371 1461 2418 impediri
1502 2375 1542 2410 et
1584 2370 1768 2416 deficere,

149 2418 332 2470 quamvis
363 2426 488 2456 causa
517 2421 681 2458 remota,
703 2418 859 2456 scilicet
891 2420 968 2462 sol,
989 2419 1043 2456 sit
1074 2426 1197 2457 causa
1228 2419 1468 2457 necessitate
1499 2426 1638 2466 agens.
1671 2418 1768 2456 Cum

148 2467 387 2511 igiturinter
399 2473 543 2503 causas
560 2465 761 2511 proximas
775 2465 910 2503 multae
930 2466 1011 2503 sint
1029 2474 1117 2513 quae
1134 2464 1302 2503 deficere
1321 2469 1505 2511 possunt,
1520 2473 1601 2503 1100
1622 2471 1764 2503 omnes

149 2510 314 2594 effectus
333 2512 401 2595 qitii
421 2512 679 2559 providentiae
709 2512 949 2558 subduntur,
972 2517 1088 2550 erunt
1116 2513 1350 2558 necessarii,
1370 2513 1441 2551 sed
1475 2512 1636 2559 plurimi
1669 2513 1766 2548 sunt

151 2566 225 2594 000
247 2567 285 2595 10
317 2567 366 2596 00
385 2567 442 2597 es.

180 2568 329 2655 011οἕ0
346 2605 395 2643 ad
412 2605 588 2644 divinam
606 2606 896 2652 providentiam
916 2607 1098 2653 pertinet,
1116 2610 1161 2644 ut
1179 2605 1327 2654 gradus
1355 2607 1507 2644 entium
1537 2606 1604 2652 qui
1638 2605 1767 2651 possi·

149 2649 266 2702 biles·
284 2656 391 2697 sunt,
413 2652 715 2698 adimpleantur,
732 2656 775 2691 ut
806 2662 854 2691 ex
887 2653 1127 2701 supradictis
1160 2652 1261 2700 (cap.
1281 2653 1345 2700 71)
1373 2656 1492 2700 patet.
1514 2654 1592 2689 Eus
1630 2654 1763 2690 autem

150 2695 336 2749 dividitur
354 2707 424 2750 per
441 2700 680 2746 contingens
699 2703 738 2737 et
756 2701 1029 2738 necessarium
1051 2711 1061 2737 ι
1083 2702 1121 2738 01
1139 2703 1202 2738 est
1229 2709 1301 2747 per
1331 2709 1375 2738 50
1407 2699 1552 2737 divisio
1585 2699 1704 2736 011115.
1726 2699 1766 2737 Si

149 2747 271 2789 igitur
288 2744 421 2797 divina
439 2746 687 2791 providentia
705 2747 932 2785 excluderet
962 2755 1123 2785 omnem
1156 2746 1484 2794 contingentiam,
1506 2753 1587 2782 non
1620 2753 1764 2785 omnes

149 2789 297 2836 gradus
316 2794 469 2829 entium
487 2797 832 2832 conservarentur.

195 2837 379 2889 Amplius,
398 2842 546 2884 quanto
565 2839 699 2886 aliqua
715 2844 810 2878 sunt
827 2840 1113 2888 propinquiora
1130 2841 1224 2885 Deo,
1245 2842 1356 2879 tanto
1384 2838 1514 2886 magis
1544 2838 1592 2877 de
1624 2839 1764 2877 simili·

147 2883 284 2922 tudine
304 2893 433 2931 lpslus
452 2885 709 2933 participant;
728 2891 768 2925 et
787 2893 936 2935 quanto
954 2887 1085 2936 magis
1103 2886 1265 2933 distant,
1285 2888 1397 2925 tanto
1416 2885 1546 2933 magis
1567 2895 1590 2924 a
1623 2886 1764 2924 simili·
