1894 3223
680 113 768 150 LIB.
796 114 860 158 ΙΙΙ,
888 114 989 151 CAP.
1017 113 1196 151 CXLVIII.
1680 116 1748 152 467

127 205 210 235 non
230 196 401 235 habeant
420 197 602 242 respectu
628 194 777 233 ultimae
797 195 1067 241 perfectioniS‚
1088 204 1176 242 quae
1196 197 1257 233 est
1277 194 1435 241 adeptio
1463 194 1598 232 finalis
1630 193 1753 233 beati·

128 243 297 289 tudinis,
318 243 395 281 nisi
413 252 482 289 per
501 243 686 279 virtutem
708 242 897 294 divinam.
918 243 1072 288 Indiget
1091 243 1212 290 igitur
1231 242 1438 280 rationalis
1453 246 1596 279 natura
1613 241 1751 280 divino

131 290 283 330 auxilio
302 290 352 327 ad
373 288 703 336 consequendum
723 289 907 326 ultimum
929 288 1064 326 finem.

175 339 365 377 Praeterea,
388 336 540 374 homini
562 339 658 373 sunt
677 335 961 381 impedimenta
980 336 1149 382 plurima
1169 335 1423 383 perveniendi
1446 334 1495 374 ad
1517 335 1651 374 finem.
1673 337 1751 374 Im·

128 383 287 433 peditur
305 383 411 420 enim
433 382 634 420 debilitate
665 383 849 427 rationis,
867 392 954 430 quae
988 383 1036 420 de
1069 383 1172 420 sacili
1207 383 1376 420 trahitur
1409 383 1451 420 in
1482 392 1658 421 errorem
1680 390 1753 430 per

129 439 289 479 quema
308 434 414 467 recta
433 431 497 467 via
526 429 779 476 perveniendi
815 429 857 467 in
889 429 1008 466 finem
1041 430 1278 467 excluditur.
1304 430 1520 476 Impeditur
1551 431 1671 468 etiarn
1702 439 1752 467 ex

129 477 388 525 passionibus
410 477 532 523 partis
558 476 761 514 sensitivae
782 479 820 513 et
840 485 888 513 ex
908 475 1188 514 affectionibus
1253 475 1371 513 uibus
1403 477 1452 514 ad
1480 477 1692 515 sensibilia
1712 481 1752 514 et

130 525 322 563 inferiora
338 525 527 569 trahitur3
548 523 694 571 quibus
714 527 862 570 quanto
881 523 1010 569 magis
1037 524 1215 566 inhaeret,
1254 524 1400 570 ongius
1429 523 1478 560 ab
1509 524 1650 562 ultimo
1671 524 1749 562 fine

130 571 273 614 distat;
294 571 377 608 haec
397 572 503 608 enirn
523 571 626 608 infra
647 571 850 608 hominem
881 575 989 613 sunt,
1019 569 1112 607 finis
1145 574 1277 607 autern
1310 570 1494 616 superior
1525 580 1572 608 eo
1600 571 1748 608 existit.

131 618 346 665 Impeditur
365 618 483 656 etiam
504 618 737 664 plerumque
757 617 936 663 corporis
969 616 1176 654 infimitate
1205 617 1255 655 ab
1286 617 1519 654 executione
1551 618 1751 655 virtuoso·

130 674 220 703 rum
257 670 433 711 actuum,
470 665 616 712 quibus
649 664 697 701 ad
733 663 1019 701 beatitudinem
1058 663 1244 701 tenditur.
1281 663 1436 710 Indiget
1459 664 1582 711 igitur
1603 666 1753 702 auxilio

131 711 268 799 gigo-⁰
304 712 426 750 homo
456 721 505 749 ne
534 721 604 759 per
636 711 864 758 hujusmodi
898 710 1182 757 impedimenta
1213 710 1388 748 totaliter
1418 711 1466 748 ab
1500 711 1641 748 ultimo
1672 712 1751 749 fine

160 769 180 797 e
212 763 304 796 ciat.

180 806 279 844 Hinc
299 809 360 842 est
380 806 486 852 quod
505 806 649 843 dieitur
670 817 679 842 z
699 806 808 843 Nemo
824 808 940 851 potest
958 806 1079 840 venire
1096 805 1146 840 ad
1160 815 1228 846 me,
1257 804 1332 840 nisi
1349 804 1459 841 Pater
1487 807 1553 851 qui
1579 806 1679 840 misit
1699 815 1755 843 me

131 855 288 890 traxerit
301 853 405 888 illum
421 855 583 897 (Joann.,
604 862 660 896 vi,
681 853 741 898 44)
761 864 770 897 ;
793 857 830 888 ct
852 864 861 888 ε
886 853 988 889 Sicut
1016 852 1154 898 palmes
1184 862 1257 887 non
1281 854 1399 897 potest
1419 853 1516 896 ferre
1548 853 1710 896 fructum
1730 862 1754 889 a

132 902 333 945 semetipso,
349 901 425 936 nisi
436 901 611 936 manserit
624 901 665 935 in
677 902 762 944 vite,
777 901 828 935 sic
839 910 901 935 nec
911 909 985 938 vos,
1000 901 1075 934 ‘nisi
1086 901 1126 934 in
1143 909 1198 934 me
1212 900 1433 936 manseritis.
1447 898 1609 945 (Joann.,
1622 907 1689 944 xv,
1702 899 1753 946 4.)

183 949 254 984 Per
272 947 346 984 1100
366 949 497 984 autem
519 946 742 984 excluditur
760 954 870 983 error
904 946 1222 992 pelagianorum,
1243 946 1311 991 qui
1338 945 1521 982 dixerunt
1551 946 1656 991 quod
1685 954 1758 991 per

133 994 265 1032 solum
297 993 465 1086 libngim
495 993 701 1031 arbitrium
733 993 854 1031 homo
886 997 1039 1040 poterat
1068 993 1136 1030 Dei
1169 992 1338 1039 gloriam
1372 992 1616 1040 promereri.
1655 993 1753 1041 (1·11,

132 1049 172 1088 q.
192 1049 252 1084 111,
268 1044 340 1077 art.
383 1067 391 1075 .

747 1162 917 1205 CAPUT
945 1162 1150 1205 CXLVIII.

183 1277 284 1313 QUOD
315 1278 389 1306 PER
414 1276 606 1306 AUXILIUM
639 1276 785 1307 DIVINAE
810 1275 965 1307 GRATIAE
990 1275 1098 1306 HOMO
1128 1275 1208 1306 NON
1228 1275 1396 1307 GOGITUR
1422 1277 1476 1307 AD
1495 1278 1707 1308 vaUTEM.

183 1381 325 1418 Posset
345 1383 477 1417 autem
496 1379 620 1416 videri
642 1379 762 1417 alicui
779 1378 885 1425 quod
905 1386 975 1424 per
1005 1377 1184 1415 divinum
1217 1379 1410 1417 auxilium
1438 1380 1574 1428 aliqua
1602 1380 1757 1419 coactio

135 1425 292 1465 homini
311 1427 505 1463 inferatur
523 1427 571 1464 ad
588 1426 689 1464 bene
710 1425 924 1472 agendum,
943 1434 992 1461 ex
1013 1425 1088 1462 hoc
1105 1426 1212 1471 quod
1234 1426 1382 1463 dictum
1412 1431 1473 1464 est
1495 1440 1502 1464 :
1525 1428 1636 1465 Nemo
1659 1429 1759 1465 venii

136 1474 188 1511 ad
208 1484 277 1518 me,
296 1475 370 1510 nisi
388 1475 497 1509 Pater·
525 1475 589 1519 qui
604 1474 706 1509 misit
725 1482 780 1509 me
799 1473 956 1507 traaeerz‘t
982 1482 1073 1512 eum,
1095 1476 1134 1508 et
1160 1482 1207 1509 ex
1228 1473 1303 1510 1100
1331 1474 1437 1519 quod
1469 1474 1617 1511 dicitur
1637 1486 1646 1511 ε
1668 1475 1756 1518 ραι·-

135 1531 287 1566 cumque
304 1522 441 1566 spirita
457 1521 523 1557 Dei
539 1523 713 1565 aguntur,
737 1521 768 1555 ii
795 1523 889 1556 sunt
907 1520 976 1564 filii
994 1521 1079 1561 Dei‚·
1105 1522 1144 1555 et
1164 1531 1173 1555 :
1194 1519 1362 1556 Charitas
1394 1520 1532 1557 Christi
1555 1523 1659 1565 αγρεε
1677 1531 1754 1558 nos.

135 1567 191 1613 (Π
206 1567 302 1611 Cor„
320 1576 360 1612 v,
383 1567 462 1613 1-t);
478 1566 581 1604 trahi
608 1566 715 1603 enim
743 1568 782 1603 et
805 1566 869 1612 agi
898 1569 936 1602 et
953 1566 1084 1611 urg-eri
1111 1566 1358 1604 coactionem
1388 1567 1603 1613 importare
1619 1567 1756 1606 viden-

135 1618 214 1652 tur.
237 1615 318 1651 Hoc
338 1617 471 1651 autem
492 1622 574 1651 non
594 1622 685 1651 esse
703 1621 839 1650 verum
860 1613 1070 1649 manifeste
1093 1613 1330 1656 ostenditur.

187 1660 329 1698 Divina
348 1661 453 1698 enim
480 1660 728 1706 providentia
758 1660 878 1697 rebus
909 1659 1096 1696 omnibus
1128 1660 1309 1705 providet
1342 1661 1564 1699 secundum
1591 1661 1754 1700 modum

139 1716 292 1752 earum,
312 1711 356 1745 ut
375 1716 497 1753 supra
515 1710 815 1745 ostensum·est.
837 1708 903 1743 Est
935 1710 1065 1743 autem
1092 1707 1295 1753 proprium
1328 1706 1482 1745 homini
1513 1712 1551 1745 et
1572 1709 1679 1746 omni
1696 1719 1758 1746 ra·

138 1755 485 1792 tionalicreaturae
506 1753 612 1801 quod
631 1753 850 1791 voluntarie
871 1758 962 1800 agat
987 1757 1026 1790 et
1057 1753 1156 1804 suis·
1174 1755 1331 1791 actibus
1361 1754 1602 1800 dominetur,
1637 1759 1679 1793 ut
1709 1765 1759 1793 ex

137 1801 377 1848 supradictis
397 1804 525 1847 patet3
547 1801 641 1838 huic
660 1804 792 1837 autem
813 1801 966 1837 coactio
987 1804 1263 1838 contrariatur.
1284 1802 1371 1840 Non
1396 1801 1519 1849 igitur
1549 1803 1654 1841 Deus
1682 1811 1758 1842 suo

137 1848 288 1887 auxilio
307 1848 508 1885 hominem
529 1847 636 1894 cogit
655 1847 704 1885 ad
723 1850 828 1885 recte
855 1847 1068 1893 agendum.

183 1895 328 1940 Adhuc,
362 1894 539 1932 divinum
567 1894 759 1932 auxilium
791 1894 851 1932 sic
881 1894 1118 1941 intelligitur
1150 1894 1198 1932 ad
1232 1894 1334 1933 bene
1365 1895 1563 1942 agendum
1603 1895 1758 1934 homini

138 1941 318 1980 adhiberi
339 1941 446 1989 quod
465 1941 507 1978 in
527 1942 645 1979 nobis
660 1944 798 1979 nostra
809 1949 930 1987 opera
944 1944 1130 1987 operatur
1155 1942 1260 1979 sicut
1290 1951 1413 1980 causa
1429 1943 1557 1989 prima
1573 1947 1760 1990 operatur

138 1989 392 2036 operationes
414 1997 624 2026 causarum
649 1988 931 2029 secundarum,
957 1992 995 2025 et
1013 1997 1137 2035 agens
1158 1989 1376 2035 principale
1415 1994 1600 2035 operatur
1634 1991 1757 2027 actio-

137 2045 230 2074 nem
256 2036 533 2080 instrumenti3
562 2035 668 2073 unde
701 2035 863 2072 dicitur:
898 2036 1029 2072 Omnia
1054 2046 1165 2082 opera
1190 2038 1317 2072 nostra
1342 2040 1511 2082 operatus
1530 2047 1565 2074 es
1584 2038 1757 2079 iambis,

137 2083 301 2120 Domine.
327 2082 445 2129 (lsai,
468 2090 580 2128 xxvt,
602 2082 676 2128 12.)
696 2083 825 2120 Causa
844 2086 976 2119 autem
1007 2082 1136 2129 prima
1154 2086 1293 2120 causat
1322 2084 1595 2129 operationem
1626 2093 1757 2122 causae

137 2129 326 2168 secundae
349 2129 568 2166 secundum
591 2129 752 2166 modum
774 2129 916 2174 ipsius.
938 2131 1038 2176 Ergo
1060 2133 1099 2167 et
1119 2131 1224 2167 Deus
1247 2134 1386 2167 causat
1403 2130 1446 2168 in
1472 2131 1591 2169 nobis
1619 2136 1758 2169 nostra

139 2184 261 2222 opera
293 2175 514 2213 secundum
544 2175 708 2212 modurn
732 2179 928 2220 nostrum,
950 2176 1018 2222 qui
1050 2181 1111 2214 est
1140 2180 1184 2213 ut
1212 2177 1435 2214 voluntarie
1454 2181 1493 2215 et
1521 2186 1602 2215 non
1622 2182 1757 2216 coacte

139 2231 324 2270 agamus.
344 2224 429 2259 Non
450 2222 573 2269 igitur
591 2222 725 2259 divino
743 2222 894 2259 auxilio
915 2222 1061 2268 aliquis
1084 2224 1242 2270 cogitur
1261 2223 1311 2262 ad
1328 2228 1433 2261 recte
1453 2225 1666 2271 agendum.

187 2270 369 2314 Amplius,
390 2269 511 2306 homo
528 2278 598 2315 per
615 2269 858 2306 voluntatem
880 2268 1086 2306 ordinatur
1107 2270 1146 2305 in
1168 2269 1308 2315 finem;
1329 2270 1529 2317 objectum
1562 2273 1667 2309 enim
1688 2280 1756 2309 vo·

137 2315 304 2355 luntatis
326 2319 387 2353 est
404 2315 554 2353 bonum
580 2319 619 2353 et
636 2315 741 2354 finis.
761 2316 962 2353 Auxilium
982 2320 1113 2353 autem
1134 2316 1311 2354 divinum
1333 2317 1451 2355 nobis
1472 2318 1521 2355 ad
1557 2318 1633 2355 hoc
1659 2327 1757 2364 prae·

138 2363 254 2408 cipue
273 2363 514 2409 impenditur
532 2366 576 2400 ut
596 2371 889 2410 consequamur
907 2361 1039 2400 finem.
1063 2364 1154 2409 Ejus
1184 2373 1279 2411 ergo
1310 2364 1503 2402 auxilium
1524 2373 1605 2402 non
1628 2365 1755 2403 exclu-

139 2409 197 2448 dit
215 2418 238 2447 a
254 2409 371 2447 nobis
391 2414 522 2447 actum
542 2409 774 2453 voluntatis,
795 2409 866 2447 sed
888 2410 1018 2455 ipsum
1040 2410 1237 2456 praecipue
1256 2410 1299 2447 in
1320 2410 1437 2448 nobis
1456 2412 1568 2454 facit;
1591 2412 1695 2449 unde
1719 2415 1758 2450 et

135 2457 353 2503 Apostolus
372 2456 468 2494 dicit
491 2468 500 2493 ε
521 2458 615 2494 Deus
640 2460 692 2492 est
711 2458 774 2502 qui
792 2459 961 2502 operatur
979 2459 1020 2492 in
1037 2458 1136 2493 vobis
1157 2461 1191 2493 et
1213 2457 1302 2493 velte
1335 2460 1369 2493 et
1382 2460 1552 2504 perficere
1578 2468 1648 2504 pro
1665 2459 1758 2495 bona

135 2504 332 2541 voluntate.
351 2503 478 2549 (Phil.,
499 2511 542 2547 11,
575 2503 648 2550 13.)
671 2503 828 2540 coactio
860 2507 989 2540 autem
1022 2504 1195 2540 excludit
1231 2504 1274 2540 in
1306 2503 1424 2541 nobis
1455 2509 1586 2542 actum
1616 2505 1756 2543 volun·

136 2551 250 2595 tatis;
271 2554 407 2588 coacte
427 2550 534 2587 enim
552 2550 710 2597 agimus
731 2550 844 2596 cujus
864 2550 1104 2587 contrarium
1126 2551 1325 2588 volumus.
1343 2552 1431 2589 Non
1451 2560 1546 2598 ergo
1561 2553 1666 2591 Deus
1681 2561 1756 2591 suo

137 2597 287 2636 auxilio
305 2606 380 2635 nos
400 2597 506 2644 cogit
527 2596 576 2634 ad
594 2600 698 2634 recte
719 2597 931 2644 agendum,

164 2645 284 2697 dcem,
307 2644 427 2681 homo
449 2643 626 2690 pervenit
646 2643 694 2681 ad
716 2644 899 2680 ultimum
921 2651 1038 2681 suum
1059 2643 1179 2681 finem
1199 2653 1270 2691 per
1287 2647 1401 2682 actus
1430 2645 1641 2692 virtutum3
1663 2645 1756 2685 feli·

137 2694 238 2729 citas
258 2692 364 2729 enim
388 2691 546 2728 virtutis
566 2690 774 2737 praemium
795 2691 967 2736 ponitur.
989 2694 1108 2728 Actus
1127 2696 1258 2728 autem
1277 2692 1404 2729 coacti
1425 2701 1508 2730 non
1527 2698 1622 2730 sunt
1642 2698 1754 2732 actus

135 2737 350 2784 virtutu-m3
386 2747 478 2775 nam
514 2738 556 2775 111
587 2738 730 2774 virtute
759 2737 1002 2783 praecipuum
1032 2741 1093 2774 est
1121 2738 1276 2782 electio,
1297 2748 1385 2785 quae
1411 2739 1499 2777 sine
1531 2741 1756 2778 voluntario

138 2793 230 2823 esse
248 2794 328 2823 non
349 2789 496 2832 potest,
517 2785 580 2822 cui
598 2785 814 2822 violentum
836 2784 1078 2821 contrarium
1099 2789 1172 2821 est.
1193 2787 1279 2823 Non
1292 2785 1415 2832 igitur
1428 2786 1620 2825 divinitus
1635 2788 1755 2825 homo

138 2832 296 2877 cogitur
315 2834 365 2870 ad
385 2836 489 2869 recte
511 2831 724 2878 agendum.

185 2880 379 2925 Praeterea,
401 2888 449 2916 ea
467 2888 556 2927 quae
581 2882 674 2917 sunt
703 2877 754 2916 ad
786 2877 904 2915 finem
930 2877 1074 2915 debent
1091 2886 1182 2916 esse
1212 2877 1282 2916 fini
1313 2880 1625 2926 proportionata.
1647 2880 1756 2918 Finis
