1894 3223
146 154 215 190 558
716 146 803 183 LIB.
830 147 890 186 lv,
919 147 1018 182 CAP.
1045 147 1192 182 XXXVI.

148 232 282 270 divina
314 234 351 266 et
369 230 557 273 humana,
578 226 832 264 manifestum
854 227 1040 274 estquod
1077 236 1160 264 non
1192 227 1265 264 erit
1282 230 1427 264 natura
1450 226 1591 264 Christi
1610 225 1652 264 in
1682 227 1777 266 aliis

146 277 389 316 hominihus.
410 277 510 322 Ergo
547 284 628 312 non
665 275 740 311 erit
777 274 921 311 similis
959 274 1076 311 nohis
1097 273 1316 311 secundum
1353 274 1550 320 specicm;
1572 274 1679 320 quod
1712 277 1775 312 est

147 329 284 362 contra
313 323 547 368 Apostolum
575 321 767 359 dicentem
802 321 907 368 quod
939 321 1062 357 debuit
1084 331 1154 367 per
1187 322 1309 357 omnia
1337 321 1519 365 fratribus
1557 322 1770 358 assimilari.

162 371 283 410 Hebr„
306 379 350 411 ΙΙ,
376 373 432 407 17.
1263 398 1267 400 -

149 374 160 418 (
192 419 381 459 Praeterea,
405 369 450 453 e}
472 415 599 452 forma
615 419 653 452 et
671 415 837 451 materia
857 423 1013 460 semper
1033 413 1288 451 constituitur
1305 423 1386 452 una
1405 416 1572 461 species,
1595 425 1683 463 quae
1713 419 1775 452 est

147 463 411 511 praedicabilis
438 462 486 500 de
505 461 700 508 pluribus,
724 465 813 498 actu
843 461 903 497 vel
925 461 1115 506 potentia,
1137 463 1328 508 quantum
1350 465 1411 498 est
1431 461 1478 499 de
1504 463 1658 500 ratione
1683 471 1775 508 spe-

147 510 234 547 ciei.
257 510 296 547 Si
316 510 438 557 igitur
456 509 641 546 humanae
660 512 811 545 naturae
832 508 965 544 divina
987 511 1128 545 natura
1154 508 1268 555 quasi
1290 508 1418 545 forma
1438 508 1632 556 adveniat,
1655 518 1774 556 opor·

148 557 245 594 tebit
266 557 369 603 quod
392 567 440 593 ex
469 556 750 593 commixtione
774 556 979 601 utriusque
1007 555 1186 601 quaedam
1221 555 1444 592 communis
1463 557 1619 601 species
1645 556 1772 593 resul-

147 607 215 648 tet,
251 613 338 650 quae
371 604 422 640 sit
451 615 473 639 a
505 603 641 639 multis
674 601 969 648 participabilis.
993 601 1103 646 Quod
1126 605 1232 648 patet
1251 611 1341 638 esse
1362 602 1536 647 falsum;
1563 612 1645 640 non
1666 603 1771 640 enirn

148 655 209 689 est
227 651 305 687 nisi
327 659 433 687 unns
453 652 568 687 Jesus
591 649 785 692 Christus,
808 651 912 685 Deus
936 652 973 685 et
994 649 1127 686 homo.
1148 650 1234 686 Non
1254 648 1377 696 igitur
1395 648 1525 686 divina
1542 654 1578 686 ct
1597 649 1777 687 humana

148 701 289 735 natura
309 698 351 733 in
370 697 524 734 Christo
543 697 836 733 constituerunt
853 705 971 733 uuam
994 700 1189 733 naturam.

196 745 378 789 Amplius,
411 743 486 781 hoe
519 744 636 780 etiam
668 743 822 780 videtur
854 752 877 780 a
909 742 984 780 fide
1007 743 1182 780 alienum
1204 751 1292 780 esse
1314 742 1418 789 quod
1443 743 1639 790 Eutyches
1659 743 1771 787 dixit,

149 796 238 829 ante
273 791 461 827 unionem
495 790 537 827 in
560 790 716 827 Christo
738 790 864 827 fuisse
895 790 995 827 duas
1029 793 1204 827 naturas.
1227 790 1354 834 Quum
1381 790 1484 826 enim
1509 790 1683 826 humana
1700 799 1772 826 na-

148 842 237 875 tura
257 848 305 874 ex
325 839 458 874 anima
478 841 517 874 et
536 847 702 883 corpore
724 837 1006 882 constituatur,
1030 837 1211 884 sequitur
1228 836 1332 884 quod
1354 836 1414 872 vel
1441 836 1573 873 anima
1603 837 1664 873 vel
1684 846 1770 874 cor-

151 894 226 932 pus
248 889 312 921 aut
334 889 543 930 utrumque
565 888 653 920 ante
675 884 816 921 Christi
836 884 1151 921 incarnationem
1170 884 1311 928 fuerit3
1334 884 1438 930 quod
1461 893 1530 929 per
1547 883 1778 930 supradicta.

152 935 254 979 patet
287 940 376 968 esse
407 932 566 969 falsum.
601 933 667 968 Est
695 931 816 977 igitur
851 930 942 967 fidei
965 931 1206 968 contrarium
1240 930 1370 967 dicere
1392 931 1511 977 quod,
1547 935 1637 968 ante
1659 930 1777 968 unio-

153 987 256 1024 nem,
281 978 427 1016 fuerint
447 978 533 1016 duae
552 983 701 1015 naturae
722 978 882 1023 Christi,
902 982 952 1023 et,
973 982 1066 1024 post
1085 978 1290 1019 unionem,
1314 986 1406 1014 una.

772 1106 939 1146 CAPUT
973 1106 1149 1146 XXXVI.

204 1214 254 1243 DE
279 1213 431 1242 ERRORE
455 1212 621 1240 MACARII
645 1212 896 1248 ANTIOCHENI,
923 1213 1113 1241 PONENTIS
1139 1212 1250 1241 UNAM
1273 1213 1434 1242 TANTUM
1458 1213 1719 1242 VOLUNTATEM

838 1260 878 1287 ΙΝ
903 1259 1082 1288 CHRISTO.

200 1353 293 1389 Fere
312 1355 442 1388 autem
463 1350 505 1388 in
525 1350 630 1388 idem
652 1349 778 1387 redire
798 1350 951 1387 ridetur
970 1355 1006 1387 et
1026 1350 1182 1387 Macar-ii
1204 1350 1432 1387 antiocheni
1455 1351 1618 1396 positio,
1638 1351 1776 1389 dicen-

153 1399 203 1435 tis
224 1399 265 1435 in
289 1397 442 1434 Christo
464 1406 553 1434 esse
573 1406 694 1440 unam
713 1401 868 1433 tantum
888 1398 1160 1442 operationem
1181 1402 1220 1433 et
1237 1398 1497 1434 voluntatem.

203 1444 421 1491 cujuslibet
450 1444 553 1481 enim
586 1447 736 1480 naturae
766 1448 827 1481 est
861 1444 993 1490 aliqua
1026 1443 1203 1490 operatio
1236 1444 1418 1490 propria;
1455 1453 1547 1481 nam
1569 1443 1697 1481 forma
1713 1450 1774 1482 est

155 1491 398 1538 operationis
428 1491 682 1537 principium,
715 1490 934 1527 secundum
966 1500 1084 1538 quam
1108 1499 1357 1538 unaquaeque
1377 1494 1519 1528 natura
1551 1490 1667 1528 habet
1686 1501 1778 1538 pro·

152 1538 276 1584 priam
311 1537 511 1585 speciem;
541 1537 644 1575 unde
678 1541 833 1583 oportet
865 1537 986 1584 quod,
1023 1538 1127 1575 sicut
1159 1537 1406 1574 diversarum
1426 1542 1658 1576 naturarum
1679 1542 1775 1576 sunt

153 1586 317 1623 diversae
348 1585 498 1630 formae,
524 1584 581 1622 ita
608 1585 690 1622 sint
719 1589 756 1622 et
776 1584 939 1622 diversae
960 1585 1152 1622 actiones.
1171 1584 1210 1622 Si
1230 1584 1352 1632 igitur
1381 1585 1423 1621 in
1443 1585 1599 1622 Christo
1620 1585 1673 1622 sit
1692 1595 1774 1624 una

156 1635 307 1670 tantum
329 1632 446 1676 actio,
471 1632 652 1680 sequitur
670 1631 777 1678 quod
796 1631 836 1668 in
858 1641 904 1668 eo
925 1632 976 1669 sit
995 1641 1076 1669 una
1093 1635 1248 1669 tantum
1269 1635 1434 1676 natura;
1456 1632 1562 1678 quod
1584 1635 1646 1670 est
1666 1636 1772 1680 euty-
1835 1650 1838 1651 ⁷

153 1680 304 1717 chianee
336 1678 515 1717 haeresis.
545 1679 793 1726 Relinquitur
824 1679 946 1725 igitur
971 1679 1117 1717 falsum
1149 1687 1239 1716 esse
1261 1679 1368 1726 quod
1391 1679 1432 1715 in
1451 1679 1605 1717 Christo
1626 1679 1678 1717 sit
1694 1689 1775 1718 una

152 1731 305 1764 tantum
327 1727 518 1772 operatio.

197 1775 298 1817 Item,
328 1774 369 1809 in
403 1773 556 1810 Christo
590 1776 650 1810 est
670 1773 803 1809 divina
824 1777 965 1810 natura
981 1772 1166 1820 perfecta,
1189 1783 1258 1820 per
1274 1783 1392 1820 quam
1414 1773 1775 1811 consubstantialis

156 1824 216 1858 est
234 1820 350 1865 Patri,
371 1824 408 1857 et
427 1820 602 1857 humana
628 1824 769 1856 natura
791 1822 976 1865 perfecta,
1003 1820 1222 1857 secundum
1245 1830 1363 1867 quam
1391 1824 1451 1858 est
1485 1821 1605 1858 unius
1623 1821 1772 1866 speciei

155 1867 378 1904 nobiscum.
413 1867 487 1904 Sed
517 1867 564 1904 de
592 1867 835 1913 perfectione
859 1868 1000 1904 divin-<e
1034 1871 1183 1904 naturae
1205 1872 1264 1904 est
1283 1868 1526 1904 voluntatem
1548 1867 1706 1908 habere,
1730 1872 1772 1904 ut

153 1918 359 1951 ostensum
380 1917 440 1951 est
460 1914 500 1960 (l.
519 1923 546 1954 1,
569 1923 602 1951 c.
624 1914 709 1960 72);
739 1914 922 1950 similiter
945 1914 1061 1950 etiam
1082 1913 1130 1949 de
1150 1914 1392 1959 perfectione
1414 1914 1598 1952 humanae
1619 1918 1770 1952 naturae

152 1964 213 1998 est
239 1961 345 2007 quod
374 1960 517 1997 habeat
546 1960 805 2003 voluntatem,
840 1970 909 2005 per
929 1969 1046 2007 quam
1067 1963 1127 1996 est
1146 1962 1267 1998 homo
1289 1961 1403 1998 liberi
1421 1960 1585 1998 arbitrii.
1609 1961 1773 2007 Oportet

151 2007 272 2055 igitur
291 2008 333 2044 in
355 2007 508 2044 Christo
527 2015 617 2044 esse
636 2008 736 2043 duas
758 2008 994 2045 voluntates.

197 2054 343 2097 Adhuc,
363 2054 547 2091 voluntas
568 2057 627 2091 est
649 2063 728 2090 uua
745 2062 836 2099 pars
851 2054 1078 2099 potentialis
1099 2054 1241 2091 animae
1259 2054 1458 2098 humanae,
1480 2055 1585 2092 sicut
1605 2058 1640 2092 et
1659 2055 1774 2092 intel-

151 2100 291 2138 lectus.
312 2101 350 2138 Si
369 2101 488 2148 igitur
507 2101 547 2137 in
564 2100 719 2138 Christo
740 2109 821 2137 non
840 2102 911 2138 fuit
932 2102 1009 2138 alia
1028 2101 1212 2138 voluntas
1229 2105 1368 2146 praeter
1381 2102 1627 2138 voluntatem
1640 2101 1773 2148 Verbi,

152 2148 238 2194 pari
266 2148 418 2185 ratione
446 2157 519 2185 nec
549 2148 621 2184 suit
649 2148 690 2184 in
719 2156 768 2186 eo
794 2147 1020 2186 intellectus
1046 2152 1187 2194 praeter
1217 2148 1461 2186 intellectum
1487 2148 1601 2186 Verbi
1623 2160 1632 2194 3
1653 2153 1693 2187 et
1711 2149 1771 2186 sic

152 2194 295 2231 redibit
319 2195 465 2240 positio
483 2195 736 2241 Apollinaris.

199 2242 384 2287 Amplius,
417 2242 513 2279 siin
545 2241 700 2279 Christo
732 2241 806 2279 suit
838 2246 992 2281 tantum
1016 2251 1097 2279 una
1127 2242 1327 2287 voluntas,
1359 2246 1514 2289 oportet
1533 2242 1639 2290 quod
1657 2242 1700 2280 in
1720 2252 1772 2282 eo

152 2288 270 2326 fuerit
298 2289 430 2326 solum
464 2288 650 2326 voluntas
684 2288 844 2335 divina3
879 2299 960 2326 non
992 2289 1099 2326 enim
1118 2289 1286 2326 Verbum
1306 2290 1550 2327 voluntatem
1579 2290 1768 2335 divinam,

151 2345 271 2381 quam
292 2335 340 2372 ab
373 2339 521 2373 aeterno
553 2335 704 2381 habuit,
726 2336 905 2374 amittere
932 2336 1072 2383 potuit.
1102 2337 1159 2374 Ad
1177 2337 1422 2374 voluntatem
1442 2341 1572 2374 autem
1595 2336 1770 2375 divinam

151 2391 233 2419 nou
263 2383 433 2428 pertinet
457 2383 614 2427 mereri,
645 2383 740 2431 quia
759 2384 943 2421 meritum
971 2387 1032 2421 est
1051 2383 1222 2431 alicujus
1243 2383 1285 2421 in
1305 2384 1588 2430 perfectionem
1610 2384 1772 2421 tenden-

149 2430 215 2466 tis.
237 2429 301 2466 Sic
329 2429 451 2475 igitur
478 2429 656 2468 Christus
685 2439 813 2477 neque
837 2431 912 2469 sibi
931 2440 1060 2478 neque
1079 2431 1197 2469 nobis
1228 2439 1303 2468 sua
1323 2431 1509 2477 passione
1530 2431 1771 2477 meruisset·,

151 2486 197 2513 cu
200 2477 266 2522 jus
287 2477 530 2514 contrarium
549 2477 665 2514 docet
683 2478 912 2523 Apostolus,
931 2478 1068 2515 dicens
1088 2490 1097 2515 z
1118 2479 1249 2515 Factus
1268 2481 1329 2515 est
1347 2478 1512 2515 obediens
1531 2478 1637 2516 Patri
1656 2487 1778 2526 usque

150 2523 199 2559 ad
214 2526 422 2565 mortem...‚
437 2526 588 2571 propter
603 2524 699 2569 quod
716 2528 749 2560 et
758 2527 853 2561 Deus
871 2526 1048 2561 exalta-vit
1063 2526 1178 2562 illum.
1201 2525 1327 2571 (Phil.,
1348 2534 1392 2570 11,
1409 2527 1445 2569 8,
1466 2525 1516 2572 9.)

194 2571 386 2612 Praeterea,
407 2571 442 2609 si
468 2572 510 2608 iu
530 2571 687 2608 Christo
706 2572 892 2609 voluntas
913 2571 1087 2609 humana
1104 2581 1185 2609 non
1206 2572 1291 2617 fuit,
1313 2573 1493 2620 sequitur
1511 2571 1619 2656 (huod
1639 2581 1770 2618 neque

152 2617 371 2654 secundum
392 2621 574 2655 naturam
595 2623 841 2665 assumptam
864 2620 976 2656 liberi
994 2619 1146 2656 arbitrii
1168 2619 1260 2664 suit;
1283 2628 1374 2657 nam
1395 2628 1518 2656 secun
1549 2628 1615 2656 um
1632 2618 1771 2656 volun-

151 2667 268 2699 tatem
301 2664 501 2702 esthemo
533 2665 647 2703 liberi
677 2666 843 2703 arbitrii.
865 2666 928 2703 Sic
959 2667 1081 2714 igitur
1102 2675 1182 2703 non
1207 2666 1348 2713 agebat
1378 2666 1558 2704 Christus
1576 2665 1697 2703 homo
1715 2664 1767 2702 ad

151 2710 311 2747 modum
332 2711 521 2757 hominis,
543 2712 614 2750 sed
631 2713 679 2750 ad
708 2713 871 2750 modum
892 2713 1061 2750 aliorum
1080 2714 1328 2754 animalium,
1351 2721 1438 2761 quae
1459 2713 1583 2750 libero
1605 2711 1769 2749 arbitrio

150 2761 297 2793 carent.
319 2758 422 2794 Nihil
443 2759 565 2805 igitur
582 2759 622 2796 in
643 2759 730 2806 ejus
749 2760 901 2797 actibus
922 2761 1146 2798 virtuosum
1179 2765 1218 2797 et
1238 2760 1437 2798 laudabile
1456 2763 1523 2797 aut
1542 2758 1658 2795 nobis
1677 2757 1765 2795 imi·

152 2803 313 2840 tandum
346 2804 430 2841 suit.
461 2808 620 2844 Frustra
647 2806 768 2855 igitur
799 2807 910 2844 dicit:
944 2809 1077 2844 Discite
1107 2818 1130 2843 a
1152 2818 1209 2844 me
1237 2809 1325 2854 quia
1340 2807 1440 2843 mitis
1459 2816 1538 2842 sum
1566 2808 1602 2841 et
1619 2805 1769 2842 humilis

149 2850 254 2887 corde
281 2849 441 2896 (Matth.‚
474 2860 530 2893 xl,
560 2853 620 2899 29)
637 2865 647 2898 ;
675 2858 715 2890 et
733 2865 742 2890 ε
763 2855 978 2899 Exemplum
1001 2854 1087 2891 dedi
1103 2855 1217 2900 vobis,
1238 2859 1279 2891 ut
1294 2852 1593 2900 quemadmodum
1610 2862 1673 2898 eqo
1690 2853 1763 2898 feci

148 2897 263 2943 vobis,
281 2898 337 2934 ita
355 2900 389 2934 et
404 2907 466 2934 vos
486 2899 649 2942 faciatis.
671 2900 830 2947 (Joamz.,
849 2909 935 2946 xm,
954 2901 1029 2948 15.)
1752 2927 1756 2931 -
