1894 3223
693 161 780 198 ΗΒ.
809 162 857 206 ΙΙ,
884 161 984 199 CAP.
1013 161 1099 199 LVI.
1629 166 1693 200 173

71 241 322 291 quantitatis,
343 244 524 287 oporteat
541 241 659 278 etiam
689 242 728 278 in
765 242 951 279 omnibus
971 246 1151 280 mutuum
1180 252 1270 280 esse
1297 246 1458 288 tactum,
1480 247 1625 288 tamen,
1658 246 1690 283 si

72 288 298 328 attendatur
316 287 365 325 ad
387 289 583 325 actionem
604 291 642 325 et
669 289 914 334 passionem,
949 290 1200 327 invenientur
1228 290 1361 337 aliqua
1381 300 1469 327 esse
1491 293 1693 338 tangentia

73 339 243 380 tantum,
271 338 310 372 et
328 334 464 382 aliqua
482 338 586 373 tacta
605 338 773 373 tantum.
807 337 980 382 Corpora
1009 337 1114 373 enim
1149 337 1326 375 coelestia
1345 341 1513 384 tangunt
1533 339 1690 385 quidem

72 382 150 421 hoc
169 381 289 420 modo
310 381 567 420 elementaria
597 390 778 429 corpora,
804 382 845 419 in
872 386 1061 429 quantum
1078 393 1123 420 ea
1142 385 1320 426 atterant,
1344 393 1425 421 non
1457 389 1587 422 autem
1607 390 1690 423 tan-

75 433 226 477 guntur
244 429 294 467 ab
314 429 387 472 eis,
409 429 504 476 quia
522 428 572 466 ab
594 428 653 466 eis
689 438 770 466 non
802 429 1017 475 patiuntur.
1035 431 1071 467 Si
1101 430 1222 476 igitur
1241 431 1320 467 sint
1340 431 1472 478 aliqua
1490 434 1693 479 tangentia

70 476 218 524 quaein
238 475 470 523 quantitatis
490 475 642 514 ultimis
663 485 744 513 non
763 479 941 522 tangant,
960 477 1144 514 dicentur
1164 478 1426 515 nihilominus
1448 483 1624 525 tangere,
1647 481 1688 518 in

72 526 266 571 quantum
286 526 434 570 agunt;
455 523 675 560 secundum
690 532 807 570 quem
825 523 985 561 modum
1004 523 1188 569 dicimus,
1210 525 1313 571 quod
1335 526 1598 563 consti-istane
1617 536 1691 565 nos

70 570 316 617 tangit.·Hoc
337 569 458 617 igitur
480 569 598 607 modo
617 570 805 617 tangendi
825 571 1016 617 possibile
1046 575 1106 608 est
1128 572 1231 608 uniri
1253 572 1516 609 substantiam
1538 574 1690 611 intelle·

71 617 243 655 ctualem
264 616 421 663 corpori
442 626 512 663 per
529 620 769 655 contactum.
791 620 921 664 Agunt
941 618 1046 655 enim
1079 618 1312 656 substantiae
1342 619 1630 657 intellectuales
1649 621 1691 658 in

73 672 243 709 corpora
259 667 299 700 et
315 668 475 700 movent
494 673 553 708 ea,
575 673 664 701 cum
687 664 767 701 sint
782 665 1077 709 immateriales,
1096 669 1134 702 et
1152 666 1280 709 magis
1300 666 1339 701 in
1355 669 1443 702 actu
1459 667 1689 705 existentes.

121 711 191 748 Hic
220 713 351 748 autem
371 714 500 748 tactus
535 720 616 748 non
654 715 714 749 est
754 712 985 758 quantitatis
1022 712 1090 749 sed
1127 711 1283 749 virtutis
1303 724 1312 756 ;
1334 713 1450 764 υηᾶο,
1475 713 1604 750 differt
1627 715 1692 752 liic

72 760 203 795 tactus
222 766 245 795 a
263 761 370 794 tactu
388 767 580 804 corporeo
601 758 642 795 in
674 758 814 796 tribus.
846 759 975 795 Primo
1005 758 1177 805 quidem,
1192 759 1286 805 quia
1305 759 1380 796 hoc
1400 763 1502 797 tactu
1525 761 1564 797 id
1585 761 1690 808 quod

73 808 136 842 est
160 804 404 842 indivisibile
440 808 571 850 potest
592 808 754 852 tangere
785 805 1011 849 divisibile3
1042 805 1221 857 quodnisi
1258 809 1364 843 tactu
1395 816 1586 852 corporeo
1609 817 1689 845 non

72 854 204 898 potest
222 851 415 889 accidere.
437 853 532 888 Nam
565 856 711 897 puncto
744 861 824 890 non
843 856 970 898 potest
991 852 1100 898 tangi
1126 861 1203 888 msi
1240 852 1482 890 indivisibile
1503 855 1688 901 aliquod;

79 898 305 936 substantia
321 902 452 935 autem
473 899 768 943 intellectualis,
802 899 982 945 quamvis
1005 899 1057 934 sit
1080 899 1350 945 indivisibilis,
1380 904 1510 946 potest
1528 906 1690 949 tangere

74 946 335 992 quantitatem
353 945 606 990 divisibilem,
628 946 669 982 in
701 950 889 992 quantum
913 946 995 991 agit
1015 946 1055 981 in
1086 946 1226 991 ipsam.
1250 947 1337 983 Alio
1358 948 1461 984 enim
1488 949 1604 985 modo
1627 952 1689 986 est

72 992 317 1030 indivisibile
337 996 526 1038 punctum
548 997 586 1029 et
605 993 828 1029 substantia
848 992 1141 1030 intellectualis.
1164 995 1356 1030 Punctum
1378 995 1537 1041 quidem
1556 999 1616 1032 est
1637 996 1690 1033 si-

74 1042 142 1076 cut
163 1039 395 1086 quantitatis
413 1039 621 1084 terminus,
643 1043 681 1075 et
701 1039 790 1076 ideo
811 1039 929 1076 habet
957 1040 1076 1076 situm
1096 1040 1398 1077 determinatum
1422 1042 1459 1078 in
1482 1043 1686 1084 continuo,

72 1085 178 1124 ultra
196 1094 312 1133 quem
333 1085 482 1131 porrigi
504 1094 583 1123 non
599 1089 748 1131 potest;
773 1086 996 1123 substantia
1017 1090 1147 1123 autem
1169 1087 1448 1125 intellectualis
1465 1092 1526 1125 est
1548 1089 1689 1126 indivi-

72 1132 220 1176 sibilis,
242 1132 356 1185 quasi
381 1135 488 1169 extra
509 1141 636 1179 genus
667 1133 898 1179 quantitatis
930 1133 1127 1178 existens3
1161 1134 1265 1170 unde
1296 1143 1377 1171 non
1406 1135 1691 1173 determinatur

72 1178 110 1217 ei
143 1178 387 1216 indivisibile
417 1179 567 1226 aliquid
604 1180 836 1226 quantitatis
863 1180 911 1217 ad
945 1180 1202 1227 tangendum.
1231 1181 1427 1226 Secundo,
1447 1182 1542 1229 quia
1562 1186 1688 1220 tactus

72 1226 305 1272 quantitatis
324 1230 384 1263 est
403 1226 533 1264 solum
549 1226 768 1264 secundum
789 1227 947 1271 ultima;
962 1231 1091 1265 tactus
1103 1231 1234 1264 autem
1249 1228 1406 1266 virtutis
1427 1233 1486 1266 est
1501 1229 1549 1266 ad
1564 1234 1688 1266 totum

71 1272 180 1320 quod
199 1273 387 1319 tangitur.
409 1273 472 1310 Sic
508 1273 614 1310 enim
649 1274 824 1320 tangitur
862 1274 1081 1311 secundum
1114 1275 1219 1321 quod
1244 1275 1391 1320 patitur
1421 1279 1460 1312 et
1486 1281 1689 1319 movetur:

72 1319 149 1357 hoc
163 1323 294 1357 autem
311 1319 354 1357 fit
373 1320 592 1358 secundum
615 1321 720 1367 quod
736 1324 796 1358 est
815 1321 856 1358 in
871 1322 1048 1367 potentia
1065 1334 1073 1365 ;
1093 1322 1269 1368 potentia
1286 1332 1378 1360 vero
1394 1327 1454 1360 est
1471 1324 1690 1361 secundum

74 1369 221 1412 totum,
249 1370 287 1404 et
307 1376 388 1404 non
408 1367 627 1405 secundum
655 1368 794 1406 ultima
820 1369 965 1413 totius;
989 1369 1093 1406 unde
1110 1372 1236 1406 totum
1258 1370 1447 1416 tangitur.

100 1439 103 1442 -
121 1415 175 1451 Ex
196 1423 274 1461 quo
295 1417 401 1460 patet
420 1415 535 1451 tertia
555 1414 798 1452 differentia:
821 1415 915 1462 quia
934 1415 975 1452 in
996 1419 1101 1453 tactu
1117 1416 1362 1462 quantitatis,
1380 1427 1466 1463 quae
1487 1417 1530 1454 fit
1549 1427 1688 1455 secun-

74 1459 169 1498 dum
191 1464 378 1505 extrema,
401 1465 554 1507 oportet
573 1470 662 1499 esse
687 1466 855 1508 tangens
876 1462 1141 1500 extrinsecum
1162 1464 1196 1500 ei
1214 1463 1319 1510 quod
1342 1465 1530 1510 tangitur,
1552 1469 1590 1501 et
1610 1474 1690 1502 non

75 1511 209 1553 potest
225 1507 408 1545 incedere
443 1517 512 1554 per
548 1508 693 1554 ipsum,
715 1509 785 1546 sed
823 1509 1036 1555 impeditur
1056 1510 1103 1546 ab
1124 1519 1197 1555 eo;
1219 1514 1347 1547 tactus
1380 1515 1510 1548 autem
1533 1512 1690 1549 virtutis

75 1554 144 1600 qui
179 1554 367 1601 competit
387 1554 622 1592 substantiis
659 1555 1008 1600 intellectualibus,
1030 1566 1120 1593 cum
1141 1557 1191 1593 sit
1218 1557 1266 1594 ad
1289 1557 1441 1601 intima,
1480 1558 1571 1595 facit
1597 1559 1689 1595 sub-

73 1601 260 1685 Sbamiam
282 1605 347 1638 tan
381 1605 510 1638 entem
530 1611 620 1639 esse
638 1601 742 1639 intra
758 1602 797 1639 id
811 1602 920 1650 quod
938 1603 1126 1650 tangitur,
1149 1607 1186 1640 et
1199 1604 1446 1641 incedentem
1466 1614 1536 1651 per
1554 1606 1686 1652 ipsum

74 1655 96 1685 a
126 1656 144 1684 s
177 1657 225 1685 ue
243 1648 295 1684 im
328 1658 346 1685 e
379 1649 540 1686 intento.

119 1657 182 1732 Siqc
201 1658 323 1742 igituir
356 1695 579 1733 substantia
609 1696 889 1734 intellectualis
916 1700 1047 1743 potest
1065 1698 1220 1744 corpori
1254 1698 1358 1735 uniri
1378 1700 1448 1745 per
1463 1701 1688 1736 contactum

71 1740 243 1779 virtutis.
265 1742 358 1786 Quae
372 1745 502 1779 autem
521 1743 713 1780 uniuntur
727 1744 945 1781 secundum
967 1744 1085 1781 talem
1109 1748 1333 1782 contactum
1353 1754 1433 1782 non
1451 1749 1545 1782 sunt
1564 1756 1686 1784 unum

71 1787 318 1834 simpliciter.
352 1790 449 1826 Sunt
480 1789 586 1826 enim
608 1799 730 1827 unum
749 1791 790 1826 in
824 1791 977 1838 agendo
1000 1794 1036 1827 et
1065 1792 1265 1837 patiendo,
1287 1792 1392 1839 quod
1413 1801 1491 1829 non
1515 1796 1575 1830 est
1595 1803 1683 1830 esse

71 1843 196 1872 unum
223 1835 468 1881 simpliciter.
499 1836 563 1873 Sic
592 1836 695 1873 enim
726 1836 870 1874 dicitur
885 1847 1007 1875 unum
1036 1839 1235 1884 quomodo
1258 1842 1294 1875 et
1315 1848 1399 1876 ens.
1435 1841 1528 1876 Esse
1558 1845 1688 1877 autem

72 1889 197 1928 agens
217 1891 298 1919 non
319 1881 519 1929 significat
536 1892 624 1920 esse
646 1883 892 1930 simpliciter.
916 1885 1023 1921 Unde
1045 1894 1117 1922 nec
1136 1895 1226 1924 esse
1242 1895 1367 1923 unum
1387 1886 1429 1923 in
1450 1887 1603 1933 agendo
1625 1891 1685 1925 est

70 1936 160 1966 esse
180 1938 303 1967 unum
336 1930 582 1976 simpliciter.

117 1977 244 2013 Unum
266 1980 397 2013 autem
427 1977 660 2022 simpliciter
687 1977 895 2024 tripliciter
916 1978 1061 2016 dicitur
1081 1991 1090 2016 :
1111 1980 1172 2017 vel
1209 1980 1312 2018 sicut
1348 1981 1604 2027 indivisibile,
1625 1982 1686 2019 vel

69 2021 175 2059 sicut
193 2023 441 2068 continuum,
462 2024 523 2061 vel
552 2024 657 2062 sicut
675 2025 781 2071 quod
804 2029 865 2063 est
899 2026 1052 2063 ratione
1085 2036 1222 2064 unum.
1251 2030 1303 2064 Ex
1331 2029 1531 2065 subtantia
1557 2033 1686 2066 autem

69 2068 328 2107 intellectuali
349 2073 388 2107 et
407 2079 571 2118 corpore
591 2080 669 2108 non
692 2075 822 2117 potest
841 2072 925 2109 fieri
945 2082 1068 2111 unum
1087 2074 1192 2120 quod
1213 2074 1265 2111 sit
1284 2075 1540 2113 indivisibile.
1571 2077 1689 2121 Opor-

69 2118 124 2152 tet
141 2116 247 2153 enim
267 2116 365 2154 illud
385 2126 474 2154 esse
506 2118 771 2164 compositum
804 2129 852 2156 ex
880 2120 1049 2157 duobus.
1078 2122 1156 2158 Nec
1188 2121 1330 2158 iterum
1364 2123 1469 2169 quod
1491 2123 1542 2159 sit
1562 2123 1687 2160 conti-

72 2169 183 2206 num,
205 2163 300 2209 quia
317 2166 449 2209 partes
468 2165 647 2202 continui
668 2169 824 2212 quantae
845 2170 951 2203 sunt.
983 2167 1233 2214 Relinquitur
1261 2169 1382 2215 igitur
1402 2169 1681 2216 inquirendum

70 2211 203 2245 utrum
224 2218 271 2246 ex
291 2210 515 2248 substantia
533 2211 792 2250 intellectuali
813 2216 851 2250 et
869 2223 1033 2259 corpore
1048 2215 1176 2260 possit
1196 2214 1281 2252 fieri
1301 2225 1439 2261 unum,
1457 2217 1560 2253 sicut
1582 2217 1686 2262 quod

68 2258 131 2307 est
150 2255 302 2293 ratione
324 2265 460 2309 unum.
482 2259 536 2294 Ex
567 2258 723 2296 duobus
755 2263 884 2297 autem
918 2262 1242 2306 permanentibus
1276 2271 1356 2299 non
1378 2262 1420 2299 fit
1440 2263 1601 2309 aliquod
1624 2274 1683 2300 ra-

70 2305 180 2339 tione
197 2312 334 2346 unum,
354 2304 431 2341 nisi
462 2305 566 2342 sicut
595 2315 643 2341 ex
669 2306 796 2344 forma
826 2307 1079 2344 substantiali
1115 2312 1151 2345 et
1178 2310 1354 2346 materia.
1378 2311 1430 2345 Ex
1463 2311 1686 2347 substantia

69 2349 176 2385 enim
195 2352 232 2386 et
252 2349 453 2387 accidente
474 2360 555 2388 non
581 2351 624 2388 fit
652 2353 804 2389 ratione
831 2363 952 2390 unum
975 2366 982 2396 ;
1018 2364 1098 2391 non
1124 2356 1228 2391 enim
1252 2360 1312 2392 est
1332 2356 1466 2392 eadem
1490 2357 1589 2392 ratio
1613 2357 1684 2392 lio-

69 2395 193 2432 minis
212 2398 252 2432 et
268 2396 360 2433 albi.
383 2398 463 2434 Hoc
483 2398 604 2444 igitur
620 2399 900 2446 inquirendum
920 2401 1156 2447 relinquitur
1175 2406 1305 2438 utrum
1327 2402 1551 2439 substantia
1573 2403 1684 2439 intel-

67 2440 252 2479 lectualis
271 2444 450 2489 corporis
471 2444 640 2490 alicujus
658 2446 786 2483 forma
800 2447 1077 2484 substantialis
1096 2457 1184 2484 esse
1206 2449 1348 2493 possit.

114 2488 275 2527 Videtur
294 2493 426 2526 autem
458 2491 745 2529 rationabiliter
774 2494 1121 2530 considerantibus
1141 2495 1215 2530 hoc
1237 2504 1325 2531 esse
1346 2495 1608 2540 impossibile.
1632 2498 1685 2532 Ex

4 2547 5 2553 ¹
68 2534 226 2573 duobus
246 2536 352 2573 enim
371 2536 607 2575 substantiis
628 2542 717 2575 actu
739 2539 1001 2577 existentibus
1020 2549 1100 2576 non
1121 2544 1250 2586 potest
1266 2541 1350 2578 fieri
1374 2542 1523 2588 aliquid
1545 2552 1680 2580 unum.

0 2600 1 2603 ¹
67 2583 187 2619 Actus
207 2583 312 2619 enim
335 2583 548 2629 cujUslibet
565 2587 624 2620 est
643 2584 682 2621 id
703 2594 781 2632 quo
800 2585 848 2623 ab
869 2586 992 2623 altero
1015 2586 1286 2633 distinguitur.
1308 2587 1537 2626 Substantia
1550 2593 1682 2626 autem

66 2627 348 2667 intellectualis
368 2633 429 2667 est
448 2630 672 2668 substantia
691 2635 780 2668 actu
801 2632 990 2676 existens,
1012 2636 1055 2669 ut
1074 2642 1122 2670 ex
1135 2634 1356 2679 praemissis
1376 2639 1550 2682 apparet.
1573 2637 1683 2673 Simi-

66 2673 159 2713 liter
176 2679 308 2714 autem
328 2680 367 2713 et
385 2685 544 2723 corpus.
564 2679 652 2729 Non
672 2677 794 2724 igitur
811 2681 942 2724 potest
959 2678 1110 2726 aliquid
1127 2689 1250 2718 unum
1269 2680 1370 2729 fieri,
1385 2685 1429 2719 ut
1449 2683 1615 2728 videtur,
1635 2693 1682 2720 ex

67 2721 292 2761 substantia
313 2723 572 2761 intellectuali
593 2727 631 2761 et
648 2733 826 2770 corpore.

113 2768 259 2815 Adhuc,
280 2770 408 2808 forma
426 2774 463 2807 et
494 2771 659 2808 materia
695 2771 737 2807 in
773 2771 913 2809 eodem
940 2781 1084 2819 genere
1116 2773 1385 2814 continentur.
1420 2777 1544 2814 Omne
1577 2777 1683 2814 enim

67 2821 197 2861 genus
215 2826 285 2862 per
302 2821 432 2855 actum
455 2820 493 2854 et
510 2818 725 2863 potentiam
761 2817 961 2855 dividitur.
984 2819 1212 2857 Substantia
1236 2824 1369 2859 autem
1402 2822 1684 2861 intellectualis

68 2863 109 2944 trit
127 2869 270 2908 corpus
284 2868 381 2947 lstunt
414 2864 570 2902 diversa
601 2873 759 2911 genera.
797 2867 882 2902 Non
902 2865 1025 2913 igitur
1056 2866 1210 2904 videtur
1239 2868 1433 2915 possibile
1450 2879 1574 2908 unum
1594 2879 1685 2908 esse

86 2915 237 2947 ormam
260 2918 283 2948 a
316 2919 437 2949 erius.
