1894 3223
186 56 253 92 146
756 52 844 88 LIB.
872 52 918 91 ΙΙ,
947 51 1047 87 CAP.
1074 51 1235 86 XXXVII.

184 144 264 182 qua
282 134 408 181 prima
428 133 528 170 ratio
551 131 802 178 procedebat,
822 131 1025 167 veritatem
1058 130 1177 168 habet
1205 130 1425 168 secundum
1451 130 1550 168 illud
1582 130 1666 167 fieri
1696 132 1804 178 quod

185 182 262 228 ipsi
281 179 599 218 considerabant.
623 178 723 222 Quia
739 178 845 214 enim
866 178 997 214 omnis
1015 181 1152 215 nostra
1171 178 1347 222 cognitio
1367 187 1391 214 a
1407 186 1530 215 sensu
1560 177 1713 224 incipit,
1734 179 1804 225 qui

187 227 450 274 singularium
471 229 544 269 est,
566 235 589 261 a
606 224 911 270 particularibus
931 224 1320 262 considerationibus
1341 224 1389 261 ad
1411 224 1657 276 universales
1675 226 1808 262 consi·

186 274 336 312 deratio
357 273 531 309 humana
550 271 729 317 profecit,
751 271 868 315 unde,
896 271 1134 317 principium
1163 281 1294 308 rerum
1323 274 1610 317 pcrqulrentes,
1631 271 1806 317 particu-

185 321 289 358 lares
309 319 499 355 factiones
517 318 667 354 entium
692 321 844 354 tantum
877 318 1240 362 consideraverunt,
1268 318 1515 365 inquirentes
1542 318 1712 364 qualiter
1740 319 1804 356 vel

187 367 251 404 hic
271 365 377 412 ignis
397 365 458 401 vel
474 365 538 401 hic
558 364 659 410 lapis
680 363 759 401 fiat.
782 366 826 400 Et
846 364 934 401 ideo
953 365 1084 410 primi,
1106 366 1234 412 magis
1256 365 1475 401 extrinsece
1496 374 1612 411 quam
1647 369 1804 411 oporte·

185 416 244 450 ret
263 411 347 448 fieri
365 421 446 448 rem
469 411 783 457 considerantes,
804 416 1023 457 posuerunt
1042 421 1122 448 rem
1139 411 1222 448 fieri
1236 412 1596 449 solumsecundum
1610 411 1804 458 quasdam

186 458 450 496 accidentales
471 457 771 504 dispositiones,
797 460 838 494 ut
858 468 1004 502 rarum,
1025 458 1192 495 densum
1211 462 1248 495 et
1267 458 1510 504 huJusmodi,
1530 458 1707 495 dicentes
1735 468 1807 504 per

185 513 438 552 consequens
458 504 542 542 fieri
564 504 664 541 nihil
683 513 772 541 esse
792 505 870 541 nisi
893 505 1063 548 alterari,
1085 509 1243 551 propter
1264 506 1339 542 hoc
1359 505 1465 552 (11100
1485 515 1530 541 ex
1546 509 1634 542 ente
1655 505 1694 541 in
1714 509 1805 542 actu

186 551 498 599 unumquodque
515 551 599 588 fieri
619 551 906 598 intelligebant.
922 552 1167 588 Posteriores
1184 561 1290 596 vero,
1304 552 1657 599 magisintrinsece
1672 562 1804 589 rerum

187 599 400 636 factionem
418 599 731 642 considerantes,
753 598 802 635 ad
822 597 905 634 fieri
927 607 1055 634 rerum
1079 598 1296 635 secundum
1318 599 1582 636 substantiam
1603 602 1807 645 processe-

187 648 293 690 runt,
308 649 501 691 ponentes
520 645 624 692 quod
642 654 720 682 non
741 648 893 691 oportet
915 645 1064 692 aliquid
1080 644 1164 681 fieri
1185 654 1231 681 ex
1249 649 1337 682 ente
1356 646 1397 681 in
1415 650 1504 682 actu
1524 646 1603 683 nisi
1624 655 1693 692 per
1707 647 1808 683 acci-

187 693 299 732 dens,
323 692 392 729 sed
412 702 481 738 per
500 701 543 729 se
565 702 611 729 ex
631 695 719 728 ente
740 691 779 728 in
805 692 993 738 potentia.
1019 693 1099 728 Hoc
1129 695 1259 728 autem
1288 692 1386 736 fieri,
1409 693 1514 738 quod
1543 697 1604 729 est
1635 693 1737 730 entis
1759 703 1806 730 ex

188 739 467 786 qualicumque
489 743 591 783 ente,
613 743 673 776 est
692 739 810 775 factio
828 739 1077 784 particularis
1099 739 1214 781 entis,
1238 738 1343 785 quod
1364 739 1523 784 quidem
1543 739 1587 775 fit
1606 739 1647 775 in
1681 749 1806 786 quan-

187 789 271 822 tum
293 790 352 822 est
370 795 441 823 ens
462 786 551 830 1100,
573 789 614 823 01
638 786 757 822 homo
772 786 831 822 vel
852 786 972 832 ignis,
993 794 1073 822 uon
1095 789 1226 822 autem
1248 786 1287 821 in
1309 789 1498 831 quantum
1524 790 1585 822 est
1613 795 1684 823 ens
1718 787 1808 823 uni·

187 833 394 869 versaliter
412 844 420 876 ;
444 841 515 869 ens
534 833 639 869 enim
660 833 770 878 prius
787 836 869 869 erat
888 832 991 878 quod
1013 832 1054 868 in
1074 833 1149 869 hoc
1162 841 1233 869 ens
1252 836 1550 869 transmutatur.
1565 833 1808 871 profundius

189 883 318 916 autem
341 880 388 915 ad
401 888 530 916 rerum
552 880 745 925 originem
763 879 1043 926 ingredientes,
1058 879 1409 916 consideraverunt
1426 879 1473 915 ad
1483 879 1666 916 ultimum
1683 880 1806 918 totius

189 926 293 963 entis
314 926 433 963 creati
448 926 496 962 ab
517 935 596 963 una
610 927 737 972 prima
755 935 875 963 causa
893 926 1206 972 processionem,
1222 930 1264 963 ut
1285 935 1330 962 ex
1346 926 1568 963 rationibus
1589 927 1665 963 hoc
1679 930 1810 964 osten·

190 972 375 1010 dentibus
396 982 516 1018 supra
534 973 675 1018 positis
695 976 800 1019 patet
814 973 862 1019 (c.
888 976 929 1009 15
951 977 988 1009 et
1009 973 1080 1019 16).
1102 975 1146 1009 In
1167 973 1241 1009 hac
1261 976 1391 1010 autem
1413 973 1669 1018 processione
1684 974 1808 1011 totius

190 1019 293 1056 entis
312 1029 334 1056 a
355 1022 448 1062 Deo,
471 1028 551 1056 non
573 1024 631 1057 est
654 1020 844 1065 possibile
866 1019 949 1056 fieri
972 1020 1120 1066 aliquid
1141 1030 1186 1056 ex
1206 1020 1339 1066 aliquo
1354 1020 1432 1056 alio
1453 1020 1709 1066 praejacente3
1726 1030 1808 1057 non

190 1067 296 1102 enim
316 1070 423 1103 esset
447 1067 569 1103 totius
589 1068 691 1103 entis
713 1067 831 1103 creati
848 1067 979 1103 factio.
1004 1068 1047 1102 Et
1065 1067 1166 1103 hanc
1188 1067 1344 1112 quidem
1366 1067 1577 1103 factionem
1606 1076 1687 1103 non
1719 1068 1808 1104 atti-

190 1116 331 1159 gerunt
351 1113 466 1159 primi
488 1115 702 1157 naturales,
721 1123 889 1160 quorum
910 1118 992 1149 erat
1012 1114 1236 1150 communis
1258 1114 1466 1154 sententia,
1491 1123 1539 1149 ex
1558 1113 1685 1150 nihilo
1706 1114 1807 1151 nihil

190 1159 274 1196 fieri
294 1171 302 1203 ;
323 1160 383 1196 vel
402 1161 435 1197 si
457 1160 524 1206 qui
545 1170 631 1197 eam
653 1160 878 1206 attigerunt,
900 1170 978 1197 non
1000 1161 1156 1205 proprie
1177 1169 1322 1196 nomen
1341 1160 1526 1197 factionis
1541 1161 1809 1206 eicompetere

191 1206 557 1250 consideraverunt,
579 1216 700 1253 quum
723 1216 865 1243 nomen
890 1207 1075 1243 factionis
1096 1210 1245 1243 motum
1262 1207 1322 1242 vel
1337 1207 1594 1243 mutationem
1609 1207 1808 1253 importet.

190 1254 236 1289 In
253 1253 326 1289 1100
344 1257 474 1290 01110111
494 1254 616 1290 101105
636 1254 738 1290 011115
760 1254 912 1299 origiue
929 1254 976 1290 ab
997 1263 1075 1290 uno
1096 1254 1223 1299 primo
1245 1259 1347 1298 ente,
1368 1254 1535 1300 intelligi
1570 1263 1649 1290 non
1679 1257 1810 1300 potest

190 1301 470 1337 transmutatio
492 1301 611 1336 unius
632 1301 734 1337 entis
755 1301 796 1336 in
818 1301 938 1344 aliud,
955 1304 997 1337 ut
1017 1305 1221 1337 ostensum
1242 1304 1301 1337 051
1335 1301 1381 1346 (0.
1401 1301 1457 1346 17)
1475 1312 1483 1344 ;
1512 1305 1670 1346 propter
1701 1302 1810 1347 quod

192 1355 266 1383 nec
289 1347 338 1383 ad
356 1346 574 1383 naturalem
590 1347 872 1392 philosophum
888 1348 1057 1392 pertinet
1073 1346 1300 1392 hujusmodi
1317 1356 1446 1383 rerum
1463 1348 1659 1392 originem
1680 1349 1811 1385 consi-

192 1392 343 1437 derare,
365 1393 435 1430 sed
453 1394 501 1430 ad
524 1394 806 1439 philosophum
827 1394 1010 1439 primum,
1033 1394 1099 1440 qui
1120 1394 1346 1430 considerat
1366 1403 1438 1430 ens
1459 1403 1670 1430 commune
1695 1398 1734 1431 et
1763 1404 1811 1432 ea

191 1448 279 1485 quae
298 1444 392 1477 sunt
411 1443 626 1486 separataa
646 1444 768 1476 motu.
791 1442 869 1476 Nos
888 1444 1018 1477 tamen
1041 1440 1114 1477 sub
1136 1440 1303 1487 quadam
1326 1440 1586 1477 similitudine
1612 1441 1729 1477 etiam
1759 1442 1811 1479 ad

191 1486 301 1523 illam
321 1487 515 1533 originem
536 1496 681 1524 nomen
699 1487 884 1524 factionis
906 1487 1197 1530 transferimus,
1219 1491 1261 1523 ut
1290 1487 1469 1523 dicamus
1502 1487 1605 1524 facta
1636 1497 1682 1525 ea
1716 1497 1812 1535 quo-

191 1542 452 1580 rumcumque
473 1535 647 1571 essentia
665 1535 724 1571 vel
746 1538 886 1570 natura
905 1534 953 1570 ab
975 1534 1066 1572 aliis
1087 1534 1280 1580 originem
1302 1534 1432 1570 hahet.

240 1582 293 1616 Ex
313 1590 390 1626 quo
408 1585 514 1626 patet
533 1582 637 1628 quod
659 1590 731 1618 nec
752 1581 926 1618 secunda
944 1583 1043 1618 ratio
1063 1582 1109 1618 de
1131 1581 1366 1617 necessitate
1399 1581 1613 1626 concludit,
1645 1591 1734 1628 quae
1763 1592 1811 1620 ex

191 1628 345 1663 ratione
372 1631 505 1665 motus
536 1628 777 1665 sumebatur.
800 1630 895 1664 Nam
928 1629 1075 1665 creatio
1106 1628 1271 1664 mutatio
1303 1627 1379 1664 dici
1401 1636 1482 1664 non
1499 1632 1630 1674 potest
1648 1629 1726 1666 nisi
1747 1638 1810 1667 se-

193 1674 366 1710 cundum
383 1674 668 1720 metaphoram,
687 1679 803 1721 prout
823 1679 998 1711 creatum
1017 1675 1292 1712 consideratur
1313 1674 1457 1711 habere
1478 1684 1566 1712 esse
1600 1679 1689 1719 post
1709 1684 1810 1713 non-

193 1729 282 1757 esse
301 1733 309 1764 ;
331 1722 484 1758 ratione
505 1722 618 1768 cujus
638 1722 787 1768 aliquid
806 1731 854 1758 ex
874 1722 952 1758 alio
970 1721 1055 1758 fieri
1077 1721 1220 1758 dicitur
1239 1722 1356 1758 etiam
1377 1730 1514 1758 eorum
1535 1731 1623 1768 quaa
1641 1723 1811 1760 invicem

192 1768 564 1804 transmutationem
596 1777 677 1805 non
711 1768 869 1812 habent,
903 1779 950 1804 ex
980 1769 1055 1805 1100
1089 1768 1177 1805 5010
1209 1768 1314 1814 quod
1334 1777 1457 1804 unum
1479 1778 1615 1805 corum
1638 1773 1698 1806 est
1718 1775 1810 1815 post

193 1813 375 1857 alterum,
398 1815 500 1850 sicut
533 1815 618 1852 dies
648 1825 695 1851 ex
721 1819 850 1851 nocte.
883 1817 960 1851 Nec
992 1815 1092 1851 ratio
1127 1818 1259 1851 motus
1294 1814 1455 1851 inducta
1475 1815 1523 1851 ad
1554 1815 1629 1852 1100
1661 1816 1812 1863 aliquid

193 1860 322 1896 facere
355 1864 506 1905 potest;
537 1870 627 1898 nam
658 1862 763 1907 quod
796 1861 908 1898 nullo
939 1862 1058 1898 modo
1080 1865 1140 1898 est
1160 1870 1239 1898 non
1260 1870 1302 1898 se
1325 1861 1441 1897 habet
1458 1861 1593 1908 aliquo
1613 1862 1746 1907 modo,
1767 1867 1810 1900 ut

192 1907 320 1959 possit
342 1907 524 1944 concludi
540 1908 660 1954 quod,
676 1908 834 1954 quando
855 1908 994 1955 incipit
1006 1917 1109 1953 esse,
1127 1908 1204 1945 alio
1220 1908 1338 1945 modo
1354 1917 1396 1945 se
1411 1908 1553 1944 habeat
1569 1917 1675 1945 nunc
1692 1919 1811 1956 quam

192 1962 318 2000 pnus

241 2002 294 2036 Ex
314 2000 389 2037 hoc
409 2000 524 2036 etiam
545 2005 650 2047 patet
670 2001 774 2048 quod
793 2010 872 2038 non
894 2005 1047 2047 oportet
1067 2002 1240 2048 aliquam
1260 2002 1476 2047 potentiam
1497 2002 1698 2047 passivam
1717 2013 1814 2049 prae·

193 2047 332 2083 cedere
353 2056 442 2084 esse
463 2048 585 2084 totius
605 2049 708 2085 entis
729 2049 863 2092 creati,
886 2053 929 2085 ut
948 2049 1063 2086 tertia
1081 2049 1182 2086 ratio
1204 2049 1478 2086 concludebat.
1500 2051 1581 2085 Hoc
1614 2050 1720 2086 enim
1752 2055 1814 2088 est

193 2094 466 2130 necessarium
481 2094 522 2130 in
538 2094 619 2131 illis
636 2104 736 2141 quae,
753 2105 822 2141 per
841 2099 1006 2138 motum,
1023 2095 1182 2133 essendi
1198 2096 1436 2141 principium
1452 2100 1628 2138 sumunt,
1646 2106 1693 2134 eo
1705 2098 1813 2144 quod

193 2144 327 2176 motus
349 2144 408 2177 est
429 2144 541 2178 actus
562 2142 770 2178 existentis
795 2142 835 2178 in
856 2143 1046 2187 potentia.
1064 2142 1260 2179 Possibile
1281 2146 1411 2179 autem
1441 2143 1513 2179 fuit
1533 2152 1604 2180 ens
1636 2148 1812 2181 creatum

195 2196 284 2224 esse
307 2191 517 2234 antequam
537 2192 656 2233 esset,
677 2199 746 2234 per
760 2190 975 2234 potentiam
995 2190 1164 2236 agentis,
1185 2199 1255 2235 per
1274 2199 1391 2236 quam
1414 2194 1452 2226 et
1468 2199 1557 2226 esse
1578 2190 1813 2236 incepit,vel

193 2238 353 2279 propter
371 2234 641 2271 habitudinem
662 2236 922 2272 terminorum
944 2237 985 2272 in
1007 2236 1152 2283 quibus
1174 2236 1285 2272 nulla
1308 2237 1571 2283 repugnantia
1590 2237 1811 2282 invenitur3

195 2281 300 2326 quod
326 2281 484 2327 quidem
505 2282 697 2326 possibile
719 2282 938 2319 secundum
958 2284 1107 2319 nullam
1126 2283 1340 2328 potentiam
1364 2283 1521 2327 dicitur,
1546 2286 1586 2319 ut
1605 2288 1712 2329 patet
1744 2294 1813 2329 per

194 2327 480 2373 Philosophum
496 2327 741 2375 (metaphys,
761 2337 802 2374 v,
823 2333 917 2366 text.
934 2339 1078 2366 comm.
1102 2331 1174 2376 17);
1195 2330 1271 2367 1100
1293 2330 1399 2366 enim
1419 2330 1688 2376 praedicatum,
1706 2332 1813 2378 quod

196 2377 256 2410 051
278 2383 381 2418 0550,
405 2383 485 2411 11011
502 2379 697 2422 repugnat
715 2375 809 2412 huic
821 2376 1014 2422 subjecto,
1036 2377 1142 2423 quod
1172 2380 1232 2413 est
1258 2377 1432 2414 mundus
1457 2377 1519 2414 vel
1551 2377 1686 2421 homo,
1708 2378 1814 2415 sicut

195 2421 554 2458 commensurabile
575 2426 770 2469 repugnat
789 2422 981 2460 diametro
1004 2435 1012 2459 :
1037 2427 1075 2460 et
1099 2424 1157 2460 sic
1175 2424 1355 2470 sequitur
1371 2423 1477 2471 quod
1499 2433 1579 2461 non
1600 2425 1812 2469 sitimpos·

195 2467 311 2518 sibile
333 2477 436 2513 0550,
460 2472 509 2513 01,
538 2478 608 2515 per
634 2478 899 2516 consequens,
925 2469 1030 2517 quod
1059 2471 1111 2507 sit
1136 2470 1329 2516 possibile
1351 2479 1439 2507 esse
1459 2474 1549 2507 ante
1580 2479 1669 2507 uam
1689 2474 1810 2514 essct,

196 2517 313 2550 etiam
335 2515 446 2551 nulla
463 2515 640 2561 potentia
656 2517 862 2553 existente.
885 2519 928 2553 In
949 2517 1012 2553 his
1039 2521 1168 2554 autem
1190 2527 1277 2564 quae
1298 2527 1367 2563 per
1389 2521 1539 2554 motum
1589 2520 1671 2560 unt,
1693 2525 1810 2561 opor-

195 2561 391 2611 tettprius
420 2562 545 2598 fuisse
577 2563 769 2608 possibile
800 2572 870 2609 per
898 2563 1072 2610 aliquam
1094 2565 1292 2610 passivam
1314 2564 1556 2610 potentiam;
1590 2563 1630 2599 in
1664 2563 1810 2610 quibus

195 2606 466 2659 Philosophus
488 2609 735 2657 metaphys„
756 2618 828 2655 vil,
847 2613 941 2647 text.
963 2619 1107 2647 comm.
1134 2611 1194 2657 22)
1215 2611 1290 2648 hac
1310 2611 1433 2647 utitur
1453 2610 1620 2646 ratione.

244 2653 353 2704 Patet
374 2658 495 2699 igitur
515 2656 630 2692 etiam
653 2666 701 2693 ex
733 2657 822 2702 hoc,
843 2657 949 2703 quod
979 2666 1052 2694 nec
1072 2662 1212 2704 quarta
1238 2657 1339 2694 ratio
1365 2657 1413 2693 ad
1444 2656 1691 2702 propositum
1714 2665 1810 2694 con-

196 2698 452 2751 clud1t3Nam
470 2700 554 2737 fieri
576 2711 656 2739 non
678 2703 798 2740 simul
833 2708 893 2740 est
913 2713 1035 2741 causa
1061 2713 1149 2741 esse
1181 2704 1251 2747 rei,
1283 2703 1324 2740 in
1358 2703 1422 2740 his
1453 2711 1540 2750 quae
1570 2712 1639 2748 per
1658 2707 1810 2741 motum

196 2744 310 2790 fiunt,
332 2755 373 2781 111
395 2755 562 2792 quorum
584 2748 667 2800 fieri
703 2751 908 2787 successio
929 2751 1147 2795 invenitur;
1170 2751 1212 2787 in
1238 2749 1302 2787 his
1329 2753 1461 2786 autem
1493 2758 1581 2796 quae
1608 2758 1690 2786 non
1710 2749 1812 2787 fiunt

196 2800 267 2838 per
287 2796 453 2838 motum,
478 2802 559 2830 non
580 2804 690 2839 prlus
712 2800 771 2832 est
788 2795 872 2833 fieri
892 2806 1008 2843 quam
1029 2806 1132 2835 esse.

1875 0 1894 84 i

1884 86 1894 146 ³}
