1894 3223
603 84 692 119 LIB.
719 84 767 127 11,
794 84 896 120 CAP.
923 83 1094 120 LXXXIX.
1587 85 1661 120 239

35 175 164 214 neque
183 175 253 212 per
271 164 358 212 ejus
377 164 671 210 corruptionem
690 164 970 209 corrumpitur.
994 164 1183 201 Diversus
1203 172 1298 211 ergo
1319 162 1462 201 modus
1482 163 1652 211 originis

34 214 77 252 in
98 212 308 251 animabus
328 211 530 258 praedictis
559 220 641 248 non
673 215 733 248 est
757 221 806 248 ex
837 215 944 257 parte
977 211 1172 254 sensitivi,
1194 220 1242 248 ex
1262 219 1341 258 quo
1364 210 1535 248 sumitur
1555 212 1657 249 ratio

35 260 208 308 generis,
224 259 294 297 sed
314 269 361 296 ex
381 262 490 305 parte
505 257 750 302 intellectivi‚
770 268 816 294 ex
834 268 912 304 quo
933 259 1104 295 sumitur
1118 256 1340 295 differentia
1359 257 1504 304 speciei
1523 269 1532 303 ς
1550 259 1656 296 unde

38 316 119 345 non
142 310 273 354 potest
292 305 478 344 concludi
498 305 708 343 diversitas
729 306 903 352 generis,
926 305 994 342 sed
1017 306 1105 342 sola
1125 305 1335 342 diversitas
1354 305 1514 353 speciei.

85 354 197 399 Quod
217 361 311 391 vero
340 351 518 391 secundo
549 352 748 399 objicitur,
771 356 1004 398 conceptum
1028 353 1138 398 prius
1158 361 1248 389 esse
1268 352 1415 389 animal
1439 359 1557 400 quam
1579 353 1656 391 lio-

36 402 200 442 minem,
222 409 302 438 non
336 399 512 438 ostendit
544 399 778 437 rationalem
820 400 992 436 animam
1021 409 1109 436 cum
1131 399 1284 437 semine
1303 401 1529 446 propagari.
1559 402 1656 438 Nam

38 449 171 486 anima
191 447 398 492 sensitiva,
415 456 484 494 per
503 456 620 494 quam
640 447 786 484 animal
806 450 901 491 erat,
918 455 996 484 non
1019 450 1164 491 manet,
1180 446 1249 484 sed
1270 447 1305 484 ei
1327 447 1503 484 succedit
1524 448 1658 485 anima

38 505 126 544 quae
147 498 207 580 egt
226 495 346 532 simul
366 494 558 532 sensitiva
577 498 615 531 et
635 494 888 539 intellectiva,
911 503 959 531 ex
978 503 1057 542 qua
1074 498 1134 531 est
1153 493 1299 531 animal
1321 498 1359 531 θῖ
1379 495 1498 532 homo
1519 495 1655 539 simul,

39 547 82 581 ut
102 553 149 579 ex
196 542 285 580 ictis
306 545 423 588 patet.

88 589 200 634 Quod
231 598 324 627 vero
355 588 472 626 tertio
503 587 702 634 objicitur,
725 587 972 625 diversorum
999 588 1200 634 agentium
1222 587 1400 625 actiones
1423 598 1502 625 non
1523 589 1656 626 termi-

39 637 125 675 nari
147 636 195 674 ad
216 645 340 674 unum
372 635 534 679 sactum,
557 635 860 682 intelligendum
879 639 939 672 est
960 635 1007 672 de
1029 635 1197 672 diversis
1217 635 1428 681 agentibus
1450 645 1528 672 non
1551 636 1657 673 ordi-

38 683 161 722 natis.
181 683 220 722 Si
253 683 360 722 enim
381 682 564 721 ordinata
585 683 665 720 sint
685 683 731 720 ad
752 682 936 727 invicem,
959 686 1113 728 oportet
1130 690 1268 719 corum
1286 690 1375 718 csse
1396 691 1519 719 unum
1541 682 1657 721 effec-

38 733 124 769 tum
149 743 158 776 3
180 739 270 768 nam
292 739 414 768 causa
446 739 571 777 agens
603 730 730 776 prima
761 729 841 776 agit
863 729 910 779 Q
925 728 1107 766 effectum
1128 737 1260 766 causae
1281 729 1466 766 secunda>
1487 730 1656 775 agentis,

39 778 316 816 vehementius
336 786 454 825 quam
476 777 593 815 etiam
616 777 701 823 ipsa
722 786 842 814 causa
873 776 1073 820 secunda3
1093 775 1198 813 unde
1218 775 1398 812 videmus
1420 777 1525 822 quod
1546 776 1659 814 effec-

39 828 106 863 tus
126 825 193 872 qui
211 835 279 872 per
298 825 606 863 instrumentum
627 824 757 871 agitur
777 834 797 861 a
818 823 1023 869 principali
1045 825 1199 869 agente,
1219 823 1347 869 magis
1375 823 1531 869 proprie
1549 824 1657 861 attri—

42 872 179 910 buitur
203 872 412 919 principali
436 872 566 918 agenti
589 879 706 918 quam
734 872 1013 908 instrumento.
1033 870 1234 916 Contingit
1255 874 1385 907 autem
1419 870 1658 918 quandoque

44 919 151 967 quod
173 921 275 957 actio
308 919 540 965 principalis
571 919 727 964 agentis
756 917 944 965 pertingit
976 917 1024 955 ad
1054 917 1203 964 aliquid
1224 917 1265 954 in
1284 922 1459 963 operato,
1483 918 1529 954 ad
1551 918 1657 965 quod

42 975 123 1004 non
144 967 333 1013 pertingit
352 966 454 1003 actio
475 965 756 1009 instrumenti3
780 965 881 1002 sicut
914 964 976 1002 vis
1006 964 1225 1011 vegetativa
1256 964 1304 1001 ad
1332 965 1502 1011 speciem
1526 965 1658 1003 carnis

42 1013 236 1061 perducit,
253 1013 300 1050 ad
327 1022 446 1060 quam
467 1021 547 1049 non
568 1016 697 1058 potest
723 1012 937 1058 perducere
958 1011 1066 1049 calor
1085 1011 1192 1058 ignis
1211 1011 1279 1058 qui
1312 1016 1371 1049 θεῖ
1404 1012 1489 1058 ejus
1511 1012 1657 1049 instru-

42 1064 234 1103 mentum,
256 1059 349 1097 licet
375 1063 559 1106 operetur
584 1059 832 1105 disponendo
860 1059 908 1095 ad
929 1068 1030 1103 eam,
1053 1058 1289 1096 resolvendo
1309 1061 1347 1095 et
1368 1059 1655 1097 consumendo.

43 1108 171 1153 Quum
198 1106 320 1153 igitur
347 1106 480 1144 omnis
511 1106 636 1143 virtus
655 1110 804 1143 naturae
828 1106 953 1143 activa
974 1109 1222 1152 comparetur
1242 1105 1290 1142 ad
1310 1107 1431 1142 Deum
1452 1106 1556 1143 sicut
1574 1107 1658 1144 ins·

42 1157 284 1192 trumentum
320 1153 368 1191 ad
396 1153 567 1200 primum
599 1157 639 1190 et
667 1153 884 1200 principale
916 1162 1054 1199 agens,
1077 1152 1177 1189 nihil
1210 1152 1405 1199 prohibet,
1436 1153 1475 1190 in
1510 1162 1590 1191 uno
1621 1157 1658 1191 et

45 1202 184 1239 eodem
219 1204 408 1249 generato
439 1200 546 1248 quod
578 1204 640 1238 est
672 1201 806 1244 homo,
829 1200 1025 1238 actionem
1056 1204 1206 1237 naturae
1239 1199 1289 1237 ad
1311 1200 1461 1247 aliquid
1484 1200 1660 1238 hominis

44 1248 264 1293 terminari,
295 1251 334 1285 et
364 1256 446 1285 non
481 1247 529 1285 ad
550 1250 674 1285 totum
703 1247 808 1295 quod
828 1247 871 1284 fit
893 1248 1048 1285 actione
1069 1248 1152 1284 Dei.
1173 1248 1322 1294 Corpus
1343 1247 1464 1294 igitur
1483 1248 1659 1285 hominis

50 1296 244 1334 formatur
263 1295 383 1333 simul
407 1298 444 1332 et
458 1295 602 1332 virtute
623 1295 690 1331 Dei
712 1295 825 1342 quasi
848 1294 1079 1341 principalis
1099 1294 1254 1341 agentis
1274 1298 1311 1331 et
1331 1295 1462 1341 primi,
1484 1299 1522 1332 et
1541 1296 1659 1332 etiam

48 1343 192 1380 virtute
213 1343 382 1380 seminis
397 1342 509 1389 quasi
530 1342 686 1389 agentis
703 1342 887 1387 secuudi;
912 1342 981 1380 sed
995 1342 1098 1379 actio
1115 1342 1180 1378 Dei
1202 1342 1386 1388 producit
1399 1343 1570 1379 animam
1594 1343 1662 1379 liu-

53 1398 225 1431 manam‚
245 1399 362 1436 quam
383 1390 510 1427 virtus
528 1389 696 1427 seminis
713 1389 930 1436 producere
951 1398 1030 1426 non
1053 1392 1197 1435 potest,
1213 1389 1282 1427 sed
1303 1389 1479 1435 disponit
1495 1390 1543 1427 ad
1559 1400 1658 1426 eam.

96 1437 204 1473 Unde
234 1440 341 1482 patet
369 1436 517 1474 solutio
550 1436 598 1473 ad
630 1440 827 1483 quartum.
850 1437 913 1473 Sic
934 1437 1040 1473 enim
1060 1437 1179 1474 homo
1214 1435 1291 1474 sibi
1312 1436 1443 1473 simile
1464 1437 1503 1473 in
1527 1437 1660 1483 specie

45 1486 221 1568 ῗθῃθωῖ,
244 1483 286 1520 in
305 1487 496 1530 quantum
514 1483 639 1520 virtus
659 1484 826 1521 seminis
847 1483 932 1529 ejus
952 1483 1184 1530 dispositive
1204 1487 1390 1529 operatur
1410 1483 1458 1521 ad
1478 1484 1660 1521 ultimam

63 1539 229 1575 ormam,
252 1540 298 1566 ex
316 1540 394 1577 qua
411 1530 531 1567 homo
552 1530 722 1576 speciem
743 1530 918 1567 sortitur.

94 1579 214 1615 Deum
248 1586 341 1614 vero
373 1577 563 1614 adulteris
594 1577 796 1623 cooperari
830 1577 870 1613 in
891 1577 1046 1614 actione
1070 1581 1234 1621 naturae‚
1252 1577 1351 1614 nihil
1384 1582 1445 1615 est
1473 1578 1660 1616 inconve-

49 1624 182 1662 niens.
200 1626 283 1661 Non
307 1624 412 1661 enim
434 1628 574 1661 natura
597 1625 863 1661 adulterorum
880 1624 984 1661 mala
1003 1627 1075 1667 est,
1092 1624 1161 1661 sed
1177 1625 1360 1661 voluntas
1377 1636 1386 1668 ς
1408 1625 1511 1661 actio
1530 1629 1660 1662 autem

48 1680 138 1719 quae
161 1675 221 1709 est
241 1681 288 1708 ex
317 1671 460 1708 virtute
493 1672 660 1708 seminis
689 1671 865 1716 ipsorum
889 1675 947 1708 est
966 1671 1171 1711 naturalis,
1194 1680 1276 1709 non
1294 1671 1538 1717 voluntaria;
1557 1673 1661 1709 unde

50 1727 132 1756 non
154 1722 214 1756 est
235 1718 521 1755 inconveniens
541 1719 576 1755 si
597 1720 701 1755 Deus
720 1718 776 1754 illi
799 1718 1020 1764 operationi
1044 1721 1292 1765 cooperatur,
1313 1718 1493 1756 ultimam
1514 1720 1661 1766 perfec-

45 1765 195 1803 tionem
216 1764 455 1802 inducendo.

98 1812 208 1856 Quod
234 1820 327 1849 vero
356 1815 468 1849 sexto
498 1811 694 1857 objicitur,
717 1815 820 1858 patet
852 1811 959 1858 quod
991 1821 1072 1849 non
1105 1812 1152 1849 de
1181 1813 1419 1850 necessitate
1446 1813 1662 1852 concludit.

48 1859 131 1896 Etsi
153 1859 256 1896 enim
281 1859 394 1896 detur
413 1859 518 1906 quod
539 1868 684 1905 corpus
699 1858 874 1896 hominis
893 1859 1085 1896 formetur
1096 1860 1328 1907 priusquam
1347 1861 1480 1898 anima
1495 1865 1661 1906 creetur,

48 1910 118 1944 aut
143 1916 164 1944 e
196 1914 404 1951 converso,
427 1915 509 1943 non
546 1905 726 1952 sequitur
761 1906 867 1953 quod
894 1906 998 1943 idem
1028 1906 1148 1944 homo
1184 1907 1237 1944 sit
1273 1907 1382 1954 prior
1401 1908 1559 1953 seipso;
1582 1917 1663 1945 non

45 1953 153 1990 enim
178 1952 299 1990 homo
332 1957 394 1990 est
423 1962 542 1991 suum
574 1962 721 2000 corpus
744 1962 872 2000 neque
901 1962 975 1991 sua
1003 1954 1149 1991 anima.
1180 1955 1365 2001 Sequitur
1390 1959 1522 1992 autem
1557 1954 1663 2001 quod

46 2000 181 2048 aliqua
196 2009 292 2046 pars
312 2000 399 2048 ejus
418 1999 469 2038 sit
489 2000 612 2038 altera
630 2000 751 2046 prior,
773 2000 880 2048 quod
908 2009 990 2038 non
1011 2004 1071 2038 est
1091 2001 1377 2039 inconveniens
1398 2013 1408 2047 ;
1429 2011 1520 2039 nam
1541 2006 1662 2039 mate-

45 2047 108 2085 ria
126 2051 304 2093 tempore
325 2050 386 2086 est
405 2046 514 2094 prior
531 2047 682 2092 forma3
703 2047 869 2085 materia
897 2047 1000 2093 dim,
1022 2048 1242 2086 secundum
1262 2049 1368 2096 quod
1390 2049 1506 2086 estin
1525 2053 1671 2095 poten-⁷

45 2094 104 2131 tia
120 2094 167 2132 ad
190 2095 372 2138 formam,
393 2103 474 2133 non
495 2094 714 2132 secundum
751 2095 858 2142 quod
890 2098 979 2132 actu
1013 2098 1075 2132 est
1103 2104 1174 2142 per
1191 2096 1357 2133 sormam
1383 2096 1581 2142 perfecta;
1605 2097 1663 2134 sic

46 2141 154 2179 enim
175 2146 236 2179 est
257 2142 378 2179 simul
409 2151 499 2180 cum
520 2141 660 2180 forma.
682 2143 832 2188 Corpus
849 2142 971 2188 igitur
987 2142 1220 2188 humanum,
1241 2144 1462 2181 secundum
1480 2144 1586 2190 quod
1604 2148 1663 2181 est

47 2187 88 2225 in
111 2188 289 2235 potentia
308 2189 358 2226 ad
377 2189 564 2235 animam,
586 2192 721 2236 utpote
752 2199 874 2236 quum
908 2189 1086 2227 nondum
1118 2190 1235 2227 hahet
1262 2190 1450 2235 animam,
1472 2193 1532 2227 est
1552 2191 1662 2236 prius

45 2236 228 2281 tempore
248 2245 367 2283 quam
389 2237 546 2282 anima;
566 2239 662 2274 tune
693 2239 824 2274 autem
853 2245 933 2274 non
954 2239 1015 2274 est
1033 2236 1252 2275 humanum
1273 2241 1376 2282 actu,
1399 2237 1469 2275 sed
1487 2238 1663 2283 potentia

45 2283 227 2327 tantum;
249 2292 370 2329 quum
407 2287 591 2320 verovest
619 2283 837 2320 humanum
868 2287 970 2324 actu,
990 2284 1104 2331 quasi
1136 2294 1206 2331 per
1237 2285 1407 2321 animam
1446 2284 1661 2321 humanam

46 2328 280 2375 perrectum,
297 2337 380 2380 pon
400 2333 460 2367 est
480 2330 591 2376 prius
610 2339 739 2377 neque
759 2330 959 2376 posterius
979 2331 1125 2374 anima,
1147 2331 1217 2368 sed
1238 2331 1358 2368 simul
1376 2339 1465 2367 cum
1485 2340 1543 2368 ea.

98 2376 234 2422 Neque
255 2378 373 2412 etiam
392 2377 584 2423 sequitur,
606 2377 641 2414 si
659 2377 792 2414 anima
809 2387 857 2414 ex
872 2377 1015 2414 virtute
1036 2378 1203 2415 seminis
1225 2386 1307 2415 non
1325 2377 1568 2423 producitur,
1592 2376 1661 2414 sed

50 2422 182 2460 solum
209 2430 370 2467 corpus,
401 2423 506 2469 quod
541 2423 594 2460 sit
625 2423 853 2469 imperfecta
884 2424 1063 2470 operatio
1095 2427 1176 2461 tam
1206 2424 1274 2461 Dei
1293 2433 1412 2471 quam
1432 2427 1595 2469 naturae,
1622 2428 1661 2461 ut

46 2469 216 2515 septima
245 2470 346 2506 ratio
379 2469 629 2515 procedebat.
649 2471 797 2507 Virtute
833 2470 940 2507 enim
974 2470 1041 2507 Dei
1073 2475 1284 2517 utrumque
1311 2470 1367 2515 fit,
1399 2473 1437 2508 et
1457 2479 1602 2517 corpus
1624 2474 1662 2509 et

45 2517 194 2561 anima,
213 2515 305 2553 licet
324 2516 509 2554 formatio
528 2516 706 2562 corporis
727 2517 780 2554 sit
799 2516 847 2554 ab
868 2526 915 2554 eo
935 2517 1134 2554 mediante
1149 2518 1292 2554 virtute
1313 2517 1480 2555 seminis
1501 2522 1660 2555 natura-

44 2561 110 2607 lis,
132 2563 305 2600 animam
327 2566 458 2600 autem
478 2562 705 2600 immediate
722 2563 928 2609 producat.
943 2565 1076 2610 Neque
1094 2563 1212 2601 etiam
1231 2564 1410 2611 sequitur
1429 2565 1534 2611 quod
1555 2565 1658 2603 actio

43 2609 203 2648 virtutis
223 2609 392 2647 seminis
412 2610 464 2647 sit
481 2609 722 2656 imperfecta,
739 2619 861 2657 quum
875 2609 1052 2656 perficiat
1071 2610 1147 2647 hoc
1166 2611 1214 2648 ad
1235 2611 1341 2657 quod
1361 2615 1434 2648 est.

93 2656 305 2695 Sciendum
326 2661 387 2695 est
407 2657 523 2695 etiam
545 2657 586 2693 in
607 2657 759 2694 semine
775 2657 921 2709 virtute
947 2656 1142 2694 contineri
1173 2657 1308 2695 omnia
1336 2657 1407 2695 illa
1434 2667 1522 2706 quae
1537 2659 1661 2696 virtu·

43 2703 126 2756 tem
151 2712 382 2751 corpoream
408 2713 489 2742 non
519 2703 726 2748 excedunt,
749 2707 854 2741 sicut
873 2704 1036 2748 soenum,
1057 2704 1224 2750 culmus,
1240 2704 1466 2744 internodia
1485 2709 1524 2743 et
1548 2705 1660 2743 simi-

45 2747 126 2795 lia3
146 2758 195 2788 ex
225 2759 305 2798 quo
335 2751 520 2789 concludi
553 2759 634 2788 non
667 2753 797 2796 potest
827 2750 992 2797 quodid
1012 2750 1188 2789 hominis
1208 2751 1314 2799 quod
1333 2755 1457 2791 totam
1475 2752 1660 2790 virtutem

44 2803 274 2882 ggffittiream
293 2798 460 2845 excedit,
481 2799 523 2836 in
547 2797 699 2836 semine
722 2797 865 2834 virtute
880 2797 1142 2844 contineatur,
1158 2801 1201 2837 ut
1223 2803 1362 2838 octava
1379 2799 1480 2838 ratio
1499 2800 1665 2838 conclu-
