<?xml version="1.0" encoding="UTF-8"?>
<!DOCTYPE html PUBLIC "-//W3C//DTD XHTML 1.0 Transitional//EN"
    "http://www.w3.org/TR/xhtml1/DTD/xhtml1-transitional.dtd">
<html xmlns="http://www.w3.org/1999/xhtml" xml:lang="en" lang="en">
 <head>
  <title>
</title>
<meta http-equiv="Content-Type" content="text/html;charset=utf-8" />
  <meta name='ocr-system' content='tesseract 3.04.00' />
  <meta name='ocr-capabilities' content='ocr_page ocr_carea ocr_par ocr_line ocrx_word'/>
</head>
<body>
  <div class='ocr_page' id='page_1' title='image "./deveritatecathol00thomuoft_0429.png"; bbox 0 0 1894 3223; ppageno 0'>
   <div class='ocr_carea' id='block_1_1' title="bbox 657 112 1701 155">
    <p class='ocr_par' dir='ltr' id='par_1_1' title="bbox 657 112 1701 155">
     <span class='ocr_line' id='line_1_1' title="bbox 657 112 1701 155; baseline 0.003 -8"><span class='ocrx_word' id='word_1_1' title='bbox 657 112 743 148; x_wconf 84' lang='lat' dir='ltr'><strong>LIB.</strong></span> <span class='ocrx_word' id='word_1_2' title='bbox 772 112 836 155; x_wconf 84' lang='grc' dir='ltr'>ΙΙΙ,</span> <span class='ocrx_word' id='word_1_3' title='bbox 865 113 964 148; x_wconf 82' lang='lat' dir='ltr'><strong>CAP.</strong></span> <span class='ocrx_word' id='word_1_4' title='bbox 992 113 1108 148; x_wconf 84' lang='lat' dir='ltr'>XCVI.</span> <span class='ocrx_word' id='word_1_5' title='bbox 1633 115 1701 150; x_wconf 80' lang='lat'>389</span> 
     </span>
    </p>
   </div>
   <div class='ocr_carea' id='block_1_2' title="bbox 71 192 1700 2308">
    <p class='ocr_par' dir='ltr' id='par_1_2' title="bbox 71 192 1699 614">
     <span class='ocr_line' id='line_1_2' title="bbox 72 192 1698 242; baseline 0.001 -12"><span class='ocrx_word' id='word_1_6' title='bbox 72 192 135 230; x_wconf 87' lang='lat' dir='ltr'>tiae</span> <span class='ocrx_word' id='word_1_7' title='bbox 154 192 366 239; x_wconf 82' lang='lat' dir='ltr'>dispositio</span> <span class='ocrx_word' id='word_1_8' title='bbox 384 192 613 230; x_wconf 83' lang='lat' dir='ltr'>immutetur</span> <span class='ocrx_word' id='word_1_9' title='bbox 634 192 723 238; x_wconf 89' lang='lat' dir='ltr'>(hoc</span> <span class='ocrx_word' id='word_1_10' title='bbox 745 193 849 229; x_wconf 89' lang='lat' dir='ltr'>enim</span> <span class='ocrx_word' id='word_1_11' title='bbox 873 193 1122 239; x_wconf 86' lang='lat' dir='ltr'>impossibile</span> <span class='ocrx_word' id='word_1_12' title='bbox 1147 197 1234 238; x_wconf 83' lang='lat' dir='ltr'>est),</span> <span class='ocrx_word' id='word_1_13' title='bbox 1256 192 1324 231; x_wconf 91' lang='lat' dir='ltr'>sed</span> <span class='ocrx_word' id='word_1_14' title='bbox 1356 202 1401 231; x_wconf 72' lang='grc'>111</span> <span class='ocrx_word' id='word_1_15' title='bbox 1427 192 1575 242; x_wconf 76' lang='lat' dir='ltr'>atiquis</span> <span class='ocrx_word' id='word_1_16' title='bbox 1597 194 1698 233; x_wconf 90' lang='lat' dir='ltr'>illud</span> 
     </span>
     <span class='ocr_line' id='line_1_3' title="bbox 71 239 1697 287; baseline 0.002 -10"><span class='ocrx_word' id='word_1_17' title='bbox 71 240 178 287; x_wconf 91' lang='lat' dir='ltr'>quod</span> <span class='ocrx_word' id='word_1_18' title='bbox 199 239 398 277; x_wconf 81' lang='lat' dir='ltr'>desiderat</span> <span class='ocrx_word' id='word_1_19' title='bbox 415 243 653 286; x_wconf 81' lang='lat' dir='ltr'>assequatur</span> <span class='ocrx_word' id='word_1_20' title='bbox 672 249 694 276; x_wconf 92' lang='lat' dir='ltr'>a</span> <span class='ocrx_word' id='word_1_21' title='bbox 715 241 807 276; x_wconf 87' lang='lat' dir='ltr'>Deo.</span> <span class='ocrx_word' id='word_1_22' title='bbox 830 240 912 277; x_wconf 88' lang='lat' dir='ltr'>Piis</span> <span class='ocrx_word' id='word_1_23' title='bbox 933 241 1036 277; x_wconf 87' lang='lat' dir='ltr'>enim</span> <span class='ocrx_word' id='word_1_24' title='bbox 1055 241 1264 278; x_wconf 79' lang='lat' dir='ltr'>desideriis</span> <span class='ocrx_word' id='word_1_25' title='bbox 1282 240 1489 279; x_wconf 87' lang='lat' dir='ltr'>rationalis</span> <span class='ocrx_word' id='word_1_26' title='bbox 1506 245 1697 280; x_wconf 84' lang='lat' dir='ltr'>creaturae</span> 
     </span>
     <span class='ocr_line' id='line_1_4' title="bbox 72 286 1698 334; baseline 0.001 -10"><span class='ocrx_word' id='word_1_27' title='bbox 72 287 315 324; x_wconf 88' lang='lat' dir='ltr'>conveniens</span> <span class='ocrx_word' id='word_1_28' title='bbox 332 290 392 323; x_wconf 88' lang='lat' dir='ltr'>est</span> <span class='ocrx_word' id='word_1_29' title='bbox 413 289 455 323; x_wconf 91' lang='lat' dir='ltr'>ut</span> <span class='ocrx_word' id='word_1_30' title='bbox 477 287 580 323; x_wconf 90' lang='lat' dir='ltr'>Deus</span> <span class='ocrx_word' id='word_1_31' title='bbox 601 286 808 331; x_wconf 81' lang='lat' dir='ltr'>assentiat,</span> <span class='ocrx_word' id='word_1_32' title='bbox 831 295 910 323; x_wconf 91' lang='lat' dir='ltr'>non</span> <span class='ocrx_word' id='word_1_33' title='bbox 930 291 1128 334; x_wconf 79' lang='lat' dir='ltr'>tamquam</span> <span class='ocrx_word' id='word_1_34' title='bbox 1150 288 1347 325; x_wconf 83' lang='lat' dir='ltr'>desideria</span> <span class='ocrx_word' id='word_1_35' title='bbox 1363 292 1500 325; x_wconf 89' lang='lat' dir='ltr'>nostra</span> <span class='ocrx_word' id='word_1_36' title='bbox 1513 293 1698 326; x_wconf 87' lang='lat' dir='ltr'>moveant</span> 
     </span>
     <span class='ocr_line' id='line_1_5' title="bbox 71 332 1699 380; baseline 0.002 -10"><span class='ocrx_word' id='word_1_37' title='bbox 71 333 387 372; x_wconf 81' lang='lat' dir='ltr'>immobilitatem</span> <span class='ocrx_word' id='word_1_38' title='bbox 409 332 504 378; x_wconf 87' lang='lat' dir='ltr'>Dei;</span> <span class='ocrx_word' id='word_1_39' title='bbox 527 332 596 370; x_wconf 91' lang='lat' dir='ltr'>sed</span> <span class='ocrx_word' id='word_1_40' title='bbox 618 342 664 370; x_wconf 83' lang='lat' dir='ltr'>ex</span> <span class='ocrx_word' id='word_1_41' title='bbox 685 342 759 370; x_wconf 89' lang='lat' dir='ltr'>sua</span> <span class='ocrx_word' id='word_1_42' title='bbox 780 333 954 370; x_wconf 84' lang='lat' dir='ltr'>bonitate</span> <span class='ocrx_word' id='word_1_43' title='bbox 975 335 1152 380; x_wconf 82' lang='lat' dir='ltr'>procedit</span> <span class='ocrx_word' id='word_1_44' title='bbox 1172 338 1215 372; x_wconf 92' lang='lat' dir='ltr'>ut</span> <span class='ocrx_word' id='word_1_45' title='bbox 1243 336 1527 372; x_wconf 86' lang='lat' dir='ltr'>convenienter</span> <span class='ocrx_word' id='word_1_46' title='bbox 1546 335 1699 374; x_wconf 89' lang='lat' dir='ltr'>deside-</span> 
     </span>
     <span class='ocr_line' id='line_1_6' title="bbox 71 379 1698 430; baseline 0.002 -12"><span class='ocrx_word' id='word_1_47' title='bbox 71 385 157 418; x_wconf 87' lang='lat' dir='ltr'>rata</span> <span class='ocrx_word' id='word_1_48' title='bbox 184 379 372 427; x_wconf 84' lang='lat' dir='ltr'>perficiat.</span> <span class='ocrx_word' id='word_1_49' title='bbox 395 381 490 417; x_wconf 91' lang='lat' dir='ltr'>Cum</span> <span class='ocrx_word' id='word_1_50' title='bbox 511 379 618 417; x_wconf 81' lang='lat' dir='ltr'>enim</span> <span class='ocrx_word' id='word_1_51' title='bbox 637 380 772 417; x_wconf 90' lang='lat' dir='ltr'>omnia</span> <span class='ocrx_word' id='word_1_52' title='bbox 793 382 1024 417; x_wconf 82' lang='lat' dir='ltr'>naturaliter</span> <span class='ocrx_word' id='word_1_53' title='bbox 1057 382 1205 419; x_wconf 89' lang='lat' dir='ltr'>bonum</span> <span class='ocrx_word' id='word_1_54' title='bbox 1240 382 1481 426; x_wconf 85' lang='lat' dir='ltr'>desiderent,</span> <span class='ocrx_word' id='word_1_55' title='bbox 1504 387 1546 420; x_wconf 87' lang='lat' dir='ltr'>ut</span> <span class='ocrx_word' id='word_1_56' title='bbox 1576 391 1698 430; x_wconf 84' lang='lat' dir='ltr'>supra</span> 
     </span>
     <span class='ocr_line' id='line_1_7' title="bbox 71 427 1697 476; baseline 0.002 -12"><span class='ocrx_word' id='word_1_57' title='bbox 71 427 172 475; x_wconf 87' lang='lat' dir='ltr'>(cap.</span> <span class='ocrx_word' id='word_1_58' title='bbox 193 427 253 470; x_wconf 81' lang='lat'>24)</span> <span class='ocrx_word' id='word_1_59' title='bbox 274 427 481 473; x_wconf 87' lang='lat' dir='ltr'>probatum</span> <span class='ocrx_word' id='word_1_60' title='bbox 507 430 582 472; x_wconf 88' lang='lat' dir='ltr'>est,</span> <span class='ocrx_word' id='word_1_61' title='bbox 603 427 651 464; x_wconf 91' lang='lat' dir='ltr'>ad</span> <span class='ocrx_word' id='word_1_62' title='bbox 673 428 1049 474; x_wconf 78' lang='lat' dir='ltr'>supereminentiam</span> <span class='ocrx_word' id='word_1_63' title='bbox 1072 432 1204 466; x_wconf 85' lang='lat' dir='ltr'>autem</span> <span class='ocrx_word' id='word_1_64' title='bbox 1227 428 1371 466; x_wconf 66' lang='lat' dir='ltr'>divinae</span> <span class='ocrx_word' id='word_1_65' title='bbox 1391 429 1581 476; x_wconf 83' lang='lat' dir='ltr'>bonitatis</span> <span class='ocrx_word' id='word_1_66' title='bbox 1602 439 1697 476; x_wconf 87' lang='lat' dir='ltr'>per-</span> 
     </span>
     <span class='ocr_line' id='line_1_8' title="bbox 71 473 1698 523; baseline 0.002 -12"><span class='ocrx_word' id='word_1_67' title='bbox 71 475 195 512; x_wconf 89' lang='lat' dir='ltr'>tineat</span> <span class='ocrx_word' id='word_1_68' title='bbox 218 474 322 522; x_wconf 90' lang='lat' dir='ltr'>quod</span> <span class='ocrx_word' id='word_1_69' title='bbox 343 483 432 511; x_wconf 86' lang='lat' dir='ltr'>esse</span> <span class='ocrx_word' id='word_1_70' title='bbox 454 478 491 511; x_wconf 89' lang='lat' dir='ltr'>et</span> <span class='ocrx_word' id='word_1_71' title='bbox 509 473 610 512; x_wconf 90' lang='lat' dir='ltr'>bene</span> <span class='ocrx_word' id='word_1_72' title='bbox 631 483 719 512; x_wconf 90' lang='lat' dir='ltr'>esse</span> <span class='ocrx_word' id='word_1_73' title='bbox 743 475 880 511; x_wconf 89' lang='lat' dir='ltr'>ordine</span> <span class='ocrx_word' id='word_1_74' title='bbox 903 476 1073 522; x_wconf 86' lang='lat' dir='ltr'>quodam</span> <span class='ocrx_word' id='word_1_75' title='bbox 1110 476 1334 520; x_wconf 83' lang='lat' dir='ltr'>distribuat,</span> <span class='ocrx_word' id='word_1_76' title='bbox 1365 485 1616 523; x_wconf 88' lang='lat' dir='ltr'>consequens</span> <span class='ocrx_word' id='word_1_77' title='bbox 1637 480 1698 515; x_wconf 89' lang='lat' dir='ltr'>est</span> 
     </span>
     <span class='ocr_line' id='line_1_9' title="bbox 71 521 1695 605; baseline 0.001 -46"><span class='ocrx_word' id='word_1_78' title='bbox 71 524 121 605; x_wconf 52' lang='lat' dir='ltr'>ug</span> <span class='ocrx_word' id='word_1_79' title='bbox 135 530 338 605; x_wconf 67' lang='lat' dir='ltr'>perlsuam</span> <span class='ocrx_word' id='word_1_80' title='bbox 364 521 582 558; x_wconf 86' lang='lat' dir='ltr'>bonitatem</span> <span class='ocrx_word' id='word_1_81' title='bbox 620 522 815 560; x_wconf 87' lang='lat' dir='ltr'>desideria</span> <span class='ocrx_word' id='word_1_82' title='bbox 851 522 929 568; x_wconf 83' lang='lat' dir='ltr'>pia,</span> <span class='ocrx_word' id='word_1_83' title='bbox 953 533 1039 569; x_wconf 72' lang='grc'>(111111</span> <span class='ocrx_word' id='word_1_84' title='bbox 1078 532 1146 569; x_wconf 89' lang='lat' dir='ltr'>per</span> <span class='ocrx_word' id='word_1_85' title='bbox 1176 523 1396 560; x_wconf 86' lang='lat' dir='ltr'>orationem</span> <span class='ocrx_word' id='word_1_86' title='bbox 1436 524 1695 570; x_wconf 80' lang='lat' dir='ltr'>explicantur,</span> 
     </span>
     <span class='ocr_line' id='line_1_10' title="bbox 72 568 300 614; baseline 0.004 -9"><span class='ocrx_word' id='word_1_87' title='bbox 72 577 95 605; x_wconf 79' lang='lat' dir='ltr'>a</span> <span class='ocrx_word' id='word_1_88' title='bbox 126 568 204 614; x_wconf 88' lang='lat' dir='ltr'>imp</span> <span class='ocrx_word' id='word_1_89' title='bbox 224 572 300 606; x_wconf 90' lang='lat' dir='ltr'>eat.</span> 
     </span>
    </p>

    <p class='ocr_par' dir='ltr' id='par_1_3' title="bbox 73 615 1700 983">
     <span class='ocr_line' id='line_1_11' title="bbox 119 615 1692 663; baseline 0.001 -11"><span class='ocrx_word' id='word_1_90' title='bbox 119 615 263 656; x_wconf 83' lang='lat' dir='ltr'>Adhuc,</span> <span class='ocrx_word' id='word_1_91' title='bbox 285 615 332 653; x_wconf 89' lang='lat' dir='ltr'>ad</span> <span class='ocrx_word' id='word_1_92' title='bbox 352 619 575 653; x_wconf 85' lang='lat' dir='ltr'>moventem</span> <span class='ocrx_word' id='word_1_93' title='bbox 592 616 759 662; x_wconf 83' lang='lat' dir='ltr'>pertinet</span> <span class='ocrx_word' id='word_1_94' title='bbox 777 619 818 652; x_wconf 92' lang='lat' dir='ltr'>ut</span> <span class='ocrx_word' id='word_1_95' title='bbox 838 616 932 652; x_wconf 89' lang='lat' dir='ltr'>illud</span> <span class='ocrx_word' id='word_1_96' title='bbox 954 617 1059 663; x_wconf 94' lang='lat' dir='ltr'>quod</span> <span class='ocrx_word' id='word_1_97' title='bbox 1081 620 1261 653; x_wconf 90' lang='lat' dir='ltr'>movetur</span> <span class='ocrx_word' id='word_1_98' title='bbox 1288 617 1475 662; x_wconf 83' lang='lat' dir='ltr'>perducat</span> <span class='ocrx_word' id='word_1_99' title='bbox 1496 617 1543 654; x_wconf 90' lang='lat' dir='ltr'>ad</span> <span class='ocrx_word' id='word_1_100' title='bbox 1561 617 1692 654; x_wconf 78' lang='lat' dir='ltr'>finem.</span> 
     </span>
     <span class='ocr_line' id='line_1_12' title="bbox 74 662 1700 712; baseline 0.002 -13"><span class='ocrx_word' id='word_1_101' title='bbox 74 662 181 699; x_wconf 86' lang='lat' dir='ltr'>Unde</span> <span class='ocrx_word' id='word_1_102' title='bbox 203 666 241 700; x_wconf 90' lang='lat' dir='ltr'>et</span> <span class='ocrx_word' id='word_1_103' title='bbox 270 672 338 710; x_wconf 89' lang='lat' dir='ltr'>per</span> <span class='ocrx_word' id='word_1_104' title='bbox 366 663 544 700; x_wconf 88' lang='lat' dir='ltr'>eamdem</span> <span class='ocrx_word' id='word_1_105' title='bbox 567 667 746 700; x_wconf 87' lang='lat' dir='ltr'>naturam</span> <span class='ocrx_word' id='word_1_106' title='bbox 769 663 917 710; x_wconf 85' lang='lat' dir='ltr'>aliquid</span> <span class='ocrx_word' id='word_1_107' title='bbox 940 667 1120 700; x_wconf 87' lang='lat' dir='ltr'>movetur</span> <span class='ocrx_word' id='word_1_108' title='bbox 1152 663 1201 700; x_wconf 83' lang='lat' dir='ltr'>ad</span> <span class='ocrx_word' id='word_1_109' title='bbox 1234 663 1367 708; x_wconf 79' lang='lat' dir='ltr'>finem,</span> <span class='ocrx_word' id='word_1_110' title='bbox 1390 665 1700 712; x_wconf 89' lang='lat' dir='ltr'>etconsequitur</span> 
     </span>
     <span class='ocr_line' id='line_1_13' title="bbox 73 709 1698 757; baseline 0.001 -11"><span class='ocrx_word' id='word_1_111' title='bbox 73 709 205 750; x_wconf 83' lang='lat' dir='ltr'>finem,</span> <span class='ocrx_word' id='word_1_112' title='bbox 229 711 322 747; x_wconf 90' lang='lat' dir='ltr'>etin</span> <span class='ocrx_word' id='word_1_113' title='bbox 346 719 392 747; x_wconf 92' lang='lat' dir='ltr'>eo</span> <span class='ocrx_word' id='word_1_114' title='bbox 414 710 596 757; x_wconf 85' lang='lat' dir='ltr'>quiescit.</span> <span class='ocrx_word' id='word_1_115' title='bbox 621 711 744 747; x_wconf 89' lang='lat' dir='ltr'>Omne</span> <span class='ocrx_word' id='word_1_116' title='bbox 765 714 894 746; x_wconf 90' lang='lat' dir='ltr'>autem</span> <span class='ocrx_word' id='word_1_117' title='bbox 911 710 1152 747; x_wconf 89' lang='lat' dir='ltr'>desiderium</span> <span class='ocrx_word' id='word_1_118' title='bbox 1174 711 1408 757; x_wconf 88' lang='lat' dir='ltr'>estquidam</span> <span class='ocrx_word' id='word_1_119' title='bbox 1428 715 1559 752; x_wconf 85' lang='lat' dir='ltr'>motus</span> <span class='ocrx_word' id='word_1_120' title='bbox 1575 711 1620 748; x_wconf 90' lang='lat' dir='ltr'>ad</span> <span class='ocrx_word' id='word_1_121' title='bbox 1633 711 1698 749; x_wconf 88' lang='lat' dir='ltr'>bo-</span> 
     </span>
     <span class='ocr_line' id='line_1_14' title="bbox 74 757 1694 804; baseline 0.001 -10"><span class='ocrx_word' id='word_1_122' title='bbox 74 757 430 804; x_wconf 88' lang='lat' dir='ltr'>num,quiquidem</span> <span class='ocrx_word' id='word_1_123' title='bbox 455 767 533 794; x_wconf 86' lang='lat' dir='ltr'>non</span> <span class='ocrx_word' id='word_1_124' title='bbox 557 761 685 803; x_wconf 89' lang='lat' dir='ltr'>potest</span> <span class='ocrx_word' id='word_1_125' title='bbox 705 757 822 794; x_wconf 88' lang='lat' dir='ltr'>rebus</span> <span class='ocrx_word' id='word_1_126' title='bbox 843 757 975 794; x_wconf 87' lang='lat' dir='ltr'>inesse</span> <span class='ocrx_word' id='word_1_127' title='bbox 997 757 1074 795; x_wconf 90' lang='lat' dir='ltr'>nisi</span> <span class='ocrx_word' id='word_1_128' title='bbox 1092 767 1114 794; x_wconf 92' lang='lat' dir='ltr'>a</span> <span class='ocrx_word' id='word_1_129' title='bbox 1130 758 1293 804; x_wconf 91' lang='lat' dir='ltr'>Deo,qui</span> <span class='ocrx_word' id='word_1_130' title='bbox 1317 761 1378 795; x_wconf 85' lang='lat' dir='ltr'>est</span> <span class='ocrx_word' id='word_1_131' title='bbox 1400 768 1467 803; x_wconf 84' lang='lat' dir='ltr'>per</span> <span class='ocrx_word' id='word_1_132' title='bbox 1480 759 1694 795; x_wconf 79' lang='lat' dir='ltr'>essentiam</span> 
     </span>
     <span class='ocr_line' id='line_1_15' title="bbox 74 804 1697 852; baseline 0.001 -12"><span class='ocrx_word' id='word_1_133' title='bbox 74 812 187 840; x_wconf 90' lang='lat' dir='ltr'>suam</span> <span class='ocrx_word' id='word_1_134' title='bbox 223 804 354 842; x_wconf 87' lang='lat' dir='ltr'>bonus</span> <span class='ocrx_word' id='word_1_135' title='bbox 376 809 412 841; x_wconf 91' lang='lat' dir='ltr'>et</span> <span class='ocrx_word' id='word_1_136' title='bbox 443 805 533 841; x_wconf 82' lang='lat' dir='ltr'>sons</span> <span class='ocrx_word' id='word_1_137' title='bbox 565 805 785 841; x_wconf 88' lang='lat' dir='ltr'>bonitatis:</span> <span class='ocrx_word' id='word_1_138' title='bbox 809 813 973 841; x_wconf 86' lang='lat' dir='ltr'>movens</span> <span class='ocrx_word' id='word_1_139' title='bbox 1011 805 1114 841; x_wconf 89' lang='lat' dir='ltr'>enim</span> <span class='ocrx_word' id='word_1_140' title='bbox 1154 814 1271 841; x_wconf 90' lang='lat' dir='ltr'>omne</span> <span class='ocrx_word' id='word_1_141' title='bbox 1306 810 1436 842; x_wconf 87' lang='lat' dir='ltr'>movet</span> <span class='ocrx_word' id='word_1_142' title='bbox 1466 806 1512 842; x_wconf 83' lang='lat' dir='ltr'>ad</span> <span class='ocrx_word' id='word_1_143' title='bbox 1547 805 1697 852; x_wconf 86' lang='lat' dir='ltr'>aliquid</span> 
     </span>
     <span class='ocr_line' id='line_1_16' title="bbox 75 851 1696 900; baseline 0.002 -14"><span class='ocrx_word' id='word_1_144' title='bbox 75 851 205 888; x_wconf 81' lang='lat' dir='ltr'>simile</span> <span class='ocrx_word' id='word_1_145' title='bbox 226 852 317 888; x_wconf 89' lang='lat' dir='ltr'>sibi.</span> <span class='ocrx_word' id='word_1_146' title='bbox 343 851 398 888; x_wconf 86' lang='lat' dir='ltr'>Ad</span> <span class='ocrx_word' id='word_1_147' title='bbox 432 853 554 888; x_wconf 90' lang='lat' dir='ltr'>Deum</span> <span class='ocrx_word' id='word_1_148' title='bbox 588 851 708 898; x_wconf 82' lang='lat' dir='ltr'>igitur</span> <span class='ocrx_word' id='word_1_149' title='bbox 738 852 908 896; x_wconf 79' lang='lat' dir='ltr'>pertinet</span> <span class='ocrx_word' id='word_1_150' title='bbox 939 851 1159 888; x_wconf 87' lang='lat' dir='ltr'>secundum</span> <span class='ocrx_word' id='word_1_151' title='bbox 1187 861 1300 888; x_wconf 81' lang='lat' dir='ltr'>suam</span> <span class='ocrx_word' id='word_1_152' title='bbox 1334 852 1549 889; x_wconf 83' lang='lat' dir='ltr'>bonitatem</span> <span class='ocrx_word' id='word_1_153' title='bbox 1591 852 1696 900; x_wconf 90' lang='lat' dir='ltr'>quod</span> 
     </span>
     <span class='ocr_line' id='line_1_17' title="bbox 75 898 1696 982; baseline 0.001 -48"><span class='ocrx_word' id='word_1_154' title='bbox 75 898 272 950; x_wconf 78' lang='lat' dir='ltr'>desideria</span> <span class='ocrx_word' id='word_1_155' title='bbox 290 899 578 982; x_wconf 58' lang='lat' dir='ltr'>cogvenientia,</span> <span class='ocrx_word' id='word_1_156' title='bbox 598 907 684 945; x_wconf 73' lang='lat' dir='ltr'>quze</span> <span class='ocrx_word' id='word_1_157' title='bbox 715 908 783 944; x_wconf 86' lang='lat' dir='ltr'>per</span> <span class='ocrx_word' id='word_1_158' title='bbox 804 898 1022 935; x_wconf 85' lang='lat' dir='ltr'>orationem</span> <span class='ocrx_word' id='word_1_159' title='bbox 1047 899 1306 945; x_wconf 80' lang='lat' dir='ltr'>explicantur,</span> <span class='ocrx_word' id='word_1_160' title='bbox 1327 899 1374 936; x_wconf 88' lang='lat' dir='ltr'>ad</span> <span class='ocrx_word' id='word_1_161' title='bbox 1397 898 1579 936; x_wconf 80' lang='lat' dir='ltr'>effectum</span> <span class='ocrx_word' id='word_1_162' title='bbox 1602 908 1696 936; x_wconf 87' lang='lat' dir='ltr'>con-</span> 
     </span>
     <span class='ocr_line' id='line_1_18' title="bbox 75 949 469 983; baseline 0.005 -3"><span class='ocrx_word' id='word_1_163' title='bbox 75 949 247 982; x_wconf 78' lang='lat' dir='ltr'>tuentem</span> <span class='ocrx_word' id='word_1_164' title='bbox 296 956 336 982; x_wconf 84' lang='lat' dir='ltr'>er</span> <span class='ocrx_word' id='word_1_165' title='bbox 367 949 469 983; x_wconf 88' lang='lat' dir='ltr'>ucat.</span> 
     </span>
    </p>

    <p class='ocr_par' dir='ltr' id='par_1_4' title="bbox 73 955 1699 1462">
     <span class='ocr_line' id='line_1_19' title="bbox 121 955 1699 1039; baseline 0.003 -12"><span class='ocrx_word' id='word_1_166' title='bbox 121 993 221 1036; x_wconf 83' lang='lat' dir='ltr'>Item,</span> <span class='ocrx_word' id='word_1_167' title='bbox 241 955 389 1039; x_wconf 58' lang='lat' dir='ltr'>qfianto</span> <span class='ocrx_word' id='word_1_168' title='bbox 411 993 544 1039; x_wconf 88' lang='lat' dir='ltr'>aliqua</span> <span class='ocrx_word' id='word_1_169' title='bbox 564 995 657 1029; x_wconf 91' lang='lat' dir='ltr'>sunt</span> <span class='ocrx_word' id='word_1_170' title='bbox 676 992 962 1039; x_wconf 80' lang='lat' dir='ltr'>propinquiora</span> <span class='ocrx_word' id='word_1_171' title='bbox 980 993 1168 1038; x_wconf 87' lang='lat' dir='ltr'>moventi,</span> <span class='ocrx_word' id='word_1_172' title='bbox 1189 995 1299 1029; x_wconf 89' lang='lat' dir='ltr'>tanto</span> <span class='ocrx_word' id='word_1_173' title='bbox 1315 992 1518 1030; x_wconf 83' lang='lat' dir='ltr'>efficacius</span> <span class='ocrx_word' id='word_1_174' title='bbox 1535 994 1699 1039; x_wconf 87' lang='lat' dir='ltr'>impres·</span> 
     </span>
     <span class='ocr_line' id='line_1_20' title="bbox 74 1039 1697 1088; baseline 0.002 -13"><span class='ocrx_word' id='word_1_175' title='bbox 74 1039 229 1076; x_wconf 89' lang='lat' dir='ltr'>sionem</span> <span class='ocrx_word' id='word_1_176' title='bbox 251 1040 448 1076; x_wconf 85' lang='lat' dir='ltr'>moventis</span> <span class='ocrx_word' id='word_1_177' title='bbox 466 1043 747 1086; x_wconf 88' lang='lat' dir='ltr'>assequuntur.</span> <span class='ocrx_word' id='word_1_178' title='bbox 770 1041 865 1075; x_wconf 91' lang='lat' dir='ltr'>Nam</span> <span class='ocrx_word' id='word_1_179' title='bbox 889 1045 925 1076; x_wconf 88' lang='lat' dir='ltr'>et</span> <span class='ocrx_word' id='word_1_180' title='bbox 941 1049 1027 1086; x_wconf 84' lang='lat' dir='ltr'>quae</span> <span class='ocrx_word' id='word_1_181' title='bbox 1042 1039 1328 1086; x_wconf 84' lang='lat' dir='ltr'>propinquiora</span> <span class='ocrx_word' id='word_1_182' title='bbox 1346 1044 1439 1076; x_wconf 88' lang='lat' dir='ltr'>sunt</span> <span class='ocrx_word' id='word_1_183' title='bbox 1454 1040 1551 1087; x_wconf 81' lang='lat' dir='ltr'>igni,</span> <span class='ocrx_word' id='word_1_184' title='bbox 1567 1041 1697 1088; x_wconf 85' lang='lat' dir='ltr'>magis</span> 
     </span>
     <span class='ocr_line' id='line_1_21' title="bbox 75 1085 1698 1132; baseline 0.001 -10"><span class='ocrx_word' id='word_1_185' title='bbox 75 1086 123 1122; x_wconf 82' lang='lat' dir='ltr'>ab</span> <span class='ocrx_word' id='word_1_186' title='bbox 142 1086 229 1132; x_wconf 87' lang='lat' dir='ltr'>ipso</span> <span class='ocrx_word' id='word_1_187' title='bbox 264 1085 462 1123; x_wconf 84' lang='lat' dir='ltr'>calefiunt.</span> <span class='ocrx_word' id='word_1_188' title='bbox 495 1085 732 1122; x_wconf 80' lang='lat' dir='ltr'>substantiae</span> <span class='ocrx_word' id='word_1_189' title='bbox 763 1089 893 1122; x_wconf 89' lang='lat' dir='ltr'>autem</span> <span class='ocrx_word' id='word_1_190' title='bbox 931 1086 1220 1123; x_wconf 86' lang='lat' dir='ltr'>intellectuales</span> <span class='ocrx_word' id='word_1_191' title='bbox 1255 1087 1395 1132; x_wconf 87' lang='lat' dir='ltr'>propin</span> <span class='ocrx_word' id='word_1_192' title='bbox 1429 1087 1563 1124; x_wconf 88' lang='lat' dir='ltr'>uiores</span> <span class='ocrx_word' id='word_1_193' title='bbox 1603 1090 1698 1125; x_wconf 88' lang='lat' dir='ltr'>sunt</span> 
     </span>
     <span class='ocr_line' id='line_1_22' title="bbox 74 1132 1696 1180; baseline 0.002 -12"><span class='ocrx_word' id='word_1_194' title='bbox 74 1133 154 1169; x_wconf 67' lang='lat' dir='ltr'>Deo</span> <span class='ocrx_word' id='word_1_195' title='bbox 175 1141 292 1180; x_wconf 84' lang='lat' dir='ltr'>quam</span> <span class='ocrx_word' id='word_1_196' title='bbox 316 1132 548 1170; x_wconf 73' lang='lat' dir='ltr'>substantiae</span> <span class='ocrx_word' id='word_1_197' title='bbox 564 1133 766 1169; x_wconf 81' lang='lat' dir='ltr'>naturales</span> <span class='ocrx_word' id='word_1_198' title='bbox 786 1132 1027 1170; x_wconf 82' lang='lat' dir='ltr'>inanimatae.</span> <span class='ocrx_word' id='word_1_199' title='bbox 1047 1133 1252 1170; x_wconf 86' lang='lat' dir='ltr'>Efficacior</span> <span class='ocrx_word' id='word_1_200' title='bbox 1270 1133 1467 1180; x_wconf 52' lang='grc' dir='ltr'>0511151111ἱ</span> <span class='ocrx_word' id='word_1_201' title='bbox 1484 1134 1696 1179; x_wconf 88' lang='lat' dir='ltr'>impressio</span> 
     </span>
     <span class='ocr_line' id='line_1_23' title="bbox 75 1179 1697 1226; baseline 0.001 -11"><span class='ocrx_word' id='word_1_202' title='bbox 75 1179 217 1217; x_wconf 82' lang='lat' dir='ltr'>divinae</span> <span class='ocrx_word' id='word_1_203' title='bbox 237 1180 428 1217; x_wconf 91' lang='lat' dir='ltr'>motionis</span> <span class='ocrx_word' id='word_1_204' title='bbox 448 1179 488 1216; x_wconf 91' lang='lat' dir='ltr'>in</span> <span class='ocrx_word' id='word_1_205' title='bbox 508 1179 743 1216; x_wconf 87' lang='lat' dir='ltr'>substantiis</span> <span class='ocrx_word' id='word_1_206' title='bbox 766 1179 1103 1217; x_wconf 83' lang='lat' dir='ltr'>intellectualibus</span> <span class='ocrx_word' id='word_1_207' title='bbox 1125 1189 1242 1226; x_wconf 86' lang='lat' dir='ltr'>quam</span> <span class='ocrx_word' id='word_1_208' title='bbox 1264 1180 1304 1216; x_wconf 92' lang='lat' dir='ltr'>in</span> <span class='ocrx_word' id='word_1_209' title='bbox 1336 1180 1573 1217; x_wconf 83' lang='lat' dir='ltr'>substantiis</span> <span class='ocrx_word' id='word_1_210' title='bbox 1606 1181 1697 1218; x_wconf 91' lang='lat' dir='ltr'>aliis</span> 
     </span>
     <span class='ocr_line' id='line_1_24' title="bbox 74 1227 1696 1273; baseline 0.001 -10"><span class='ocrx_word' id='word_1_211' title='bbox 74 1227 336 1264; x_wconf 86' lang='lat' dir='ltr'>naturalibus.</span> <span class='ocrx_word' id='word_1_212' title='bbox 359 1228 532 1273; x_wconf 84' lang='lat' dir='ltr'>Corpora</span> <span class='ocrx_word' id='word_1_213' title='bbox 558 1229 686 1263; x_wconf 90' lang='lat' dir='ltr'>autem</span> <span class='ocrx_word' id='word_1_214' title='bbox 721 1227 918 1264; x_wconf 88' lang='lat' dir='ltr'>naturalia</span> <span class='ocrx_word' id='word_1_215' title='bbox 936 1227 977 1263; x_wconf 92' lang='lat' dir='ltr'>in</span> <span class='ocrx_word' id='word_1_216' title='bbox 998 1231 1150 1264; x_wconf 87' lang='lat' dir='ltr'>tantum</span> <span class='ocrx_word' id='word_1_217' title='bbox 1171 1227 1407 1273; x_wconf 87' lang='lat' dir='ltr'>participant</span> <span class='ocrx_word' id='word_1_218' title='bbox 1440 1227 1487 1264; x_wconf 88' lang='lat' dir='ltr'>de</span> <span class='ocrx_word' id='word_1_219' title='bbox 1520 1228 1696 1265; x_wconf 87' lang='lat' dir='ltr'>motione</span> 
     </span>
     <span class='ocr_line' id='line_1_25' title="bbox 74 1273 1698 1321; baseline 0.001 -10"><span class='ocrx_word' id='word_1_220' title='bbox 74 1274 221 1318; x_wconf 84' lang='lat' dir='ltr'>divina,</span> <span class='ocrx_word' id='word_1_221' title='bbox 243 1274 348 1321; x_wconf 90' lang='lat' dir='ltr'>quod</span> <span class='ocrx_word' id='word_1_222' title='bbox 370 1274 587 1311; x_wconf 86' lang='lat' dir='ltr'>naturalem</span> <span class='ocrx_word' id='word_1_223' title='bbox 603 1273 697 1311; x_wconf 84' lang='lat' dir='ltr'>honi</span> <span class='ocrx_word' id='word_1_224' title='bbox 718 1274 933 1320; x_wconf 87' lang='lat' dir='ltr'>appetitum</span> <span class='ocrx_word' id='word_1_225' title='bbox 949 1277 1250 1321; x_wconf 89' lang='lat' dir='ltr'>consequuntur</span> <span class='ocrx_word' id='word_1_226' title='bbox 1263 1283 1309 1310; x_wconf 84' lang='lat' dir='ltr'>ex</span> <span class='ocrx_word' id='word_1_227' title='bbox 1324 1284 1383 1319; x_wconf 87' lang='lat' dir='ltr'>ea,</span> <span class='ocrx_word' id='word_1_228' title='bbox 1398 1278 1435 1311; x_wconf 90' lang='lat' dir='ltr'>et</span> <span class='ocrx_word' id='word_1_229' title='bbox 1451 1275 1568 1311; x_wconf 83' lang='lat' dir='ltr'>etiam</span> <span class='ocrx_word' id='word_1_230' title='bbox 1585 1284 1698 1321; x_wconf 86' lang='lat' dir='ltr'>appe·</span> 
     </span>
     <span class='ocr_line' id='line_1_26' title="bbox 73 1320 1695 1368; baseline 0.001 -11"><span class='ocrx_word' id='word_1_231' title='bbox 73 1321 170 1358; x_wconf 88' lang='lat' dir='ltr'>titus</span> <span class='ocrx_word' id='word_1_232' title='bbox 191 1321 477 1368; x_wconf 86' lang='lat' dir='ltr'>impletionem,</span> <span class='ocrx_word' id='word_1_233' title='bbox 498 1321 603 1368; x_wconf 89' lang='lat' dir='ltr'>quod</span> <span class='ocrx_word' id='word_1_234' title='bbox 624 1321 783 1368; x_wconf 89' lang='lat' dir='ltr'>quidem</span> <span class='ocrx_word' id='word_1_235' title='bbox 815 1320 870 1365; x_wconf 87' lang='lat' dir='ltr'>fit,</span> <span class='ocrx_word' id='word_1_236' title='bbox 900 1322 993 1358; x_wconf 92' lang='lat' dir='ltr'>dum</span> <span class='ocrx_word' id='word_1_237' title='bbox 1027 1331 1097 1368; x_wconf 91' lang='lat' dir='ltr'>pro</span> <span class='ocrx_word' id='word_1_238' title='bbox 1129 1321 1210 1358; x_wconf 90' lang='lat' dir='ltr'>rios</span> <span class='ocrx_word' id='word_1_239' title='bbox 1243 1320 1342 1359; x_wconf 88' lang='lat' dir='ltr'>fines</span> <span class='ocrx_word' id='word_1_240' title='bbox 1380 1326 1695 1368; x_wconf 89' lang='lat' dir='ltr'>consequuntur.</span> 
     </span>
     <span class='ocr_line' id='line_1_27' title="bbox 73 1368 1695 1415; baseline 0.001 -11"><span class='ocrx_word' id='word_1_241' title='bbox 73 1368 195 1406; x_wconf 83' lang='lat' dir='ltr'>Multo</span> <span class='ocrx_word' id='word_1_242' title='bbox 216 1369 338 1415; x_wconf 81' lang='lat' dir='ltr'>igitur</span> <span class='ocrx_word' id='word_1_243' title='bbox 355 1369 483 1414; x_wconf 82' lang='lat' dir='ltr'>magis</span> <span class='ocrx_word' id='word_1_244' title='bbox 515 1368 802 1405; x_wconf 88' lang='lat' dir='ltr'>intellectuales</span> <span class='ocrx_word' id='word_1_245' title='bbox 823 1368 1056 1406; x_wconf 60' lang='lat' dir='ltr'>substantia}</span> <span class='ocrx_word' id='word_1_246' title='bbox 1117 1368 1378 1405; x_wconf 89' lang='lat' dir='ltr'>esideriorum</span> <span class='ocrx_word' id='word_1_247' title='bbox 1406 1377 1586 1414; x_wconf 88' lang='lat' dir='ltr'>suorum,</span> <span class='ocrx_word' id='word_1_248' title='bbox 1608 1378 1695 1415; x_wconf 87' lang='lat' dir='ltr'>quae</span> 
     </span>
     <span class='ocr_line' id='line_1_28' title="bbox 73 1414 1374 1462; baseline -0.001 -10"><span class='ocrx_word' id='word_1_249' title='bbox 73 1423 143 1460; x_wconf 89' lang='lat' dir='ltr'>per</span> <span class='ocrx_word' id='word_1_250' title='bbox 166 1416 386 1452; x_wconf 86' lang='lat' dir='ltr'>orationem</span> <span class='ocrx_word' id='word_1_251' title='bbox 409 1417 488 1452; x_wconf 91' lang='lat' dir='ltr'>Deo</span> <span class='ocrx_word' id='word_1_252' title='bbox 509 1414 744 1459; x_wconf 82' lang='lat' dir='ltr'>offeruntur,</span> <span class='ocrx_word' id='word_1_253' title='bbox 765 1415 1037 1462; x_wconf 88' lang='lat' dir='ltr'>impletionem</span> <span class='ocrx_word' id='word_1_254' title='bbox 1060 1419 1374 1462; x_wconf 88' lang='lat' dir='ltr'>consequuntur.</span> 
     </span>
    </p>

    <p class='ocr_par' dir='ltr' id='par_1_5' title="bbox 71 1462 1698 1932">
     <span class='ocr_line' id='line_1_29' title="bbox 122 1462 1695 1509; baseline 0.001 -12"><span class='ocrx_word' id='word_1_255' title='bbox 122 1463 303 1507; x_wconf 69' lang='lat' dir='ltr'>Amplius,</span> <span class='ocrx_word' id='word_1_256' title='bbox 327 1462 373 1498; x_wconf 90' lang='lat' dir='ltr'>de</span> <span class='ocrx_word' id='word_1_257' title='bbox 394 1462 546 1499; x_wconf 91' lang='lat' dir='ltr'>ratione</span> <span class='ocrx_word' id='word_1_258' title='bbox 567 1462 750 1499; x_wconf 83' lang='lat' dir='ltr'>amicitiae</span> <span class='ocrx_word' id='word_1_259' title='bbox 768 1466 828 1499; x_wconf 88' lang='lat' dir='ltr'>est</span> <span class='ocrx_word' id='word_1_260' title='bbox 849 1462 954 1509; x_wconf 91' lang='lat' dir='ltr'>quod</span> <span class='ocrx_word' id='word_1_261' title='bbox 974 1471 1114 1500; x_wconf 85' lang='lat' dir='ltr'>amans</span> <span class='ocrx_word' id='word_1_262' title='bbox 1142 1463 1237 1498; x_wconf 87' lang='lat' dir='ltr'>velit</span> <span class='ocrx_word' id='word_1_263' title='bbox 1265 1462 1419 1508; x_wconf 91' lang='lat' dir='ltr'>impleri</span> <span class='ocrx_word' id='word_1_264' title='bbox 1454 1462 1695 1499; x_wconf 87' lang='lat' dir='ltr'>desiderium</span> 
     </span>
     <span class='ocr_line' id='line_1_30' title="bbox 75 1508 1695 1555; baseline 0 -9"><span class='ocrx_word' id='word_1_265' title='bbox 75 1509 209 1555; x_wconf 82' lang='lat' dir='ltr'>amati,</span> <span class='ocrx_word' id='word_1_266' title='bbox 231 1509 271 1545; x_wconf 89' lang='lat' dir='ltr'>in</span> <span class='ocrx_word' id='word_1_267' title='bbox 292 1512 482 1555; x_wconf 90' lang='lat' dir='ltr'>quantum</span> <span class='ocrx_word' id='word_1_268' title='bbox 503 1508 584 1545; x_wconf 88' lang='lat' dir='ltr'>vult</span> <span class='ocrx_word' id='word_1_269' title='bbox 606 1508 692 1555; x_wconf 89' lang='lat' dir='ltr'>ejus</span> <span class='ocrx_word' id='word_1_270' title='bbox 715 1509 864 1546; x_wconf 87' lang='lat' dir='ltr'>bonum</span> <span class='ocrx_word' id='word_1_271' title='bbox 885 1513 922 1546; x_wconf 89' lang='lat' dir='ltr'>et</span> <span class='ocrx_word' id='word_1_272' title='bbox 942 1509 1248 1555; x_wconf 82' lang='lat' dir='ltr'>perfectionem3</span> <span class='ocrx_word' id='word_1_273' title='bbox 1270 1512 1428 1554; x_wconf 90' lang='lat' dir='ltr'>propter</span> <span class='ocrx_word' id='word_1_274' title='bbox 1457 1510 1562 1555; x_wconf 88' lang='lat' dir='ltr'>quod</span> <span class='ocrx_word' id='word_1_275' title='bbox 1599 1510 1695 1546; x_wconf 89' lang='lat' dir='ltr'>dici-</span> 
     </span>
     <span class='ocr_line' id='line_1_31' title="bbox 74 1556 1693 1603; baseline 0.001 -11"><span class='ocrx_word' id='word_1_276' title='bbox 74 1560 138 1593; x_wconf 91' lang='lat' dir='ltr'>tur</span> <span class='ocrx_word' id='word_1_277' title='bbox 159 1556 263 1603; x_wconf 90' lang='lat' dir='ltr'>quod</span> <span class='ocrx_word' id='word_1_278' title='bbox 294 1556 511 1592; x_wconf 89' lang='lat' dir='ltr'>amicorum</span> <span class='ocrx_word' id='word_1_279' title='bbox 533 1559 593 1594; x_wconf 89' lang='lat' dir='ltr'>est</span> <span class='ocrx_word' id='word_1_280' title='bbox 625 1556 728 1593; x_wconf 91' lang='lat' dir='ltr'>idem</span> <span class='ocrx_word' id='word_1_281' title='bbox 760 1556 873 1592; x_wconf 88' lang='lat' dir='ltr'>velle.</span> <span class='ocrx_word' id='word_1_282' title='bbox 906 1557 1118 1594; x_wconf 82' lang='lat' dir='ltr'>ostensum</span> <span class='ocrx_word' id='word_1_283' title='bbox 1150 1559 1211 1593; x_wconf 88' lang='lat' dir='ltr'>est</span> <span class='ocrx_word' id='word_1_284' title='bbox 1243 1559 1371 1592; x_wconf 88' lang='lat' dir='ltr'>autem</span> <span class='ocrx_word' id='word_1_285' title='bbox 1408 1565 1527 1601; x_wconf 88' lang='lat' dir='ltr'>supra</span> <span class='ocrx_word' id='word_1_286' title='bbox 1548 1556 1629 1603; x_wconf 90' lang='lat' dir='ltr'>(lib.</span> <span class='ocrx_word' id='word_1_287' title='bbox 1651 1564 1693 1601; x_wconf 92' lang='lat'>11,</span> 
     </span>
     <span class='ocr_line' id='line_1_32' title="bbox 74 1602 1692 1650; baseline 0 -10"><span class='ocrx_word' id='word_1_288' title='bbox 74 1612 159 1649; x_wconf 84' lang='lat' dir='ltr'>cap.</span> <span class='ocrx_word' id='word_1_289' title='bbox 181 1602 238 1650; x_wconf 87' lang='grc'>91)</span> <span class='ocrx_word' id='word_1_290' title='bbox 261 1603 364 1650; x_wconf 89' lang='lat' dir='ltr'>quod</span> <span class='ocrx_word' id='word_1_291' title='bbox 385 1604 489 1640; x_wconf 89' lang='lat' dir='ltr'>Deus</span> <span class='ocrx_word' id='word_1_292' title='bbox 512 1611 625 1640; x_wconf 88' lang='lat' dir='ltr'>suam</span> <span class='ocrx_word' id='word_1_293' title='bbox 644 1606 863 1640; x_wconf 89' lang='lat' dir='ltr'>creaturam</span> <span class='ocrx_word' id='word_1_294' title='bbox 885 1607 1002 1648; x_wconf 88' lang='lat' dir='ltr'>amat,</span> <span class='ocrx_word' id='word_1_295' title='bbox 1019 1607 1057 1640; x_wconf 91' lang='lat' dir='ltr'>et</span> <span class='ocrx_word' id='word_1_296' title='bbox 1070 1605 1179 1640; x_wconf 87' lang='lat' dir='ltr'>tanto</span> <span class='ocrx_word' id='word_1_297' title='bbox 1197 1603 1326 1649; x_wconf 83' lang='lat' dir='ltr'>magis</span> <span class='ocrx_word' id='word_1_298' title='bbox 1356 1612 1692 1650; x_wconf 87' lang='lat' dir='ltr'>unamquamque,</span> 
     </span>
     <span class='ocr_line' id='line_1_33' title="bbox 75 1649 1694 1697; baseline 0 -10"><span class='ocrx_word' id='word_1_299' title='bbox 75 1653 222 1696; x_wconf 85' lang='lat' dir='ltr'>quanto</span> <span class='ocrx_word' id='word_1_300' title='bbox 241 1650 330 1696; x_wconf 88' lang='lat' dir='ltr'>plus</span> <span class='ocrx_word' id='word_1_301' title='bbox 351 1650 398 1687; x_wconf 89' lang='lat' dir='ltr'>de</span> <span class='ocrx_word' id='word_1_302' title='bbox 418 1649 593 1686; x_wconf 90' lang='lat' dir='ltr'>bonitate</span> <span class='ocrx_word' id='word_1_303' title='bbox 614 1650 833 1696; x_wconf 87' lang='lat' dir='ltr'>participat,</span> <span class='ocrx_word' id='word_1_304' title='bbox 854 1660 943 1697; x_wconf 86' lang='lat' dir='ltr'>quae</span> <span class='ocrx_word' id='word_1_305' title='bbox 965 1653 1024 1687; x_wconf 87' lang='lat' dir='ltr'>est</span> <span class='ocrx_word' id='word_1_306' title='bbox 1044 1650 1214 1696; x_wconf 91' lang='lat' dir='ltr'>primum</span> <span class='ocrx_word' id='word_1_307' title='bbox 1233 1654 1270 1686; x_wconf 85' lang='lat' dir='ltr'>et</span> <span class='ocrx_word' id='word_1_308' title='bbox 1286 1649 1502 1696; x_wconf 88' lang='lat' dir='ltr'>principale</span> <span class='ocrx_word' id='word_1_309' title='bbox 1519 1655 1694 1687; x_wconf 87' lang='lat' dir='ltr'>amatum</span> 
     </span>
     <span class='ocr_line' id='line_1_34' title="bbox 75 1696 1698 1743; baseline 0 -9"><span class='ocrx_word' id='word_1_310' title='bbox 75 1696 123 1734; x_wconf 83' lang='lat' dir='ltr'>ab</span> <span class='ocrx_word' id='word_1_311' title='bbox 141 1697 243 1743; x_wconf 87' lang='lat' dir='ltr'>ipso.</span> <span class='ocrx_word' id='word_1_312' title='bbox 266 1697 355 1734; x_wconf 87' lang='lat' dir='ltr'>Vult</span> <span class='ocrx_word' id='word_1_313' title='bbox 374 1696 496 1742; x_wconf 82' lang='lat' dir='ltr'>igitur</span> <span class='ocrx_word' id='word_1_314' title='bbox 516 1697 670 1743; x_wconf 89' lang='lat' dir='ltr'>impleri</span> <span class='ocrx_word' id='word_1_315' title='bbox 691 1696 888 1734; x_wconf 88' lang='lat' dir='ltr'>desideria</span> <span class='ocrx_word' id='word_1_316' title='bbox 907 1697 1114 1734; x_wconf 88' lang='lat' dir='ltr'>rationalis</span> <span class='ocrx_word' id='word_1_317' title='bbox 1146 1700 1349 1741; x_wconf 81' lang='lat' dir='ltr'>creaturae,</span> <span class='ocrx_word' id='word_1_318' title='bbox 1377 1706 1464 1743; x_wconf 83' lang='lat' dir='ltr'>quae</span> <span class='ocrx_word' id='word_1_319' title='bbox 1496 1698 1698 1743; x_wconf 84' lang='lat' dir='ltr'>perfectis-</span> 
     </span>
     <span class='ocr_line' id='line_1_35' title="bbox 75 1743 1695 1790; baseline 0.001 -10"><span class='ocrx_word' id='word_1_320' title='bbox 75 1744 174 1780; x_wconf 89' lang='lat' dir='ltr'>sime</span> <span class='ocrx_word' id='word_1_321' title='bbox 197 1743 369 1780; x_wconf 82' lang='lat' dir='ltr'>divinam</span> <span class='ocrx_word' id='word_1_322' title='bbox 391 1744 606 1780; x_wconf 88' lang='lat' dir='ltr'>bonitatem</span> <span class='ocrx_word' id='word_1_323' title='bbox 640 1743 847 1790; x_wconf 85' lang='lat' dir='ltr'>participat</span> <span class='ocrx_word' id='word_1_324' title='bbox 879 1744 981 1781; x_wconf 87' lang='lat' dir='ltr'>inter</span> <span class='ocrx_word' id='word_1_325' title='bbox 1011 1747 1173 1781; x_wconf 83' lang='lat' dir='ltr'>caeteras</span> <span class='ocrx_word' id='word_1_326' title='bbox 1205 1747 1420 1780; x_wconf 88' lang='lat' dir='ltr'>creaturas.</span> <span class='ocrx_word' id='word_1_327' title='bbox 1454 1745 1531 1781; x_wconf 87' lang='lat' dir='ltr'>Sua</span> <span class='ocrx_word' id='word_1_328' title='bbox 1564 1748 1695 1781; x_wconf 85' lang='lat' dir='ltr'>autem</span> 
     </span>
     <span class='ocr_line' id='line_1_36' title="bbox 72 1789 1694 1836; baseline 0.001 -9"><span class='ocrx_word' id='word_1_329' title='bbox 72 1790 256 1828; x_wconf 87' lang='lat' dir='ltr'>voluntas</span> <span class='ocrx_word' id='word_1_330' title='bbox 277 1794 337 1828; x_wconf 87' lang='lat' dir='ltr'>est</span> <span class='ocrx_word' id='word_1_331' title='bbox 358 1789 537 1828; x_wconf 81' lang='lat' dir='ltr'>effectiva</span> <span class='ocrx_word' id='word_1_332' title='bbox 557 1799 687 1828; x_wconf 90' lang='lat' dir='ltr'>rerum</span> <span class='ocrx_word' id='word_1_333' title='bbox 709 1802 717 1827; x_wconf 91' lang='lat'>:</span> <span class='ocrx_word' id='word_1_334' title='bbox 741 1795 801 1827; x_wconf 90' lang='lat' dir='ltr'>est</span> <span class='ocrx_word' id='word_1_335' title='bbox 821 1791 925 1827; x_wconf 89' lang='lat' dir='ltr'>enim</span> <span class='ocrx_word' id='word_1_336' title='bbox 947 1800 1069 1827; x_wconf 90' lang='lat' dir='ltr'>causa</span> <span class='ocrx_word' id='word_1_337' title='bbox 1081 1800 1210 1827; x_wconf 90' lang='lat' dir='ltr'>rerum</span> <span class='ocrx_word' id='word_1_338' title='bbox 1224 1800 1293 1836; x_wconf 91' lang='lat' dir='ltr'>per</span> <span class='ocrx_word' id='word_1_339' title='bbox 1305 1800 1418 1827; x_wconf 87' lang='lat' dir='ltr'>suam</span> <span class='ocrx_word' id='word_1_340' title='bbox 1434 1791 1694 1835; x_wconf 88' lang='lat' dir='ltr'>voluntatem,</span> 
     </span>
     <span class='ocr_line' id='line_1_37' title="bbox 72 1837 1696 1885; baseline 0 -11"><span class='ocrx_word' id='word_1_341' title='bbox 72 1841 254 1883; x_wconf 90' lang='lat' dir='ltr'>utsupra</span> <span class='ocrx_word' id='word_1_342' title='bbox 280 1837 380 1884; x_wconf 86' lang='lat' dir='ltr'>(cap.</span> <span class='ocrx_word' id='word_1_343' title='bbox 403 1837 462 1885; x_wconf 85' lang='lat'>24)</span> <span class='ocrx_word' id='word_1_344' title='bbox 483 1841 690 1876; x_wconf 89' lang='lat' dir='ltr'>ostensum</span> <span class='ocrx_word' id='word_1_345' title='bbox 708 1841 781 1875; x_wconf 89' lang='lat' dir='ltr'>est.</span> <span class='ocrx_word' id='word_1_346' title='bbox 802 1837 855 1875; x_wconf 84' lang='lat' dir='ltr'>Ad</span> <span class='ocrx_word' id='word_1_347' title='bbox 878 1838 1094 1875; x_wconf 86' lang='lat' dir='ltr'>bonitatem</span> <span class='ocrx_word' id='word_1_348' title='bbox 1113 1838 1234 1884; x_wconf 86' lang='lat' dir='ltr'>igitur</span> <span class='ocrx_word' id='word_1_349' title='bbox 1253 1837 1426 1874; x_wconf 88' lang='lat' dir='ltr'>divinam</span> <span class='ocrx_word' id='word_1_350' title='bbox 1454 1838 1624 1884; x_wconf 84' lang='lat' dir='ltr'>pertinet</span> <span class='ocrx_word' id='word_1_351' title='bbox 1654 1842 1696 1874; x_wconf 88' lang='lat' dir='ltr'>ut</span> 
     </span>
     <span class='ocr_line' id='line_1_38' title="bbox 71 1884 1556 1932; baseline 0 -11"><span class='ocrx_word' id='word_1_352' title='bbox 71 1884 235 1930; x_wconf 89' lang='lat' dir='ltr'>impleat</span> <span class='ocrx_word' id='word_1_353' title='bbox 255 1884 453 1922; x_wconf 88' lang='lat' dir='ltr'>desideria</span> <span class='ocrx_word' id='word_1_354' title='bbox 472 1884 680 1922; x_wconf 90' lang='lat' dir='ltr'>rationalis</span> <span class='ocrx_word' id='word_1_355' title='bbox 701 1887 890 1922; x_wconf 82' lang='lat' dir='ltr'>creaturae</span> <span class='ocrx_word' id='word_1_356' title='bbox 911 1885 987 1922; x_wconf 87' lang='lat' dir='ltr'>sibi</span> <span class='ocrx_word' id='word_1_357' title='bbox 1008 1895 1078 1932; x_wconf 91' lang='lat' dir='ltr'>per</span> <span class='ocrx_word' id='word_1_358' title='bbox 1097 1885 1317 1922; x_wconf 88' lang='lat' dir='ltr'>orationem</span> <span class='ocrx_word' id='word_1_359' title='bbox 1338 1884 1556 1930; x_wconf 83' lang='lat' dir='ltr'>proposita.</span> 
     </span>
    </p>

    <p class='ocr_par' dir='ltr' id='par_1_6' title="bbox 71 1931 1697 2167">
     <span class='ocr_line' id='line_1_39' title="bbox 118 1931 1694 1977; baseline 0.001 -10"><span class='ocrx_word' id='word_1_360' title='bbox 118 1933 307 1973; x_wconf 80' lang='lat' dir='ltr'>Praeterea‚</span> <span class='ocrx_word' id='word_1_361' title='bbox 330 1931 480 1969; x_wconf 89' lang='lat' dir='ltr'>bonum</span> <span class='ocrx_word' id='word_1_362' title='bbox 499 1936 689 1969; x_wconf 84' lang='lat' dir='ltr'>creaturae</span> <span class='ocrx_word' id='word_1_363' title='bbox 709 1931 927 1969; x_wconf 89' lang='lat' dir='ltr'>derivatum</span> <span class='ocrx_word' id='word_1_364' title='bbox 957 1936 1017 1969; x_wconf 89' lang='lat' dir='ltr'>est</span> <span class='ocrx_word' id='word_1_365' title='bbox 1047 1931 1268 1969; x_wconf 88' lang='lat' dir='ltr'>secundum</span> <span class='ocrx_word' id='word_1_366' title='bbox 1302 1931 1428 1977; x_wconf 89' lang='lat' dir='ltr'>ipsam</span> <span class='ocrx_word' id='word_1_367' title='bbox 1463 1931 1694 1969; x_wconf 82' lang='lat' dir='ltr'>similitudi-</span> 
     </span>
     <span class='ocr_line' id='line_1_40' title="bbox 72 1978 1695 2017; baseline 0.001 -1"><span class='ocrx_word' id='word_1_368' title='bbox 72 1986 163 2016; x_wconf 89' lang='lat' dir='ltr'>nem</span> <span class='ocrx_word' id='word_1_369' title='bbox 186 1988 209 2016; x_wconf 88' lang='lat' dir='ltr'>a</span> <span class='ocrx_word' id='word_1_370' title='bbox 225 1978 402 2016; x_wconf 84' lang='lat' dir='ltr'>bonitate</span> <span class='ocrx_word' id='word_1_371' title='bbox 421 1979 567 2016; x_wconf 85' lang='lat' dir='ltr'>divina.</span> <span class='ocrx_word' id='word_1_372' title='bbox 587 1980 667 2016; x_wconf 86' lang='lat' dir='ltr'>Hoc</span> <span class='ocrx_word' id='word_1_373' title='bbox 688 1983 817 2016; x_wconf 89' lang='lat' dir='ltr'>autem</span> <span class='ocrx_word' id='word_1_374' title='bbox 839 1979 1010 2017; x_wconf 85' lang='lat' dir='ltr'>maxime</span> <span class='ocrx_word' id='word_1_375' title='bbox 1040 1978 1357 2016; x_wconf 88' lang='lat' dir='ltr'>commendabile</span> <span class='ocrx_word' id='word_1_376' title='bbox 1387 1978 1429 2015; x_wconf 90' lang='lat' dir='ltr'>in</span> <span class='ocrx_word' id='word_1_377' title='bbox 1462 1978 1695 2017; x_wconf 90' lang='lat' dir='ltr'>hominibus</span> 
     </span>
     <span class='ocr_line' id='line_1_41' title="bbox 76 2025 1697 2074; baseline 0.001 -12"><span class='ocrx_word' id='word_1_378' title='bbox 76 2029 250 2072; x_wconf 86' lang='lat' dir='ltr'>apparet,</span> <span class='ocrx_word' id='word_1_379' title='bbox 270 2029 313 2063; x_wconf 89' lang='lat' dir='ltr'>ut</span> <span class='ocrx_word' id='word_1_380' title='bbox 328 2025 435 2072; x_wconf 89' lang='lat' dir='ltr'>juste</span> <span class='ocrx_word' id='word_1_381' title='bbox 455 2026 680 2072; x_wconf 88' lang='lat' dir='ltr'>petentibus</span> <span class='ocrx_word' id='word_1_382' title='bbox 700 2035 912 2064; x_wconf 89' lang='lat' dir='ltr'>assensum</span> <span class='ocrx_word' id='word_1_383' title='bbox 932 2036 1013 2065; x_wconf 88' lang='lat' dir='ltr'>non</span> <span class='ocrx_word' id='word_1_384' title='bbox 1031 2026 1229 2074; x_wconf 85' lang='lat' dir='ltr'>denegent</span> <span class='ocrx_word' id='word_1_385' title='bbox 1249 2038 1258 2063; x_wconf 73' lang='grc' dir='ltr'><strong><em>ε</em></strong></span> <span class='ocrx_word' id='word_1_386' title='bbox 1281 2035 1329 2063; x_wconf 82' lang='lat' dir='ltr'>ex</span> <span class='ocrx_word' id='word_1_387' title='bbox 1344 2025 1421 2063; x_wconf 90' lang='lat' dir='ltr'>hoc</span> <span class='ocrx_word' id='word_1_388' title='bbox 1435 2026 1540 2063; x_wconf 87' lang='lat' dir='ltr'>enim</span> <span class='ocrx_word' id='word_1_389' title='bbox 1556 2035 1697 2064; x_wconf 83' lang='lat' dir='ltr'>vocan-</span> 
     </span>
     <span class='ocr_line' id='line_1_42' title="bbox 71 2072 1695 2120; baseline 0 -11"><span class='ocrx_word' id='word_1_390' title='bbox 71 2075 137 2109; x_wconf 87' lang='lat' dir='ltr'>tur</span> <span class='ocrx_word' id='word_1_391' title='bbox 157 2072 355 2118; x_wconf 85' lang='lat' dir='ltr'>liberales,</span> <span class='ocrx_word' id='word_1_392' title='bbox 378 2072 608 2118; x_wconf 89' lang='lat' dir='ltr'>clementes,</span> <span class='ocrx_word' id='word_1_393' title='bbox 629 2073 910 2111; x_wconf 90' lang='lat' dir='ltr'>misericordes</span> <span class='ocrx_word' id='word_1_394' title='bbox 930 2077 969 2111; x_wconf 89' lang='lat' dir='ltr'>et</span> <span class='ocrx_word' id='word_1_395' title='bbox 988 2074 1056 2120; x_wconf 86' lang='lat' dir='ltr'>pii.</span> <span class='ocrx_word' id='word_1_396' title='bbox 1079 2073 1245 2112; x_wconf 85' lang='lat' dir='ltr'>Maxime</span> <span class='ocrx_word' id='word_1_397' title='bbox 1265 2072 1388 2120; x_wconf 86' lang='lat' dir='ltr'>igitur</span> <span class='ocrx_word' id='word_1_398' title='bbox 1408 2072 1483 2110; x_wconf 88' lang='lat' dir='ltr'>hoc</span> <span class='ocrx_word' id='word_1_399' title='bbox 1515 2073 1565 2110; x_wconf 90' lang='lat' dir='ltr'>ad</span> <span class='ocrx_word' id='word_1_400' title='bbox 1597 2073 1695 2111; x_wconf 90' lang='lat' dir='ltr'>divi-</span> 
     </span>
     <span class='ocr_line' id='line_1_43' title="bbox 73 2118 1216 2167; baseline 0.003 -12"><span class='ocrx_word' id='word_1_401' title='bbox 73 2127 163 2156; x_wconf 88' lang='lat' dir='ltr'>nam</span> <span class='ocrx_word' id='word_1_402' title='bbox 183 2118 397 2156; x_wconf 88' lang='lat' dir='ltr'>bonitatem</span> <span class='ocrx_word' id='word_1_403' title='bbox 419 2119 602 2166; x_wconf 90' lang='lat' dir='ltr'>pertinet,</span> <span class='ocrx_word' id='word_1_404' title='bbox 622 2124 666 2157; x_wconf 91' lang='lat' dir='ltr'>ut</span> <span class='ocrx_word' id='word_1_405' title='bbox 684 2121 772 2167; x_wconf 89' lang='lat' dir='ltr'>pias</span> <span class='ocrx_word' id='word_1_406' title='bbox 792 2121 995 2158; x_wconf 89' lang='lat' dir='ltr'>orationes</span> <span class='ocrx_word' id='word_1_407' title='bbox 1018 2120 1216 2159; x_wconf 83' lang='lat' dir='ltr'>exaudiat.</span> 
     </span>
    </p>

    <p class='ocr_par' dir='ltr' id='par_1_7' title="bbox 72 2166 1696 2308">
     <span class='ocr_line' id='line_1_44' title="bbox 121 2166 1696 2213; baseline 0.001 -11"><span class='ocrx_word' id='word_1_408' title='bbox 121 2166 218 2202; x_wconf 88' lang='lat' dir='ltr'>Hinc</span> <span class='ocrx_word' id='word_1_409' title='bbox 238 2169 297 2202; x_wconf 89' lang='lat' dir='ltr'>est</span> <span class='ocrx_word' id='word_1_410' title='bbox 317 2166 420 2213; x_wconf 90' lang='lat' dir='ltr'>quod</span> <span class='ocrx_word' id='word_1_411' title='bbox 441 2166 586 2204; x_wconf 90' lang='lat' dir='ltr'>dicitur</span> <span class='ocrx_word' id='word_1_412' title='bbox 604 2167 645 2203; x_wconf 88' lang='lat' dir='ltr'>in</span> <span class='ocrx_word' id='word_1_413' title='bbox 659 2168 722 2204; x_wconf 90' lang='grc' dir='ltr'>Ρ5.</span> <span class='ocrx_word' id='word_1_414' title='bbox 743 2175 870 2208; x_wconf 81' lang='lat' dir='ltr'>cxmv,</span> <span class='ocrx_word' id='word_1_415' title='bbox 896 2170 938 2206; x_wconf 79' lang='lat'>19</span> <span class='ocrx_word' id='word_1_416' title='bbox 960 2180 969 2204; x_wconf 75' lang='grc' dir='ltr'>ε</span> <span class='ocrx_word' id='word_1_417' title='bbox 995 2168 1223 2205; x_wconf 81' lang='lat' dir='ltr'>Voluntatem</span> <span class='ocrx_word' id='word_1_418' title='bbox 1240 2168 1444 2204; x_wconf 78' lang='lat' dir='ltr'>timentium</span> <span class='ocrx_word' id='word_1_419' title='bbox 1461 2177 1500 2204; x_wconf 80' lang='lat' dir='ltr'>se</span> <span class='ocrx_word' id='word_1_420' title='bbox 1516 2167 1640 2212; x_wconf 76' lang='lat' dir='ltr'>faciet,</span> <span class='ocrx_word' id='word_1_421' title='bbox 1662 2170 1696 2204; x_wconf 89' lang='lat' dir='ltr'>et</span> 
     </span>
     <span class='ocr_line' id='line_1_45' title="bbox 72 2213 1692 2260; baseline 0.002 -11"><span class='ocrx_word' id='word_1_422' title='bbox 72 2214 250 2249; x_wconf 77' lang='lat' dir='ltr'>orationes</span> <span class='ocrx_word' id='word_1_423' title='bbox 271 2223 390 2249; x_wconf 81' lang='lat' dir='ltr'>eorum</span> <span class='ocrx_word' id='word_1_424' title='bbox 408 2213 590 2255; x_wconf 74' lang='lat' dir='ltr'>exaudiet,</span> <span class='ocrx_word' id='word_1_425' title='bbox 614 2215 649 2250; x_wconf 81' lang='lat' dir='ltr'>et</span> <span class='ocrx_word' id='word_1_426' title='bbox 662 2213 780 2251; x_wconf 86' lang='lat' dir='ltr'>salvos</span> <span class='ocrx_word' id='word_1_427' title='bbox 799 2215 911 2258; x_wconf 78' lang='lat' dir='ltr'>saciet</span> <span class='ocrx_word' id='word_1_428' title='bbox 927 2224 996 2252; x_wconf 82' lang='lat' dir='ltr'>eos,</span> <span class='ocrx_word' id='word_1_429' title='bbox 1018 2217 1063 2252; x_wconf 85' lang='lat' dir='ltr'>Et</span> <span class='ocrx_word' id='word_1_430' title='bbox 1078 2215 1558 2260; x_wconf 82' lang='lat' dir='ltr'>Matth.‚V11,8,Dominus</span> <span class='ocrx_word' id='word_1_431' title='bbox 1572 2214 1692 2252; x_wconf 85' lang='lat' dir='ltr'>dicit:</span> 
     </span>
     <span class='ocr_line' id='line_1_46' title="bbox 73 2259 1480 2308; baseline 0 -11"><span class='ocrx_word' id='word_1_432' title='bbox 73 2259 197 2297; x_wconf 67' lang='lat' dir='ltr'>Omnis</span> <span class='ocrx_word' id='word_1_433' title='bbox 217 2261 282 2306; x_wconf 80' lang='lat' dir='ltr'>qui</span> <span class='ocrx_word' id='word_1_434' title='bbox 294 2261 401 2306; x_wconf 75' lang='lat' dir='ltr'>petit,</span> <span class='ocrx_word' id='word_1_435' title='bbox 421 2262 568 2307; x_wconf 77' lang='lat' dir='ltr'>accipit,</span> <span class='ocrx_word' id='word_1_436' title='bbox 584 2263 618 2297; x_wconf 83' lang='lat' dir='ltr'>et</span> <span class='ocrx_word' id='word_1_437' title='bbox 636 2262 702 2308; x_wconf 80' lang='lat' dir='ltr'>qui</span> <span class='ocrx_word' id='word_1_438' title='bbox 716 2262 859 2307; x_wconf 67' lang='lat' dir='ltr'>quaerit,</span> <span class='ocrx_word' id='word_1_439' title='bbox 879 2263 1031 2303; x_wconf 77' lang='lat' dir='ltr'>invenit,</span> <span class='ocrx_word' id='word_1_440' title='bbox 1051 2264 1086 2298; x_wconf 84' lang='lat' dir='ltr'>et</span> <span class='ocrx_word' id='word_1_441' title='bbox 1096 2263 1266 2308; x_wconf 78' lang='lat' dir='ltr'>pulsanti</span> <span class='ocrx_word' id='word_1_442' title='bbox 1284 2262 1480 2308; x_wconf 79' lang='lat' dir='ltr'>aperietur,</span> 
     </span>
    </p>
   </div>
   <div class='ocr_carea' id='block_1_3' title="bbox 717 2423 1050 2467">
    <p class='ocr_par' dir='ltr' id='par_1_8' title="bbox 717 2423 1050 2467">
     <span class='ocr_line' id='line_1_47' title="bbox 717 2423 1050 2467; baseline -0.003 0"><span class='ocrx_word' id='word_1_443' title='bbox 717 2423 886 2467; x_wconf 85' lang='lat' dir='ltr'><strong>CAPUT</strong></span> <span class='ocrx_word' id='word_1_444' title='bbox 912 2424 1050 2467; x_wconf 83' lang='lat' dir='ltr'>XCVI.</span> 
     </span>
    </p>
   </div>
   <div class='ocr_carea' id='block_1_4' title="bbox 412 2558 1349 2594">
    <p class='ocr_par' dir='ltr' id='par_1_9' title="bbox 412 2558 1349 2594">
     <span class='ocr_line' id='line_1_48' title="bbox 412 2558 1349 2594; baseline 0.001 -5"><span class='ocrx_word' id='word_1_445' title='bbox 412 2558 513 2594; x_wconf 83' lang='lat' dir='ltr'><strong>QUOD</strong></span> <span class='ocrx_word' id='word_1_446' title='bbox 537 2559 637 2590; x_wconf 83' lang='lat' dir='ltr'>DEUS</span> <span class='ocrx_word' id='word_1_447' title='bbox 661 2559 741 2591; x_wconf 78' lang='lat' dir='ltr'>NON</span> <span class='ocrx_word' id='word_1_448' title='bbox 765 2559 895 2593; x_wconf 76' lang='lat' dir='ltr'>OMNES</span> <span class='ocrx_word' id='word_1_449' title='bbox 920 2559 1138 2591; x_wconf 82' lang='lat' dir='ltr'><strong>ORATIONES</strong></span> <span class='ocrx_word' id='word_1_450' title='bbox 1161 2561 1349 2591; x_wconf 85' lang='lat' dir='ltr'><strong>EXAUDIT.</strong></span> 
     </span>
    </p>
   </div>
   <div class='ocr_carea' id='block_1_5' title="bbox 71 2679 1693 2916">
    <p class='ocr_par' dir='ltr' id='par_1_10' title="bbox 71 2679 1693 2916">
     <span class='ocr_line' id='line_1_49' title="bbox 120 2679 1693 2727; baseline 0.001 -9"><span class='ocrx_word' id='word_1_451' title='bbox 120 2681 208 2718; x_wconf 89' lang='lat' dir='ltr'>Non</span> <span class='ocrx_word' id='word_1_452' title='bbox 227 2682 289 2718; x_wconf 85' lang='lat' dir='ltr'>est</span> <span class='ocrx_word' id='word_1_453' title='bbox 305 2683 438 2718; x_wconf 86' lang='lat' dir='ltr'>autem</span> <span class='ocrx_word' id='word_1_454' title='bbox 475 2679 779 2725; x_wconf 84' lang='lat' dir='ltr'>inconveniens,</span> <span class='ocrx_word' id='word_1_455' title='bbox 811 2679 847 2717; x_wconf 85' lang='lat' dir='ltr'>si</span> <span class='ocrx_word' id='word_1_456' title='bbox 873 2679 1112 2727; x_wconf 86' lang='lat' dir='ltr'>quandoque</span> <span class='ocrx_word' id='word_1_457' title='bbox 1142 2680 1354 2727; x_wconf 89' lang='lat' dir='ltr'>petitiones</span> <span class='ocrx_word' id='word_1_458' title='bbox 1381 2680 1580 2719; x_wconf 87' lang='lat' dir='ltr'>orantium</span> <span class='ocrx_word' id='word_1_459' title='bbox 1611 2689 1693 2721; x_wconf 87' lang='lat' dir='ltr'>nou</span> 
     </span>
     <span class='ocr_line' id='line_1_50' title="bbox 71 2725 1693 2776; baseline 0.002 -12"><span class='ocrx_word' id='word_1_460' title='bbox 71 2725 336 2765; x_wconf 86' lang='lat' dir='ltr'>admittuntur</span> <span class='ocrx_word' id='word_1_461' title='bbox 353 2737 377 2764; x_wconf 86' lang='lat' dir='ltr'>a</span> <span class='ocrx_word' id='word_1_462' title='bbox 397 2729 491 2764; x_wconf 89' lang='lat' dir='ltr'>Deo.</span> <span class='ocrx_word' id='word_1_463' title='bbox 512 2728 566 2764; x_wconf 91' lang='lat' dir='ltr'>Ea</span> <span class='ocrx_word' id='word_1_464' title='bbox 584 2727 690 2764; x_wconf 90' lang='lat' dir='ltr'>enim</span> <span class='ocrx_word' id='word_1_465' title='bbox 724 2726 878 2764; x_wconf 89' lang='lat' dir='ltr'>ratione</span> <span class='ocrx_word' id='word_1_466' title='bbox 910 2730 1116 2764; x_wconf 89' lang='lat' dir='ltr'>ostensum</span> <span class='ocrx_word' id='word_1_467' title='bbox 1150 2731 1210 2765; x_wconf 86' lang='lat' dir='ltr'>est</span> <span class='ocrx_word' id='word_1_468' title='bbox 1235 2727 1335 2775; x_wconf 87' lang='lat' dir='ltr'>(cap.</span> <span class='ocrx_word' id='word_1_469' title='bbox 1357 2727 1416 2775; x_wconf 81' lang='lat'>95)</span> <span class='ocrx_word' id='word_1_470' title='bbox 1447 2729 1554 2776; x_wconf 86' lang='lat' dir='ltr'>quod</span> <span class='ocrx_word' id='word_1_471' title='bbox 1587 2730 1693 2768; x_wconf 88' lang='lat' dir='ltr'>Deus</span> 
     </span>
     <span class='ocr_line' id='line_1_51' title="bbox 74 2773 1690 2821; baseline 0.001 -10"><span class='ocrx_word' id='word_1_472' title='bbox 74 2773 273 2812; x_wconf 87' lang='lat' dir='ltr'>desideria</span> <span class='ocrx_word' id='word_1_473' title='bbox 298 2774 505 2812; x_wconf 88' lang='lat' dir='ltr'>rationalis</span> <span class='ocrx_word' id='word_1_474' title='bbox 534 2777 724 2812; x_wconf 84' lang='lat' dir='ltr'>creaturae</span> <span class='ocrx_word' id='word_1_475' title='bbox 745 2773 945 2820; x_wconf 87' lang='lat' dir='ltr'>adimplet,</span> <span class='ocrx_word' id='word_1_476' title='bbox 982 2773 1023 2810; x_wconf 90' lang='lat' dir='ltr'>in</span> <span class='ocrx_word' id='word_1_477' title='bbox 1059 2778 1249 2821; x_wconf 89' lang='lat' dir='ltr'>quantum</span> <span class='ocrx_word' id='word_1_478' title='bbox 1290 2775 1488 2813; x_wconf 84' lang='lat' dir='ltr'>desiderat</span> <span class='ocrx_word' id='word_1_479' title='bbox 1526 2775 1690 2814; x_wconf 85' lang='lat' dir='ltr'>bonum.</span> 
     </span>
     <span class='ocr_line' id='line_1_52' title="bbox 74 2820 1689 2869; baseline 0.001 -11"><span class='ocrx_word' id='word_1_480' title='bbox 74 2821 318 2869; x_wconf 83' lang='lat' dir='ltr'>Quandoque</span> <span class='ocrx_word' id='word_1_481' title='bbox 336 2826 467 2860; x_wconf 88' lang='lat' dir='ltr'>autem</span> <span class='ocrx_word' id='word_1_482' title='bbox 491 2820 687 2869; x_wconf 86' lang='lat' dir='ltr'>contingit</span> <span class='ocrx_word' id='word_1_483' title='bbox 705 2820 812 2868; x_wconf 90' lang='lat' dir='ltr'>quod</span> <span class='ocrx_word' id='word_1_484' title='bbox 830 2821 871 2857; x_wconf 90' lang='lat' dir='ltr'>id</span> <span class='ocrx_word' id='word_1_485' title='bbox 893 2820 1000 2867; x_wconf 87' lang='lat' dir='ltr'>quod</span> <span class='ocrx_word' id='word_1_486' title='bbox 1019 2821 1166 2867; x_wconf 88' lang='lat' dir='ltr'>petitur</span> <span class='ocrx_word' id='word_1_487' title='bbox 1183 2830 1263 2859; x_wconf 90' lang='lat' dir='ltr'>non</span> <span class='ocrx_word' id='word_1_488' title='bbox 1283 2826 1343 2860; x_wconf 92' lang='lat' dir='ltr'>est</span> <span class='ocrx_word' id='word_1_489' title='bbox 1358 2831 1495 2861; x_wconf 87' lang='lat' dir='ltr'>verum</span> <span class='ocrx_word' id='word_1_490' title='bbox 1523 2822 1689 2864; x_wconf 87' lang='lat' dir='ltr'>bonum,</span> 
     </span>
     <span class='ocr_line' id='line_1_53' title="bbox 75 2867 1691 2916; baseline 0.001 -11"><span class='ocrx_word' id='word_1_491' title='bbox 75 2867 146 2906; x_wconf 89' lang='lat' dir='ltr'>sed</span> <span class='ocrx_word' id='word_1_492' title='bbox 166 2877 374 2915; x_wconf 89' lang='lat' dir='ltr'>apparens,</span> <span class='ocrx_word' id='word_1_493' title='bbox 397 2868 631 2916; x_wconf 86' lang='lat' dir='ltr'>simpliciter</span> <span class='ocrx_word' id='word_1_494' title='bbox 660 2871 790 2906; x_wconf 89' lang='lat' dir='ltr'>autem</span> <span class='ocrx_word' id='word_1_495' title='bbox 820 2868 983 2905; x_wconf 91' lang='lat' dir='ltr'>malum.</span> <span class='ocrx_word' id='word_1_496' title='bbox 1014 2869 1100 2906; x_wconf 91' lang='lat' dir='ltr'>Non</span> <span class='ocrx_word' id='word_1_497' title='bbox 1125 2872 1186 2906; x_wconf 90' lang='lat' dir='ltr'>est</span> <span class='ocrx_word' id='word_1_498' title='bbox 1205 2869 1326 2916; x_wconf 86' lang='lat' dir='ltr'>igitur</span> <span class='ocrx_word' id='word_1_499' title='bbox 1353 2870 1445 2908; x_wconf 88' lang='lat' dir='ltr'>talis</span> <span class='ocrx_word' id='word_1_500' title='bbox 1465 2870 1592 2908; x_wconf 86' lang='lat' dir='ltr'>oratio</span> <span class='ocrx_word' id='word_1_501' title='bbox 1610 2871 1691 2908; x_wconf 86' lang='lat' dir='ltr'>Deo</span> 
     </span>
    </p>
   </div>
  </div>
 </body>
</html>
