1894 3223
142 182 210 216 620
711 175 800 210 LIB.
827 175 886 218 1v,
914 174 1014 210 CAP.
1041 174 1184 210 LXXXI.

142 260 517 340 corporetseparata.
537 255 785 302 Impossibile
820 254 943 302 igitur
966 254 1122 291 videtur
1155 254 1260 301 quod
1293 255 1414 292 homo
1451 255 1555 292 idem
1588 264 1754 293 numero

142 315 336 351 resurga.

187 352 330 394 Adhuc,
352 350 457 397 quod
477 358 558 387 non
578 353 638 386 est
655 349 903 392 continuum,
926 348 1030 385 idem
1051 356 1216 385 numero
1237 357 1326 384 esse
1346 357 1427 385 non
1446 348 1601 385 videtur
1623 349 1753 396 :quod

142 399 298 446 quidem
329 406 409 433 non
430 397 560 433 solum
587 396 629 432 in
656 395 993 442 magnitudinibus
1023 398 1061 431 et
1097 394 1271 431 motibus
1308 395 1562 432 manifestum
1590 401 1663 440 est,
1684 396 1755 433 sed

142 446 259 482 etiam
281 445 322 480 in
343 443 599 490 qualitatibus
630 446 668 478 et
696 442 832 479 formis
855 454 863 478 z
887 442 920 478 si
942 442 1046 478 enim
1066 445 1157 487 post
1177 441 1383 478 sanitatem
1415 441 1557 488 aliquis
1580 442 1756 479 infirma-

142 497 207 529 tus
227 492 366 527 iterato
388 494 561 528 sanetur,
585 499 664 526 non
686 489 828 525 redibit
856 489 992 525 eadem
1017 489 1168 525 sanitas
1198 497 1377 524 numero.
1413 489 1661 526 Manifestum
1695 493 1756 526 est

143 543 272 575 autem
288 537 390 583 quod
409 546 476 582 per
495 542 661 572 mortem
680 545 768 572 esse
789 536 964 572 hominis
985 536 1160 571 aufertur
1177 546 1186 578 ;
1207 544 1295 570 cum
1315 535 1514 580 corruptio
1528 536 1577 572 sit
1590 537 1755 573 mutatio

142 586 189 622 de
208 594 295 621 esse
310 584 349 619 in
374 593 452 619 non
475 593 576 620 esse.
600 582 849 628 Impossibile
864 581 1167 628 estigiturquod
1180 590 1268 618 esse
1282 581 1452 617 hominis
1468 581 1571 618 idem
1590 592 1755 620 numero

147 633 364 668 reiteretur.
386 632 517 676 Neque
538 630 656 676 igitur
676 630 748 665 erit
779 629 882 665 idem
914 628 1034 665 homo
1055 637 1220 664 numero
1248 640 1256 663 ;
1279 637 1364 674 quae
1384 628 1489 663 enim
1508 633 1600 665 sunt
1619 630 1755 666 eadem

142 687 307 715 numero
331 677 547 714 secundum
569 686 657 713 esse
679 679 771 712 sunt
791 676 908 712 idem.

189 725 370 769 Amplius,
390 724 422 759 si
444 724 544 759 idem
565 723 740 759 hominis
756 732 898 768 corpus
920 725 1123 767 reparatur
1143 721 1189 758 ad
1210 722 1344 764 vitam,
1369 721 1453 767 pari
1472 723 1623 759 ratione
1644 732 1757 768 opor·

143 776 199 808 tet
224 771 328 818 quod
350 770 538 816 quidquid
558 770 595 806 id
612 779 774 814 corpore
797 769 969 805 hominis
990 769 1075 812 fuit,
1099 769 1224 805 eidem
1240 769 1481 805 restituatur.
1511 769 1565 805 Ad
1597 769 1672 806 hoc
1693 779 1758 806 au-

144 823 219 855 tem
239 818 413 854 maxima
434 817 653 853 indecentia
670 817 860 862 sequitur,
878 825 956 852 non
979 816 1109 852 solum
1135 819 1294 861 propter
1313 815 1493 861 capillos,
1522 820 1559 852 et
1586 826 1755 863 ungues,

144 870 181 902 et
198 865 312 911 pilos,
336 865 402 910 qui
417 864 623 900 manifeste
644 863 873 910 quotidiana
890 863 1121 908 praecisione
1142 862 1348 905 tolluntur,
1371 862 1440 898 sed
1461 862 1577 899 etiam
1598 868 1758 909 propter

144 913 244 948 alias
269 915 400 957 partes
422 911 599 955 corporis
620 920 705 956 quae
737 910 887 946 occulte
920 919 987 955 per
1013 909 1205 946 actionem
1234 909 1427 945 naturalis
1457 910 1603 947 caloris
1632 911 1757 947 resol-

143 963 288 995 vuntur
307 970 314 993 :
339 967 423 1003 qua}
443 958 575 993 omnia
597 958 629 993 si
649 957 907 993 restituantur
929 957 1078 992 homini
1112 956 1348 1002 resurgenti,
1380 956 1569 993 indecens
1603 957 1756 1004 magni-

143 1006 238 1041 tudo
266 1004 763 1049 consurget.Souridetur
783 1004 904 1049 igitur
923 1003 1027 1049 quod
1063 1003 1182 1039 homo
1217 1004 1269 1039 sit
1297 1006 1388 1048 post
1426 1007 1590 1046 mortem
1625 1013 1756 1041 resur-

145 1057 340 1088 recturus.

189 1101 377 1139 Praeterea,
401 1098 637 1143 contingens
659 1101 719 1133 est
739 1097 975 1143 quandoque
998 1096 1152 1143 aliquos
1167 1096 1350 1133 homines
1366 1096 1552 1134 carnibus
1570 1097 1757 1136 humanis

143 1146 261 1190 vesci,
284 1149 320 1181 et
339 1145 468 1181 solum
485 1145 552 1180 tali
583 1145 823 1180 nutrimento
855 1144 1009 1185 nutriri,
1043 1148 1081 1179 et
1112 1144 1170 1180 sic
1206 1144 1377 1180 nutritos
1415 1144 1520 1189 filios
1553 1154 1755 1191 generare.

145 1194 242 1229 Caro
264 1192 382 1238 igitur
402 1192 536 1227 eadem
562 1191 603 1226 in
625 1191 803 1236 pluribus
825 1190 1053 1227 hominibus
1075 1191 1286 1227 invenitur.
1309 1192 1395 1226 Non
1416 1195 1476 1227 est
1505 1196 1635 1228 autern
1664 1201 1755 1238 pos·

145 1240 259 1276 sibile
282 1238 386 1284 quod
406 1239 445 1274 in
467 1238 647 1283 pluribus
668 1241 848 1284 resurgat
870 1250 877 1272 :
901 1246 973 1273 nec
994 1237 1107 1273 aliter
1133 1237 1286 1273 videtur
1314 1246 1402 1273 esse
1430 1237 1664 1275 universalis
1697 1248 1756 1275 re⁸

145 1286 336 1322 surrectio
371 1289 407 1321 et
433 1286 599 1331 integra,
615 1285 647 1320 si
671 1284 881 1330 unicuique
897 1293 975 1320 non
991 1284 1219 1321 restituatur
1233 1283 1338 1330 quod
1353 1284 1416 1320 hic
1434 1284 1582 1322 habuit.
1597 1285 1757 1322 Videtur

146 1333 268 1379 igitur
288 1332 531 1376 impossibile
553 1331 657 1377 quod
676 1331 724 1367 sit
741 1331 945 1367 hominum
967 1331 1204 1367 resurrectio
1225 1331 1369 1367 futura.

191 1381 290 1422 Item,
313 1379 409 1414 illud
431 1379 535 1424 quod
553 1382 613 1414 est
633 1387 842 1414 commune
864 1378 1050 1414 omnibus
1079 1377 1338 1414 existentibus
1369 1377 1411 1413 in
1443 1378 1576 1424 aliqua
1611 1379 1756 1424 specie,

144 1426 298 1462 ridetur
317 1434 405 1461 esse
427 1425 604 1461 naturale
624 1425 677 1460 illi
705 1424 865 1470 speciei.
885 1426 967 1460 Non
993 1428 1053 1460 est
1072 1428 1203 1461 autem
1224 1424 1396 1460 hominis
1429 1426 1667 1462 resurrectio
1688 1434 1757 1462 na-

145 1472 280 1509 turalis
304 1484 311 1508 :
333 1481 413 1508 non
435 1472 535 1508 enim
566 1471 697 1517 aliqua
716 1472 840 1508 virtus
861 1471 1050 1507 naturalis
1067 1472 1221 1517 agentis
1243 1470 1388 1507 suflicit
1405 1471 1452 1507 ad
1470 1471 1547 1508 hoc
1562 1471 1758 1518 agendum

143 1524 184 1555 ut
213 1519 474 1555 communiter
495 1527 634 1555 omnes
653 1517 836 1554 homines
857 1522 1079 1564 resurgant.
1101 1520 1188 1554 Non
1208 1517 1328 1564 igitur
1342 1519 1604 1555 communiter
1617 1528 1758 1556 omnes

143 1566 326 1603 homines
347 1569 567 1612 resurgent.

189 1613 332 1652 Adhuc,
355 1613 388 1649 si
407 1621 475 1658 per
495 1612 691 1649 Christum
715 1612 928 1649 liberamur
947 1616 985 1648 et
1010 1622 1033 1649 a
1049 1612 1164 1659 culpa
1195 1616 1232 1648 et
1256 1622 1278 1649 a
1298 1616 1436 1653 morte,
1459 1622 1546 1659 quae
1578 1616 1639 1650 est
1666 1623 1757 1659 pec-

145 1660 219 1696 cati
237 1659 414 1703 effectus,
434 1659 492 1695 illi
515 1659 590 1696 soli
611 1659 794 1695 videntur
812 1659 1005 1696 liberandi
1025 1668 1112 1696 esse
1134 1669 1157 1696 a
1175 1663 1301 1696 morte
1331 1669 1400 1705 per
1427 1660 1757 1697 resurrectionem

145 1707 211 1751 qui
233 1707 391 1742 fuerunt
410 1706 622 1752 participes
644 1706 922 1752 mysteriorum
944 1706 1099 1751 Christi,
1121 1706 1266 1753 quibus
1299 1706 1560 1743 liberarentur
1578 1717 1602 1743 a
1626 1706 1756 1753 culpa.

144 1755 224 1789 Hoc
246 1756 477 1836 autemdnon
494 1756 554 1790 est
571 1753 747 1790 omnium
768 1752 988 1790 hominum.
1007 1755 1094 1790 Non
1114 1753 1236 1800 igitur
1256 1762 1396 1791 omnes
1414 1753 1598 1791 homines
1627 1762 1758 1791 resur—

148 1803 253 1846 gent,
273 1802 315 1836 ut
332 1799 369 1836 vi
400 1804 497 1836 etur.

761 1911 929 1951 CAPUT
957 1910 1130 1952 LXXXI.

565 2024 721 2053 SOLUTIO
741 2025 1023 2053 PRAEMISSARUM
1053 2024 1328 2054 OBJECTIONUM.

188 2127 244 2165 Ad
263 2127 403 2165 horum
419 2128 538 2175 igitur
555 2128 796 2165 solutionem
816 2127 1150 2164 considerandum
1167 2131 1225 2164 est
1252 2126 1357 2174 quod
1380 2129 1497 2172 Deus,
1517 2127 1618 2164 sicut
1638 2136 1759 2175 supra

144 2174 241 2221 (cap.
271 2175 328 2221 52)
367 2175 513 2211 dictum
553 2179 624 2219 est,
663 2175 703 2211 in
743 2175 995 2211 institutione
1021 2174 1205 2211 humanae
1237 2178 1386 2211 naturae
1420 2174 1569 2221 aliquid
1602 2176 1757 2221 corpori

142 2221 316 2258 humano
339 2222 513 2258 attribuit
539 2231 658 2267 supra
677 2221 717 2258 id
738 2221 841 2268 quod
870 2222 903 2258 ei
939 2231 986 2258 ex
1013 2221 1262 2258 naturalibus
1293 2222 1498 2267 principiis
1528 2221 1756 2267 debebatur,

142 2268 294 2305 scilicet
314 2269 725 2315 incorruptibilitatem
749 2269 974 2315 quamdam,
996 2278 1065 2314 per
1087 2277 1204 2315 quam
1225 2269 1504 2305 convenienter
1520 2277 1602 2305 suae
1621 2269 1756 2306 formae

142 2319 388 2360 coaptaretur
405 2328 412 2358 ς
432 2320 486 2360 ut,
510 2316 613 2352 sicut
633 2316 774 2352 animae
800 2316 880 2352 vita
900 2320 1088 2361 perpetua
1119 2319 1191 2359 est,
1224 2315 1278 2352 ita
1311 2324 1454 2360 corpus
1481 2325 1551 2360 per
1582 2316 1756 2352 animam

140 2366 277 2407 posset
295 2366 481 2408 perpetuo
501 2362 628 2399 vivere
663 2374 670 2398 :
702 2366 739 2399 et
766 2362 858 2399 talis
889 2362 1045 2409 quidem
1074 2362 1440 2408 incorruptibilitas,
1461 2362 1577 2398 etiam
1607 2362 1641 2399 si
1675 2372 1756 2399 non

141 2413 248 2445 esset
265 2410 456 2446 naturalis
477 2413 666 2455 quantum
687 2409 735 2446 ad
756 2410 924 2446 activum
946 2409 1197 2455 principium,
1220 2413 1303 2446 erat
1319 2413 1446 2445 tamen
1462 2409 1756 2455 quodammodo

141 2456 332 2492 naturalis
354 2466 399 2492 ex
420 2457 556 2492 ordine
578 2456 625 2493 ad
658 2455 791 2501 finem,
824 2460 866 2493 ut
900 2456 1053 2493 scilicet
1082 2456 1246 2493 materia
1276 2456 1641 2502 proportionaretur
1673 2466 1756 2494 suae

140 2503 309 2538 naturali
331 2503 479 2543 former,
500 2513 586 2549 quae
609 2507 669 2539 est
692 2503 784 2540 finis
802 2504 989 2540 materiae.
1009 2503 1155 2540 Animae
1177 2503 1298 2550 igitur
1316 2507 1455 2549 praeter
1474 2503 1652 2539 ordinem
1672 2513 1755 2541 suae

140 2553 289 2585 naturae
307 2559 329 2585 a
362 2551 440 2586 Deo
461 2559 607 2587 aversae
629 2550 829 2587 subtracta
850 2554 908 2587 est
929 2550 1139 2596 dispositio
1161 2560 1247 2597 quae
1278 2550 1363 2596 ejus
1390 2550 1545 2595 corpori
1564 2550 1755 2588 divinitus

140 2595 265 2646 indita
285 2600 366 2632 erat
386 2601 429 2633 ut
445 2597 521 2633 sibi
543 2597 890 2643 proportionaliter
911 2597 1191 2643 responderet,
1214 2600 1252 2633 et
1270 2601 1406 2634 secuta
1436 2601 1497 2633 est
1529 2606 1652 2634 mors.
1687 2599 1755 2634 Est

139 2642 260 2692 igitur
280 2652 386 2680 mors
403 2644 516 2689 quasi
537 2654 606 2689 per
626 2644 810 2681 accidens
829 2644 1112 2690 superveniens
1133 2644 1285 2681 homini
1312 2654 1381 2690 per
1412 2648 1631 2690 peccatum,
1657 2652 1751 2680 con-

141 2688 311 2725 siderata
330 2690 576 2727 institutione
598 2691 780 2728 humanae
804 2695 965 2728 naturae.
990 2693 1070 2728 Hoc
1088 2695 1218 2728 autem
1240 2691 1423 2728 accidens
1457 2690 1654 2727 sublatum
1689 2693 1751 2726 est

138 2743 208 2779 per
228 2735 438 2787 (gli'ristum,
460 2737 525 2784 qui
545 2738 684 2774 merito
706 2747 788 2774 suae
813 2738 1015 2783 passionis
1034 2742 1202 2775 mortem
1221 2738 1428 2775 moriendo
1460 2737 1663 2774 destruxit.
1697 2738 1751 2773 Ex

139 2781 352 2834 hoc-igitur
371 2784 628 2830 consequitur
647 2785 752 2832 quod
770 2785 900 2821 divina
918 2785 1073 2829 virtute,
1102 2794 1190 2832 quae
1223 2785 1379 2832 corpori
1412 2783 1749 2829 incorruptionem

138 2826 256 2872 ded1t,
278 2831 416 2865 iterato
437 2838 579 2875 corpus
599 2831 646 2867 de
667 2834 791 2868 morte
812 2831 860 2868 ad
880 2832 997 2868 vitam
1018 2835 1232 2878 reparetur.

167 2875 408 2927 ‚Secundum
430 2875 504 2912 hoc
522 2878 642 2923 igitur
659 2879 708 2915 ad
727 2879 897 2924 primum
935 2878 1146 2916 dicendum
1176 2879 1283 2926 quod
1313 2878 1440 2915 virtus
1473 2880 1622 2914 naturae
1654 2876 1749 2913 defi·

139 2930 252 2960 ciens
272 2925 332 2959 est
351 2931 373 2959 a
390 2922 530 2961 virtute
548 2923 692 2969 divina,
725 2925 826 2962 sicut
853 2925 978 2963 virtus
1010 2925 1263 2963 instrumenti
1296 2933 1320 2962 a
1345 2924 1484 2962 virtute
1517 2923 1750 2970 principalis

1887 2182 1894 2272 -n--n-
1889 2115 1894 2171 .,.-.
