1894 3223
179 100 244 134 162
753 92 841 127 ΜΒ.
867 91 914 136 11,
942 89 1042 126 cAP.
1067 89 1220 126 vam.

178 180 295 217 etiam
317 176 443 215 brutis
463 176 599 213 formae
618 176 802 217 sensatae,
816 171 878 208 vel
892 170 1117 218 imaginatae
1132 172 1350 214 moventes,
1363 178 1444 206 non
1463 172 1556 206 sunt
1569 168 1792 208 adinventae

178 227 226 264 ab
247 225 345 271 ipsis
364 221 604 261 animalibus
625 219 768 263 brutis,
790 218 860 256 sed
881 221 975 256 sunt
990 221 1155 271 receptae
1170 217 1212 254 in
1230 217 1289 255 eis
1307 216 1357 254 ab
1377 216 1791 269 exterioribus-sensi·

176 272 336 311 bilibus,
360 279 446 316 quae
485 270 608 314 agunt
638 267 681 303 in
718 274 896 309 sensum,
921 268 960 302 et
991 264 1216 311 dijudicatae
1249 272 1319 310 per
1347 263 1568 300 naturalem
1589 263 1791 301 existima·

176 320 324 355 tionem
348 329 356 353 :
380 315 497 359 unde,
520 314 611 351 licet
644 313 827 350 dicantur
845 311 1139 359 quodammodo
1160 319 1318 348 movere
1353 310 1499 362 seipsa,
1532 310 1574 346 in
1601 314 1795 357 quantum

178 374 314 402 eorum
335 372 416 400 una
433 370 525 408 pars
555 364 615 398 est
641 369 806 397 movens
833 364 868 396 et
899 359 978 396 alia
997 362 1058 397 est
1074 362 1195 404 mota,
1215 362 1349 395 tamen
1378 365 1512 403 ipsum
1532 364 1690 394 movere
1710 365 1795 395 non

177 412 309 449 esteis
331 420 378 446 ex
399 408 544 455 seipsis
566 407 636 445 sed
653 407 796 453 partim
817 416 863 443 ex
879 405 1141 444 exterioribus
1162 404 1349 449 sensatis,
1370 408 1408 456 et
1425 404 1567 450 partim
1588 413 1612 441 a
1630 407 1790 441 natura.

176 460 220 495 In
239 461 428 504 quantum
451 455 556 492 enim
575 454 773 500 appetitus
789 456 921 490 movet
936 452 1126 497 membra,
1142 452 1328 490 dicuntur
1346 459 1480 497 seipsa
1500 459 1672 496 movere,
1689 451 1797 498 quod

177 504 324 541 habent
360 512 480 549 supra
498 502 716 539 inanimata
736 504 774 537 et
791 500 961 546 plantas.
985 502 1028 536 ln
1056 503 1249 546 quantum
1280 507 1373 535 vero
1397 498 1529 544 ipsum
1548 502 1730 544 appetere
1747 498 1797 535 de

178 550 415 588 necessitate
445 549 625 596 sequitur
654 548 696 584 in
723 547 782 584 eis
815 557 860 584 ex
893 547 1031 583 formis
1052 546 1224 592 acceptis
1243 555 1313 592 per
1342 553 1504 583 sensum
1536 549 1574 582 et
1600 544 1797 591 judicium

177 598 372 635 naturalis
393 594 714 639 existimationis,
739 602 819 631 non
843 593 918 631 sibi
938 596 1030 631 sunt
1053 601 1173 630 causa
1193 592 1300 639 quod
1319 595 1565 636 moveantur,
1588 591 1692 629 unde
1713 600 1796 629 non

177 645 326 682 habent
346 643 566 681 dominium
587 642 650 680 sui
672 644 798 679 actus.
812 642 952 678 Forma
969 643 1099 677 autem
1120 639 1333 685 intellecta,
1349 648 1420 685 per
1438 648 1555 686 quam
1573 638 1798 676 substantia

177 691 462 728 intellectualis
482 693 679 736 operatur,
701 692 762 726 est
781 688 829 725 ab
850 688 938 734 ipso
958 687 1175 731 intellectu,
1195 689 1330 732 utpote
1346 695 1416 731 per
1437 686 1569 732 ipsum
1588 691 1793 731 concepta,

179 742 217 776 et
237 737 529 786 quodammodo
546 736 780 783 excogitata,
802 738 845 771 ut
863 738 968 780 patet
988 734 1034 771 de
1054 733 1182 771 forma
1196 732 1312 777 entis,
1333 741 1451 779 quam
1467 732 1607 769 artifex
1624 733 1800 778 concipit

180 789 219 823 et
249 786 458 832 excogitat,
491 787 529 821 et
559 793 629 830 per
661 792 747 819 eam
780 786 978 828 operatur.
1001 779 1237 818 substantiae
1275 779 1397 826 igitur
1434 779 1722 816 intellectuales
1753 788 1797 816 se

179 833 289 878 ipsas
307 835 430 878 agunt
445 831 492 868 ad
505 830 747 877 operandum
759 833 803 866 ut
820 829 1010 865 habentes
1030 836 1112 865 suae
1130 827 1374 873 operationis
1390 825 1624 863 dominium.
1646 826 1797 864 Habent

179 880 191 916 i
225 880 302 916 itur
322 880 577 916 voluntatem.

197 889 325 970 gitem,
349 926 518 962 activum
542 926 696 970 oportet
716 931 804 960 esse
825 922 1167 968 proportionatum
1200 921 1376 967 passivo,
1396 923 1434 957 et
1466 924 1616 958 motum
1642 919 1794 957 mobili.

181 973 254 1010 Sed
274 974 313 1009 in
337 972 573 1009 habentibus
590 970 946 1017 cognitionem,vis
967 969 1257 1015 apprehensiva
1275 978 1317 1005 se
1339 966 1457 1005 habet
1475 967 1522 1005 ad
1545 968 1796 1014 appetitivam

180 1020 284 1057 sicut
313 1020 500 1057 motivum
532 1019 579 1056 ad
603 1017 776 1061 mobile;
803 1025 893 1053 nam
916 1016 1207 1062 apprehensum
1225 1024 1295 1061 per
1315 1023 1494 1059 sensum,
1520 1015 1581 1052 vel
1600 1014 1797 1061 imagina-

180 1067 344 1110 tionem,
367 1067 426 1103 vel
448 1066 706 1108 intellectum,
727 1067 860 1100 movet
885 1063 1100 1109 appetitum
1128 1062 1448 1105 intellectualem,
1478 1061 1540 1098 vel
1567 1061 1793 1098 animalem.

183 1114 452 1160 apprehensio
481 1116 612 1150 autem
643 1110 884 1148 intellectiva
918 1119 999 1147 non
1020 1109 1303 1151 determinatur
1332 1108 1380 1146 ad
1413 1108 1608 1154 quaedam,
1630 1108 1699 1145 sed
1737 1111 1799 1144 cst

183 1161 361 1198 omnium
385 1170 394 1195 :
415 1160 520 1197 unde
540 1163 577 1196 et
596 1159 644 1196 de
665 1157 868 1194 intellectu
890 1156 1071 1203 possibili
1093 1156 1363 1202 Philosophus
1393 1154 1487 1192 dicit
1519 1156 1559 1191 in
1594 1155 1713 1192 tertio
1744 1157 1794 1191 De

181 1210 306 1243 anima
326 1207 432 1253 (text.
456 1215 600 1244 comm.
620 1205 676 1252 10)
698 1204 803 1251 quod
823 1207 884 1241 est
904 1213 982 1251 quo
1004 1208 1063 1240 est
1086 1203 1222 1240 omnia
1246 1202 1344 1240 fieri.
1365 1201 1570 1247 Appetitus
1590 1202 1710 1249 igitur
1731 1202 1790 1237 in-

181 1254 420 1292 tellectualis
441 1253 673 1291 substantiae
695 1254 753 1288 est
773 1250 821 1288 ad
848 1251 983 1287 omnia
1000 1260 1042 1288 se
1063 1250 1228 1288 habens.
1257 1251 1338 1286 Hoc
1356 1252 1488 1286 autem
1509 1252 1569 1286 est
1587 1249 1791 1294 proprium

181 1301 398 1338 voluntatis
418 1303 462 1338 ut
475 1301 523 1338 ad
541 1300 674 1337 omnia
695 1307 738 1335 se
758 1297 888 1335 habet.
912 1297 1033 1343 Unde,
1054 1297 1095 1333 in
1114 1297 1230 1334 tertio
1245 1297 1454 1333 Ethicorum
1474 1294 1523 1341 (c.
1546 1294 1595 1341 5),
1615 1295 1795 1332 Philoso-

181 1348 286 1394 phus
325 1349 419 1384 dicit
449 1347 554 1394 quod
588 1350 647 1383 est
681 1344 934 1391 possibilium
966 1349 1003 1381 et
1040 1343 1366 1390 impossibilium.
1405 1341 1642 1379 Substantias
1676 1342 1800 1389 igitur

182 1395 473 1441 intellectuales
492 1394 638 1431 habent
656 1392 913 1429 voluntatem.
932 1391 961 1438 (I
981 1395 1096 1438 part„
1116 1401 1153 1438 q.
1176 1398 1255 1436 mx,
1276 1393 1348 1428 art.
1371 1389 1421 1436 ¹.)

818 1541 986 1584 CAPUT
1009 1540 1186 1583 XLVIII.

255 1663 356 1698 QUOD
386 1663 632 1693 SUBSTANTIAE
656 1662 988 1692 INTELLECTUALES
1014 1662 1111 1691 SUNT
1135 1661 1264 1692 LIBERI
1288 1660 1462 1690 ARBITRII
1488 1660 1530 1690 IN
1555 1660 1724 1691 AGENDO.

232 1772 289 1808 Ex
311 1770 375 1808 his
395 1774 525 1808 autem
556 1773 716 1816 apparet
743 1769 848 1817 quod
868 1769 1064 1816 praedictae
1084 1768 1317 1807 substantiae
1336 1772 1431 1807 sunt
1449 1769 1561 1806 liberi
1581 1768 1732 1806 arbitrii
1754 1768 1797 1807 in

185 1818 357 1865 agendo.
381 1817 493 1862 Quod
514 1818 619 1854 enim
640 1817 802 1854 arbitrio
823 1820 956 1863 agant,
977 1815 1231 1854 manifestum
1253 1820 1314 1854 est
1345 1826 1392 1854 eo
1420 1816 1526 1863 quod
1556 1825 1626 1862 per
1660 1817 1797 1862 cogni-

182 1865 333 1902 tionem
367 1864 646 1901 intellectivam
670 1863 865 1910 judicium
898 1864 1044 1900 habent
1064 1863 1111 1901 de
1147 1863 1376 1910 operandis.
1402 1864 1635 1901 Libertatem
1668 1867 1799 1901 autem

184 1920 350 1950 necesse
381 1915 442 1949 est
477 1920 545 1949 eas
577 1911 735 1956 habere,
757 1911 790 1948 si
814 1911 960 1948 habent
994 1910 1216 1947 dominium
1254 1910 1317 1948 sui
1353 1913 1479 1955 actus,
1512 1914 1554 1947 ut
1588 1912 1796 1948 ostensum

186 1963 246 1997 est
266 1959 317 2005 (c.
338 1958 411 2005 47).
432 1959 530 1996 Sunt
548 1958 669 2005 igitur
682 1958 876 2004 praedictae
898 1957 1132 1995 substantiae
1151 1957 1262 1995 liberi
1284 1956 1438 1994 arbitrii
1458 1957 1501 1994 in
1520 1956 1689 2004 agendo.

231 2008 332 2050 Item,
351 2006 517 2043 liberum
547 2008 607 2042 est
634 2005 740 2053 quod
762 2005 825 2042 sui
858 2013 980 2042 causa
1012 2007 1088 2042 est.
1115 2004 1228 2050 Quod
1261 2013 1357 2052 ergo
1380 2013 1459 2042 non
1481 2008 1542 2041 est
1568 2003 1645 2042 sibi
1678 2012 1802 2042 causa.

185 2053 344 2101 agendi,
365 2062 445 2090 non
481 2055 542 2089 est
571 2052 739 2090 liberum
760 2052 802 2089 in
829 2051 999 2099 agendo.
1029 2052 1294 2099 Quaecumque
1320 2054 1451 2090 autem
1480 2059 1562 2088 non
1593 2055 1803 2088 moventur

184 2109 314 2148 neque
340 2102 463 2147 agunt
490 2099 568 2137 nisi
590 2099 638 2137 ab
659 2099 749 2137 aliis
777 2103 897 2140 mota,
935 2107 1014 2137 non
1048 2102 1142 2136 sunt
1175 2098 1355 2145 sibiipsis
1385 2107 1507 2136 causa
1532 2097 1690 2145 agendi.
1712 2098 1806 2136 Sola

185 2157 280 2194 ergo
301 2147 501 2184 moventia
529 2146 662 2193 seipsa
690 2146 908 2184 libertatem
936 2146 979 2183 in
999 2145 1153 2193 agendo
1173 2145 1319 2184 habent
1340 2158 1349 2183 :
1373 2149 1412 2183 et
1441 2146 1525 2183 haec
1545 2145 1632 2182 sola
1647 2144 1802 2190 judicio

185 2198 330 2241 agunt;
361 2202 452 2231 nam
486 2202 650 2231 movens
689 2193 866 2240 seipsum
895 2193 1083 2230 dividitur
1119 2193 1160 2230 in
1197 2201 1362 2231 movens
1393 2196 1432 2230 et
1450 2195 1616 2230 motum.
1638 2192 1800 2230 Movens

185 2245 316 2279 autem
356 2244 417 2278 est
453 2241 649 2287 appetitus
685 2241 733 2277 ab
773 2241 1004 2285 intellectu,
1037 2240 1099 2277 vel
1128 2240 1364 2287 phantasia,
1390 2243 1457 2277 aut
1489 2247 1613 2277 sensu
1650 2242 1801 2284 motus,

186 2298 355 2337 quorum
374 2289 637 2334 estjudicare.
660 2288 805 2324 Horum
833 2287 956 2334 igitur
975 2287 1058 2324 haec
1084 2288 1170 2325 sola
1190 2287 1312 2325 libere
1328 2286 1521 2333 judicant,
1540 2294 1800 2334 quaecumque

185 2336 228 2373 in
254 2335 471 2382 judicando
492 2335 624 2381 seipsa
649 2338 822 2372 movent.
844 2335 960 2371 Nulla
980 2338 1109 2371 autem
1130 2334 1306 2381 potentia
1322 2333 1522 2381 judicans,
1552 2333 1726 2379 seipsam
1753 2332 1803 2370 ad

182 2383 440 2430 judicandum
460 2386 602 2425 movet,
620 2382 698 2418 nisi
720 2391 839 2428 supra
860 2385 989 2418 actum
1005 2390 1121 2418 suum
1142 2381 1376 2418 reflectatur.
1393 2382 1553 2427 Oportet
1570 2381 1689 2424 enim,
1705 2379 1738 2417 si
1760 2388 1804 2417 se

188 2431 235 2468 ad
253 2429 511 2476 judicandum
532 2429 744 2476 agit‚quod
767 2428 1090 2475 suumjudicium
1111 2432 1353 2475 cognoscat3
1375 2427 1479 2475 quod
1493 2427 1650 2474 quidem
1673 2426 1804 2464 solius

187 2477 412 2514 intellectus
451 2479 524 2513 est.
564 2477 664 2514 Sunt
691 2476 814 2523 igitur
855 2475 1042 2513 animalia
1076 2475 1323 2513 irrationalia
1360 2474 1653 2522 quodammodo
1688 2472 1802 2509 liberi

188 2524 346 2570 quidem
369 2527 514 2564 motus,
537 2523 620 2561 sive
641 2523 824 2567 actionis,
847 2532 928 2560 non
948 2526 1078 2560 autem
1099 2522 1211 2560 liberi
1228 2521 1369 2569 judicii
1387 2531 1397 2557 :
1418 2522 1635 2559 inanimata
1655 2522 1803 2564 autem,

188 2580 276 2616 quae
304 2572 432 2607 solum
465 2571 514 2607 ab
546 2570 637 2607 aliis
667 2573 889 2614 moventur,
911 2579 1038 2616 neque
1059 2569 1192 2608 liberae
1226 2569 1396 2607 actionis
1423 2572 1528 2612 sunt,
1555 2569 1622 2604 aut
1643 2569 1806 2611 motus;

189 2617 472 2654 intellectualia
491 2627 582 2654 vero
609 2626 689 2654 non
710 2617 840 2654 solum
862 2617 1046 2662 actionis,
1067 2617 1137 2654 sed
1158 2617 1276 2654 etiam
1295 2615 1407 2653 liberi
1423 2613 1561 2662 judicii
1580 2625 1588 2658 ;
1611 2612 1715 2660 quod
1743 2617 1804 2651 est

190 2663 356 2701 liberum
381 2664 585 2700 arbitrium
606 2664 763 2701 habere.

236 2711 380 2754 Adhuc,
419 2711 544 2746 forma
584 2712 844 2756 apprehensa,
887 2713 948 2748 est
982 2710 1219 2757 principium
1254 2718 1418 2747 movens
1451 2706 1668 2745 secundum
1697 2707 1804 2753 quod

190 2757 497 2804 apprehenditur
517 2757 590 2793 sub
611 2758 763 2794 ratione
784 2758 893 2798 boni,
914 2757 975 2794 vel
997 2756 1284 2795 convenientis.
1304 2756 1414 2793 Actio
1433 2754 1537 2791 enim
1559 2754 1729 2791 exterior
1762 2755 1805 2792 in

190 2804 441 2841 moventibus
461 2804 593 2849 seipsa
612 2805 788 2849 procedit
806 2815 852 2840 ex
869 2804 1020 2850 judicio
1040 2813 1118 2852 quo
1132 2803 1334 2850 judicatur
1364 2801 1511 2848 aliquid
1533 2810 1621 2838 csse
1640 2801 1807 2848 bonum,

189 2851 251 2888 vel
271 2851 514 2889 conveniens
533 2859 603 2896 per
622 2851 787 2888 formam
808 2851 1050 2896 praedictam.
1073 2851 1112 2887 Si
1131 2849 1451 2897 igiturjudicaus
1472 2848 1519 2886 ad
1542 2848 1805 2895 judicandum
