1894 3223
677 124 767 162 Lm.
793 125 824 171 1,
852 125 953 163 cAP.
981 125 1055 163 cn.
1610 128 1676 165 ¹05
1748 106 1754 111 ’

51 215 134 246 non
151 209 282 254 potest
299 204 399 244 velle
419 214 462 244 se
480 204 624 244 hahere
645 206 751 253 quod
770 215 851 244 non
880 206 1010 244 habet.
1035 205 1234 254 Quidquid
1263 205 1386 252 igitur
1411 205 1508 252 vult,
1528 206 1673 253 habet3

51 262 125 293 nec
144 252 294 302 aliquid
312 253 406 291 mali
419 253 516 298 vult,
536 255 579 290 ut
598 261 719 299 supra
739 252 839 300 (cap.
858 253 915 300 16)
937 258 1143 291 ostensum
1178 256 1251 291 est.
1271 255 1338 291 Est
1371 253 1493 300 igitur
1516 254 1673 299 beatus,

52 301 271 340 secundum
292 299 397 353 quod
417 309 441 338 a
459 299 699 347 quibusdam
721 299 862 338 beatus
895 309 984 338 esse
1004 301 1245 347 perhibetur,
1264 300 1330 348 qui
1352 299 1470 338 habet
1487 302 1676 349 quicquid

50 348 147 389 vult,
169 351 208 386 et
226 347 325 385 nihil
346 347 439 385 mali
460 346 556 384 vult.

99 395 192 442 Ejus
208 394 312 432 enim
325 393 608 432 beatitudinem
621 401 743 432 sacrae
755 393 966 440 scripturae
979 397 1261 440 protestantur,
1272 394 1289 432 1
1302 393 1399 432 Tim.
1417 398 1529 440 vl,15
1546 394 1675 440 :Quem

52 441 211 481 ostendet
229 443 305 480 suis
323 441 540 490 temporibus
560 441 687 478 beatus
706 443 741 478 et
758 441 853 478 solus
869 444 1010 488 potens.

736 587 904 629 CAPUT
933 587 999 630 CI.

523 707 622 741 QUOD
648 707 746 737 DEUS
772 707 832 737 SIT
864 707 938 737 SUA
972 707 1205 737 BEATlTUDO.

99 815 228 854 Exhis
247 818 378 853 autem
393 819 553 863 apparet
573 816 678 863 quod
699 817 803 853 Deus
824 816 875 853 sit
895 824 969 852 sua
988 813 1202 853 beatitudo.
1225 815 1430 854 Beatitudo
1452 818 1556 856 enim
1590 819 1676 866 ejus

52 867 113 900 est
133 863 414 900 intellectualis
435 864 611 909 operatio
632 863 774 909 ipsius,
797 867 837 899 ut
854 865 1061 899 ostensum
1082 865 1155 899 cst.
1178 863 1302 909 Supra
1331 867 1461 901 autem
1494 868 1675 904 ostendi-

51 919 142 948 mus
164 910 223 957 (ca
254 938 264 947 .
286 910 344 956 45)
365 911 472 993 qduod
499 910 629 956 ipsum
648 911 715 947 Dei
740 909 962 955 intelligere
990 909 1042 946 sit
1077 918 1150 946 sua
1172 909 1408 948 substantia.
1433 914 1518 958 lpse
1554 914 1677 961 igitur

53 961 115 996 est
133 966 208 995 sua
255 957 374 994 eatitu
406 965 443 994 o.

97 1005 198 1046 Item,
220 1003 436 1048 beatitudo,
451 1012 541 1041 cum
563 1003 614 1040 sit
644 1002 806 1040 ultimus
839 1001 946 1047 finis,
969 1006 1029 1040 est
1060 1002 1099 1040 id
1133 1003 1238 1050 quod
1271 1005 1435 1051 quilibet
1467 1010 1585 1044 natus
1615 1012 1676 1046 est

53 1051 210 1095 habere,
238 1051 299 1088 vel
321 1050 473 1088 habens
489 1049 761 1096 principaliter
779 1049 874 1087 vult.
897 1051 1109 1088 Ostensum
1131 1055 1189 1088 est
1208 1055 1338 1088 autem
1359 1061 1478 1098 supra
1497 1054 1595 1100 (cap.
1611 1056 1673 1102 74)

49 1097 155 1183 1(ξὲιοό
175 1099 280 1182 Βὲιιε
294 1096 563 1144 principaliter
583 1097 667 1134 vult
687 1105 801 1134 suam
822 1097 1051 1135 essentiam.
1070 1098 1149 1136 Sua
1173 1097 1294 1145 igitur
1315 1100 1490 1137 essentia
1510 1105 1570 1138 cst
1587 1102 1673 1148 ejus

101 1145 197 1182 atitu
228 1153 266 1182 o.

97 1192 242 1237 Adhuc,
264 1190 540 1238 unusquisque
560 1191 602 1228 in
621 1191 909 1228 beatitudinem
945 1201 1060 1229 suam
1082 1191 1239 1230 ordinat
1258 1192 1448 1240 quicquid
1464 1193 1560 1231 vult.
1583 1195 1675 1239 Ipsa

51 1239 157 1277 enim
177 1242 238 1277 est
257 1247 344 1286 quae
363 1242 522 1285 propter
541 1238 648 1276 aliud
667 1247 748 1276 non
767 1239 1029 1283 desideratur,
1051 1242 1089 1277 et
1109 1239 1157 1276 ad
1178 1249 1295 1285 quam
1318 1241 1554 1278 terminatur
1585 1250 1671 1278 mo-

50 1289 115 1324 tus
135 1285 320 1324 desiderii
341 1294 463 1323 unum
485 1289 645 1332 propter
664 1286 771 1323 aliud
793 1286 1073 1331 desiderantis,
1090 1295 1139 1324 ne
1163 1288 1215 1323 sit
1229 1286 1424 1325 infinitus.
1443 1288 1674 1335 Cumigitur

51 1334 155 1371 Deus
175 1333 310 1370 omnia
330 1332 408 1370 alia
439 1333 534 1370 velit
566 1337 725 1379 propter
755 1342 869 1371 suam
901 1333 1132 1377 bonitatem,
1153 1343 1240 1380 quae
1275 1338 1335 1371 est
1369 1344 1444 1372 sua
1481 1336 1672 1379 essentia,

55 1383 210 1428 oportet
223 1380 329 1428 quod
342 1380 440 1426 ipse,
453 1380 556 1417 sicut
570 1383 630 1417 est
645 1389 718 1418 sua
731 1381 904 1418 essentia
920 1384 957 1417 et
970 1389 1043 1418 sua
1057 1380 1228 1425 bonitas,
1239 1380 1294 1417 ita
1308 1381 1360 1418 sit
1374 1391 1447 1419 sua
1457 1381 1673 1420 beatitudo.

100 1429 292 1469 Praeterea,
316 1427 395 1464 duo
416 1435 572 1464 summa
589 1427 696 1465 bona
713 1436 802 1465 esse
818 1431 878 1465 est
892 1427 1154 1473 impossibile.
1171 1428 1210 1464 Si
1230 1428 1334 1465 enim
1353 1429 1502 1476 aliquid
1520 1430 1675 1476 utrique

53 1474 223 1519 deesset,
254 1474 360 1521 quod
390 1474 555 1511 alterum
590 1474 766 1519 haberet,
788 1479 972 1511 neutrum
999 1484 1197 1512 summum
1233 1479 1271 1511 et
1302 1476 1519 1521 perfectum
1554 1481 1674 1514 esset.

53 1523 158 1559 Deus
179 1524 309 1558 autem
329 1524 517 1558 ostensus
532 1524 593 1558 est
622 1529 742 1568 supra
762 1530 963 1558 summum
995 1521 1158 1559 bonum.
1192 1523 1399 1560 Beatitudo
1421 1523 1539 1560 etiam
1568 1533 1676 1560 sum-

53 1577 162 1606 mum
179 1568 329 1605 bonum
347 1567 570 1605 ostenditur
590 1576 679 1605 esse
700 1578 748 1605 ex
768 1568 842 1605 hoc
858 1568 963 1615 quod
979 1572 1039 1605 est
1055 1569 1220 1605 ultimus
1233 1568 1324 1606 finis
1340 1582 1348 1606 :
1363 1579 1456 1617 ergo
1471 1570 1674 1607 beatitudo

53 1617 212 1710 ehDefS
232 1618 326 1653 sunt
345 1614 465 1653 idem.
487 1615 552 1653 Est
573 1614 695 1661 igitur
716 1616 820 1652 Deus
841 1624 914 1652 sua
932 1615 1149 1653 beatitudo.
1171 1615 1202 1663 (I
1224 1619 1341 1662 part„
1364 1627 1402 1664 q.
1420 1625 1515 1663 Lxu,
1537 1621 1609 1655 art.
1637 1620 1674 1663 2,

715 1806 882 1849 CAPUT
928 1807 1010 1849 CII.

200 1899 303 1957 QUOD
334 1921 477 1952 DIVINA
501 1921 721 1952 BEATITUDO
746 1922 1051 1952 PERFEGTISSIMA
1075 1922 1147 1952 EST
1170 1922 1382 1959 OMNEMQUE
1409 1924 1533 1955 ALIAM

639 1980 929 2010 BEATITUDINEM
947 1980 1127 2012 EXGEDIT.

98 2083 271 2122 Ulterius
289 2086 421 2122 autem
432 2083 710 2130 expraemissis
729 2083 973 2122 considerari
985 2084 1382 2130 potestbeatitudinis
1396 2085 1539 2124 divinae
1550 2086 1674 2125 excel·

50 2132 185 2170 lentia.
203 2131 472 2178 Quantoenim
482 2131 631 2178 aliquid
641 2132 903 2178 propinquius
921 2132 1675 2180 estbeatitudini,tantoperfectiusbea-

49 2182 133 2216 tum
155 2181 228 2216 est.
250 2177 358 2216 Unde
378 2181 416 2215 et
435 2178 493 2216 sic
513 2178 659 2225 aliquis
678 2182 838 2225 propter
857 2187 968 2225 spem
987 2179 1245 2218 beatitudinis
1266 2180 1491 2218 obtinendae
1526 2181 1668 2219 beatus

50 2225 206 2266 dicitur,
221 2225 332 2263 nullo
350 2225 469 2263 modo
489 2234 564 2264 sua
581 2226 784 2263 beatitudo
810 2229 1062 2278 comparatur
1090 2226 1176 2273 ejus
1207 2226 1444 2265 beatitudini
1475 2228 1542 2275 qui
1579 2237 1666 2266 eam

45 2272 128 2319 jam
145 2275 235 2310 actu
251 2275 491 2310 consecutus
510 2276 583 2310 est.
606 2273 992 2319 propinquissimum
1013 2276 1143 2311 autem
1154 2274 1472 2320 estbeatitudini,
1490 2275 1596 2321 quod
1607 2278 1668 2312 est

49 2320 138 2366 ipsa
156 2318 372 2364 beatitudo,
391 2319 498 2367 quod
517 2319 565 2357 de
586 2321 667 2358 Deo
691 2323 899 2358 ostensum
919 2323 980 2358 est
999 2319 1099 2368 (cap.
1118 2321 1213 2368 ¹01).
1234 2322 1322 2368 Ipse
1350 2324 1410 2359 est
1438 2321 1561 2368 igitur
1586 2322 1669 2359 sin-

50 2365 240 2414 gulariter
257 2365 429 2412 perfecte
449 2365 602 2405 beatus.

95 2413 196 2458 Item,
216 2421 306 2450 cum
326 2413 535 2451 delectatio
553 2423 601 2451 ex
621 2421 755 2452 amore
773 2417 973 2455 causetur,
992 2417 1036 2452 ut
1053 2417 1263 2452 ostensum
1283 2419 1356 2459 est,
1378 2415 1445 2452 ubi
1467 2418 1526 2452 est
1541 2414 1669 2462 major

48 2468 175 2505 amor,
197 2462 237 2497 et
254 2459 381 2507 major
398 2459 606 2498 delectatio
624 2461 666 2497 in
676 2461 959 2499 consecutione
974 2461 1108 2498 amati.
1125 2461 1196 2499 Sed
1211 2461 1536 2509 unumquodque,
1555 2466 1670 2500 caete·

49 2506 105 2545 ris
136 2506 314 2554 paribus,
338 2505 429 2553 plus
456 2515 500 2544 se
525 2510 632 2544 amat
656 2516 774 2555 quam
802 2508 951 2554 aliquid
983 2508 1118 2552 aliud;
1141 2508 1255 2555 cujus
1282 2509 1444 2555 signum
1472 2513 1532 2547 est
1566 2509 1673 2555 quod

48 2557 198 2601 quanto
234 2552 386 2602 aliquid
434 2555 496 2591 est
538 2553 657 2591 alicui
701 2555 965 2601 propinquius
988 2582 1000 2599 ,
1042 2554 1171 2601 magis
1227 2555 1461 2593 naturaliter
1501 2559 1671 2594 amatur.

48 2601 144 2639 Plus
177 2600 301 2648 igitur
319 2600 537 2638 delectatur
555 2601 660 2638 Deus
678 2599 721 2638 in
753 2609 828 2639 sua
856 2600 1115 2646 beatitudine,
1135 2609 1224 2649 quae
1254 2605 1316 2640 est
1344 2602 1528 2649 ipsemet,
1552 2611 1672 2650 quam

48 2647 117 2685 alii
149 2647 254 2686 beati
271 2647 314 2685 in
336 2647 595 2693 heatitudine,
622 2656 710 2694 quae
728 2656 810 2685 non
830 2651 904 2692 est,
926 2648 1032 2700 quod
1054 2647 1133 2695 ipsi
1154 2650 1261 2688 sunt.
1282 2649 1407 2697 Magis
1427 2649 1551 2698 igitur
1570 2650 1675 2689 desi·

49 2694 204 2732 derium
224 2694 293 2732 Dei
313 2694 484 2743 quiescit
503 2697 542 2733 et
559 2694 772 2741 perfectior
791 2698 851 2732 est
869 2694 1087 2733 beatitudo.

92 2742 284 2784 Praeterea,
305 2741 412 2791 quod
432 2749 502 2788 per
520 2741 737 2779 essentiam
757 2745 832 2786 est,
851 2742 986 2787 potius
1005 2744 1067 2780 est
1085 2750 1134 2780 eo
1164 2742 1272 2790 quod
1300 2751 1371 2790 per
1402 2743 1674 2791 participatio·

48 2795 140 2826 nem
160 2788 330 2834 dicitur;
351 2789 457 2827 sicut
475 2791 618 2826 natura
635 2788 742 2835 ignis
763 2788 977 2841 perfectius
997 2788 1199 2827 invenitur
1216 2790 1260 2827 in
1280 2790 1370 2837 ipso
1388 2790 1482 2838 igne
1498 2800 1616 2838 quam
1631 2791 1673 2828 in

48 2834 168 2873 rebus
187 2835 341 2883 ignitis.
361 2836 467 2874 Deus
487 2838 618 2873 autem
639 2844 709 2881 per
728 2839 943 2873 essentiam
967 2844 1082 2875 suam
1101 2836 1242 2875 beatus
1261 2841 1335 2884 est,
1357 2838 1464 2885 quod
1483 2838 1583 2876 nulli
1604 2838 1672 2876 alii

48 2885 271 2930 competere
305 2885 450 2932 potest.
472 2882 579 2923 Nihil
605 2882 711 2922 enim
729 2882 837 2921 aliud
860 2885 1002 2932 praeter
1031 2883 1165 2934 ipsum
1190 2887 1323 2933 potest
1352 2893 1442 2924 esse
1472 2892 1673 2924 summum
