1894 3223
203 95 250 130 78
817 91 905 128 LtB.
932 91 960 130 I,
989 91 1090 126 CAP.
1119 92 1230 126 LXXI.

207 175 351 212 dicitur
383 174 528 217 bonus,
576 172 681 219 quod
712 181 847 207 verum
882 172 1102 218 cognoscit.
1135 174 1278 209 Verum
1313 177 1443 209 autem
1474 181 1556 209 non
1600 173 1731 212 solum
1761 179 1821 212 est

207 222 355 259 bonum
388 230 476 258 esse
510 220 673 263 bonurn,
695 218 764 255 sed
804 218 921 255 etiam
949 219 1097 255 malum
1132 228 1221 256 esse
1242 219 1403 256 malum.
1427 219 1536 257 Sicut
1554 220 1660 257 enim
1684 231 1820 259 verum

209 272 268 305 est
304 277 392 305 esse
421 266 525 314 quod
554 269 627 309 est,
648 265 703 301 ita
733 274 867 301 verum
887 268 947 302 est
977 275 1055 302 non
1079 275 1167 303 esse
1198 266 1303 312 quod
1319 276 1399 303 non
1431 271 1503 304 est.
1525 267 1675 304 Bonum
1699 268 1822 314 igitur

210 315 434 352 intellectus
470 313 586 349 etiam
617 312 657 348 in
694 312 922 358 cognitione
955 313 1048 349 mali
1082 313 1278 357 consistit,
1301 313 1370 350 sed
1403 323 1492 350 cum
1526 314 1684 352 divinus
1711 316 1822 353 intel-

209 362 336 399 lectus
358 362 410 397 sit
429 360 626 405 perfectus
646 358 837 403 bonitate,
860 368 941 396 non
962 363 1092 405 potest
1106 360 1163 396 illi
1184 360 1322 397 deesse
1340 360 1472 407 aliqua
1492 361 1820 400 intellectualium

207 408 510 456 perfectionum.
532 405 650 442 Adest
671 405 792 452 igitur
812 406 869 442 illi
891 407 1085 443 malorum
1109 408 1298 453 cognitio.

254 455 435 499 Amplius,
467 452 810 507 Detffiaecognoscit
851 462 982 489 rerum
1031 453 1350 498 distinctionem,
1385 458 1428 491 ut
1466 464 1585 501 supra
1625 455 1724 502 (cap.
1762 456 1820 503 50)

209 506 415 538 ostensum
446 503 505 536 est
525 501 535 536 2'
556 499 625 536 sed
645 499 687 535 in
717 500 868 536 ratione
902 499 1171 537 distinctionis
1204 505 1263 538 est
1295 502 1479 547 negati03
1503 502 1689 539 distincta
1716 503 1822 539 enim

210 551 302 585 sunt
334 556 502 593 quorum
531 555 655 583 unum
688 555 769 583 non
790 550 850 583 est
881 546 1002 591 aliud,
1030 547 1133 583 unde
1164 551 1201 584 et
1230 548 1358 593 prima
1389 558 1475 595 quae
1509 549 1654 594 seipsis
1681 549 1822 586 distin-

208 598 398 641 guuntur,
430 597 567 630 mutuo
589 593 651 630 sui
683 594 935 639 negationem
963 593 1184 637 includunt,
1220 595 1373 631 ratione
1391 596 1505 642 cujus
1528 596 1720 642 negativae
1737 605 1824 642 pro-

208 641 432 687 positiones
465 640 506 676 in
528 641 586 678 eis
614 644 707 677 sunt
727 640 966 684 immediate,
987 644 1029 676 ut
1050 653 1069 672 «
1096 641 1207 678 nulla
1235 642 1436 687 quantitas
1457 646 1517 679 est
1544 643 1821 680 substantia».

210 688 422 735 Cognoscit
442 687 563 734 igitur
596 689 699 723 Deus
737 687 1002 733 negationem.
1026 687 1194 724 privatio
1225 692 1355 724 autem
1374 690 1532 735 negatio
1561 690 1739 736 quaedam
1763 694 1824 727 est

208 735 248 772 in
281 735 458 780 subjecto
480 735 752 778 determinato,
770 738 810 770 ut
831 734 871 769 in
893 738 1032 780 quarto
1055 735 1213 779 Metaph.
1236 734 1340 782 (text.
1363 745 1506 772 comm.
1529 736 1564 782 4)
1585 737 1820 774 ostenditur.

207 782 398 828 Agnoscit
430 781 551 827 igitur
592 781 863 827 privationem,
885 786 920 816 et
950 790 1019 826 per
1050 790 1301 828 consequens
1318 782 1480 827 malum,
1501 783 1606 829 quod
1635 784 1735 820 nihil
1764 787 1824 821 est

210 829 317 865 aliud
340 838 455 874 quam
474 829 640 873 privatio
662 828 802 864 debitae
824 828 1092 873 perfectionis.

255 877 446 919 Praeterea,
461 875 494 911 si
509 877 613 911 Deus
633 875 839 921 cognoscit
860 884 1000 912 ornnes
1016 874 1168 920 species
1184 885 1329 920 rerum,
1347 879 1521 922 utsupra
1537 875 1694 923 (cap.49
1710 881 1746 913 et
1762 877 1822 925 50)

208 922 415 968 probatum
442 925 513 966 est,
533 926 567 958 et
590 922 707 958 etiam
729 932 751 958 a
771 921 1006 968 quibusdam
1028 922 1279 968 philosophis
1296 923 1538 965 conceditur,
1562 927 1600 960 et
1619 924 1822 970 probatur,

210 973 364 1015 oportet
384 969 487 1015 qnod
509 972 726 1015 cognoscat
746 969 954 1012 contraria,
971 973 1053 1005 tum
1069 969 1159 1016 quia
1181 970 1443 1016 quorumdam
1459 979 1648 1017 generum
1668 972 1822 1017 species

211 1020 302 1053 sunt
335 1016 554 1055 contrariae,
578 1020 659 1052 tum
687 1016 778 1062 qnia
813 1015 1044 1052 differentiae
1076 1026 1265 1062 generum
1290 1021 1382 1053 sunt
1403 1018 1624 1062 contrariae,
1654 1023 1694 1054 ut
1719 1022 1823 1064 patet

210 1063 251 1100 in
264 1063 419 1099 decimo
431 1064 591 1108 Metaph.
618 1063 723 1109 (text.
740 1072 883 1100 comm.
909 1062 984 1109 13);
1011 1063 1079 1099 sed
1102 1063 1143 1099 in
1161 1064 1370 1101 contrariis
1394 1064 1609 1101 includitur
1623 1066 1822 1111 oppositio

213 1110 350 1147 formae
381 1113 418 1146 et
446 1110 692 1155 privationis,
716 1113 759 1146 ut
790 1109 934 1154 ibidem
969 1110 1146 1155 habetur,
1181 1120 1274 1157 ergo
1296 1115 1448 1157 oportet
1484 1112 1589 1158 quod
1621 1114 1725 1149 Deus
1757 1122 1822 1150 co-

210 1160 380 1204 gnoscat
400 1157 673 1202 privationem,
697 1160 733 1193 et
754 1167 822 1202 per
845 1165 1095 1203 consequens
1116 1158 1277 1194 malum.

258 1204 402 1248 Adhuc,
424 1205 526 1240 Deus
563 1204 770 1250 cognoscit
802 1213 881 1240 non
922 1204 1049 1240 solum
1082 1203 1262 1250 sormam,
1289 1204 1358 1241 sed
1390 1204 1508 1242 etiam
1540 1205 1759 1251 materiam,
1782 1209 1825 1243 ut

213 1259 335 1296 supra
369 1250 468 1297 (cap.
492 1250 549 1297 65)
581 1255 785 1287 ostensum
819 1254 892 1287 est,
926 1251 1085 1287 Materia
1107 1256 1250 1296 autem,
1280 1261 1369 1288 cum
1396 1252 1448 1288 sit
1467 1261 1538 1289 ens
1560 1253 1600 1288 in
1627 1253 1821 1299 potentia,

212 1298 403 1342 cognosci
446 1298 617 1344 perfecte
659 1307 739 1334 non
784 1301 937 1343 potest,
990 1298 1067 1334 nisi
1111 1304 1376 1344 cognoscatur
1414 1299 1461 1335 ad
1511 1309 1597 1345 quae
1646 1300 1730 1345 ejus
1781 1309 1823 1337 se

213 1344 388 1382 extendit
410 1373 419 1388 ,
460 1345 563 1381 sicut
606 1344 721 1381 etiam
772 1345 812 1380 in
854 1344 1039 1381 omnibus
1086 1345 1176 1382 aliis
1219 1345 1406 1390 potentiis
1446 1346 1602 1383 accidit.
1643 1347 1825 1383 Extendit

212 1395 341 1428 autem
391 1400 433 1428 se
477 1391 652 1438 potentia
694 1391 867 1428 materiae
900 1391 948 1428 ad
989 1392 1153 1428 sormam
1201 1396 1238 1428 et
1268 1393 1542 1438 privationem.
1575 1394 1687 1437 Quod
1715 1394 1821 1430 enim

210 1441 475 1484 potest-esse,
510 1441 639 1483 potest
668 1438 783 1474 ctiam
817 1447 895 1474 non
931 1447 1033 1475 esse.
1066 1440 1166 1485 Ergo
1189 1440 1292 1476 Deus
1311 1439 1518 1486 cognoscit
1545 1441 1822 1486 privationem,

211 1488 249 1521 et
270 1485 327 1520 sic
348 1485 555 1531 cognoscit
576 1495 642 1530 per
659 1494 910 1531 consequens
931 1485 1093 1522 malum.

255 1532 357 1577 Item,
377 1532 411 1568 si
430 1533 534 1568 Deus
556 1532 764 1577 cognoscit
784 1532 931 1577 aliquid
954 1532 1062 1568 aliud
1079 1542 1101 1568 a
1117 1541 1173 1575 se,
1207 1533 1376 1569 maxime
1398 1537 1613 1580 cognoscet
1633 1535 1739 1580 quod
1762 1538 1823 1572 est

211 1577 415 1624 optimum.
452 1580 532 1615 Hoc
552 1582 681 1616 autem
715 1582 773 1615 est
793 1579 890 1615 ordo
918 1579 1106 1624 universi,
1127 1579 1175 1616 ad
1209 1589 1325 1626 quem
1347 1580 1449 1617 sicut
1477 1581 1524 1617 ad
1546 1580 1663 1617 finem
1689 1581 1824 1619 omnia

209 1625 465 1672 particularia
495 1625 601 1662 bona
631 1626 876 1663 ordinantur.
908 1628 949 1662 ln
982 1626 1119 1663 ordine
1153 1630 1283 1663 autem
1318 1627 1491 1664 universi
1513 1632 1606 1665 sunt
1627 1629 1821 1674 quaedam,

210 1682 297 1719 quae
319 1677 413 1709 sunt
445 1673 492 1709 ad
514 1673 794 1709 removendum
830 1678 1080 1718 nocumenta,
1101 1683 1187 1720 quae
1220 1678 1385 1719 possent
1405 1685 1450 1711 ex
1475 1675 1711 1722 quibusdam
1733 1676 1822 1713 aliis

209 1720 431 1765 provenire,
454 1724 496 1756 ut
516 1723 619 1765 patet
639 1720 679 1756 in
712 1720 773 1756 his
794 1730 880 1766 quae
902 1720 1044 1757 dantur
1075 1720 1314 1758 animalibus
1333 1721 1380 1758 ad
1405 1721 1692 1760 defensionem.
1722 1725 1822 1770 Ergo

211 1766 439 1810 hujusmodi
462 1770 701 1803 nocumenta
722 1769 825 1803 Deus
850 1767 1069 1813 cognoscit.
1091 1768 1302 1814 Cognoscit
1322 1768 1443 1814 igitur
1469 1769 1584 1806 mala.

256 1814 447 1858 Praeterea,
469 1814 509 1849 in
531 1813 647 1850 nobis
681 1813 873 1850 malorum
895 1814 1071 1860 cognitio
1098 1823 1301 1861 nunquam
1320 1817 1575 1862 vituperatur,
1598 1817 1817 1854 secundum

209 1858 248 1896 id
271 1859 374 1905 quod
392 1869 461 1905 per
481 1870 523 1896 se
551 1860 726 1897 scientiae
753 1864 825 1904 est,
860 1861 897 1897 id
920 1865 979 1897 est
998 1861 1217 1898 secundum
1234 1861 1429 1907 judicium
1450 1863 1556 1910 quod
1584 1863 1750 1900 habetur
1770 1864 1816 1901 de

211 1907 342 1950 malis,
366 1906 435 1943 sed
467 1916 535 1952 per
554 1907 753 1951 accidens,
781 1908 998 1945 secundnm
1021 1908 1124 1955 quod
1146 1918 1215 1954 per
1231 1909 1425 1946 malorum
1455 1910 1815 1947 considerationem

209 1952 407 1990 interdum
438 1954 583 2001 aliquis
604 1954 651 1990 ad
681 1954 784 1991 mala
814 1954 1039 1992 inclinatur.
1077 1956 1157 1992 Hoc
1187 1960 1317 1993 autem
1350 1965 1430 1993 non
1451 1960 1511 1993 est
1538 1957 1578 1992 in
1608 1959 1702 2002 Deo,
1725 1957 1819 2003 quia

210 2000 470 2037 immutabilis
503 2005 575 2046 est,
604 2005 646 2038 ut
676 2010 796 2047 supra
819 2001 918 2048 (cap.
945 2002 1000 2049 13)
1029 2005 1235 2039 ostensum
1273 2006 1346 2040 est.
1367 2003 1473 2040 Nihil
1496 2004 1617 2050 igitur
1635 2004 1819 2050 prohihet

210 2047 306 2094 quin
328 2049 433 2084 Deus
454 2048 600 2085 malum
620 2052 850 2094 cognoscat.

258 2094 354 2130 Huic
386 2098 514 2131 autem
534 2099 729 2132 consonat
767 2096 871 2142 quod
895 2095 1051 2141 dicitur,
1082 2097 1185 2142 Sap„
1206 2105 1277 2141 vn,
1299 2099 1358 2142 30,
1381 2097 1486 2144 quod
1508 2097 1575 2134 Dei
1600 2099 1819 2143 sapientiam

208 2151 280 2177 ηοη
297 2142 412 2176 vincit
429 2143 596 2185 mcclitz'a3
619 2144 746 2187 Prov.‚
767 2146 906 2188 XV,11,
929 2143 1095 2180 dicitur:
1119 2145 1287 2187 Infernas
1308 2147 1339 2179 et
1355 2145 1513 2190 perditio
1531 2147 1819 2189 coramDomz'n05

210 2191 247 2224 et
267 2188 305 2223 in
329 2190 392 2224 Ps.
426 2197 564 2233 vam,
585 2192 604 2226 6
628 2201 635 2225 :
663 2190 800 2225 Delicta
819 2201 898 2226 mea
918 2201 941 2226 a
975 2193 1007 2226 te
1034 2201 1105 2226 non
1140 2195 1225 2226 sunt
1256 2192 1486 2234 abscondam
1519 2195 1556 2227 et
1573 2191 1658 2235 Job,
1686 2200 1740 2236 xi,
1764 2195 1819 2236 11,

209 2234 382 2316 digitur?
403 2235 483 2281 Ipse
501 2237 594 2272 enim
607 2238 706 2271 novit
725 2237 906 2272 hominum
925 2238 1135 2282 vanitatem,
1157 2241 1189 2272 et
1207 2238 1332 2273 videns
1352 2240 1580 2283 iniquitatem
1603 2249 1720 2274 nonne
1739 2249 1820 2275 con-

207 2284 258 2318 sic
270 2285 368 2317 erat.

257 2328 467 2366 Sciendum
488 2332 618 2366 autem
652 2329 757 2376 quod
777 2329 880 2366 circa
914 2330 1182 2376 cognitionem
1204 2330 1296 2368 mali
1330 2335 1367 2368 et
1382 2332 1615 2377 privationis
1644 2332 1758 2369 aliter
1777 2341 1820 2369 se

208 2375 326 2413 habet
346 2376 570 2414 intellectus
591 2376 763 2422 divinus,
785 2380 900 2423 atque
922 2377 1035 2414 aliter
1055 2378 1279 2415 intellectus
1300 2382 1449 2416 noster.
1476 2380 1573 2416 Nam
1594 2389 1683 2416 cum
1704 2379 1819 2416 intel-

207 2421 333 2460 lectus
349 2427 486 2460 noster
502 2432 572 2469 per
583 2423 764 2470 singulas
784 2423 937 2470 species
957 2425 1137 2470 proprias
1159 2429 1375 2471 eognoscat
1393 2429 1431 2462 et
1451 2425 1640 2470 diversas,
1658 2425 1695 2462 id
1713 2426 1818 2473 quod

208 2473 268 2507 est
287 2470 326 2506 in
350 2474 452 2515 actu,
474 2472 683 2517 cognoscit
701 2481 770 2517 per
787 2471 958 2517 speciem
980 2472 1282 2519 intelligibilem,
1305 2482 1374 2518 per
1393 2483 1509 2519 quam
1531 2472 1574 2509 fit
1590 2473 1814 2509 intellectus

207 2515 248 2552 in
271 2520 374 2554 actu.
397 2517 504 2554 Unde
525 2521 563 2554 et
592 2518 808 2563 potentiam
839 2527 1081 2565 cognoscere
1116 2523 1256 2565 potest,
1277 2520 1318 2556 in
1350 2524 1538 2567 quantum
1568 2520 1607 2556 in
1642 2519 1819 2564 potentia

208 2562 257 2599 ad
289 2564 406 2600 talem
440 2564 612 2610 speciem
642 2565 879 2613 quandoque
912 2575 954 2603 se
986 2566 1115 2610 habet,
1144 2570 1186 2603 ut
1217 2567 1320 2604 sicut
1351 2570 1479 2603 actum
1520 2566 1728 2613 cognoscit
1747 2575 1817 2612 per

208 2612 352 2649 actum,
375 2610 429 2648 ita
449 2611 565 2648 etiam
584 2613 798 2656 potentiam
819 2622 886 2659 per
905 2613 1120 2659 potentiam
1142 2617 1371 2661 cognoscat.
1389 2615 1431 2650 Et
1452 2612 1543 2660 quia
1564 2613 1739 2658 potentia
1755 2616 1816 2650 est

209 2655 256 2708 de
273 2657 424 2694 ratione
455 2658 687 2703 privationis
712 2659 818 2706 (nam
841 2660 1005 2706 privatio
1026 2664 1086 2698 est
1103 2661 1262 2708 negatio
1283 2660 1396 2707 cujus
1415 2659 1635 2706 subjectum
1655 2663 1714 2696 est
1742 2668 1815 2697 ens

208 2711 249 2738 in
281 2703 483 2751 potentia),
529 2705 708 2751 sequitur
740 2707 842 2754 quod
885 2707 1099 2744 intellectui
1132 2711 1268 2745 nostro
1301 2710 1497 2753 competat
1526 2706 1658 2753 aliquo
1698 2706 1816 2744 modo

207 2758 450 2796 cognoscere
481 2751 740 2796 privationem
773 2754 813 2790 in
846 2758 1035 2800 quantum
1068 2759 1128 2792 est
1158 2759 1274 2792 natus
1304 2763 1392 2790 esse
1428 2753 1468 2789 in
1502 2754 1687 2799 potentia.
1708 2754 1815 2790 Licet

209 2796 326 2833 etiam
348 2796 423 2833 dici
437 2797 564 2842 possit
583 2799 686 2844 quod
708 2809 753 2835 ex
765 2799 851 2845 ipsa
872 2802 1098 2847 cognitione
1113 2805 1224 2838 actus
1242 2800 1419 2847 sequitur
1435 2800 1611 2846 cognitio
1629 2801 1814 2846 potentiae

208 2845 247 2880 et
263 2843 512 2891 privationis,
531 2844 755 2883 intellectus
773 2851 903 2884 autern
924 2849 1096 2893 divinus,
1118 2848 1184 2896 qui
1209 2847 1319 2884 nullo
1339 2845 1458 2885 modo
1477 2851 1537 2885 est
1561 2847 1604 2885 in
1622 2847 1814 2895 potentia,
