1894 3223
159 131 228 165 220
721 147 723 149 ·
743 128 831 164 ΜΒ.
859 128 906 180 ¹,¹=
933 127 1034 181 cAP.
1058 128 1202 183 ‚Lxxxr

161 210 315 247 animas
337 210 540 253 separatas
560 210 649 244 actu
682 207 873 245 exsistere
893 206 1092 254 infinitas,
1113 217 1202 246 esse
1228 209 1335 246 enim
1363 208 1562 246 infinitum
1591 213 1695 256 actu,
1729 211 1772 248 in

161 257 224 293 his
246 264 332 300 quae
350 263 431 290 non
449 253 594 290 liabent
609 254 657 290 ad
676 254 844 291 invicem
866 255 1059 301 ordinem,
1081 259 1142 293 est
1156 264 1245 293 esse
1258 255 1456 292 infinitum
1475 265 1543 302 per
1561 257 1767 302 accidens;

160 302 265 349 quod
286 310 432 344 ponere
450 309 530 337 non
552 304 732 346 reputant
752 301 1058 347 inconveniens;
1076 305 1114 339 et
1133 306 1194 340 est
1213 302 1360 348 positio
1374 303 1582 340 Avicennae
1604 307 1641 340 et
1658 304 1774 351 Alga-

159 348 269 385 zelis.
292 347 392 391 Quid
413 351 543 384 autem
565 347 707 384 horum
726 347 957 386 Aristoteles
973 349 1157 393 senserit,
1176 349 1223 386 ab
1256 358 1303 386 eo
1336 358 1523 395 expresse
1552 359 1633 386 non
1663 351 1772 388 inve-

159 395 279 437 nitur,
313 402 434 440 quum
469 397 601 431 tamen
631 404 816 440 expresse
845 395 982 432 mundi
1010 396 1267 433 aeternitatem
1302 400 1435 442 ponat.
1472 396 1614 434 Ultima
1641 400 1774 435 tamen

158 440 433 487 praedictarum
469 440 704 486 opinionum
736 442 944 488 principiis
971 443 1018 479 ab
1056 452 1103 479 eo
1134 443 1278 489 positis
1316 452 1396 480 non
1434 447 1646 490 repugnat3
1679 453 1773 482 nam

159 487 299 533 probat
317 487 504 533 (Physic.,
526 496 584 531 111,
606 490 698 525 text.
729 498 873 526 comm.
896 491 941 527 40
973 493 1008 526 et
1026 489 1142 534 infra,
1165 493 1203 526 et
1220 492 1271 526 De
1296 491 1378 526 coelo
1392 493 1425 526 et
1448 490 1595 530 mundo,
1627 499 1654 534 Ι,
1676 494 1769 528 text.

158 543 301 571 comm.
325 537 368 570 54
396 537 434 571 et
460 534 577 580 infra)
598 534 798 573 infinitum
822 545 903 572 non
929 545 1018 573 esse
1045 540 1134 573 actu
1166 537 1207 572 in
1237 537 1472 582 corporibus
1503 537 1768 580 naturalibus,

160 589 241 618 non
262 583 393 617 autem
413 581 456 617 in
485 581 721 618 substantiis
753 582 1096 621 immaterialibus.
1119 584 1274 621 Certum
1306 588 1437 621 tamon
1469 587 1530 621 est
1561 584 1666 621 circa
1697 584 1774 622 hoc

161 627 313 664 nullam
345 626 617 666 difficultatem
647 628 725 675 pati
765 629 970 666 catholicae
997 629 1088 667 fidei
1122 630 1385 676 professores,
1419 631 1485 678 qui
1515 631 1773 668 aeternitatem

158 674 294 713 mundi
316 683 397 711 non
417 678 584 720 ponunt.

205 723 292 758 Non
320 725 380 758 est
400 722 515 758 etiam
545 722 814 759 necessarium
845 723 963 770 quod,
986 723 1019 759 si
1042 723 1175 760 anima
1194 726 1339 766 manet,
1362 733 1527 771 corpore
1554 724 1773 770 destructo,

158 768 277 805 fuerit
297 768 330 804 ei
352 768 647 806 accidentaliter
673 769 795 813 unita,
816 774 859 806 ut
878 773 1018 816 quarta
1037 770 1137 807 ratio
1157 770 1431 807 concludebat.
1452 770 1644 808 Accidens
1666 772 1775 809 enim

159 815 395 852 describitur
424 816 529 863 quod
561 820 691 861 potest
722 817 862 854 adesse
882 817 942 853 vel
963 816 1104 854 abesse
1137 820 1275 863 praeter
1294 818 1588 863 corruptionem
1607 818 1774 865 subjecti

159 863 369 908 compositi
389 872 436 899 ex
456 863 619 900 materia
642 867 679 900 et
699 863 849 908 forma;
872 864 905 901 si
927 867 1058 901 autem
1080 864 1270 901 referatur
1281 863 1329 901 ad
1349 863 1543 910 principia
1562 866 1774 910 compositi

159 909 486 955 subjecti,verum
510 919 590 946 non
606 910 818 948 invenitur.
840 912 1000 947 Constat
1021 911 1126 947 enim
1145 911 1348 948 materiam
1370 911 1537 957 primam
1551 911 1771 958 ingenitam

158 960 195 993 et
216 957 554 1002 incorruptibilem
577 966 679 1002 esse,
698 957 1131 1003 utprobatAristoteles
1153 958 1339 1005 (Physic.‚
1360 968 1388 1002 1,
1409 962 1501 994 text.
1524 968 1669 996 comm.
1691 959 1773 1006 82);

158 1003 277 1048 unde,
306 1003 511 1040 recedente
545 1003 684 1045 forma,
710 1009 844 1042 manet
874 1004 915 1041 in
947 1014 1019 1042 sua
1046 1005 1243 1049 essentia3
1265 1008 1496 1042 nontamen
1525 1005 1653 1043 forma
1671 1007 1774 1044 acci-

159 1050 366 1088 dentaliter
397 1051 431 1087 ei
463 1051 687 1095 uniebatur,
711 1052 780 1088 sed
809 1052 1100 1097 essentialiter3
1133 1052 1341 1089 uniebatur
1360 1053 1464 1089 enim
1486 1052 1521 1090 ei
1552 1053 1772 1090 secundum

158 1107 247 1134 esse
268 1106 405 1135 unum.
427 1098 616 1135 Similiter
638 1101 768 1135 autem
787 1099 919 1136 anima
938 1099 1072 1136 unitur
1092 1099 1248 1145 corpori
1269 1099 1489 1137 secundum
1511 1108 1601 1137 esse
1630 1109 1768 1145 unum,

156 1148 201 1181 ut
233 1153 354 1190 supra
375 1144 422 1191 (e.
452 1145 510 1192 68)
537 1149 743 1182 ostensum
762 1149 834 1183 est.
857 1146 976 1190 Unde,
999 1146 1091 1183 licet
1109 1149 1267 1183 maneat
1286 1150 1376 1193 post
1408 1155 1567 1192 corpus,
1589 1147 1773 1185 substan-

154 1191 304 1228 tialiter
335 1195 467 1228 tamen
491 1191 526 1228 ei
554 1192 702 1236 unitur,
724 1201 803 1229 non
840 1192 1146 1230 accidentaliter.
1170 1193 1282 1237 Quod
1310 1196 1440 1230 autem
1461 1194 1627 1231 materia
1645 1194 1773 1240 prima

157 1242 360 1275 remaneat
389 1241 479 1275 actu
512 1242 602 1285 post
637 1239 802 1276 sormam
818 1267 828 1281 ‚
864 1248 945 1277 non
977 1243 1038 1276 est
1070 1240 1148 1277 nisi
1183 1240 1401 1277 secundum
1439 1244 1569 1277 actum
1609 1241 1772 1278 alterius

158 1285 322 1329 formae;
353 1285 486 1322 anima
519 1289 650 1323 autem
682 1286 856 1323 humana
887 1290 1019 1323 manet
1049 1287 1090 1323 in
1123 1289 1211 1323 actu
1246 1287 1383 1324 eodem
1402 1298 1410 1331 ;
1432 1291 1470 1324 et
1500 1296 1548 1324 ex
1573 1287 1649 1325 hoc
1679 1297 1773 1325 con·

157 1331 276 1378 tingit
300 1332 412 1384 ⁸quod
442 1332 575 1369 anima
604 1333 778 1370 humana
811 1336 871 1370 est
899 1333 1026 1370 forma
1062 1337 1100 1370 et
1132 1337 1257 1380 actus,
1281 1334 1445 1371 materia
1479 1338 1610 1371 autem
1647 1336 1774 1381 prima

187 1382 335 1415 otentia
354 1387 440 1416 ens.

156 1389 181 1425 p
205 1426 317 1469 Quod
339 1429 469 1462 autem
490 1425 628 1471 quinta
647 1426 747 1462 ratio
770 1426 1028 1472 proponebat,
1049 1427 1196 1463 nullam
1213 1427 1482 1472 operationem
1512 1437 1631 1473 posse
1651 1438 1775 1465 rema·

158 1481 252 1508 nere
272 1473 312 1508 in
326 1473 472 1516 anima,
494 1472 528 1509 si
550 1482 571 1509 a
589 1481 753 1518 corpore
775 1477 992 1519 separetur,
1010 1473 1180 1510 dicimus
1199 1483 1287 1510 esse
1308 1474 1466 1511 falsum.
1490 1475 1648 1511 Manent
1667 1476 1772 1512 enim

157 1519 410 1564 operationes
429 1519 507 1556 illae
528 1529 614 1566 quae
632 1529 701 1565 per
722 1529 871 1566 organa
891 1530 971 1557 non
993 1524 1248 1564 exercentur;
1272 1520 1500 1566 hujusmodi
1522 1526 1653 1558 autem
1681 1527 1774 1559 sunt

155 1566 379 1613 intelligere
401 1566 560 1603 etvelle.
581 1567 674 1610 Quae
694 1570 823 1604 autem
845 1577 913 1614 per
932 1576 1082 1614 organa
1102 1577 1292 1614 corporea
1306 1571 1550 1612 exercentur,
1567 1568 1775 1606 sicutsunt

157 1615 409 1659 operationes
429 1613 571 1651 animae
589 1614 786 1651 nutritivae
807 1618 844 1651 et
864 1615 1078 1659 sensitivae,
1101 1615 1184 1651 haec
1204 1624 1286 1651 non
1305 1619 1479 1651 manent.

204 1660 414 1698 Sciendum
435 1663 566 1698 tamen
588 1664 646 1698 est
678 1661 782 1708 quod
804 1661 883 1698 alio
903 1662 1022 1698 modo
1053 1662 1240 1708 intelligit
1271 1662 1419 1706 anima,
1440 1666 1621 1708 separata
1650 1672 1673 1700 a
1693 1672 1774 1700 cor-

156 1716 250 1753 pore
267 1711 304 1744 et
328 1708 483 1754 corpori
503 1707 627 1752 unita,
647 1708 750 1745 sicut
767 1712 804 1744 et
828 1708 906 1746 alio
927 1709 1046 1746 modo
1068 1713 1152 1754 est;
1171 1708 1482 1756 unumquodque
1503 1709 1610 1746 enim
1631 1719 1773 1747 secun-

158 1754 250 1790 dum
273 1755 348 1791 hoc
369 1755 450 1801 agit
470 1755 688 1791 secundum
711 1755 813 1801 quod
835 1760 906 1792 est.
930 1758 1024 1793 Esse
1045 1756 1201 1803 quidem
1222 1756 1365 1793 animae
1384 1756 1581 1801 humanae,
1605 1756 1698 1794 dum
1714 1761 1774 1794 est

158 1802 313 1846 corpori
336 1803 460 1845 unita,
483 1802 556 1838 etsi
580 1802 632 1838 sit
660 1802 900 1847 absolutum,
924 1813 947 1839 a
965 1812 1131 1855 corpore
1154 1812 1234 1840 non
1256 1803 1498 1849 dependens,
1520 1807 1652 1840 tamen
1674 1807 1772 1842 stra·
1828 1834 1835 1835 ff

158 1851 334 1884 mentum
358 1848 556 1895 quoddam
577 1849 704 1894 ipsius
726 1853 763 1885 et
781 1850 1001 1896 subjectum
1022 1858 1154 1895 ipsum
1172 1850 1369 1895 recipiens
1390 1853 1450 1886 est
1469 1859 1639 1896 corpus;
1668 1851 1772 1888 unde

157 1898 195 1930 et
233 1898 523 1942 consequenter
560 1896 735 1942 operatio
769 1896 926 1942 propria
965 1896 1063 1943 eJus,
1102 1906 1188 1943 quae
1221 1900 1281 1933 est
1312 1896 1548 1943 intelligere,
1580 1897 1654 1934 etsi
1691 1906 1772 1934 non

158 1941 376 1987 dependeat
396 1952 417 1978 a
435 1951 600 1988 corpore
621 1943 734 1989 quasi
757 1952 824 1989 per
843 1952 1036 1989 organum
1059 1943 1262 1989 corporale
1283 1943 1467 1987 exercita,
1487 1943 1605 1981 babet
1638 1948 1770 1981 tamen

157 1988 352 2034 objectum
384 1989 426 2024 in
458 1998 637 2035 corpore,
659 1989 811 2026 scilicet
843 1990 1103 2036 phantasma3
1136 1990 1253 2036 unde,
1276 1990 1465 2037 quamdiu
1499 1994 1558 2027 est
1579 1991 1712 2028 anima
1731 1992 1772 2028 in

156 2044 335 2081 corpore,
355 2044 434 2073 non
451 2039 582 2082 potest
607 2036 826 2083 intelligere
847 2037 935 2075 sine
956 2038 1243 2083 phantasmate,
1257 2046 1329 2074 nec
1342 2037 1458 2074 etiam
1473 2038 1677 2075 reminisci
1692 2038 1772 2076 nisi

155 2091 226 2128 per
244 2083 426 2119 virtutem
448 2083 700 2130 cogitativam
721 2087 758 2120 et
777 2085 1075 2121 memorativam
1092 2094 1162 2131 per
1184 2093 1301 2131 quam
1323 2084 1603 2130 phantasmata
1622 2094 1772 2132 praepa-

156 2132 306 2173 rantur,
326 2133 367 2166 ut
387 2139 434 2166 ex
455 2130 570 2167 dictis
592 2129 641 2176 (C.
661 2130 722 2177 73)
743 2134 872 2176 patet3
896 2135 932 2168 et
954 2135 1113 2178 propter
1133 2131 1222 2177 hoc,
1244 2131 1466 2178 intelligere
1488 2131 1692 2179 (quantum
1723 2133 1772 2170 ad

155 2175 261 2213 hunc
282 2176 458 2224 modum)
480 2180 518 2214 et
537 2177 721 2214 similiter
751 2178 954 2216 reminisci
983 2178 1212 2223 destruitur,
1240 2187 1404 2225 corpore
1438 2178 1652 2216 destructo.
1676 2181 1772 2218 Esse

154 2232 246 2259 vero
277 2224 418 2260 animae
446 2228 637 2270 separatae
659 2229 719 2262 est
748 2224 823 2271 ipsi
855 2225 931 2262 soli
955 2225 1104 2273 absque
1124 2234 1314 2272 corpore;
1336 2225 1441 2262 unde
1461 2235 1534 2263 nec
1563 2226 1648 2272 ejus
1684 2235 1774 2273 ope-

153 2270 269 2315 ratio,
290 2280 376 2317 quae
398 2274 458 2308 est
477 2271 714 2318 intelligere,
736 2272 956 2318 explebitur
975 2282 1045 2319 per
1063 2276 1286 2319 respectum
1315 2272 1364 2310 ad
1385 2272 1437 2310 ali
1470 2282 1520 2310 ua
1545 2273 1698 2319 objecta
1729 2274 1772 2311 in

153 2318 356 2363 corporeis
380 2318 543 2365 organis
561 2318 807 2363 exsistentia,
830 2329 917 2366 quae
938 2323 1032 2357 sunt
1062 2320 1365 2366 phantasmata;
1389 2329 1431 2357 se
1478 2320 1672 2367 intelliget
1702 2330 1772 2367 per

154 2364 341 2410 seipsam,
356 2374 433 2411 ‘per
450 2365 612 2402 modum
639 2365 951 2403 substantiarum
973 2376 1060 2414 quae
1081 2370 1176 2404 sunt
1204 2366 1377 2404 totaliter
1398 2367 1618 2404 secundum
1640 2376 1730 2404 esse
1748 2377 1772 2405 a

153 2411 387 2457 corporibus
417 2415 621 2459 separatae,
644 2412 690 2450 de
721 2413 866 2461 quibus
887 2414 991 2451 infra
1013 2414 1059 2460 (c.
1083 2413 1225 2460 91-101)
1248 2418 1399 2460 agetur,
1422 2423 1446 2451 a
1477 2414 1622 2461 quibus
1649 2415 1767 2451 etiam

151 2461 340 2505 tanquam
371 2469 395 2496 a
429 2459 719 2506 superioribus,
749 2460 912 2498 uberius
951 2461 1200 2498 influentiam
1239 2461 1412 2507 recipere
1443 2461 1588 2508 poterit
1607 2461 1655 2498 ad
1683 2469 1769 2507 per-

153 2505 298 2543 fectius
317 2506 635 2554 intelligendum.
1648 2553 1655 2560 ,

201 2552 319 2599 Cujus
351 2553 512 2600 signum
544 2554 662 2592 etiam
682 2554 723 2592 in
743 2554 967 2592 viventibus
988 2558 1161 2601 apparet.
1183 2557 1278 2592 Nam
1297 2555 1442 2599 anima,
1466 2554 1767 2606 quando-impc-

154 2598 258 2635 ditur
278 2600 326 2637 ab
347 2601 606 2648 occupatione
627 2602 732 2639 circa
757 2611 901 2648 corpus
922 2603 1138 2648 proprium,
1160 2602 1337 2639 redditur
1355 2601 1524 2639 debilior
1543 2600 1592 2637 ad
1621 2601 1768 2652 intelli-

153 2646 324 2692 gendum
356 2647 490 2696 aliqua
522 2648 688 2694 altiora3
721 2649 825 2686 unde
864 2653 902 2686 et
933 2649 1058 2687 virtus
1087 2650 1370 2695 temperantiae,
1391 2657 1478 2700 quaej
1511 2657 1533 2684 a
1563 2655 1768 2699 corporeis

153 2692 480 2732 delectationibus
495 2696 657 2733 retrahit
670 2696 857 2740 animam,
875 2697 1070 2743 praecipue
1090 2696 1183 2733 facit
1200 2694 1447 2747 honiineshad
1461 2693 1765 2746 intelligendum

153 2742 266 2784 aptos
287 2751 297 2780 ;
336 2740 517 2779 homines
556 2743 674 2780 etiam
713 2743 955 2780 dormientes
977 2772 987 2789 ,
1026 2743 1185 2790 quando
1221 2750 1423 2787 corporeis
1455 2741 1644 2792 sensibus
1665 2750 1766 2793 ‘non

153 2789 317 2838 utuntur
333 2795 406 2823 nec
421 2791 480 2824 est
500 2789 632 2835 aliqua
652 2790 894 2836 perturbatio
911 2791 1124 2828 humorum
1144 2792 1209 2828 aut
1231 2788 1504 2840 fumositatuni
1527 2787 1764 2833 impediens,

152 2833 375 2879 percipiunt
411 2833 457 2871 de
490 2834 647 2880 futuris,
671 2846 719 2874 ex
747 2837 995 2882 superiorum
1028 2836 1304 2883 impressione,
1328 2835 1568 2887 aliqua-quae
1604 2834 1766 2872 modum

152 2879 468 2918 rat³ocinationis
492 2881 675 2920 humanae
696 2885 913 2930 excedunt;
936 2888 974 2921 et
1006 2884 1081 2921 hoc
1104 2883 1226 2922 multo
1247 2882 1374 2928 magis
1396 2883 1539 2920 accidit
1560 2891 1601 2919 in
1620 2890 1764 2931 synco-
