1894 3223
646 54 735 93 LIB.
761 54 827 100 ill,
852 54 955 93 CAP.
984 54 1117 92 LXVII.
1624 56 1693 92 343

69 137 188 184 primi
203 136 375 184 agentis,
391 138 517 182 agunt
544 134 651 174 sicut
674 135 859 182 proprios
877 133 1042 173 effectus
1056 135 1157 174 alias
1175 135 1440 183 perfectiones
1459 143 1547 183 quae
1567 134 1693 172 deter-

69 184 225 224 minant
241 190 345 221 esse.

117 231 308 274 Praeterea,
327 229 434 277 quod
453 231 516 267 est
533 237 604 275 per
621 229 838 266 essentiam
867 229 960 273 tale,
980 233 1042 267 est
1063 229 1221 276 proprie
1239 238 1363 268 causa
1381 229 1468 275 ejus
1496 229 1603 276 quod
1635 233 1695 267 est

71 287 142 324 per
158 276 501 324 participationem
521 275 613 313 tale.
633 275 744 313 Sicut
763 276 869 323 ignis
898 281 959 313 cst
977 286 1100 314 causa
1119 276 1298 314 omnium
1321 276 1553 323 ignitorum.
1591 277 1695 314 Deus

71 328 205 362 autem
222 323 335 361 solus
349 327 499 360 esteris
519 331 590 368 per
608 323 825 361 essentiam
846 331 975 366 suam,
991 323 1127 361 omnia
1144 326 1275 361 autem
1296 323 1375 360 alia
1394 327 1488 361 sunt
1508 323 1614 371 entia
1627 330 1696 369 per

71 370 210 418 partici
242 370 428 408 ationem.
459 371 557 408 Nam
594 369 636 406 in
674 369 763 407 solo
793 371 874 407 Deo
905 379 996 407 esse
1032 374 1094 408 est
1123 378 1199 407 sua
1227 370 1416 407 essentia.
1446 372 1540 407 Esse
1576 370 1697 416 igitur

72 417 217 464 cujusli
248 421 285 455 et
319 417 526 455 existentis
563 419 624 454 est
661 417 846 462 proprius
879 416 1044 455 effectus
1075 416 1176 464 ejus,
1205 417 1261 454 ita
1295 417 1400 468 quod
1439 426 1556 454 omne
1589 416 1696 464 quod

72 464 255 512 producit
276 463 425 512 aliquid
445 464 486 501 in
502 471 606 505 esse,
629 463 705 503 hoc
726 464 820 502 tacit
844 464 884 501 in
905 468 1094 511 quantum
1119 463 1202 511 agit
1220 463 1263 501 in
1279 467 1422 502 virtute
1447 464 1530 502 Dei.

122 512 220 549 Hinc
250 515 312 548 est
342 511 448 558 quod
469 510 627 553 dicitur,
659 512 762 557 Sap.‚
780 519 808 556 1,
828 514 872 548 14
892 522 901 546 z
924 512 1067 548 (Ji-eavit
1084 513 1180 548 Deus
1208 514 1250 547 ut
1286 515 1399 547 essent
1419 514 1553 547 omnia.
1576 512 1619 548 Et
1651 511 1694 548 in

72 557 254 604 pluribus
277 559 487 604 scripturae
518 558 619 596 locis
640 557 796 598 dicitur,
830 558 936 604 quod
956 560 1062 596 Deus
1087 557 1223 597 omnia
1251 557 1419 595 secit.1n
1453 558 1554 595 libro
1575 557 1693 595 etiam

73 607 126 642 De
158 607 277 643 causis
315 605 460 642 dicitur
478 605 584 652 quod
617 614 690 642 nec
724 605 989 650 intelligentia
1016 605 1082 643 dat
1110 613 1201 644 esse
1225 604 1303 643 nisi
1337 604 1380 642 in
1414 609 1606 651 quantum
1632 608 1694 644 est

75 652 223 699 divina,
242 656 281 691 et
300 652 343 735 iq
362 656 554 700 quantum
570 653 653 700 agit
672 652 715 690 in
732 653 875 690 virtute
896 652 1043 690 divina.
1122 654 1125 655 ’

707 799 875 841 CAPUT
914 798 1068 840 LXVII.

293 920 393 953 QUOD
419 919 519 949 DEUS
543 918 614 949 EST
638 919 765 949 CAUSA
790 919 986 949 OPERANDI
1012 917 1180 950 OMNIBUS
1206 918 1483 950 OPERANTIBUS.

127 1031 181 1066 Ex
198 1029 274 1066 hoc
294 1031 425 1066 autem
457 1032 618 1076 apparet
644 1028 750 1075 quod
774 1030 879 1066 Deus
917 1037 1041 1066 causa
1059 1032 1120 1066 est
1152 1028 1341 1066 omnibus
1361 1027 1631 1074 operantibus,
1654 1032 1698 1065 ut

76 1079 308 1122 operentur.
329 1075 454 1113 Omne
491 1075 598 1112 enim
630 1083 804 1121 operans
841 1078 902 1112 est
942 1075 1077 1122 aliquo
1120 1075 1240 1112 modo
1276 1084 1402 1113 causa
1439 1076 1612 1120 essendi,
1633 1076 1695 1112 vel

81 1121 302 1160 secundum
337 1130 430 1160 esse
464 1121 743 1167 substantiale,
781 1121 840 1160 vel
873 1122 1129 1160 accidentale.
1169 1121 1274 1160 Nihil
1309 1126 1441 1160 autem
1476 1126 1538 1159 est
1573 1131 1696 1160 causa

83 1169 244 1207 essendi
265 1169 345 1206 nisi
378 1169 418 1206 in
440 1172 632 1217 quantum
653 1168 736 1216 agit
762 1168 803 1206 in
842 1168 986 1206 virtute
1019 1169 1101 1213 Dei,
1122 1172 1166 1206 ut
1184 1173 1392 1208 ostensum
1420 1173 1481 1207 est
1500 1169 1600 1216 (cap.
1619 1169 1692 1216 66).

85 1217 210 1254 Omne
229 1216 352 1262 igitur
371 1225 556 1262 operans,
574 1220 759 1262 operatur
776 1225 846 1263 per
863 1216 1046 1253 virtutem
1068 1216 1151 1253 Dei.

128 1263 273 1305 Adhuc,
296 1265 430 1301 omnis
461 1264 638 1310 operatio
659 1273 746 1348 guae
775 1264 1034 1310 consequitur
1056 1263 1230 1310 aliquam
1250 1264 1449 1309 virtutem,
1470 1263 1696 1302 attribuitur

84 1311 190 1348 sicut
218 1319 350 1348 causae
380 1310 439 1347 illi
459 1311 517 1348 rei
538 1320 626 1358 quae
687 1311 767 1348 edit
784 1310 894 1348 illam
913 1311 1123 1355 virtutem;
1146 1310 1250 1348 sicut
1285 1312 1412 1349 virtus
1446 1311 1626 1358 gravium
1659 1314 1697 1348 et

84 1358 232 1395 levium
262 1357 458 1395 naturalis
489 1358 748 1405 consequitur
781 1357 949 1395 formam
985 1358 1163 1403 ipsorum
1201 1358 1422 1396 secundum
1464 1357 1571 1404 quod
1602 1361 1696 1395 sunt

83 1405 224 1451 gravia
243 1407 283 1441 et
301 1404 427 1448 levia;
448 1408 487 1441 et
505 1404 595 1442 ideo
614 1413 737 1442 causa
767 1409 900 1442 motus
921 1405 1097 1450 ipsorum
1117 1404 1261 1442 dicitur
1280 1414 1370 1442 esse
1395 1413 1605 1451 generans,
1627 1404 1695 1451 qui

84 1451 192 1488 dedit
209 1451 391 1489 formam.
409 1452 548 1489 Omnis
563 1455 693 1489 autem
710 1452 836 1488 virtus
851 1451 1136 1498 cujuscumque
1157 1451 1312 1498 agentis
1330 1455 1391 1489 est
1409 1461 1432 1489 a
1452 1452 1531 1488 Deo
1551 1451 1656 1488 sicut
1673 1460 1697 1490 a

87 1498 217 1544 primo
248 1498 445 1544 principio
481 1498 751 1545 perfectionis.
789 1500 903 1544 Ergo,
938 1507 1027 1535 cuni
1057 1498 1189 1535 omnis
1218 1499 1396 1544 operatio
1429 1502 1697 1545 consequatur

86 1545 257 1592 aliquam
277 1545 474 1589 virtutem,
495 1549 650 1592 oportet
668 1545 775 1593 quod
795 1545 1006 1591 cujuslibet
1025 1545 1268 1591 operationis
1286 1554 1408 1582 causa
1422 1546 1474 1582 sit
1490 1547 1608 1582 Deus.

132 1593 315 1638 Amplius,
332 1592 586 1630 manifestum
609 1596 670 1630 est
687 1592 809 1639 ·qu0d
830 1592 963 1630 omnis
983 1594 1087 1629 actio
1107 1601 1195 1639 quae
1215 1601 1295 1629 non
1317 1596 1445 1639 potest
1465 1601 1696 1638 permanere

87 1643 270 1677 cessante
290 1639 555 1685 impressione
588 1639 757 1686 alicujus
777 1641 946 1687 agentis,
968 1643 1028 1676 est
1054 1639 1103 1677 ab
1122 1638 1193 1676 illo
1213 1644 1368 1686 agente,
1386 1639 1489 1676 sicut
1509 1639 1695 1677 manifes-

85 1686 184 1723 tatio
204 1685 385 1724 colorum
405 1695 487 1723 non
506 1690 638 1732 potest
657 1695 747 1724 esse
766 1695 950 1724 cessante
964 1686 1120 1723 actione
1140 1686 1240 1724 solis
1254 1696 1341 1733 quae
1358 1695 1488 1723 aerem
1509 1687 1693 1723 illustrat.

86 1732 195 1770 Unde
226 1741 308 1770 non
344 1736 406 1770 est
439 1732 603 1771 dubium
636 1733 731 1781 quin
761 1733 824 1771 sol
857 1734 910 1771 sit
943 1742 1065 1771 causa
1089 1733 1424 1771 manifestationis
1443 1733 1636 1771 colorum.
1654 1735 1698 1770 Et

86 1779 272 1817 similiter
289 1783 396 1826 patet
414 1779 462 1817 de
478 1783 589 1818 motu
606 1779 781 1818 violento
802 1780 869 1828 qui
890 1783 1022 1818 cessat
1038 1784 1220 1817 cessante
1230 1780 1421 1818 violentia
1439 1780 1694 1826 impellentis.

85 1827 196 1864 Sicut
222 1830 353 1864 autem
374 1828 480 1865 Deus
512 1836 593 1865 non
613 1827 746 1866 solum
780 1827 888 1867 dedit
907 1836 997 1865 esse
1018 1827 1136 1864 rebus
1157 1836 1247 1864 cum
1267 1828 1396 1874 primo
1430 1836 1519 1864 esse
1540 1827 1696 1873 incepe-

84 1877 191 1919 runt,
210 1873 281 1911 sed
311 1874 501 1921 quamdiu
529 1878 624 1912 sunt
658 1883 748 1912 esse
776 1874 819 1912 in
850 1874 909 1912 eis
941 1878 1092 1919 causat,
1108 1884 1172 1912 res
1197 1875 1239 1911 in
1259 1883 1350 1913 esse
1378 1882 1634 1919 conservans,
1655 1877 1698 1911 ut

84 1924 294 1958 ostensum
313 1925 376 1958 est
394 1921 494 1968 (cap.
512 1921 587 1969 65),
609 1921 676 1968 ita,
699 1930 781 1959 non
809 1921 941 1959 solum
961 1930 1050 1958 cum
1088 1922 1216 1968 primo
1237 1930 1301 1959 res
1320 1921 1490 1959 conditae
1510 1925 1616 1965 sunt,
1638 1922 1697 1959 eis

85 1968 250 2020 yirtutes
265 1969 487 2015 operativas
506 1968 664 2014 indidit,
679 1969 749 2006 sed
770 1977 926 2016 semper
940 1969 1059 2006 easin
1075 1968 1194 2006 rebus
1213 1972 1351 2006 causat
1369 1981 1377 2006 :
1394 1969 1498 2007 unde
1516 1972 1696 2006 cessante

87 2014 296 2066 influentia
314 2015 449 2067 divina
484 2016 617 2053 omnis
638 2016 815 2062 operatio
851 2019 1038 2054 cessaret.
1061 2015 1200 2054 Omnis
1228 2016 1351 2063 igitur
1382 2016 1440 2054 rei
1460 2016 1636 2062 operatio
1656 2015 1698 2053 iii

87 2070 218 2108 ipsum
232 2061 432 2098 reducitur
452 2062 557 2099 sicut
575 2062 617 2100 in
637 2071 812 2100 causam.
1238 2093 1253 2099 ,⁷

136 2109 237 2153 item,
250 2107 439 2154 quicquid
457 2109 627 2155 applicat
644 2110 827 2147 virtutem
854 2111 1022 2147 activam
1035 2110 1084 2148 ad
1101 2110 1299 2157 agendum
1317 2110 1462 2148 dicitur
1475 2119 1563 2148 esse
1577 2119 1699 2147 causa

87 2154 199 2207 illius
220 2155 403 2207 actionis,
423 2156 571 2193 Artifex
595 2156 715 2196 enim,
738 2156 942 2202 applicans
964 2157 1146 2195 virtutem
1168 2157 1224 2194 rei
1242 2158 1436 2195 naturalis
1456 2158 1505 2194 ad
1526 2157 1699 2204 aliquam

90 2205 302 2247 actionem,
324 2201 468 2239 dicitur
484 2211 573 2240 esse
593 2212 717 2240 causa
734 2203 844 2240 illius
864 2204 1048 2248 actionis,
1068 2204 1170 2242 sicut
1186 2213 1339 2251 coquus
1353 2205 1597 2241 decoctionis
1612 2212 1699 2250 quae

89 2252 246 2300 est-per
264 2248 412 2295 ignem.
433 2249 506 2287 Sed
528 2250 661 2287 omnis
680 2249 893 2296 applicatio
911 2251 1068 2288 virtutis
1102 2251 1152 2289 ad
1171 2252 1442 2298 operationem
1475 2255 1534 2288 est
1552 2250 1697 2296 princi-

82 2295 238 2347 paliter·
254 2299 292 2332 et
319 2296 448 2342 primo
467 2305 492 2333 a
519 2297 617 2334 Deo.
635 2297 892 2343 Applicantur
912 2298 1017 2334 enim
1031 2298 1197 2336 virtutes
1223 2298 1432 2343 operativae
1451 2297 1499 2334 ad
1519 2296 1699 2343 proprias

89 2345 343 2388 operationes
363 2351 433 2388 per
449 2343 619 2390 aliquem
642 2348 793 2381 motum
821 2344 882 2381 vel
903 2345 1095 2390 corporis,
1113 2345 1176 2381 vel
1193 2346 1350 2381 animae.
1373 2344 1545 2381 Primum
1568 2347 1699 2380 autem

88 2389 329 2435 principium
350 2389 558 2436 utriusque
577 2394 710 2428 motus
731 2395 791 2427 est
810 2392 928 2428 Deus.
952 2393 1018 2428 Est
1035 2392 1140 2428 enim
1160 2391 1331 2437 primum
1350 2399 1513 2428 movens
1535 2390 1698 2428 omnino

51 2451 54 2454 ⁴
88 2435 309 2482 immobile,
346 2440 390 2472 ut
424 2445 544 2482 supra
569 2436 653 2484 (lib.
675 2446 703 2481 1,
725 2447 810 2483 cap.
846 2438 904 2484 13)
933 2442 1139 2475 ostensum
1177 2441 1250 2475 est.
1271 2438 1459 2475 Similiter
1493 2441 1530 2474 et
1568 2437 1698 2474 omnis

89 2486 224 2520 motus
259 2482 476 2520 voluntatis
510 2492 590 2530 quo
610 2484 858 2530 applicantur
889 2484 1032 2530 aliquae
1049 2485 1215 2522 virtutes
1235 2484 1283 2521 ad
1305 2484 1562 2530 operandum,
1583 2484 1697 2521 redu-

90 2530 194 2567 citur
213 2530 254 2566 in
284 2531 407 2567 Deum
428 2530 532 2567 sicut
551 2530 593 2567 in
623 2531 795 2576 primum
823 2531 1032 2576 appetibile
1067 2535 1105 2568 et
1133 2531 1302 2577 primum
1327 2531 1539 2568 volentem.
1562 2531 1698 2568 Omni's

89 2576 214 2624 igitur
238 2577 415 2623 operatio
438 2576 552 2614 debet
572 2577 728 2615 attribui
749 2579 829 2614 Deo
849 2578 953 2615 sicut
972 2578 1100 2624 primo
1119 2581 1158 2614 et
1174 2577 1383 2624 principali
1403 2579 1549 2626 agenti.

137 2624 282 2664 Adhuc,
301 2624 343 2660 in
383 2623 570 2662 omnibus
607 2624 742 2662 causis
779 2624 988 2670 agentibus
1010 2624 1203 2662 ordinatis
1224 2634 1379 2672 semper
1410 2629 1563 2671 oportet
1593 2628 1699 2674 quod

90 2679 223 2707 causae
241 2675 454 2717 sequentes
476 2674 596 2717 agant
634 2671 676 2708 in
695 2671 837 2708 virtute
867 2680 998 2708 causae
1018 2672 1170 2717 primae,
1191 2671 1295 2709 sicut
1313 2673 1355 2709 in
1375 2672 1494 2710 rebus
1509 2675 1697 2711 naturali-

90 2715 182 2762 bus,
204 2726 372 2763 corpora
391 2718 580 2754 inferiora
612 2721 735 2765 agunt
754 2718 795 2754 in
815 2717 958 2755 virtute
979 2727 1190 2764 corporum
1209 2719 1443 2760 coelestium,
1466 2724 1504 2757 et
1522 2720 1564 2758 in
1580 2721 1698 2759 rebus

91 2763 328 2816 voluntariis
362 2774 502 2802 omnes
533 2764 704 2802 artifices
738 2764 947 2802 inferiores
985 2769 1197 2813 operantur
1234 2767 1454 2804 secundum
1488 2767 1698 2813 imperium

91 2817 269 2856 supremi
304 2811 591 2852 architectoris.
614 2813 658 2851 lu
688 2811 827 2851 ordine
865 2816 996 2852 autem
1026 2821 1237 2854 causarum
1274 2814 1476 2862 agentium
1508 2816 1611 2854 Deus
1639 2817 1699 2854 est
