1894 3223
612 118 702 155 LiB.
728 117 777 162 11,
804 117 906 155 CAP.
932 116 1078 154 XXXIV.
1590 118 1652 152 141

37 205 189 240 motum
209 200 277 248 qui
297 200 346 237 dc
365 199 771 245 novoincipit.aliuni
793 202 941 236 motum
964 198 1184 244 praecedere
1209 197 1250 234 in
1273 196 1410 234 mobili
1437 196 1498 232 vel
1517 196 1558 232 iii
1580 205 1660 233 1110-

36 251 165 286 vente.
187 248 346 294 Oportet
382 247 503 291 igitur
529 246 634 292 quod
665 246 831 292 quilibet
865 245 996 282 motus
1026 246 1085 281 vel
1116 245 1168 282 sit
1199 248 1385 287 aeternus‚
1422 243 1481 295 vel
1517 243 1658 295 habeat

39 295 162 332 alium
183 298 335 332 motum
356 298 446 330 ante
466 302 523 330 50.
546 294 672 330 Motus
705 292 826 338 igitur
845 301 1002 338 semper
1033 293 1126 335 t'uit;
1147 300 1241 337 ergo
1274 294 1311 327 et
1341 289 1518 335 mobilia,
1542 294 1580 326 et
1601 299 1658 327 sic

36 345 421 424 creaturaelseinper
453 340 625 377 fuerunt.
660 340 764 376 Deus
797 339 903 376 enim
936 339 1100 376 omnino
1127 338 1343 375 immobilis
1361 341 1442 383 est,
1463 340 1658 374 11105100-

37 397 128 426 sum
149 392 209 426 est
256 416 264 424 .
284 397 313 432 1,
334 397 370 426 c.
392 389 462 424 13.

82 387 280 474 Ρνεειενὲα,
314 388 447 471 omne)
463 442 588 480 agens
619 433 724 480 quod
755 437 920 481 generat
950 433 1026 470 sibi
1061 433 1192 470 simile
1224 431 1394 469 intendit
1421 439 1657 484 con-servare

36 491 127 519 csse
157 485 386 528 perpetuum
408 481 449 517 in
467 480 613 527 specie,
632 481 738 527 quod
760 490 840 518 non
866 484 997 527 potest
1018 485 1205 526 perpetuo
1228 487 1455 516 conservari
1493 487 1533 514 in
1555 477 1658 514 iiidi-

37 529 168 566 viduo.
207 527 460 573 Impossibile
498 531 559 564 est
591 531 722 565 autem
762 532 912 565 naturae
939 528 1153 573 appetitum
1184 536 1329 563 vanum
1360 534 1463 563 csse.
1499 525 1660 571 Oportet

36 575 159 622 igitur
177 575 284 622 quod
305 584 435 612 rerum
456 575 745 620 generabilium
768 575 923 621 species
944 575 1024 610 sint
1047 577 1257 620 perpetuae.

82 622 227 667 Adhuc,
251 622 285 659 si
318 626 474 668 tempus
495 625 555 658 est
575 626 820 668 perpetuum,
843 625 998 668 oportet
1017 625 1167 658 motum
1187 630 1276 657 esse
1298 624 1543 665 perpetuum,
1565 627 1657 656 cum

36 669 89 706 sit
101 677 291 706 numerus
306 673 500 711 motuum,
517 672 554 705 et
568 678 636 714 per
655 678 907 715 consequens
927 668 1090 705 mobilia
1105 677 1194 704 esse
1207 670 1407 712 perpetua,
1421 675 1509 703 cnm
1526 669 1658 717 motus

35 716 90 754 sit
104 720 217 754 actus
237 715 411 753 mobilis.
428 716 502 753 Sed
517 719 672 761 tempus
687 721 840 762 oportet
858 725 947 753 esse
968 718 1213 760 perpetuum.
1230 715 1316 749 Non
1334 714 1659 766 eiiim‘potestin-

36 763 163 810 telligi
185 772 274 800 esse
294 767 464 808 tempus,
483 763 579 810 quin
593 763 645 799 sit
659 774 767 805 manc,
791 763 894 800 sicut
915 772 986 798 nec
1006 762 1110 797 linea
1130 770 1209 797 non
1232 763 1362 805 potest
1381 760 1549 810 intelligi
1573 768 1658 796 sine

37 813 186 856 puncto
209 820 217 844 ε
237 819 332 845 nunc
353 813 483 846 autem
504 818 660 855 semper
678 814 737 847 cst
760 810 852 847 finis
875 809 1056 855 praeteriti
1083 812 1121 844 et
1139 807 1375 853 principium
1410 807 1544 843 futuri.
1571 807 1659 843 11100

37 860 100 894 051
118 857 224 894 enim
243 857 420 893 delinitio
436 857 563 902 ipsius
584 867 691 900 nunc,
716 860 753 893 et
773 857 830 893 sic
850 855 1054 902 quodlibet
1082 865 1176 890 nunc
1206 854 1341 891 datum
1363 854 1480 891 habet
1500 856 1589 889 aute
1616 862 1658 890 se

38 907 195 950 tempus
209 904 319 949 prius
339 907 377 940 et
392 907 482 950 post
499 912 541 941 se
558 904 776 949 posterius;
793 902 895 940 etita
910 902 1065 940 nullum
1079 904 1210 947 potest
1227 910 1316 938 esse
1328 901 1512 946 primum,
1531 909 1659 946 neque

39 951 236 1035 ultimubin.
259 951 508 997 Relinquitur
533 950 654 997 igitur
677 950 782 996 quod
802 949 979 993 mobilia,
1004 958 1090 996 quae
1111 952 1205 986 sunt
1236 948 1470 986 substantiae
1499 952 1655 991 creatae,

43 998 125 1034 sint
145 1007 166 1034 a
213 1001 374 1034 aeterno.

85 1046 186 1088 Item,
208 1053 326 1081 omne
356 1046 512 1089 oportet
530 1043 591 1080 vel
623 1042 820 1080 affirmare
839 1043 899 1079 vel
932 1052 1090 1089 negare.
1113 1042 1152 1079 Si
1186 1042 1307 1088 igitur
1324 1042 1373 1080 ad
1405 1044 1658 1089 negationem

39 1091 208 1137 alicujus
238 1090 418 1137 sequitur
443 1089 529 1136 ejus
554 1090 715 1136 positio,
745 1093 899 1136 oportet
919 1090 1017 1127 illud
1037 1099 1127 1127 esse
1147 1099 1316 1135 semper.
1337 1092 1506 1136 Tempus
1527 1094 1658 1128 antem

38 1141 101 1175 est
130 1137 382 1184 hujusmodi;
402 1145 493 1174 nam
516 1137 550 1173 si
572 1141 729 1182 tempus
763 1146 844 1174 non
865 1146 1022 1183 semper
1042 1137 1127 1180 fuit,
1150 1140 1210 1174 est
1230 1137 1407 1183 accipere
1435 1138 1545 1183 prius
1577 1146 1659 1174 non

40 1193 131 1222 csse
151 1184 279 1230 ipsius
299 1193 418 1230 quam
439 1192 552 1228 esse;
574 1188 611 1220 et
643 1183 841 1229 similiter,
864 1184 898 1221 si
921 1193 1002 1222 non
1023 1184 1075 1221 sit
1095 1193 1250 1230 semper
1282 1184 1472 1228 futurum,
1506 1187 1660 1229 oportet

38 1231 145 1278 quod
165 1240 247 1268 000
267 1239 356 1268 0550
374 1231 460 1278 ejus
477 1231 530 1268 sit
563 1231 764 1276 posterius
785 1231 833 1268 ad
854 1239 943 1268 esse
963 1231 1062 1277 ejus.
1083 1231 1197 1268 Prius
1227 1235 1358 1268 autem
1387 1235 1425 1268 et
1458 1231 1659 1278 posterius

39 1287 122 1316 non
141 1282 272 1324 potest
301 1287 391 1316 esse
429 1279 649 1315 secundum
671 1278 935 1322 durationem,
957 1279 1034 1316 nisi
1069 1282 1225 1324 tempus
1246 1279 1298 1315 sit
1317 1290 1326 1322 ;
1348 1287 1441 1315 nam
1468 1287 1659 1316 numerus

38 1325 185 1378 prioris
205 1329 243 1362 et
262 1325 496 1372 posterioris
510 1328 667 1371 tempus
685 1329 746 1363 est
766 1337 774 1362 ε
798 1326 907 1362 etsie
923 1324 1120 1371 oportebit
1133 1330 1290 1372 tempus
1309 1326 1433 1363 fuisse
1448 1330 1658 1373 antequam

39 1372 244 1418 inciperet,
272 1376 310 1409 et
330 1372 504 1409 futurum
526 1381 615 1409 esse
635 1377 846 1419 postquam
867 1373 1036 1410 desinat.
1059 1374 1220 1419 Oportet
1239 1373 1361 1419 igitur
1380 1376 1537 1419 tempus
1570 1381 1660 1410 esse

39 1423 247 1457 aeternum.
273 1421 442 1465 Tempus
479 1423 610 1456 autem
648 1423 709 1457 051
739 1420 939 1464 accidens,
966 1418 1073 1467 quod
1108 1420 1195 1456 sine
1233 1420 1412 1466 subjecto
1451 1429 1539 1457 csse
1578 1428 1659 1456 1100

39 1470 183 1512 potest.
202 1466 428 1513 subjectum
448 1470 580 1504 autem
599 1465 685 1513 ejus
705 1476 787 1503 non
808 1471 868 1504 est
887 1469 1004 1510 Deus,
1028 1467 1134 1513 quod
1154 1471 1215 1504 est
1235 1476 1356 1514 supra
1374 1471 1546 1512 tempus,
1568 1475 1658 1503 cum

40 1514 94 1550 sit
126 1513 291 1550 omnino
324 1512 556 1557 immobilis,
577 1517 621 1550 ut
656 1514 864 1560 probatum
896 1518 955 1551 est
982 1514 1072 1560 (l.1‚
1103 1524 1137 1550 c.
1173 1517 1216 1552 13
1243 1518 1281 1551 et
1307 1514 1380 1560 15).
1413 1514 1661 1560 Relinquitur

41 1560 166 1607 igitur
184 1560 358 1607 aliquam
378 1560 644 1597 substantiam
663 1564 835 1598 creatam
856 1564 1043 1598 aeternam
1064 1569 1167 1598 esse.

86 1607 270 1653 Amplius,
289 1607 423 1645 multae
437 1607 732 1653 propositiones
747 1608 806 1645 sic
824 1616 867 1645 se
881 1608 1037 1652 babent,
1054 1608 1159 1654 quod
1183 1607 1250 1655 qui
1278 1617 1347 1645 eas
1367 1612 1484 1655 negat
1505 1611 1661 1655 oportet

40 1654 147 1700 quod
179 1663 247 1691 eas
266 1658 401 1700 ponat,
433 1654 537 1691 sicut
568 1654 635 1700 qui
668 1659 785 1701 negat
817 1655 1019 1691 veritatem
1054 1664 1142 1692 esse
1163 1655 1275 1701 ponit
1307 1655 1510 1692 veritatem
1544 1665 1658 1699 esse;

37 1701 151 1747 ponit
169 1701 275 1738 enim
296 1710 409 1738 suam
429 1701 650 1748 negativam
670 1711 759 1739 esse
776 1711 907 1739 veram
929 1711 1045 1753 quam
1063 1702 1237 1748 profert:
1257 1706 1296 1738 et
1313 1702 1445 1740 simile
1465 1705 1525 1739 est
1543 1703 1590 1740 de
1607 1711 1656 1740 eo

39 1748 106 1794 qui
127 1752 245 1795 negat
258 1747 487 1795 hujusmodi
507 1748 759 1794 principium,
775 1749 1129 1786 contradictionem
1144 1758 1224 1786 non
1237 1758 1326 1786 esse
1346 1750 1481 1786 simul.
1496 1751 1655 1796 Negans

39 1795 145 1832 enim
177 1796 266 1839 1100,
295 1795 391 1832 dicit
421 1795 673 1841 negationem
704 1805 822 1842 quam
849 1796 962 1842 ponit
988 1805 1077 1833 esse
1098 1805 1243 1840 veram,
1266 1797 1490 1842 oppositam
1523 1801 1656 1834 autem

37 1840 340 1879 affirmationem
363 1841 527 1886 falsam;
549 1846 587 1878 et
605 1842 664 1880 sic
686 1852 766 1880 1100
786 1843 834 1880 de
856 1843 995 1880 eodem
1016 1847 1226 1889 utrumque
1242 1843 1449 1881 verificari.
1470 1843 1509 1880 Si
1531 1844 1655 1890 igitur

36 1887 78 1925 id
108 1889 157 1926 ad
191 1888 305 1936 cujus
336 1889 598 1926 remotionem
630 1890 810 1937 sequitur
841 1899 916 1928 sua
940 1890 1100 1936 positio,
1122 1893 1275 1935 oportet
1306 1899 1396 1928 esse
1416 1900 1586 1936 semper,
1612 1894 1657 1928 ut

36 1935 245 1988 probatum
280 1939 352 1981 est,
374 1936 554 1983 sequitur
579 1936 684 1983 quod
708 1937 903 1982 praedictae
935 1937 1244 1983 propositiones,
1267 1941 1304 1975 et
1333 1947 1473 1975 omnes
1495 1947 1581 1984 quae
1614 1939 1655 1974 in

35 1990 95 2019 eis
115 1987 336 2030 sequuntur
365 1983 447 2020 sint
470 1984 734 2029 sempiternae.
760 1985 826 2021 Hae
843 1988 975 2021 autem
991 1985 1285 2030 propositiones
1312 1993 1394 2023 non
1414 1989 1507 2022 sunt
1533 1986 1654 2022 Deus.

36 2029 137 2074 Ergo
158 2033 312 2075 oportet
330 2029 482 2076 aliquid
501 2034 642 2076 praeter
661 2033 785 2068 Deum
806 2040 894 2069 esse
912 2035 1117 2068 aeternum.

86 2077 152 2113 Hae
182 2076 305 2123 igitur
321 2080 360 2113 et
389 2076 620 2129 liujusmodi
651 2078 828 2116 rationes
847 2078 953 2117 sumi
972 2081 1144 2126 possunt
1168 2088 1217 2117 ex
1237 2083 1348 2127 parte
1377 2082 1663 2124 creaturarum,

39 2122 147 2169 quod
167 2126 358 2161 creaturae
376 2123 524 2161 luerint
541 2133 711 2171 semper.

661 2271 830 2314 CAPUT
864 2272 1042 2313 XXXIV.

125 2389 316 2419 RATIONES
339 2389 394 2419 AD
417 2390 654 2420 PROBANDUM
679 2390 966 2420 AETERNITATEM
988 2391 1114 2420 MUNDI
1138 2389 1190 2420 Εἰ
1214 2391 1339 2420 PARTE
1363 2392 1576 2422 FACTIONIS.

85 2499 260 2534 Possunt
279 2497 399 2534 etiam
430 2497 535 2534 sumi
562 2497 650 2534 aliae
681 2498 857 2535 rationes
886 2508 935 2535 ex
969 2502 1079 2544 parte
1110 2498 1239 2544 ipsius
1268 2498 1454 2537 factionis
1475 2499 1523 2536 ad
1558 2500 1663 2537 idem

36 2543 341 2583 ostendendum.
366 2543 478 2588 Quod
508 2543 615 2580 enim
636 2543 684 2581 ab
720 2545 907 2582 omnibus
939 2548 1204 2581 communiter
1232 2545 1389 2590 dicitur,
1413 2546 1663 2591 impossibile

36 2595 100 2630 est
129 2591 303 2628 totaliter
332 2599 421 2628 esse
451 2590 610 2627 falsum.
633 2590 747 2628 Falsa
773 2591 878 2628 enim
914 2591 1064 2636 opinio,
1086 2590 1297 2629 infirmitas
1329 2593 1508 2639 quaedam
1546 2594 1660 2631 intel-

0 2679 1 2682 *
37 2637 166 2676 lectus
197 2641 270 2679 est,
294 2637 399 2675 sicut
432 2641 470 2674 01
494 2637 848 2683 falsumjudicium
869 2637 916 2673 de
949 2638 1132 2675 sensibili
1162 2639 1336 2684 proprio,
1356 2649 1405 2676 ex
1433 2640 1662 2678 infirmitate

38 2692 186 2722 sensus
215 2684 372 2722 accidit.
395 2684 579 2721 Defectus
610 2687 741 2720 autem
767 2693 837 2730 per
868 2683 1054 2721 accidens
1085 2689 1193 2728 sunt,
1214 2686 1309 2732 quia
1341 2691 1482 2732 praeter
1512 2692 1662 2725 naturae

10 2735 11 2738 ’
38 2731 320 2770 intentionem.
347 2731 461 2776 Quod
480 2735 610 2768 autem
630 2734 689 2768 est
708 2740 778 2776 per
796 2730 995 2775 accidens,
1018 2740 1098 2768 non
1117 2736 1248 2778 potest
1266 2741 1356 2770 esse
1376 2742 1533 2779 semper
1564 2739 1600 2770 et
1620 2735 1660 2772 in

39 2777 254 2823 omnibus;
288 2778 394 2815 sicut
421 2778 614 2824 judicium
636 2778 741 2824 quod
773 2777 820 2814 de
841 2777 1051 2823 saporibus
1071 2778 1120 2815 ab
1152 2779 1261 2816 omni
1287 2784 1407 2825 gustu
1437 2781 1551 2817 datur
1581 2790 1661 2818 non

38 2827 172 2871 potest
191 2834 281 2862 0550
300 2825 462 2872 falsum,
483 2824 875 2877 itajudiciumtquod
895 2824 943 2861 ab
971 2825 1158 2862 omnibus
1185 2826 1232 2863 de
1260 2827 1423 2864 veritate
1451 2827 1564 2864 datur
1582 2837 1661 2866 non

37 2874 171 2918 potest
199 2880 289 2910 esse
308 2881 533 2913 erroneum.
554 2873 785 2910 Communis
803 2874 936 2910 autem
960 2872 1160 2911 sententia
1186 2876 1248 2911 est
1268 2874 1448 2912 omnium
1476 2874 1659 2923 pbiloso-

1459 2952 1478 2959 l
