1894 3223
199 139 267 176 648

197 225 398 258 :eternitatem
416 220 521 253 mundi
535 228 572 252 ex
587 221 675 261 parte
689 217 835 250 factionis
922 217 977 247 141

237 272 317 303 CAP.
341 276 447 302 xxxv.
487 285 525 292 -
557 266 677 299 Solutio
711 264 863 297 rationum
888 270 980 304 supra

195 318 379 369 positarum,
400 317 432 347 et
445 313 545 356 primo
566 320 634 354 quae
659 313 820 346 sumuntur
836 318 874 343 ex
893 312 979 387 par&

195 364 318 442 DeCAP.
335 416 457 442 xxxw.
479 425 520 432 -
549 406 669 440 Solutio
692 405 843 438 rationum
871 410 977 442 sump-

194 459 316 488 tuarum
335 464 374 488 ex
391 456 480 496 parte
499 461 601 486 rerum
628 452 790 485 factarum.
919 448 977 479 144

235 503 317 535 CAP.
332 509 520 534 xxxv11.-—
538 499 716 532 solutiones
732 497 885 530 rationum
901 502 983 527 sum—

195 551 316 590 ptarum
337 557 375 580 ex
399 549 487 589 parte
510 545 654 579 factionis
677 553 792 578 rerum.
921 543 981 575 145

238 596 318 628 CAP.
340 601 490 628 xxxvm.
514 610 553 618 —
573 592 719 626 Rationes
741 590 851 632 quibus
871 596 981 622 conan-

195 646 245 675 tur
262 641 359 683 aliqui
378 641 541 674 ostendere
564 639 711 672 mundum
725 646 787 671 non
809 644 877 670 esse
896 638 983 669 aeter-

196 697 281 728 num,
297 691 328 721 et
343 687 517 721 solutiones
532 695 650 719 earum.
923 685 980 716 147

239 735 322 768 CAP.
362 742 481 767 xxxix.
504 751 542 757 —
575 733 662 771 Quod
695 731 851 764 distinctio
866 738 981 771 >rerum

197 791 259 816 000
277 785 325 816 est
339 791 357 815 a
377 790 461 815 casu.
922 779 981 811 148

239 830 321 863 CAP.
338 836 396 862 xi..
413 847 452 852 —
470 828 566 866 Quod·
589 828 715 860 materia
738 835 798 859 non
819 829 867 858 est
885 825 980 866 prima

198 885 292 910 causa
308 875 518 909 distinctionis
536 883 650 907 rerum.
923 873 981 904 149

240 924 320 956 CAP.
341 931 412 956 xm.
434 940 472 946 —-
492 921 578 961 Quod
613 920 773 955 distinctio
803 927 902 952 rerum
922 926 982 951 non

199 974 244 1004 cst
261 973 387 1012 propter
409 969 658 1005 contrarietatem
690 966 856 1008 agentium.
924 968 981 999 150

240 1017 322 1050 CAP.
345 1025 430 1050 xm.
453 1034 492 1040 —
512 1015 600 1054 Quod
629 1023 721 1048 causa
754 1014 852 1056 prima
872 1012 982 1046 distin-

199 1065 311 1098 ctionis
330 1072 428 1097 rerum
459 1071 519 1095 000
536 1064 584 1095 est
603 1060 807 1095 secundorum
828 1059 982 1100 agentium

198 1112 286 1145 ordo.
924 1109 983 1140 152

241 1159 436 1191 CAP.XL111.
454 1174 492 1179 —
516 1156 601 1193 Quod
625 1163 725 1187 rerum
746 1153 903 1187 distinctio
922 1162 983 1186 non

200 1209 250 1241 est
266 1215 324 1248 per
343 1205 478 1245 aliquem
498 1202 629 1235 diversis
652 1201 814 1242 agentibus
835 1201 981 1233 inducen-

199 1258 262 1287 tem
280 1254 312 1284 iu
326 1251 485 1284 materiam
512 1250 649 1283 diversas
669 1250 796 1282 formas.
926 1251 983 1281 154

241 1301 322 1333 CAP.
346 1307 443 1333 XLiv.
464 1316 503 1321 —
519 1297 605 1335 Quod
633 1305 734 1330 rerum
748 1296 903 1329 distinctio
924 1305 985 1329 non

199 1347 352 1391 processit
388 1355 425 1379 ex
461 1345 638 1378 meritorum
669 1344 717 1376 vel
767 1343 984 1376 demeritorum

200 1396 392 1429 diversitate.
924 1392 982 1423 155

245 1441 329 1475 CAP.
354 1448 435 1473 XLV.
459 1440 530 1477 Quae
563 1440 605 1471 sit
631 1438 728 1480 prima
754 1445 845 1469 causa
877 1436 985 1469 distin-

201 1489 312 1522 ctionis
332 1496 431 1521 rerum
451 1486 618 1520 secuudum
637 1485 813 1517 veritatem.
924 1485 982 1517 158

242 1537 323 1569 CAP.
345 1542 440 1568 xcw.
455 1552 493 1557 —
509 1533 594 1572 Quod
610 1533 747 1574 oportuit
767 1531 803 1564 ad
818 1531 983 1573 perfeetio-

205 1591 275 1617 nem
293 1581 427 1615 universi
462 1589 529 1614 esse
567 1579 685 1620 aliquas
705 1581 830 1611 naturas
867 1578 986 1611 intelle-

203 1630 332 1663 ctuales.
926 1626 985 1658 159

243 1678 452 1710 CAP.XLVI1.
475 1694 513 1700 —-
539 1674 625 1714 Quod
654 1674 831 1707 substantiae
864 1673 986 1706 intelle-

201 1725 317 1758 ctuales
337 1727 409 1757 sunt
430 1723 581 1756 volentes.
925 1723 984 1754 161

243 1773 324 1804 CAP.
349 1778 473 1804 xm'm.
499 1787 537 1793 —
566 1768 654 1806 Quod
688 1768 867 1802 substantiae
898 1768 988 1800 intel·

203 1819 354 1854 lectuales
374 1821 446 1851 sunt
467 1817 557 1850 liberi
577 1815 696 1849 arbitrii
718 1816 750 1848 in
770 1815 899 1856 agendo.
928 1817 985 1848 162

245 1867 323 1898 CAP.
356 1873 453 1898 xmx.
474 1882 512 1887 —
532 1862 618 1901 Quod
657 1862 827 1896 substantia
864 1862 985 1895 intelle-

203 1914 313 1946 ctualis
333 1921 394 1946 non
415 1912 456 1944 sit
474 1919 597 1952 corpus.
923 1910 982 1942 163

246 1961 327 1994 Cae.
349 1968 383 1992 L.
398 1978 436 1983 —
455 1958 541 1996 Quod
564 1957 743 1990 substantiae
760 1956 986 1989 intellectuales

204 2010 276 2040 sunt
297 2005 528 2040 immateriales.
927 2005 985 2037 164

250 2054 324 2089 :Aia
352 2061 399 2087 Li.
442 2069 480 2077 —-
499 2051 586 2090 Quod
628 2050 804 2084 intellectus
843 2058 904 2083 non
946 2051 987 2084 sit

199 2111 302 2136 *torma
318 2100 497 2134 materialis.
928 2098 985 2130 166

243 2149 322 2181 ΕΑΡ.
345 2156 406 2180 Lu.
432 2147 571 2186 —Quod
591 2147 623 2180 in
648 2146 828 2180 substantiis
859 2144 982 2178 intelte-

202 2196 357 2229 ctualibus
407 2195 518 2228 creatis
561 2194 662 2226 differt
711 2202 777 2228 esse
828 2195 858 2225 et
902 2192 983 2233 qued

203 2246 261 2276 est.
929 2242 986 2273 166

242 2292 323 2323 (ΣΑΡ.
347 2297 422 2321 L111.
445 2306 482 2312 -
502 2288 588 2327 Quod
603 2288 635 2320 in
654 2288 836 2321 substantiis
857 2287 983 2320 intelle-

203 2336 355 2368 ctualibus
376 2335 487 2368 creatis
507 2338 555 2367 est
583 2337 670 2368 actus
693 2338 725 2366 et
753 2334 903 2376 potentia.
928 2335 987 2366 168

245 2384 326 2415 CAP.
346 2389 419 2414 ων.
439 2399 477 2405 --
490 2381 576 2419 Quod
596 2389 657 2413 non
683 2383 732 2414 est
747 2381 830 2413 idem
860 2388 986 2422 compo-

203 2430 275 2462 sitio
302 2438 339 2461 ex
366 2428 537 2461 substantia
572 2431 603 2460 et
629 2436 708 2466 esse,
739 2431 769 2460 et
801 2428 927 2460 materia
957 2431 988 2460 et

205 2478 314 2510 forma.
927 2476 986 2508 168

242 2525 321 2556 CAP.
344 2531 400 2556 Lv.
431 2540 472 2548 —
501 2523 585 2561 Quod
623 2523 802 2557 substautize
846 2522 986 2556 intellec-

201 2571 301 2604 tuales
323 2574 396 2603 sunt
414 2569 675 2612 incorruptibiles.
928 2571 987 2603 169

242 2620 416 2651 CAP.LV1.
449 2636 489 2641 ·—
516 2618 574 2650 Per
613 2625 703 2658 quem
743 2617 866 2649 modum
913 2616 986 2649 sub-

202 2666 314 2697 stantia
332 2665 549 2697 intellectualis
561 2665 661 2706 possit
676 2665 796 2705 corpori
810 2664 901 2696 uniri.
927 2666 986 2698 172

244 2713 323 2743 Cain
347 2720 430 2744 Lvu.
457 2730 495 2735 --
515 2711 633 2744 Positio
658 2711 797 2744 Platonis
817 2711 853 2743 de
874 2711 986 2744 unione

203 2759 311 2790 animae
332 2759 551 2790 intellectualis
576 2759 613 2790 ad
631 2767 755 2800 corpus.
927 2760 983 2790 174

244 2807 326 2838 CAP.
352 2813 452 2838 Lvur.
478 2824 516 2829 —-
536 2806 621 2843 Quod
640 2806 798 2844 nutritiva,
824 2806 982 2845 sensitiva,

205 2855 237 2884 et
269 2853 457 2885 intellectiva
490 2860 548 2884 uon
577 2856 647 2884 sunt
680 2853 711 2884 in
753 2853 878 2884 homine
922 2856 984 2884 tres
1012 2884 1017 2887 a

203 2901 323 2933 animae.
925 2902 982 2932 176

848 127 975 164 ORDO
1003 127 1175 162 RERUM.

1096 215 1176 245 CAP.
1200 221 1270 245 ΠΧ.
1292 231 1331 238 -
1358 214 1445 252 Quod
1472 212 1649 246 intellectus
1672 211 1834 253 possibilis
1857 209 1860 234 ¹=

1054 261 1190 294 hominis
1209 269 1270 292 non
1289 263 1338 293 est
1361 260 1531 293 substantia
1551 262 1703 301 separata.
1772 260 1830 290 178
1856 244 1863 283 ¹-
1886 265 1892 282 ²

1094 307 1176 341 CAP.
1197 314 1254 340 Lx.
1290 325 1329 331 —-
1359 307 1445 345 Quod
1482 307 1574 340 bomo
1609 314 1672 339 non
1708 304 1835 338 sortitur

1052 355 1188 396 speciem
1208 363 1265 396 por
1296 354 1488 387 intellectum
1507 353 1675 395 passivum,
1707 351 1761 385 sed
1782 360 1834 393 per

1053 402 1243 435 intellectum
1270 401 1458 443 possibilem.
1777 400 1835 432 180

1095 450 1176 481 CAP.
1195 456 1270 482 Lxr.
1289 466 1329 472 —
1363 449 1450 486 Quod
1477 450 1622 491 praedicta
1648 448 1763 491 positio
1790 449 1837 479 est

1053 499 1156 530 contra
1177 495 1361 530 sententiam
1384 496 1572 529 Aristotelis.
1777 495 1835 527 185
1878 511 1881 515 ·

1095 544 1175 576 CAP.
1198 551 1285 575 Lxu.
1307 561 1346 566 —
1368 543 1482 576 Contra
1511 543 1688 586 opinionem
1707 543 1838 576 Alexan-

1054 590 1100 622 dri
1117 591 1153 622 de
1173 589 1332 622 intellectu
1352 589 1508 631 possibili.
1777 589 1836 621 185

1094 638 1177 670 CAP.
1192 644 1293 669 Lxlu.
1316 655 1355 661 —-
1375 637 1463 675 Quod
1482 637 1583 670 anima
1603 645 1665 669 non
1688 637 1729 670 sit
1751 644 1836 669 com-

1053 685 1169 727 plexio,
1188 687 1223 716 ut
1242 684 1347 725 posuit
1376 684 1523 717 Galenus.
1777 683 1836 716 187

1095 732 1345 764 CAP.inv.—
1375 729 1462 768 Quod
1485 729 1585 762 anima
1605 737 1666 762 non
1697 729 1739 760 sit
1769 729 1838 761 har·
1892 733 1894 740 ⁴

1055 779 1168 812 monia.
1778 778 1838 810 188

1095 827 1173 858 CAP.
1198 834 1277 858 va.
1314 844 1352 849 —
1379 826 1466 863 Quod
1489 826 1590 858 anima
1623 832 1686 857 non
1711 823 1752 856 sit
1770 832 1835 857 cor-

1057 883 1124 914 pus.
1779 873 1838 906 189
1887 887 1889 890 ·

1097 922 1175 954 CAP.
1203 929 1295 954 LXVI.
1319 939 1357 944 —
1384 921 1501 953 Contra
1536 921 1688 961 ponentes
1714 918 1837 952 intelle-

1055 973 1136 1002 ctum
1160 973 1190 1002 et
1210 977 1333 1001 sensum
1353 977 1420 1001 esse
1434 968 1526 1000 idem.
1779 967 1838 998 190
1890 967 1894 992 7

1097 1016 1178 1048 CAP.
1209 1023 1295 1048 Lvn.
1325 1031 1365 1039 —
1391 1015 1504 1047 Contra
1534 1017 1686 1055 ponentes
1719 1013 1839 1046 intelle-

1055 1066 1136 1095 ctum
1162 1062 1340 1104 possibilem
1367 1071 1435 1094 esse
1449 1061 1712 1102 imaginationem.
1779 1062 1838 1093 190

1097 1111 1180 1142 CAP.
1202 1117 1324 1142 vam.
1347 1128 1384 1133 —
1405 1109 1541 1147 Qualiter
1561 1109 1732 1142 substantia
1751 1109 1840 1141 intel·
1892 1121 1894 1128 ·

1056 1157 1197 1190 lectualis
1216 1158 1317 1199 possit
1336 1165 1404 1190 esse
1425 1157 1562 1198 corporis
1584 1156 1693 1189 forma.
1780 1157 1837 1188 191

1098 1205 1287 1237 CAP.LX1X.
1323 1222 1362 1227 —
1393 1203 1512 1237 Solutio
1544 1204 1697 1236 rationum
1728 1203 1839 1245 quihus

1056 1260 1147 1294 snpra
1167 1252 1312 1294 probatur
1332 1251 1413 1292 quod
1445 1251 1618 1284 substantia
1646 1251 1838 1284 intellectua-

1057 1301 1094 1333 lis
1115 1308 1175 1332 non
1199 1302 1301 1340 potest
1314 1299 1436 1340 corpori
1455 1299 1536 1331 uniri
1550 1301 1584 1330 ut
1602 1299 1712 1332 forma.
1779 1300 1839 1331 192

1099 1348 1179 1379 CAP.
1202 1354 1283 1379 Lxx.
1304 1364 1343 1370 —-
1362 1345 1461 1385 Quod,
1485 1346 1651 1379 secundum
1671 1347 1754 1380 dicta
1773 1346 1839 1379 Ari-

1056 1395 1187 1433 stotelis,
1224 1396 1344 1436 oportet
1379 1401 1494 1435 ponere
1536 1393 1725 1426 intellectum
1759 1393 1839 1426 uniri

1057 1443 1177 1482 corpori
1196 1445 1230 1474 ut
1259 1442 1400 1474 formam.
1781 1442 1839 1473 194

1098 1488 1177 1521 (3Λο.
1215 1496 1306 1521 Lxxi.
1344 1505 1383 1513 -
1410 1488 1494 1526 Quod
1535 1488 1634 1521 anima
1666 1487 1840 1521 immediate

1058 1537 1159 1569 unitur
1180 1536 1314 1577 corpori.
1781 1538 1840 1569 195

1098 1584 1178 1617 Can.
1204 1591 1374 1617 011101.-
1403 1583 1489 1621 Quod
1518 1584 1616 1617 anima
1643 1583 1684 1617 sit
1715 1585 1778 1616 tota
1809 1583 1841 1616 in

1058 1634 1123 1663 1010
1145 1634 1174 1663 et
1199 1633 1262 1664 tota
1281 1631 1312 1664 in
1334 1630 1472 1672 qualibet
1490 1633 1590 1672 parte.
1782 1632 1839 1664 195

1101 1678 1182 1710 CAP.
1198 1686 1325 1713 Lxxnx.
1346 1696 1386 1703 --
1402 1678 1489 1716 Quod
1509 1678 1685 1712 intellectus
1704 1678 1838 1719 possibi-

1059 1726 1096 1757 lis
1120 1734 1178 1758 non
1200 1729 1249 1759 est
1264 1734 1344 1759 unus
1363 1726 1394 1759 in
1415 1725 1558 1760 omnibus
1576 1725 1764 1758 hominibus.
1781 1726 1840 1758 196

1102 1773 1181 1805 Can.
1222 1780 1340 1806 Lxxiv.
1363 1791 1401 1797 -
1427 1773 1470 1806 De
1509 1772 1654 1813 opinione
1676 1772 1840 1806 Avicennae

1061 1821 1112 1862 qui
1133 1820 1236 1861 posuit
1256 1820 1370 1854 formas
1399 1819 1614 1859 intelligibiles
1633 1826 1695 1852 nou
1713 1826 1841 1851 conser-

1059 1867 1122 1900 vari
1146 1867 1177 1899 in
1197 1867 1356 1899 intellectu
1373 1866 1528 1908 possibili.
1781 1868 1841 1898 202

1099 1914 1181 1945 CAP.
1203 1920 1308 1947 Lxxv.
1331 1930 1371 1939 -
1401 1913 1522 1947 Solutio
1551 1913 1705 1946 rationum
1729 1913 1841 1954 quibus

1059 1959 1176 1991 videtur
1227 1959 1349 2000 probari
1385 1959 1487 1992 unitas
1533 1958 1708 1991 intellectus
1739 1959 1840 2000 possi-

1058 2006 1140 2039 bilis.
1781 2006 1840 2037 204

1101 2053 1184 2085 CAP.
1205 2059 1324 2085 Lxxvi.
1357 2070 1394 2076 —
1424 2051 1510 2090 Quod
1542 2051 1718 2085 intellectus
1747 2059 1841 2091 agens

1058 2108 1118 2132 non
1150 2098 1391 2131 sit-substantia
1444 2101 1595 2139 separata,
1642 2098 1696 2130 sed
1725 2097 1840 2139 aliquid

1059 2147 1177 2179 animae.
1780 2147 1840 2178 208

1100 2194 1181 2226 CAP.
1203 2200 1335 2225 Lxxvn.
1359 2211 1396 2216 —
1426 2193 1511 2230 Quod
1541 2201 1602 2225 non
1621 2196 1669 2225 est
1695 2193 1840 2234 impossi-

1058 2241 1121 2273 bile
1155 2241 1346 2273 intellectum
1369 2239 1548 2280 possibilem
1578 2241 1609 2271 et
1632 2241 1773 2280 agentem
1810 2240 1840 2270 in

1059 2297 1118 2320 una
1139 2287 1310 2320 substantia
1330 2286 1438 2319 animae
1454 2286 1629 2319 convenire.
1780 2288 1839 2320 211

1102 2336 1185 2368 CAP.
1209 2342 1358 2368 Lxxvm.
1377 2351 1416 2358 -
1447 2333 1534 2372 Quod
1551 2341 1612 2366 non
1629 2333 1690 2366 fuit
1715 2336 1839 2367 senteu-

1061 2384 1103 2416 tia
1136 2382 1311 2416 Aristotelis
1350 2381 1431 2423 quod
1464 2381 1640 2413 intellectus
1679 2389 1773 2421 agens
1799 2382 1839 2413 sit

1060 2430 1231 2463 substantia
1261 2432 1419 2471 separata,
1461 2428 1513 2462 sed
1547 2429 1643 2469 magis
1682 2428 1763 2469 quod
1801 2429 1841 2461 sit

1061 2478 1177 2518 aliquid
1193 2478 1312 2510 auimae.
1782 2477 1842 2509 213

1101 2525 1180 2557 CAP.
1202 2532 1368 2558 Lxxxx.—
1389 2524 1475 2563 Quod
1495 2524 1596 2556 anima
1616 2524 1760 2562 humana,
1776 2531 1840 2555 cor-

1059 2575 1150 2614 rupto
1173 2581 1312 2614 corpore,
1333 2580 1395 2605 non
1414 2571 1631 2612 corrumpitur.
1779 2571 1838 2603 215

1100 2619 1180 2652 ΟΑΡ.
1206 2627 1310 2651 Lxxx.
1332 2636 1372 2643 -
1397 2618 1543 2650 Rationes
1575 2617 1703 2658 probare
1732 2616 1839 2650 volen-

1061 2664 1137 2696 tium
1146 2664 1275 2697 animani
1290 2663 1455 2705 corrumpi,
1469 2666 1613 2704 corrupto
1625 2670 1765 2702 corpore.
1781 2662 1839 2693 217

1100 2713 1182 2744 CAP.
1211 2719 1327 2743 Lxxxi.
1357 2730 1395 2734 —-
1438 2710 1557 2743 Solutio
1601 2709 1839 2751 praecedentium

1057 2759 1222 2790 rationum.
1446 2763 1452 2773 ·
1779 2757 1839 2787 219

1097 2806 1179 2838 CAP.
1206 2813 1338 2837 Lxxxn.
1370 2823 1409 2827 —
1436 2804 1521 2842 Quod
1551 2804 1659 2835 animae
1678 2801 1836 2834 brutorum

1056 2853 1230 2885 animalium
1251 2860 1311 2884 nou
1332 2855 1403 2884 sunt
1422 2850 1619 2882 immortales.
1778 2850 1835 2881 221

1098 2901 1178 2932 CAP.
1211 2907 1419 2931 Lxxx111.-—
1457 2898 1543 2935 Quod
1575 2897 1674 2928 anima
1708 2897 1839 2928 hnmana
