1894 3223
111 143 179 178 516
708 135 794 170 ΗΒ.
824 134 880 177 lv,
909 135 1009 170 CAP.
1036 135 1130 170 xllt.

139 218 384 258 roductionis
405 217 595 262 ipsarum,
617 215 721 252 sicut
739 214 873 251 omnia
892 214 1134 259 perverbum
1155 214 1256 252 sacta
1271 218 1376 258 sunt,
1398 215 1453 251 ita
1473 224 1542 260 per
1557 214 1624 250 Dei
1639 215 1726 251 Ver-

138 276 204 304 um
225 267 510 302 conservantur
529 263 569 298 in
591 271 678 299 esse
693 273 702 306 ;
719 261 822 298 unde
839 261 1050 297 Psalmista
1063 261 1182 298 dicit:
1204 262 1318 298 Verbo
1334 263 1481 298 Domini
1500 262 1727 306 coelz'ftrmatz'

109 316 208 350 sunt.
231 311 378 356 (Psalm.
401 317 524 350 xxxii,
548 308 583 354 6)
601 320 611 352 ;
632 312 671 345 et
687 307 902 354 Apostolus
929 308 1024 344 dicit
1043 307 1090 344 de
1104 307 1199 344 Filio
1219 308 1324 354 quod
1338 312 1464 354 portat
1483 309 1603 343 omnia
1621 308 1726 343 ver-bo

108 360 256 395 virtutis
276 367 347 393 suae
368 356 503 403 (Helm,
524 364 551 400 1,
572 355 634 402 3);
667 354 772 402 quod
788 354 946 401 quidem
969 354 1136 401 qualiter
1151 354 1276 401 accipi
1289 355 1561 401 oporteatjam
1577 354 1726 391 dictum

109 408 182 445 est.

155 450 512 488 Sciendumtamen
531 448 635 494 quod
655 448 823 485 Verbum
845 448 912 484 Dei
936 447 974 483 in
1004 447 1080 484 hoc
1101 446 1231 484 differt
1251 457 1274 484 a
1293 448 1444 484 ratione
1476 457 1561 495 quae
1591 452 1649 484 est
1683 448 1725 484 in

108 501 241 536 mente
257 495 536 542 artificis,quia
548 494 713 532 Verbum
726 495 793 531 Dei
810 496 913 531 Deus
934 493 1159 531 subsistens
1181 497 1253 538 est,
1274 494 1374 531 ratio
1387 498 1514 531 autem
1531 494 1727 532 artificiati

107 545 152 582 in
173 548 302 581 mente
335 542 497 580 artificis
515 551 594 578 non
628 545 687 578 est
719 551 782 579 res
812 541 1051 584 subsistens,
1073 541 1142 578 sed
1161 540 1291 577 solum
1309 540 1565 588 intelligibilis
1585 541 1725 579 forma.

109 593 260 629 Formae
281 594 411 627 autem
432 597 511 626 non
533 588 766 626 subsistenti
787 597 866 625 non
886 588 1073 633 competit
1092 587 1249 633 proprie
1271 590 1312 624 ut
1337 592 1439 635 agat,
1470 598 1584 634 agere
1620 589 1727 625 enim

108 638 166 675 rei
189 637 370 683 perfectae
394 640 432 672 et
451 635 708 673 subsistentis
730 639 803 680 est,
825 634 895 672 sed
916 638 975 671 est
993 634 1079 680 ejus
1100 638 1142 670 ut
1162 644 1208 670 ea
1223 638 1376 681 agatur,
1398 638 1457 671 est
1475 635 1580 671 enim
1602 635 1729 673 forma

107 684 348 732 principium
369 683 536 719 actionis
556 691 634 727 quo
655 691 778 728 agens
799 682 892 728 agit.
915 682 1024 718 Ratio
1046 681 1167 728 igitur
1184 680 1326 718 domus
1346 680 1387 717 in
1412 685 1542 718 mente
1562 681 1727 720 artificis

109 740 189 768 non
211 731 292 777 agit
311 731 487 773 domum,
510 729 579 766 sed
603 729 743 765 artifex
765 738 834 774 per
853 737 938 764 eam
962 728 1121 764 domum
1144 727 1255 771 sacit3
1283 727 1449 764 Verbum
1483 730 1611 764 autem
1643 729 1727 774 Dei,

110 778 216 825 quod
238 781 296 814 est
319 777 418 813 ratio
447 785 576 813 rerum
596 776 787 812 factarum
808 785 830 811 a
851 777 941 818 Deo,
965 784 1085 821 quum
1107 774 1159 811 sit
1179 774 1418 817 subsistens,
1440 774 1534 821 agit,
1557 783 1635 810 non
1659 784 1725 812 so-

109 824 192 861 lum
211 834 279 870 per
298 824 426 869 ipsum
449 822 598 868 aliquid
621 822 773 870 agitur3
794 826 830 858 et
848 822 936 858 ideo
957 821 1023 857 Dei
1040 821 1239 866 Sapientia
1257 820 1432 867 loquitur
1451 832 1458 857 :
1476 821 1561 858 Cam
1575 831 1612 856 eo
1632 832 1731 858 eram

109 874 238 907 cuncta
257 880 478 916 componens,
513 870 648 916 (Prov.‚
680 878 768 911 vm,
799 869 881 915 30);
913 873 948 905 et
979 869 1172 905 Dominus
1198 867 1321 905 dicit:
1352 869 1462 904 Pater
1493 878 1590 903 meus
1621 878 1731 913 usque

107 918 211 956 modo
231 921 401 962 operatur
420 920 452 952 et
471 927 533 961 eqo
555 926 693 961 operor.
716 915 875 962 (Joann.,
897 925 937 959 V,
962 915 1033 961 17.)

157 963 496 1001 Considerandum
518 967 578 1000 est
597 963 714 999 etiam
736 962 841 1009 quod
863 971 924 999 res
946 962 1047 999 facta
1076 970 1146 1007 per
1181 960 1423 998 intellectum
1456 960 1668 1006 praeexistit
1688 961 1729 997 in

109 1012 262 1049 ratione
286 1011 523 1054 intellectus,
546 1013 635 1046 ante
656 1010 771 1046 etiam
794 1019 911 1056 quam
932 1011 983 1045 sit
1002 1009 1039 1045 iu
1064 1008 1219 1054 seipsa;
1243 1008 1351 1053 prius
1372 1008 1478 1044 enim
1508 1008 1649 1044 domus
1671 1011 1732 1044 est

108 1059 151 1095 in
173 1058 322 1095 ratione
340 1056 502 1094 artificis
523 1066 640 1103 quam
661 1058 896 1102 perducatur
916 1056 954 1091 in
972 1060 1116 1092 actum.
1133 1055 1301 1091 Verbum
1320 1059 1449 1091 autem
1472 1055 1539 1091 Dei
1557 1058 1614 1091 est
1631 1055 1730 1092 ratio
1755 1057 1761 1064 '

112 1105 291 1142 omnium
312 1113 448 1140 eorum
469 1113 555 1150 quae
579 1113 599 1140 a
631 1105 710 1139 Deo
745 1106 839 1140 sunt
867 1104 981 1145 tacta,
1006 1106 1046 1138 ut
1082 1106 1286 1138 ostensum
1324 1105 1395 1138 est.
1419 1103 1578 1147 Oportet
1613 1101 1732 1148 igitur

111 1152 216 1198 quod
238 1151 370 1187 omnia
391 1160 476 1197 quae
495 1154 588 1186 sunt
607 1150 709 1186 sacta
743 1160 765 1186 a
786 1151 864 1186 Deo
883 1149 1183 1194 prteexstiterint
1210 1149 1250 1184 in
1270 1149 1394 1185 Verbo
1415 1149 1496 1192 Dei,
1518 1151 1729 1194 antequam

110 1199 193 1235 sint
212 1198 324 1234 etiam
347 1199 385 1233 in
408 1198 564 1242 propria
584 1201 737 1232 natura.
760 1196 869 1240 Quod
894 1199 1024 1231 autem
1045 1198 1104 1231 est
1129 1195 1166 1230 in
1190 1195 1322 1241 aliquo
1350 1198 1410 1231 est
1430 1195 1468 1230 iu
1491 1204 1537 1231 eo
1559 1204 1627 1240 per
1644 1203 1723 1231 mo-

111 1245 204 1282 dum
227 1245 311 1290 ejus
332 1245 373 1280 in
390 1253 467 1290 quo
488 1248 560 1287 est,
581 1246 710 1280 etnon
733 1253 799 1287 per
820 1242 1019 1287 proprium
1045 1242 1229 1285 modum;
1252 1242 1394 1278 domus
1416 1241 1576 1277 enimin
1599 1244 1729 1278 mente

111 1291 271 1329 artificis
308 1290 607 1337 intelligibiliter
632 1295 668 1326 et
702 1290 1012 1325 immaterialiter
1042 1289 1184 1324 existit.
1213 1290 1288 1325 Res
1321 1289 1440 1334 igitur
1466 1288 1729 1334 intelligendae

111 1342 206 1375 sunt
224 1338 264 1374 in
287 1338 409 1374 Vei-bo
432 1338 497 1373 Dei
518 1337 798 1382 praeexstitisse
818 1335 1037 1372 secundum
1052 1335 1208 1371 modum
1229 1335 1340 1371 Verbi
1360 1335 1496 1380 ipsius.
1521 1337 1586 1371 Est
1599 1339 1728 1371 autem

109 1384 254 1422 modus
277 1384 387 1420 Verbi
414 1384 539 1429 ipsius
567 1384 671 1429 quod
694 1383 743 1419 sit
774 1392 911 1424 unum,
933 1382 1112 1427 simplex,
1132 1381 1401 1425 immateriale,
1425 1385 1461 1417 et
1491 1391 1568 1418 non
1599 1381 1728 1418 solum

108 1432 261 1475 vivens,
285 1431 354 1467 sed
376 1431 488 1467 etiam
511 1430 602 1469 vita,
623 1438 743 1475 quum
765 1429 815 1466 sit
832 1438 948 1465 suum
970 1438 1071 1464 esse.
1095 1429 1253 1473 Oportet
1272 1428 1390 1473 igitur
1410 1429 1514 1473 quod
1536 1438 1598 1465 res
1619 1430 1729 1465 tactae

111 1487 133 1515 a
152 1479 231 1514 Deo
251 1476 548 1523 praeexstiterint
563 1476 604 1516 in
620 1476 745 1512 Verbo
759 1475 884 1512 Deiab
907 1479 1051 1512 aeterno
1072 1475 1381 1511 immaterialiter
1401 1479 1435 1510 et
1451 1476 1599 1521 absque
1622 1475 1729 1511 omni

110 1524 411 1570 compositione,
435 1526 471 1559 et
491 1523 596 1570 quod
626 1522 721 1559 nihil
741 1522 845 1561 aliud
867 1522 907 1558 in
941 1531 986 1558 eo
1008 1521 1086 1557 sint
1106 1531 1223 1567 quam
1256 1521 1386 1567 ipsum
1411 1522 1592 1565 Verbum,
1624 1522 1730 1568 quod

110 1574 171 1608 est
187 1572 289 1615 vita3
310 1573 466 1616 propter
484 1569 586 1616 quod
608 1570 747 1606 dicitur
766 1581 773 1605 :
797 1569 897 1612 Quod
925 1570 1062 1612 fuctum
1082 1572 1133 1604 est
1152 1570 1190 1603 in
1221 1570 1298 1613 ipso
1317 1571 1395 1603 vita
1426 1572 1502 1604 erat
1525 1568 1682 1614 (Jocznn.‚
1701 1578 1728 1613 1,

109 1621 146 1663 3,
166 1618 216 1665 4),
236 1617 273 1654 id
296 1621 355 1654 est
374 1617 414 1654 in
427 1618 567 1653 Verbo.
585 1617 690 1654 Sicut
709 1619 839 1653 autem
858 1625 1026 1661 operans
1047 1625 1115 1661 per
1134 1615 1375 1651 intellectum
1391 1619 1427 1651 et
1449 1625 1515 1660 per
1535 1615 1728 1652 rationem

109 1674 229 1712 quam
251 1665 352 1710 apud
375 1673 416 1701 se
437 1664 554 1700 habet
574 1673 637 1701 res
668 1664 705 1699 in
739 1672 826 1699 esse
852 1662 1043 1709 producit,
1064 1662 1118 1698 ita
1140 1662 1253 1698 etiam
1277 1662 1344 1708 qui
1375 1662 1495 1698 alium
1529 1662 1644 1699 docet
1661 1671 1730 1707 per

108 1712 305 1749 rationem
327 1720 444 1758 quam
462 1710 564 1756 apud
585 1720 628 1747 se
647 1710 765 1747 habet
781 1710 986 1746 scientiam
1007 1712 1144 1745 causat
1162 1709 1199 1744 in
1220 1709 1301 1752 illo,
1322 1719 1441 1755 quum
1464 1709 1628 1746 scientia
1649 1709 1729 1746 dis-

110 1759 229 1804 cipuli
250 1759 299 1796 sit
320 1758 486 1795 deducta
506 1767 528 1794 a
560 1757 724 1794 scientia
753 1756 945 1799 docentis,
966 1756 1067 1792 sicut
1093 1756 1224 1803 imago
1249 1756 1427 1802 quaedam
1459 1756 1600 1801 ipsius.
1624 1758 1728 1793 Deus

109 1809 242 1842 autem
267 1814 346 1842 non
376 1805 507 1842 solum
541 1808 599 1841 est
619 1814 740 1841 causa
760 1813 827 1850 per
850 1804 1090 1839 intellectum
1114 1812 1230 1839 suum
1253 1803 1431 1839 omnium
1453 1812 1539 1849 quae
1569 1806 1726 1840 natura-

108 1852 198 1888 liter
218 1852 452 1896 subsistunt,
473 1851 542 1888 sed
563 1851 678 1888 etiam
706 1851 837 1887 omnis
860 1849 1137 1886 intellectualis
1167 1849 1341 1895 cognitio
1370 1850 1417 1886 ab
1446 1849 1647 1886 intellectu
1670 1850 1728 1886 di-

107 1898 201 1935 vino
234 1899 443 1942 derivatur,
466 1899 569 1935 sicut
598 1908 646 1934 ex
675 1897 944 1943 superioribus
979 1897 1018 1940 (l.
1038 1905 1095 1936 111,
1118 1905 1151 1932 c.
1176 1898 1236 1941 76)
1270 1899 1386 1941 patet.
1422 1897 1581 1941 Oportet
1610 1897 1730 1943 igitur

110 1945 217 1992 quod
245 1945 500 1991 perverbum
523 1944 601 1989 Dei,
620 1944 725 1991 quod
758 1948 818 1980 est
850 1943 946 1980 ratio
978 1943 1202 1979 intellectus
1223 1942 1354 1985 divini,
1377 1945 1562 1980 causetur
1599 1943 1728 1980 omnis

107 1991 391 2029 intellectualis
428 1991 601 2038 cognitio
619 2003 627 2035 ;
657 1995 815 2036 propter
852 1990 956 2036 quod
996 1989 1134 2026 dicitur
1167 2001 1175 2025 :
1210 1990 1296 2025 Vita
1335 1993 1412 2025 erat
1444 1991 1508 2026 lit-:c
1545 1991 1728 2026 hominum

110 2038 271 2084 (Joann.,
290 2047 317 2084 1,
338 2038 390 2084 4),
411 2038 501 2084 quia
533 2037 681 2074 scilicet
706 2037 837 2083 ipsum
856 2037 1037 2080 Verbum,
1061 2035 1166 2082 quod
1197 2036 1274 2072 vita
1302 2039 1375 2080 est,
1405 2036 1446 2073 in
1481 2046 1559 2082 quo
1593 2037 1729 2074 omnia

107 2084 189 2121 vita
211 2088 317 2129 sunt,
339 2085 577 2129 manifestat,
599 2086 640 2121 ut
660 2084 728 2121 lux
753 2083 945 2130 quaedam,
968 2083 1164 2120 mentibus
1184 2082 1390 2119 hominum
1416 2084 1630 2120 veritatem.
1651 2085 1728 2121 Nec

111 2136 242 2169 estex
262 2132 414 2168 defectu
432 2132 545 2168 Verbi
565 2131 669 2177 quod
697 2139 777 2167 non
804 2139 944 2167 omnes
963 2129 1145 2166 homines
1179 2130 1227 2166 ad
1257 2130 1427 2167 veritatis
1459 2131 1729 2177 cognitionem

107 2179 355 2262 Eerveniunt,
377 2178 446 2215 sed
466 2178 587 2225 aliqui
618 2177 817 2214 tenebrosi
851 2177 1037 2214 existunt.
1060 2176 1242 2213 Provenit
1261 2180 1391 2214 autem
1414 2177 1491 2214 hoc
1507 2187 1554 2214 ex
1574 2177 1728 2214 defectu

139 2225 315 2262 ominum
358 2225 424 2272 qui
462 2226 510 2262 ad
554 2225 721 2261 Verbum
756 2233 833 2261 non
877 2226 1158 2261 convertuntur
1197 2233 1271 2260 nec
1307 2233 1397 2261 eum
1431 2224 1545 2270 plene
1589 2234 1729 2270 capere

109 2275 305 2318 possunt3
325 2272 429 2309 unde
462 2271 590 2309 adhuc
618 2271 658 2308 in
682 2271 909 2308 hominibus
937 2270 1106 2307 :enebrae
1135 2274 1352 2315 remanent,
1374 2271 1435 2307 vel
1467 2271 1638 2318 majores
1666 2271 1729 2308 vel

108 2318 299 2363 minores,
319 2319 540 2356 secundum
572 2318 677 2365 quod
697 2318 824 2365 magis
844 2321 882 2354 et
909 2318 1040 2354 minus
1061 2320 1342 2354 convertuntur
1361 2318 1407 2354 ad
1430 2318 1598 2355 Verbum
1614 2321 1651 2355 et
1664 2328 1728 2355 ca·

107 2364 221 2411 piunt
235 2366 379 2412 ipsum.
403 2366 511 2402 Unde
541 2367 728 2409 Joannes,
761 2370 802 2402 ut
836 2373 994 2401 omnem
1026 2364 1221 2401 desectum
1249 2374 1273 2401 a
1306 2364 1598 2402 manifestativa
1615 2365 1729 2402 Verbi

105 2412 247 2449 virtute
265 2412 459 2457 excludat,
476 2421 597 2459 quum
616 2412 779 2449 dixisset
800 2412 903 2458 quod
924 2413 1001 2447 vita
1017 2414 1068 2447 est
1087 2411 1151 2447 lum
1174 2411 1370 2456 hominum,
1392 2411 1597 2458 subjungit
1622 2411 1727 2459 quod

108 2459 199 2495 lucet
216 2461 255 2494 in
276 2460 441 2503 tenebris,
457 2463 491 2495 et
510 2460 660 2495 tenebrae
673 2469 750 2494 eam
767 2469 838 2494 non
859 2458 1200 2503 comprehenderunt
1220 2457 1380 2504 (Joann.‚
1397 2468 1425 2502 1,
1446 2461 1481 2506 8)
1499 2471 1508 2503 ς
1527 2468 1608 2496 non
1624 2459 1728 2496 enim

106 2506 279 2543 tenebrae
300 2510 459 2543 suntex
477 2505 554 2543 hoc
574 2506 681 2553 quod
698 2505 865 2542 Verbum
898 2514 977 2542 non
1014 2505 1156 2545 luceat,
1193 2505 1263 2542 sed
1285 2515 1333 2542 ex
1363 2506 1438 2543 hoc
1470 2506 1575 2553 quod
1607 2505 1729 2552 aliqui

108 2551 238 2589 lucem
255 2552 369 2590 Verbi
389 2561 470 2590 non
495 2553 681 2598 capiunt;
707 2553 823 2596 sicut,
845 2552 931 2589 luce
969 2551 1149 2597 corporei
1173 2551 1271 2589 solis
1310 2561 1379 2598 per
1410 2552 1546 2590 orbem
1567 2552 1726 2597 diffusa,

106 2599 278 2636 tenebrae
299 2608 381 2636 non
401 2603 495 2637 sunt
515 2599 592 2637 nisi
611 2599 647 2636 ei
667 2599 735 2647 qui
756 2598 896 2636 oculos
917 2598 1076 2635 clausos
1096 2598 1157 2635 vel
1174 2598 1324 2636 debiles
1343 2599 1472 2636 habet.

155 2646 242 2696 Ilaec
260 2646 378 2692 igitur
400 2649 494 2684 sunt
509 2656 595 2693 quae
616 2646 662 2683 de
683 2645 937 2692 generatione
960 2645 1093 2682 divina
1114 2647 1152 2681 et
1181 2644 1229 2682 de
1258 2645 1398 2683 virtute
1426 2646 1623 2694 Unigeniti
1641 2644 1727 2683 Filii

107 2691 189 2736 Dei,
212 2700 259 2728 ex
278 2692 404 2731 sacris
425 2693 634 2740 scripturis
651 2693 795 2738 edocti,
811 2695 1025 2740 utcumque
1045 2691 1253 2739 concipere
1272 2701 1502 2740 possumus.
