<?xml version="1.0" encoding="UTF-8"?>
<!DOCTYPE html PUBLIC "-//W3C//DTD XHTML 1.0 Transitional//EN"
    "http://www.w3.org/TR/xhtml1/DTD/xhtml1-transitional.dtd">
<html xmlns="http://www.w3.org/1999/xhtml" xml:lang="en" lang="en">
 <head>
  <title>
</title>
<meta http-equiv="Content-Type" content="text/html;charset=utf-8" />
  <meta name='ocr-system' content='tesseract 3.04.00' />
  <meta name='ocr-capabilities' content='ocr_page ocr_carea ocr_par ocr_line ocrx_word'/>
</head>
<body>
  <div class='ocr_page' id='page_1' title='image "./deveritatecathol00thomuoft_0425.png"; bbox 0 0 1894 3223; ppageno 0'>
   <div class='ocr_carea' id='block_1_1' title="bbox 56 91 1683 379">
    <p class='ocr_par' dir='ltr' id='par_1_1' title="bbox 56 91 1683 286">
     <span class='ocr_line' id='line_1_1' title="bbox 648 91 1680 136; baseline -0.016 -8"><span class='ocrx_word' id='word_1_1' title='bbox 648 91 736 128; x_wconf 88' lang='lat' dir='ltr'>LIB.</span> <span class='ocrx_word' id='word_1_2' title='bbox 764 92 828 136; x_wconf 91' lang='grc' dir='ltr'><strong>ΙΙΙ,</strong></span> <span class='ocrx_word' id='word_1_3' title='bbox 856 92 957 129; x_wconf 78' lang='lat' dir='ltr'><strong>CAP.</strong></span> <span class='ocrx_word' id='word_1_4' title='bbox 983 91 1102 130; x_wconf 86' lang='lat' dir='ltr'><strong>XCIV.</strong></span> <span class='ocrx_word' id='word_1_5' title='bbox 1613 93 1680 128; x_wconf 72' lang='lat'>385</span> 
     </span>
     <span class='ocr_line' id='line_1_2' title="bbox 57 171 1683 220; baseline -0.004 -6"><span class='ocrx_word' id='word_1_6' title='bbox 57 173 207 211; x_wconf 85' lang='lat' dir='ltr'>omnia.</span> <span class='ocrx_word' id='word_1_7' title='bbox 245 174 299 211; x_wconf 82' lang='lat' dir='ltr'>Ex</span> <span class='ocrx_word' id='word_1_8' title='bbox 344 181 424 210; x_wconf 89' lang='lat' dir='ltr'>una</span> <span class='ocrx_word' id='word_1_9' title='bbox 462 175 593 210; x_wconf 89' lang='lat' dir='ltr'>autem</span> <span class='ocrx_word' id='word_1_10' title='bbox 638 172 774 210; x_wconf 90' lang='lat' dir='ltr'>divina</span> <span class='ocrx_word' id='word_1_11' title='bbox 812 173 1076 220; x_wconf 80' lang='lat' dir='ltr'>dispositione</span> <span class='ocrx_word' id='word_1_12' title='bbox 1120 175 1249 219; x_wconf 86' lang='lat' dir='ltr'>potest</span> <span class='ocrx_word' id='word_1_13' title='bbox 1292 171 1413 209; x_wconf 90' lang='lat' dir='ltr'>homo</span> <span class='ocrx_word' id='word_1_14' title='bbox 1457 171 1507 209; x_wconf 88' lang='lat' dir='ltr'>ad</span> <span class='ocrx_word' id='word_1_15' title='bbox 1547 171 1683 211; x_wconf 86' lang='lat' dir='ltr'>omnia</span> 
     </span>
     <span class='ocr_line' id='line_1_3' title="bbox 56 236 190 286; baseline 0 -11"><span class='ocrx_word' id='word_1_16' title='bbox 56 236 190 286; x_wconf 85' lang='lat' dir='ltr'>dirigi.</span> 
     </span>
    </p>

    <p class='ocr_par' dir='ltr' id='par_1_2' title="bbox 701 336 1039 379">
     <span class='ocr_line' id='line_1_4' title="bbox 701 336 1039 379; baseline 0 -1"><span class='ocrx_word' id='word_1_17' title='bbox 701 336 870 379; x_wconf 84' lang='lat' dir='ltr'><strong>CAPUT</strong></span> <span class='ocrx_word' id='word_1_18' title='bbox 898 337 1039 378; x_wconf 75' lang='lat' dir='ltr'>XCIII,</span> 
     </span>
    </p>
   </div>
   <div class='ocr_carea' id='block_1_2' title="bbox 540 444 1198 478">
    <p class='ocr_par' dir='ltr' id='par_1_3' title="bbox 540 444 1198 478">
     <span class='ocr_line' id='line_1_5' title="bbox 540 444 1198 478; baseline -0.002 -4"><span class='ocrx_word' id='word_1_19' title='bbox 540 445 590 474; x_wconf 80' lang='lat' dir='ltr'>DE</span> <span class='ocrx_word' id='word_1_20' title='bbox 616 444 715 474; x_wconf 76' lang='lat' dir='ltr'>FATO</span> <span class='ocrx_word' id='word_1_21' title='bbox 738 447 747 473; x_wconf 88' lang='lat'><strong>:</strong></span> <span class='ocrx_word' id='word_1_22' title='bbox 775 445 828 473; x_wconf 85' lang='lat' dir='ltr'>AN</span> <span class='ocrx_word' id='word_1_23' title='bbox 851 445 911 473; x_wconf 85' lang='lat' dir='ltr'>SIT</span> <span class='ocrx_word' id='word_1_24' title='bbox 936 445 985 473; x_wconf 78' lang='lat' dir='ltr'>ET</span> <span class='ocrx_word' id='word_1_25' title='bbox 1011 445 1100 478; x_wconf 77' lang='lat' dir='ltr'><strong>QL&#39;ID</strong></span> <span class='ocrx_word' id='word_1_26' title='bbox 1127 444 1198 473; x_wconf 86' lang='lat' dir='ltr'>SIT.</span> 
     </span>
    </p>
   </div>
   <div class='ocr_carea' id='block_1_3' title="bbox 59 552 1686 2148">
    <p class='ocr_par' dir='ltr' id='par_1_4' title="bbox 60 552 1683 929">
     <span class='ocr_line' id='line_1_6' title="bbox 109 552 1681 602; baseline 0.001 -10"><span class='ocrx_word' id='word_1_27' title='bbox 109 555 164 592; x_wconf 78' lang='lat' dir='ltr'>Ex</span> <span class='ocrx_word' id='word_1_28' title='bbox 180 553 244 592; x_wconf 87' lang='lat' dir='ltr'>his</span> <span class='ocrx_word' id='word_1_29' title='bbox 265 557 396 590; x_wconf 85' lang='lat' dir='ltr'>autem</span> <span class='ocrx_word' id='word_1_30' title='bbox 426 562 513 600; x_wconf 76' lang='lat' dir='ltr'>quae</span> <span class='ocrx_word' id='word_1_31' title='bbox 545 552 754 598; x_wconf 88' lang='lat' dir='ltr'>praemissa</span> <span class='ocrx_word' id='word_1_32' title='bbox 779 556 885 597; x_wconf 91' lang='lat' dir='ltr'>sunt,</span> <span class='ocrx_word' id='word_1_33' title='bbox 901 557 1062 599; x_wconf 87' lang='lat' dir='ltr'>apparet</span> <span class='ocrx_word' id='word_1_34' title='bbox 1093 553 1210 590; x_wconf 90' lang='lat' dir='ltr'>etiam</span> <span class='ocrx_word' id='word_1_35' title='bbox 1229 554 1323 602; x_wconf 73' lang='lat' dir='ltr'>qqid</span> <span class='ocrx_word' id='word_1_36' title='bbox 1344 555 1395 591; x_wconf 86' lang='lat' dir='ltr'>sit</span> <span class='ocrx_word' id='word_1_37' title='bbox 1416 556 1463 592; x_wconf 90' lang='lat' dir='ltr'>de</span> <span class='ocrx_word' id='word_1_38' title='bbox 1490 558 1569 593; x_wconf 85' lang='lat' dir='ltr'>fato</span> <span class='ocrx_word' id='word_1_39' title='bbox 1591 565 1681 594; x_wconf 86' lang='lat' dir='ltr'>sen-</span> 
     </span>
     <span class='ocr_line' id='line_1_7' title="bbox 60 600 1681 647; baseline 0.001 -9"><span class='ocrx_word' id='word_1_40' title='bbox 60 600 254 638; x_wconf 83' lang='lat' dir='ltr'>tiendum.</span> <span class='ocrx_word' id='word_1_41' title='bbox 279 600 461 637; x_wconf 86' lang='lat' dir='ltr'>videntes</span> <span class='ocrx_word' id='word_1_42' title='bbox 483 600 587 637; x_wconf 89' lang='lat' dir='ltr'>enim</span> <span class='ocrx_word' id='word_1_43' title='bbox 608 600 792 637; x_wconf 90' lang='lat' dir='ltr'>homines</span> <span class='ocrx_word' id='word_1_44' title='bbox 812 600 937 637; x_wconf 86' lang='lat' dir='ltr'>multa</span> <span class='ocrx_word' id='word_1_45' title='bbox 953 601 995 637; x_wconf 91' lang='lat' dir='ltr'>in</span> <span class='ocrx_word' id='word_1_46' title='bbox 1015 600 1091 638; x_wconf 91' lang='lat' dir='ltr'>hoc</span> <span class='ocrx_word' id='word_1_47' title='bbox 1111 600 1261 638; x_wconf 92' lang='lat' dir='ltr'>mundo</span> <span class='ocrx_word' id='word_1_48' title='bbox 1294 610 1364 647; x_wconf 87' lang='lat' dir='ltr'>per</span> <span class='ocrx_word' id='word_1_49' title='bbox 1383 602 1567 640; x_wconf 74' lang='lat' dir='ltr'>accidens</span> <span class='ocrx_word' id='word_1_50' title='bbox 1587 611 1681 640; x_wconf 90' lang='lat' dir='ltr'>con-</span> 
     </span>
     <span class='ocr_line' id='line_1_8' title="bbox 61 646 1683 696; baseline 0.002 -11"><span class='ocrx_word' id='word_1_51' title='bbox 61 647 231 695; x_wconf 74' lang='lat' dir='ltr'>tingere,</span> <span class='ocrx_word' id='word_1_52' title='bbox 252 647 286 685; x_wconf 91' lang='lat' dir='ltr'>si</span> <span class='ocrx_word' id='word_1_53' title='bbox 308 656 438 684; x_wconf 86' lang='lat' dir='ltr'>causae</span> <span class='ocrx_word' id='word_1_54' title='bbox 459 647 717 693; x_wconf 78' lang='lat' dir='ltr'>particulares</span> <span class='ocrx_word' id='word_1_55' title='bbox 737 646 1052 692; x_wconf 83' lang='lat' dir='ltr'>considerentur,</span> <span class='ocrx_word' id='word_1_56' title='bbox 1073 651 1294 693; x_wconf 86' lang='lat' dir='ltr'>posuerunt</span> <span class='ocrx_word' id='word_1_57' title='bbox 1313 648 1471 694; x_wconf 88' lang='lat' dir='ltr'>quidam</span> <span class='ocrx_word' id='word_1_58' title='bbox 1488 650 1593 696; x_wconf 92' lang='lat' dir='ltr'>quod</span> <span class='ocrx_word' id='word_1_59' title='bbox 1610 659 1683 688; x_wconf 86' lang='lat' dir='ltr'>nec</span> 
     </span>
     <span class='ocr_line' id='line_1_9' title="bbox 63 694 1681 741; baseline 0.001 -9"><span class='ocrx_word' id='word_1_60' title='bbox 63 695 182 733; x_wconf 73' lang='lat' dir='ltr'>etiam</span> <span class='ocrx_word' id='word_1_61' title='bbox 201 694 250 732; x_wconf 89' lang='lat' dir='ltr'>ab</span> <span class='ocrx_word' id='word_1_62' title='bbox 266 694 468 741; x_wconf 84' lang='lat' dir='ltr'>aliquibus</span> <span class='ocrx_word' id='word_1_63' title='bbox 481 694 756 740; x_wconf 87' lang='lat' dir='ltr'>superioribus</span> <span class='ocrx_word' id='word_1_64' title='bbox 768 694 902 731; x_wconf 87' lang='lat' dir='ltr'>causis</span> <span class='ocrx_word' id='word_1_65' title='bbox 923 694 1156 732; x_wconf 86' lang='lat' dir='ltr'>ordinentur</span> <span class='ocrx_word' id='word_1_66' title='bbox 1172 706 1181 739; x_wconf 84' lang='lat'>;</span> <span class='ocrx_word' id='word_1_67' title='bbox 1200 697 1240 732; x_wconf 90' lang='lat' dir='ltr'>et</span> <span class='ocrx_word' id='word_1_68' title='bbox 1257 694 1321 732; x_wconf 89' lang='lat' dir='ltr'>his</span> <span class='ocrx_word' id='word_1_69' title='bbox 1332 695 1537 733; x_wconf 82' lang='lat' dir='ltr'>videbatur</span> <span class='ocrx_word' id='word_1_70' title='bbox 1557 697 1681 735; x_wconf 78' lang='lat' dir='ltr'>satum</span> 
     </span>
     <span class='ocr_line' id='line_1_10' title="bbox 62 741 1679 788; baseline 0.001 -9"><span class='ocrx_word' id='word_1_71' title='bbox 62 741 161 780; x_wconf 71' lang='lat' dir='ltr'>nibil</span> <span class='ocrx_word' id='word_1_72' title='bbox 182 750 271 779; x_wconf 88' lang='lat' dir='ltr'>esse</span> <span class='ocrx_word' id='word_1_73' title='bbox 305 742 483 779; x_wconf 89' lang='lat' dir='ltr'>omnino.</span> <span class='ocrx_word' id='word_1_74' title='bbox 503 741 670 785; x_wconf 85' lang='lat' dir='ltr'>Quidam</span> <span class='ocrx_word' id='word_1_75' title='bbox 702 750 795 778; x_wconf 92' lang='lat' dir='ltr'>vero</span> <span class='ocrx_word' id='word_1_76' title='bbox 823 750 870 778; x_wconf 84' lang='lat' dir='ltr'>ea</span> <span class='ocrx_word' id='word_1_77' title='bbox 889 741 930 777; x_wconf 92' lang='lat' dir='ltr'>in</span> <span class='ocrx_word' id='word_1_78' title='bbox 962 741 1117 788; x_wconf 85' lang='lat' dir='ltr'>aliquas</span> <span class='ocrx_word' id='word_1_79' title='bbox 1138 741 1300 779; x_wconf 81' lang='lat' dir='ltr'>altiores</span> <span class='ocrx_word' id='word_1_80' title='bbox 1321 742 1464 780; x_wconf 86' lang='lat' dir='ltr'>caus&#39;as</span> <span class='ocrx_word' id='word_1_81' title='bbox 1492 743 1679 781; x_wconf 84' lang='lat' dir='ltr'>reducere</span> 
     </span>
     <span class='ocr_line' id='line_1_11' title="bbox 60 787 1679 840; baseline 0 -13"><span class='ocrx_word' id='word_1_82' title='bbox 60 792 157 827; x_wconf 87' lang='lat' dir='ltr'>sunt</span> <span class='ocrx_word' id='word_1_83' title='bbox 188 788 334 833; x_wconf 89' lang='lat' dir='ltr'>conati,</span> <span class='ocrx_word' id='word_1_84' title='bbox 363 798 411 825; x_wconf 82' lang='lat' dir='ltr'>ex</span> <span class='ocrx_word' id='word_1_85' title='bbox 440 788 585 835; x_wconf 90' lang='lat' dir='ltr'>quibus</span> <span class='ocrx_word' id='word_1_86' title='bbox 605 797 694 825; x_wconf 89' lang='lat' dir='ltr'>cum</span> <span class='ocrx_word' id='word_1_87' title='bbox 727 788 897 835; x_wconf 90' lang='lat' dir='ltr'>quadam</span> <span class='ocrx_word' id='word_1_88' title='bbox 925 787 1190 840; x_wconf 81' lang='lat' dir='ltr'>dispositione</span> <span class='ocrx_word' id='word_1_89' title='bbox 1227 788 1407 826; x_wconf 88' lang='lat' dir='ltr'>ordinate</span> <span class='ocrx_word' id='word_1_90' title='bbox 1440 790 1679 835; x_wconf 88' lang='lat' dir='ltr'>procedant;</span> 
     </span>
     <span class='ocr_line' id='line_1_12' title="bbox 60 835 1682 884; baseline 0.001 -12"><span class='ocrx_word' id='word_1_91' title='bbox 60 839 101 873; x_wconf 88' lang='lat' dir='ltr'>et</span> <span class='ocrx_word' id='word_1_92' title='bbox 131 835 171 872; x_wconf 95' lang='lat' dir='ltr'>hi</span> <span class='ocrx_word' id='word_1_93' title='bbox 193 835 315 872; x_wconf 85' lang='lat' dir='ltr'>satum</span> <span class='ocrx_word' id='word_1_94' title='bbox 343 839 576 880; x_wconf 89' lang='lat' dir='ltr'>posuerunt,</span> <span class='ocrx_word' id='word_1_95' title='bbox 598 836 711 881; x_wconf 82' lang='lat' dir='ltr'>quasi</span> <span class='ocrx_word' id='word_1_96' title='bbox 747 845 794 872; x_wconf 89' lang='lat' dir='ltr'>ea</span> <span class='ocrx_word' id='word_1_97' title='bbox 828 844 915 882; x_wconf 84' lang='lat' dir='ltr'>quae</span> <span class='ocrx_word' id='word_1_98' title='bbox 946 835 1129 872; x_wconf 75' lang='lat' dir='ltr'>videntur</span> <span class='ocrx_word' id='word_1_99' title='bbox 1149 845 1174 873; x_wconf 86' lang='lat' dir='ltr'>a</span> <span class='ocrx_word' id='word_1_100' title='bbox 1205 844 1302 873; x_wconf 88' lang='lat' dir='ltr'>casu</span> <span class='ocrx_word' id='word_1_101' title='bbox 1334 837 1563 884; x_wconf 79' lang='lat' dir='ltr'>contingere</span> <span class='ocrx_word' id='word_1_102' title='bbox 1602 838 1682 874; x_wconf 87' lang='lat' dir='ltr'>sint</span> 
     </span>
     <span class='ocr_line' id='line_1_13' title="bbox 60 880 1349 929; baseline 0 -9"><span class='ocrx_word' id='word_1_103' title='bbox 60 882 110 921; x_wconf 88' lang='lat' dir='ltr'>ab</span> <span class='ocrx_word' id='word_1_104' title='bbox 130 882 264 929; x_wconf 88' lang='lat' dir='ltr'>aliquo</span> <span class='ocrx_word' id='word_1_105' title='bbox 296 880 427 926; x_wconf 81' lang='lat' dir='ltr'>effata,</span> <span class='ocrx_word' id='word_1_106' title='bbox 448 883 530 919; x_wconf 90' lang='lat' dir='ltr'>sive</span> <span class='ocrx_word' id='word_1_107' title='bbox 550 882 778 928; x_wconf 67' lang='lat' dir='ltr'>praelocuta,</span> <span class='ocrx_word' id='word_1_108' title='bbox 800 886 839 918; x_wconf 86' lang='lat' dir='ltr'>et</span> <span class='ocrx_word' id='word_1_109' title='bbox 856 881 1122 929; x_wconf 82' lang='lat' dir='ltr'>praeordinata</span> <span class='ocrx_word' id='word_1_110' title='bbox 1140 886 1185 920; x_wconf 92' lang='lat' dir='ltr'>ut</span> <span class='ocrx_word' id='word_1_111' title='bbox 1200 886 1349 921; x_wconf 88' lang='lat' dir='ltr'>essent.</span> 
     </span>
    </p>

    <p class='ocr_par' dir='ltr' id='par_1_5' title="bbox 59 928 1686 2148">
     <span class='ocr_line' id='line_1_14' title="bbox 110 928 1681 977; baseline 0.002 -11"><span class='ocrx_word' id='word_1_112' title='bbox 110 930 258 967; x_wconf 88' lang='lat' dir='ltr'>Horum</span> <span class='ocrx_word' id='word_1_113' title='bbox 280 937 374 975; x_wconf 83' lang='lat' dir='ltr'>ergo</span> <span class='ocrx_word' id='word_1_114' title='bbox 404 929 564 976; x_wconf 88' lang='lat' dir='ltr'>quidam</span> <span class='ocrx_word' id='word_1_115' title='bbox 586 928 722 966; x_wconf 88' lang='lat' dir='ltr'>omnia</span> <span class='ocrx_word' id='word_1_116' title='bbox 749 938 837 975; x_wconf 80' lang='lat' dir='ltr'>quae</span> <span class='ocrx_word' id='word_1_117' title='bbox 874 929 940 966; x_wconf 92' lang='lat' dir='ltr'>hic</span> <span class='ocrx_word' id='word_1_118' title='bbox 970 929 1156 966; x_wconf 88' lang='lat' dir='ltr'>accidunt</span> <span class='ocrx_word' id='word_1_119' title='bbox 1172 938 1196 967; x_wconf 90' lang='lat' dir='ltr'>a</span> <span class='ocrx_word' id='word_1_120' title='bbox 1215 939 1311 967; x_wconf 88' lang='lat' dir='ltr'>casu</span> <span class='ocrx_word' id='word_1_121' title='bbox 1331 931 1604 977; x_wconf 80' lang='lat' dir='ltr'>contingentia</span> <span class='ocrx_word' id='word_1_122' title='bbox 1621 940 1681 969; x_wconf 86' lang='lat' dir='ltr'>re-</span> 
     </span>
     <span class='ocr_line' id='line_1_15' title="bbox 63 975 1681 1021; baseline 0.001 -7"><span class='ocrx_word' id='word_1_123' title='bbox 63 975 207 1014; x_wconf 91' lang='lat' dir='ltr'>ducere</span> <span class='ocrx_word' id='word_1_124' title='bbox 236 976 368 1013; x_wconf 89' lang='lat' dir='ltr'>conati</span> <span class='ocrx_word' id='word_1_125' title='bbox 398 979 492 1013; x_wconf 88' lang='lat' dir='ltr'>sunt</span> <span class='ocrx_word' id='word_1_126' title='bbox 523 976 562 1012; x_wconf 92' lang='lat' dir='ltr'>in</span> <span class='ocrx_word' id='word_1_127' title='bbox 602 976 781 1013; x_wconf 87' lang='lat' dir='ltr'>coelestia</span> <span class='ocrx_word' id='word_1_128' title='bbox 810 984 990 1021; x_wconf 91' lang='lat' dir='ltr'>corpora,</span> <span class='ocrx_word' id='word_1_129' title='bbox 1012 976 1130 1013; x_wconf 86' lang='lat' dir='ltr'>etiam</span> <span class='ocrx_word' id='word_1_130' title='bbox 1161 976 1379 1015; x_wconf 85' lang='lat' dir='ltr'>electiones</span> <span class='ocrx_word' id='word_1_131' title='bbox 1416 978 1611 1016; x_wconf 88' lang='lat' dir='ltr'>humanas</span> <span class='ocrx_word' id='word_1_132' title='bbox 1643 977 1681 1015; x_wconf 90' lang='lat' dir='ltr'>vi</span> 
     </span>
     <span class='ocr_line' id='line_1_16' title="bbox 62 1022 1681 1071; baseline 0.001 -10"><span class='ocrx_word' id='word_1_133' title='bbox 62 1023 279 1069; x_wconf 87' lang='lat' dir='ltr'>positionis</span> <span class='ocrx_word' id='word_1_134' title='bbox 300 1022 489 1067; x_wconf 88' lang='lat' dir='ltr'>siderum,</span> <span class='ocrx_word' id='word_1_135' title='bbox 511 1022 575 1059; x_wconf 90' lang='lat' dir='ltr'>cui</span> <span class='ocrx_word' id='word_1_136' title='bbox 607 1023 744 1059; x_wconf 89' lang='lat' dir='ltr'>omnia</span> <span class='ocrx_word' id='word_1_137' title='bbox 763 1031 853 1060; x_wconf 85' lang='lat' dir='ltr'>curn</span> <span class='ocrx_word' id='word_1_138' title='bbox 873 1022 1043 1069; x_wconf 89' lang='lat' dir='ltr'>quadam</span> <span class='ocrx_word' id='word_1_139' title='bbox 1065 1024 1303 1061; x_wconf 82' lang='lat' dir='ltr'>necessitate</span> <span class='ocrx_word' id='word_1_140' title='bbox 1329 1024 1445 1062; x_wconf 90' lang='lat' dir='ltr'>subdi</span> <span class='ocrx_word' id='word_1_141' title='bbox 1467 1025 1681 1071; x_wconf 88' lang='lat' dir='ltr'>ponebant,</span> 
     </span>
     <span class='ocr_line' id='line_1_17' title="bbox 64 1069 1681 1116; baseline 0.001 -9"><span class='ocrx_word' id='word_1_142' title='bbox 64 1071 188 1107; x_wconf 83' lang='lat' dir='ltr'>satum</span> <span class='ocrx_word' id='word_1_143' title='bbox 220 1069 479 1115; x_wconf 82' lang='lat' dir='ltr'>appellantes,</span> <span class='ocrx_word' id='word_1_144' title='bbox 529 1077 588 1106; x_wconf 89' lang='lat' dir='ltr'>uae</span> <span class='ocrx_word' id='word_1_145' title='bbox 608 1069 768 1116; x_wconf 90' lang='lat' dir='ltr'>quidem</span> <span class='ocrx_word' id='word_1_146' title='bbox 788 1069 936 1115; x_wconf 88' lang='lat' dir='ltr'>positio</span> <span class='ocrx_word' id='word_1_147' title='bbox 957 1070 1219 1116; x_wconf 88' lang='lat' dir='ltr'>impossibilis</span> <span class='ocrx_word' id='word_1_148' title='bbox 1240 1073 1314 1115; x_wconf 89' lang='lat' dir='ltr'>est,</span> <span class='ocrx_word' id='word_1_149' title='bbox 1335 1074 1374 1107; x_wconf 92' lang='lat' dir='ltr'>et</span> <span class='ocrx_word' id='word_1_150' title='bbox 1399 1081 1422 1108; x_wconf 90' lang='lat' dir='ltr'>a</span> <span class='ocrx_word' id='word_1_151' title='bbox 1440 1071 1515 1108; x_wconf 85' lang='lat' dir='ltr'>fide</span> <span class='ocrx_word' id='word_1_152' title='bbox 1537 1072 1681 1113; x_wconf 87' lang='lat' dir='ltr'>aliena,</span> 
     </span>
     <span class='ocr_line' id='line_1_18' title="bbox 64 1115 1682 1164; baseline 0 -10"><span class='ocrx_word' id='word_1_153' title='bbox 64 1119 108 1154; x_wconf 91' lang='lat' dir='ltr'>ut</span> <span class='ocrx_word' id='word_1_154' title='bbox 127 1125 176 1153; x_wconf 84' lang='lat' dir='ltr'>ex</span> <span class='ocrx_word' id='word_1_155' title='bbox 207 1115 483 1162; x_wconf 90' lang='lat' dir='ltr'>superioribus</span> <span class='ocrx_word' id='word_1_156' title='bbox 525 1125 610 1161; x_wconf 90' lang='lat' dir='ltr'>cap.</span> <span class='ocrx_word' id='word_1_157' title='bbox 630 1119 672 1153; x_wconf 82' lang='lat'>71</span> <span class='ocrx_word' id='word_1_158' title='bbox 702 1120 740 1153; x_wconf 88' lang='lat' dir='ltr'>et</span> <span class='ocrx_word' id='word_1_159' title='bbox 764 1115 865 1163; x_wconf 88' lang='lat' dir='ltr'>seq.)</span> <span class='ocrx_word' id='word_1_160' title='bbox 885 1118 1003 1161; x_wconf 87' lang='lat' dir='ltr'>patet.</span> <span class='ocrx_word' id='word_1_161' title='bbox 1026 1116 1192 1160; x_wconf 82' lang='lat' dir='ltr'>Quidam</span> <span class='ocrx_word' id='word_1_162' title='bbox 1224 1126 1317 1154; x_wconf 91' lang='lat' dir='ltr'>vero</span> <span class='ocrx_word' id='word_1_163' title='bbox 1346 1117 1388 1154; x_wconf 87' lang='lat' dir='ltr'>in</span> <span class='ocrx_word' id='word_1_164' title='bbox 1418 1117 1682 1164; x_wconf 86' lang='lat' dir='ltr'>dispositione</span> 
     </span>
     <span class='ocr_line' id='line_1_19' title="bbox 67 1162 1682 1211; baseline 0.001 -11"><span class='ocrx_word' id='word_1_165' title='bbox 67 1163 211 1201; x_wconf 85' lang='lat' dir='ltr'>divinae</span> <span class='ocrx_word' id='word_1_166' title='bbox 231 1162 488 1210; x_wconf 84' lang='lat' dir='ltr'>providentiae</span> <span class='ocrx_word' id='word_1_167' title='bbox 509 1162 645 1201; x_wconf 86' lang='lat' dir='ltr'>omnia</span> <span class='ocrx_word' id='word_1_168' title='bbox 663 1162 851 1200; x_wconf 87' lang='lat' dir='ltr'>reducere</span> <span class='ocrx_word' id='word_1_169' title='bbox 870 1163 1083 1200; x_wconf 87' lang='lat' dir='ltr'>voluerunt</span> <span class='ocrx_word' id='word_1_170' title='bbox 1099 1173 1359 1211; x_wconf 74' lang='lat' dir='ltr'>quaecumque</span> <span class='ocrx_word' id='word_1_171' title='bbox 1378 1164 1420 1201; x_wconf 89' lang='lat' dir='ltr'>in</span> <span class='ocrx_word' id='word_1_172' title='bbox 1436 1165 1499 1202; x_wconf 89' lang='lat' dir='ltr'>his</span> <span class='ocrx_word' id='word_1_173' title='bbox 1519 1165 1682 1202; x_wconf 83' lang='lat' dir='ltr'>inferio-</span> 
     </span>
     <span class='ocr_line' id='line_1_20' title="bbox 64 1209 1686 1258; baseline 0.002 -11"><span class='ocrx_word' id='word_1_174' title='bbox 64 1209 178 1247; x_wconf 88' lang='lat' dir='ltr'>ribus</span> <span class='ocrx_word' id='word_1_175' title='bbox 197 1219 222 1248; x_wconf 89' lang='lat' dir='ltr'>a</span> <span class='ocrx_word' id='word_1_176' title='bbox 241 1218 338 1247; x_wconf 89' lang='lat' dir='ltr'>casu</span> <span class='ocrx_word' id='word_1_177' title='bbox 368 1209 599 1256; x_wconf 83' lang='lat' dir='ltr'>contingere</span> <span class='ocrx_word' id='word_1_178' title='bbox 617 1209 801 1247; x_wconf 76' lang='lat' dir='ltr'>videntur</span> <span class='ocrx_word' id='word_1_179' title='bbox 822 1221 831 1246; x_wconf 91' lang='lat'>:</span> <span class='ocrx_word' id='word_1_180' title='bbox 851 1210 955 1247; x_wconf 91' lang='lat' dir='ltr'>unde</span> <span class='ocrx_word' id='word_1_181' title='bbox 976 1210 1111 1248; x_wconf 88' lang='lat' dir='ltr'>omnia</span> <span class='ocrx_word' id='word_1_182' title='bbox 1130 1211 1211 1249; x_wconf 79' lang='lat' dir='ltr'>fato</span> <span class='ocrx_word' id='word_1_183' title='bbox 1225 1211 1290 1258; x_wconf 85' lang='lat' dir='ltr'>agi</span> <span class='ocrx_word' id='word_1_184' title='bbox 1311 1211 1507 1256; x_wconf 86' lang='lat' dir='ltr'>dixerunt,</span> <span class='ocrx_word' id='word_1_185' title='bbox 1530 1212 1686 1250; x_wconf 86' lang='lat' dir='ltr'>ordina-</span> 
     </span>
     <span class='ocr_line' id='line_1_21' title="bbox 65 1256 1686 1304; baseline 0.002 -11"><span class='ocrx_word' id='word_1_186' title='bbox 65 1257 217 1295; x_wconf 82' lang='lat' dir='ltr'>tionem</span> <span class='ocrx_word' id='word_1_187' title='bbox 240 1266 329 1304; x_wconf 77' lang='lat' dir='ltr'>quae</span> <span class='ocrx_word' id='word_1_188' title='bbox 349 1260 409 1295; x_wconf 90' lang='lat' dir='ltr'>est</span> <span class='ocrx_word' id='word_1_189' title='bbox 427 1257 469 1293; x_wconf 90' lang='lat' dir='ltr'>in</span> <span class='ocrx_word' id='word_1_190' title='bbox 499 1256 620 1295; x_wconf 90' lang='lat' dir='ltr'>rebus</span> <span class='ocrx_word' id='word_1_191' title='bbox 639 1266 687 1294; x_wconf 88' lang='lat' dir='ltr'>ex</span> <span class='ocrx_word' id='word_1_192' title='bbox 705 1256 839 1294; x_wconf 89' lang='lat' dir='ltr'>divina</span> <span class='ocrx_word' id='word_1_193' title='bbox 863 1257 1112 1303; x_wconf 89' lang='lat' dir='ltr'>providentia</span> <span class='ocrx_word' id='word_1_194' title='bbox 1136 1258 1260 1295; x_wconf 80' lang='lat' dir='ltr'>satum</span> <span class='ocrx_word' id='word_1_195' title='bbox 1277 1258 1558 1303; x_wconf 88' lang='lat' dir='ltr'>nominantes;</span> <span class='ocrx_word' id='word_1_196' title='bbox 1580 1259 1686 1297; x_wconf 90' lang='lat' dir='ltr'>unde</span> 
     </span>
     <span class='ocr_line' id='line_1_22' title="bbox 67 1303 1684 1351; baseline 0.002 -10"><span class='ocrx_word' id='word_1_197' title='bbox 67 1304 230 1342; x_wconf 89' lang='lat' dir='ltr'>Boetius</span> <span class='ocrx_word' id='word_1_198' title='bbox 263 1303 360 1341; x_wconf 87' lang='lat' dir='ltr'>dicit</span> <span class='ocrx_word' id='word_1_199' title='bbox 379 1303 462 1351; x_wconf 90' lang='lat' dir='ltr'>(lib.</span> <span class='ocrx_word' id='word_1_200' title='bbox 481 1312 525 1341; x_wconf 81' lang='lat' dir='ltr'>lv</span> <span class='ocrx_word' id='word_1_201' title='bbox 544 1305 597 1341; x_wconf 86' lang='lat' dir='ltr'>De</span> <span class='ocrx_word' id='word_1_202' title='bbox 618 1313 746 1349; x_wconf 91' lang='lat' dir='ltr'>cons.‚</span> <span class='ocrx_word' id='word_1_203' title='bbox 768 1313 876 1350; x_wconf 90' lang='lat' dir='ltr'>pros.</span> <span class='ocrx_word' id='word_1_204' title='bbox 896 1307 933 1349; x_wconf 77' lang='lat'>4,</span> <span class='ocrx_word' id='word_1_205' title='bbox 951 1313 988 1351; x_wconf 91' lang='lat' dir='ltr'>p.</span> <span class='ocrx_word' id='word_1_206' title='bbox 1009 1304 1092 1351; x_wconf 79' lang='lat'>294)</span> <span class='ocrx_word' id='word_1_207' title='bbox 1123 1304 1229 1351; x_wconf 89' lang='lat' dir='ltr'>quod</span> <span class='ocrx_word' id='word_1_208' title='bbox 1259 1305 1382 1343; x_wconf 85' lang='lat' dir='ltr'>fatum</span> <span class='ocrx_word' id='word_1_209' title='bbox 1403 1310 1464 1344; x_wconf 88' lang='lat' dir='ltr'>est</span> <span class='ocrx_word' id='word_1_210' title='bbox 1483 1306 1684 1344; x_wconf 70' lang='lat' dir='ltr'>inhaerens</span> 
     </span>
     <span class='ocr_line' id='line_1_23' title="bbox 65 1350 1685 1400; baseline 0 -11"><span class='ocrx_word' id='word_1_211' title='bbox 65 1350 186 1389; x_wconf 87' lang='lat' dir='ltr'>rebus</span> <span class='ocrx_word' id='word_1_212' title='bbox 218 1350 437 1389; x_wconf 86' lang='lat' dir='ltr'>mobilibus</span> <span class='ocrx_word' id='word_1_213' title='bbox 473 1350 700 1398; x_wconf 86' lang='lat' dir='ltr'>dispositio,</span> <span class='ocrx_word' id='word_1_214' title='bbox 721 1360 791 1397; x_wconf 89' lang='lat' dir='ltr'>per</span> <span class='ocrx_word' id='word_1_215' title='bbox 820 1360 939 1399; x_wconf 89' lang='lat' dir='ltr'>quam</span> <span class='ocrx_word' id='word_1_216' title='bbox 974 1351 1221 1397; x_wconf 90' lang='lat' dir='ltr'>providentia</span> <span class='ocrx_word' id='word_1_217' title='bbox 1243 1352 1330 1390; x_wconf 90' lang='lat' dir='ltr'>suis</span> <span class='ocrx_word' id='word_1_218' title='bbox 1365 1362 1530 1400; x_wconf 89' lang='lat' dir='ltr'>quaeque</span> <span class='ocrx_word' id='word_1_219' title='bbox 1564 1354 1685 1391; x_wconf 85' lang='lat' dir='ltr'>nectit</span> 
     </span>
     <span class='ocr_line' id='line_1_24' title="bbox 64 1397 1685 1446; baseline 0.001 -10"><span class='ocrx_word' id='word_1_220' title='bbox 64 1397 290 1436; x_wconf 88' lang='lat' dir='ltr'>ordinibus.</span> <span class='ocrx_word' id='word_1_221' title='bbox 309 1400 353 1435; x_wconf 88' lang='lat' dir='ltr'>ln</span> <span class='ocrx_word' id='word_1_222' title='bbox 369 1406 448 1445; x_wconf 90' lang='lat' dir='ltr'>qua</span> <span class='ocrx_word' id='word_1_223' title='bbox 464 1397 534 1435; x_wconf 87' lang='lat' dir='ltr'>fati</span> <span class='ocrx_word' id='word_1_224' title='bbox 561 1397 828 1444; x_wconf 89' lang='lat' dir='ltr'>descriptione</span> <span class='ocrx_word' id='word_1_225' title='bbox 848 1398 1060 1444; x_wconf 86' lang='lat' dir='ltr'>dispositio</span> <span class='ocrx_word' id='word_1_226' title='bbox 1079 1408 1150 1445; x_wconf 90' lang='lat' dir='ltr'>pro</span> <span class='ocrx_word' id='word_1_227' title='bbox 1174 1399 1425 1437; x_wconf 90' lang='lat' dir='ltr'>ordinatione</span> <span class='ocrx_word' id='word_1_228' title='bbox 1445 1400 1619 1446; x_wconf 89' lang='lat' dir='ltr'>ponitur.</span> <span class='ocrx_word' id='word_1_229' title='bbox 1641 1402 1685 1437; x_wconf 90' lang='lat' dir='ltr'>In</span> 
     </span>
     <span class='ocr_line' id='line_1_25' title="bbox 66 1444 1684 1492; baseline 0.001 -10"><span class='ocrx_word' id='word_1_230' title='bbox 66 1444 186 1482; x_wconf 87' lang='lat' dir='ltr'>rebus</span> <span class='ocrx_word' id='word_1_231' title='bbox 213 1448 344 1482; x_wconf 88' lang='lat' dir='ltr'>autem</span> <span class='ocrx_word' id='word_1_232' title='bbox 365 1444 567 1482; x_wconf 76' lang='lat' dir='ltr'>inhaerens</span> <span class='ocrx_word' id='word_1_233' title='bbox 594 1445 756 1491; x_wconf 88' lang='lat' dir='ltr'>ponitur</span> <span class='ocrx_word' id='word_1_234' title='bbox 774 1448 818 1482; x_wconf 94' lang='lat' dir='ltr'>ut</span> <span class='ocrx_word' id='word_1_235' title='bbox 837 1444 1107 1492; x_wconf 82' lang='lat' dir='ltr'>distinguatur</span> <span class='ocrx_word' id='word_1_236' title='bbox 1123 1446 1246 1483; x_wconf 87' lang='lat' dir='ltr'>fatum</span> <span class='ocrx_word' id='word_1_237' title='bbox 1264 1456 1288 1483; x_wconf 90' lang='lat' dir='ltr'>a</span> <span class='ocrx_word' id='word_1_238' title='bbox 1307 1447 1567 1492; x_wconf 87' lang='lat' dir='ltr'>providentia.</span> <span class='ocrx_word' id='word_1_239' title='bbox 1589 1449 1684 1484; x_wconf 89' lang='lat' dir='ltr'>Nam</span> 
     </span>
     <span class='ocr_line' id='line_1_26' title="bbox 63 1491 1684 1539; baseline 0.001 -10"><span class='ocrx_word' id='word_1_240' title='bbox 63 1492 152 1537; x_wconf 88' lang='lat' dir='ltr'>ipsa</span> <span class='ocrx_word' id='word_1_241' title='bbox 172 1491 384 1536; x_wconf 89' lang='lat' dir='ltr'>ordinatio,</span> <span class='ocrx_word' id='word_1_242' title='bbox 415 1491 637 1530; x_wconf 86' lang='lat' dir='ltr'>secundum</span> <span class='ocrx_word' id='word_1_243' title='bbox 657 1491 763 1539; x_wconf 88' lang='lat' dir='ltr'>quod</span> <span class='ocrx_word' id='word_1_244' title='bbox 782 1492 824 1528; x_wconf 90' lang='lat' dir='ltr'>in</span> <span class='ocrx_word' id='word_1_245' title='bbox 855 1496 986 1530; x_wconf 90' lang='lat' dir='ltr'>mente</span> <span class='ocrx_word' id='word_1_246' title='bbox 1012 1492 1146 1530; x_wconf 88' lang='lat' dir='ltr'>divina</span> <span class='ocrx_word' id='word_1_247' title='bbox 1176 1496 1250 1537; x_wconf 91' lang='lat' dir='ltr'>est,</span> <span class='ocrx_word' id='word_1_248' title='bbox 1272 1494 1449 1531; x_wconf 90' lang='lat' dir='ltr'>nondum</span> <span class='ocrx_word' id='word_1_249' title='bbox 1473 1494 1591 1531; x_wconf 89' lang='lat' dir='ltr'>rebus</span> <span class='ocrx_word' id='word_1_250' title='bbox 1612 1494 1684 1530; x_wconf 90' lang='lat' dir='ltr'>im-</span> 
     </span>
     <span class='ocr_line' id='line_1_27' title="bbox 63 1537 1683 1587; baseline 0.002 -12"><span class='ocrx_word' id='word_1_251' title='bbox 63 1547 216 1585; x_wconf 87' lang='lat' dir='ltr'>pressa,</span> <span class='ocrx_word' id='word_1_252' title='bbox 235 1537 484 1585; x_wconf 90' lang='lat' dir='ltr'>providentia</span> <span class='ocrx_word' id='word_1_253' title='bbox 513 1541 598 1583; x_wconf 89' lang='lat' dir='ltr'>est;</span> <span class='ocrx_word' id='word_1_254' title='bbox 620 1538 840 1577; x_wconf 89' lang='lat' dir='ltr'>secundum</span> <span class='ocrx_word' id='word_1_255' title='bbox 867 1548 961 1576; x_wconf 83' lang='lat' dir='ltr'>vero</span> <span class='ocrx_word' id='word_1_256' title='bbox 993 1539 1099 1586; x_wconf 92' lang='lat' dir='ltr'>quod</span> <span class='ocrx_word' id='word_1_257' title='bbox 1126 1539 1208 1586; x_wconf 78' lang='lat' dir='ltr'>J&#39;am</span> <span class='ocrx_word' id='word_1_258' title='bbox 1242 1540 1435 1587; x_wconf 87' lang='lat' dir='ltr'>explicata</span> <span class='ocrx_word' id='word_1_259' title='bbox 1466 1541 1509 1577; x_wconf 93' lang='lat' dir='ltr'>in</span> <span class='ocrx_word' id='word_1_260' title='bbox 1549 1540 1683 1586; x_wconf 87' lang='lat' dir='ltr'>rebus,</span> 
     </span>
     <span class='ocr_line' id='line_1_28' title="bbox 62 1585 1684 1634; baseline 0.001 -12"><span class='ocrx_word' id='word_1_261' title='bbox 62 1585 188 1623; x_wconf 87' lang='lat' dir='ltr'>fatum</span> <span class='ocrx_word' id='word_1_262' title='bbox 218 1585 460 1623; x_wconf 87' lang='lat' dir='ltr'>nominatur.</span> <span class='ocrx_word' id='word_1_263' title='bbox 477 1585 690 1624; x_wconf 87' lang='lat' dir='ltr'>Mobilibus</span> <span class='ocrx_word' id='word_1_264' title='bbox 720 1589 851 1623; x_wconf 90' lang='lat' dir='ltr'>autem</span> <span class='ocrx_word' id='word_1_265' title='bbox 884 1586 993 1631; x_wconf 90' lang='lat' dir='ltr'>dicit,</span> <span class='ocrx_word' id='word_1_266' title='bbox 1013 1589 1055 1624; x_wconf 89' lang='lat' dir='ltr'>ut</span> <span class='ocrx_word' id='word_1_267' title='bbox 1083 1586 1267 1624; x_wconf 87' lang='lat' dir='ltr'>ostendat</span> <span class='ocrx_word' id='word_1_268' title='bbox 1297 1587 1403 1634; x_wconf 91' lang='lat' dir='ltr'>quod</span> <span class='ocrx_word' id='word_1_269' title='bbox 1424 1587 1521 1625; x_wconf 87' lang='lat' dir='ltr'>ordo</span> <span class='ocrx_word' id='word_1_270' title='bbox 1553 1587 1684 1634; x_wconf 89' lang='lat' dir='ltr'>provi-</span> 
     </span>
     <span class='ocr_line' id='line_1_29' title="bbox 62 1632 1684 1681; baseline 0.001 -11"><span class='ocrx_word' id='word_1_271' title='bbox 62 1632 206 1670; x_wconf 86' lang='lat' dir='ltr'>dentiae</span> <span class='ocrx_word' id='word_1_272' title='bbox 224 1632 676 1679; x_wconf 70' lang='lat' dir='ltr'>rebuscontingentiam</span> <span class='ocrx_word' id='word_1_273' title='bbox 697 1636 736 1670; x_wconf 88' lang='lat' dir='ltr'>et</span> <span class='ocrx_word' id='word_1_274' title='bbox 754 1633 1014 1670; x_wconf 84' lang='lat' dir='ltr'>mobilitatem</span> <span class='ocrx_word' id='word_1_275' title='bbox 1036 1642 1117 1671; x_wconf 87' lang='lat' dir='ltr'>non</span> <span class='ocrx_word' id='word_1_276' title='bbox 1136 1634 1276 1678; x_wconf 84' lang='lat' dir='ltr'>aufert,</span> <span class='ocrx_word' id='word_1_277' title='bbox 1298 1637 1342 1671; x_wconf 91' lang='lat' dir='ltr'>ut</span> <span class='ocrx_word' id='word_1_278' title='bbox 1356 1634 1517 1681; x_wconf 86' lang='lat' dir='ltr'>quidam</span> <span class='ocrx_word' id='word_1_279' title='bbox 1537 1644 1684 1680; x_wconf 88' lang='lat' dir='ltr'>posue-</span> 
     </span>
     <span class='ocr_line' id='line_1_30' title="bbox 64 1679 1683 1732; baseline 0.002 -16"><span class='ocrx_word' id='word_1_280' title='bbox 64 1683 170 1716; x_wconf 90' lang='lat' dir='ltr'>runt.</span> <span class='ocrx_word' id='word_1_281' title='bbox 189 1679 413 1716; x_wconf 89' lang='lat' dir='ltr'>Secundum</span> <span class='ocrx_word' id='word_1_282' title='bbox 445 1679 546 1716; x_wconf 85' lang='lat' dir='ltr'>hanc</span> <span class='ocrx_word' id='word_1_283' title='bbox 564 1689 659 1732; x_wconf 79' lang='lat' dir='ltr'>ergo</span> <span class='ocrx_word' id='word_1_284' title='bbox 686 1680 971 1726; x_wconf 83' lang='lat' dir='ltr'>acceptionem,</span> <span class='ocrx_word' id='word_1_285' title='bbox 994 1689 1139 1726; x_wconf 80' lang='lat' dir='ltr'>negare</span> <span class='ocrx_word' id='word_1_286' title='bbox 1162 1681 1286 1717; x_wconf 84' lang='lat' dir='ltr'>fatum</span> <span class='ocrx_word' id='word_1_287' title='bbox 1307 1684 1368 1718; x_wconf 83' lang='lat' dir='ltr'>est</span> <span class='ocrx_word' id='word_1_288' title='bbox 1395 1682 1683 1727; x_wconf 89' lang='lat' dir='ltr'>providentiam</span> 
     </span>
     <span class='ocr_line' id='line_1_31' title="bbox 63 1726 1685 1778; baseline 0.002 -15"><span class='ocrx_word' id='word_1_289' title='bbox 63 1726 238 1763; x_wconf 88' lang='lat' dir='ltr'>divinam</span> <span class='ocrx_word' id='word_1_290' title='bbox 257 1735 426 1778; x_wconf 79' lang='lat' dir='ltr'>¹negare.</span> <span class='ocrx_word' id='word_1_291' title='bbox 449 1726 538 1770; x_wconf 91' lang='lat' dir='ltr'>Sed,</span> <span class='ocrx_word' id='word_1_292' title='bbox 557 1736 650 1773; x_wconf 89' lang='lat' dir='ltr'>quia</span> <span class='ocrx_word' id='word_1_293' title='bbox 670 1736 761 1764; x_wconf 87' lang='lat' dir='ltr'>cum</span> <span class='ocrx_word' id='word_1_294' title='bbox 790 1726 1018 1778; x_wconf 80' lang='lat' dir='ltr'>infidelibus</span> <span class='ocrx_word' id='word_1_295' title='bbox 1046 1736 1119 1764; x_wconf 89' lang='lat' dir='ltr'>nec</span> <span class='ocrx_word' id='word_1_296' title='bbox 1140 1728 1304 1766; x_wconf 82' lang='lat' dir='ltr'>nomina</span> <span class='ocrx_word' id='word_1_297' title='bbox 1323 1728 1513 1766; x_wconf 87' lang='lat' dir='ltr'>debemus</span> <span class='ocrx_word' id='word_1_298' title='bbox 1539 1728 1685 1766; x_wconf 88' lang='lat' dir='ltr'>habere</span> 
     </span>
     <span class='ocr_line' id='line_1_32' title="bbox 63 1774 1684 1820; baseline 0.001 -9"><span class='ocrx_word' id='word_1_299' title='bbox 63 1782 305 1817; x_wconf 83' lang='lat' dir='ltr'>communia,</span> <span class='ocrx_word' id='word_1_300' title='bbox 328 1781 377 1809; x_wconf 91' lang='lat' dir='ltr'>ne</span> <span class='ocrx_word' id='word_1_301' title='bbox 398 1782 445 1809; x_wconf 85' lang='lat' dir='ltr'>ex</span> <span class='ocrx_word' id='word_1_302' title='bbox 466 1774 670 1810; x_wconf 87' lang='lat' dir='ltr'>consortio</span> <span class='ocrx_word' id='word_1_303' title='bbox 689 1782 897 1810; x_wconf 85' lang='lat' dir='ltr'>nominum</span> <span class='ocrx_word' id='word_1_304' title='bbox 916 1774 1045 1819; x_wconf 89' lang='lat' dir='ltr'>possit</span> <span class='ocrx_word' id='word_1_305' title='bbox 1065 1775 1169 1811; x_wconf 90' lang='lat' dir='ltr'>sumi</span> <span class='ocrx_word' id='word_1_306' title='bbox 1192 1774 1340 1812; x_wconf 89' lang='lat' dir='ltr'>erroris</span> <span class='ocrx_word' id='word_1_307' title='bbox 1359 1776 1533 1820; x_wconf 84' lang='lat' dir='ltr'>occasio,</span> <span class='ocrx_word' id='word_1_308' title='bbox 1556 1776 1684 1812; x_wconf 86' lang='lat' dir='ltr'>nomi-</span> 
     </span>
     <span class='ocr_line' id='line_1_33' title="bbox 61 1818 1684 1868; baseline 0.002 -12"><span class='ocrx_word' id='word_1_309' title='bbox 61 1829 111 1857; x_wconf 89' lang='lat' dir='ltr'>ne</span> <span class='ocrx_word' id='word_1_310' title='bbox 131 1819 199 1856; x_wconf 84' lang='lat' dir='ltr'>fati</span> <span class='ocrx_word' id='word_1_311' title='bbox 221 1829 302 1857; x_wconf 91' lang='lat' dir='ltr'>non</span> <span class='ocrx_word' id='word_1_312' title='bbox 322 1824 383 1857; x_wconf 87' lang='lat' dir='ltr'>est</span> <span class='ocrx_word' id='word_1_313' title='bbox 403 1829 426 1857; x_wconf 88' lang='lat' dir='ltr'>a</span> <span class='ocrx_word' id='word_1_314' title='bbox 445 1818 630 1857; x_wconf 87' lang='lat' dir='ltr'>fidelibus</span> <span class='ocrx_word' id='word_1_315' title='bbox 651 1820 855 1864; x_wconf 88' lang='lat' dir='ltr'>utendum,</span> <span class='ocrx_word' id='word_1_316' title='bbox 873 1829 923 1857; x_wconf 87' lang='lat' dir='ltr'>ne</span> <span class='ocrx_word' id='word_1_317' title='bbox 943 1820 1148 1858; x_wconf 88' lang='lat' dir='ltr'>videamur</span> <span class='ocrx_word' id='word_1_318' title='bbox 1166 1821 1248 1858; x_wconf 88' lang='lat' dir='ltr'>illis</span> <span class='ocrx_word' id='word_1_319' title='bbox 1268 1823 1463 1859; x_wconf 88' lang='lat' dir='ltr'>assentire</span> <span class='ocrx_word' id='word_1_320' title='bbox 1492 1822 1559 1868; x_wconf 91' lang='lat' dir='ltr'>qui</span> <span class='ocrx_word' id='word_1_321' title='bbox 1580 1823 1684 1860; x_wconf 86' lang='lat' dir='ltr'>male</span> 
     </span>
     <span class='ocr_line' id='line_1_34' title="bbox 61 1867 1684 1916; baseline 0.002 -13"><span class='ocrx_word' id='word_1_322' title='bbox 61 1867 109 1904; x_wconf 90' lang='lat' dir='ltr'>de</span> <span class='ocrx_word' id='word_1_323' title='bbox 129 1867 208 1904; x_wconf 77' lang='lat' dir='ltr'>sato</span> <span class='ocrx_word' id='word_1_324' title='bbox 241 1871 468 1911; x_wconf 88' lang='lat' dir='ltr'>senserunt,</span> <span class='ocrx_word' id='word_1_325' title='bbox 489 1867 624 1904; x_wconf 88' lang='lat' dir='ltr'>omnia</span> <span class='ocrx_word' id='word_1_326' title='bbox 656 1867 883 1904; x_wconf 84' lang='lat' dir='ltr'>necessitati</span> <span class='ocrx_word' id='word_1_327' title='bbox 917 1867 1091 1905; x_wconf 89' lang='lat' dir='ltr'>siderum</span> <span class='ocrx_word' id='word_1_328' title='bbox 1116 1867 1388 1914; x_wconf 86' lang='lat' dir='ltr'>subjicientes.</span> <span class='ocrx_word' id='word_1_329' title='bbox 1409 1868 1517 1906; x_wconf 89' lang='lat' dir='ltr'>Unde</span> <span class='ocrx_word' id='word_1_330' title='bbox 1532 1871 1684 1916; x_wconf 76' lang='lat' dir='ltr'>Augus-</span> 
     </span>
     <span class='ocr_line' id='line_1_35' title="bbox 62 1913 1685 1963; baseline 0.003 -14"><span class='ocrx_word' id='word_1_331' title='bbox 62 1914 173 1951; x_wconf 87' lang='lat' dir='ltr'>tinus</span> <span class='ocrx_word' id='word_1_332' title='bbox 188 1913 284 1951; x_wconf 89' lang='lat' dir='ltr'>dieit</span> <span class='ocrx_word' id='word_1_333' title='bbox 299 1914 341 1951; x_wconf 90' lang='lat' dir='ltr'>in</span> <span class='ocrx_word' id='word_1_334' title='bbox 356 1914 495 1960; x_wconf 90' lang='lat' dir='ltr'>quinto</span> <span class='ocrx_word' id='word_1_335' title='bbox 506 1915 558 1950; x_wconf 84' lang='lat' dir='ltr'>De</span> <span class='ocrx_word' id='word_1_336' title='bbox 573 1915 672 1951; x_wconf 78' lang='lat' dir='ltr'>civit.</span> <span class='ocrx_word' id='word_1_337' title='bbox 688 1915 755 1950; x_wconf 79' lang='lat' dir='ltr'>Dei</span> <span class='ocrx_word' id='word_1_338' title='bbox 769 1913 867 1960; x_wconf 89' lang='lat' dir='ltr'>(cap.</span> <span class='ocrx_word' id='word_1_339' title='bbox 887 1914 921 1961; x_wconf 86' lang='lat' dir='ltr'>l)</span> <span class='ocrx_word' id='word_1_340' title='bbox 939 1926 947 1950; x_wconf 79' lang='grc' dir='ltr'>ε</span> <span class='ocrx_word' id='word_1_341' title='bbox 969 1927 987 1947; x_wconf 90' lang='lat'>«</span> <span class='ocrx_word' id='word_1_342' title='bbox 1000 1914 1038 1952; x_wconf 88' lang='lat' dir='ltr'>Si</span> <span class='ocrx_word' id='word_1_343' title='bbox 1057 1915 1147 1961; x_wconf 88' lang='lat' dir='ltr'>quis</span> <span class='ocrx_word' id='word_1_344' title='bbox 1161 1915 1359 1960; x_wconf 89' lang='lat' dir='ltr'>virtutem,</span> <span class='ocrx_word' id='word_1_345' title='bbox 1373 1916 1434 1954; x_wconf 85' lang='lat' dir='ltr'>vel</span> <span class='ocrx_word' id='word_1_346' title='bbox 1449 1919 1685 1963; x_wconf 85' lang='lat' dir='ltr'>potestatem</span> 
     </span>
     <span class='ocr_line' id='line_1_36' title="bbox 60 1960 1684 2010; baseline 0.002 -13"><span class='ocrx_word' id='word_1_347' title='bbox 60 1960 130 1997; x_wconf 91' lang='lat' dir='ltr'>Dei</span> <span class='ocrx_word' id='word_1_348' title='bbox 151 1960 221 1998; x_wconf 87' lang='lat' dir='ltr'>fati</span> <span class='ocrx_word' id='word_1_349' title='bbox 239 1960 402 1998; x_wconf 89' lang='lat' dir='ltr'>nomine</span> <span class='ocrx_word' id='word_1_350' title='bbox 423 1961 580 2007; x_wconf 84' lang='lat' dir='ltr'>apellat,</span> <span class='ocrx_word' id='word_1_351' title='bbox 603 1961 840 1998; x_wconf 84' lang='lat' dir='ltr'>sententiam</span> <span class='ocrx_word' id='word_1_352' title='bbox 868 1964 1013 2006; x_wconf 88' lang='lat' dir='ltr'>teneat,</span> <span class='ocrx_word' id='word_1_353' title='bbox 1032 1961 1211 2008; x_wconf 85' lang='lat' dir='ltr'>linguam</span> <span class='ocrx_word' id='word_1_354' title='bbox 1229 1962 1453 2009; x_wconf 83' lang='lat' dir='ltr'>corrigat».</span> <span class='ocrx_word' id='word_1_355' title='bbox 1478 1965 1521 2000; x_wconf 86' lang='lat' dir='ltr'>Et</span> <span class='ocrx_word' id='word_1_356' title='bbox 1541 1964 1684 2010; x_wconf 85' lang='lat' dir='ltr'>Grego-</span> 
     </span>
     <span class='ocr_line' id='line_1_37' title="bbox 61 2007 1677 2057; baseline 0.002 -13"><span class='ocrx_word' id='word_1_357' title='bbox 61 2008 146 2045; x_wconf 90' lang='lat' dir='ltr'>rius</span> <span class='ocrx_word' id='word_1_358' title='bbox 179 2008 400 2046; x_wconf 87' lang='lat' dir='ltr'>secundum</span> <span class='ocrx_word' id='word_1_359' title='bbox 434 2008 616 2045; x_wconf 91' lang='lat' dir='ltr'>eumdem</span> <span class='ocrx_word' id='word_1_360' title='bbox 644 2007 889 2045; x_wconf 87' lang='lat' dir='ltr'>intellectum</span> <span class='ocrx_word' id='word_1_361' title='bbox 918 2008 1014 2047; x_wconf 86' lang='lat' dir='ltr'>dicit</span> <span class='ocrx_word' id='word_1_362' title='bbox 1042 2008 1232 2055; x_wconf 80' lang='lat' dir='ltr'>(hom.10</span> <span class='ocrx_word' id='word_1_363' title='bbox 1263 2009 1305 2046; x_wconf 88' lang='lat' dir='ltr'>in</span> <span class='ocrx_word' id='word_1_364' title='bbox 1325 2011 1468 2057; x_wconf 79' lang='lat' dir='ltr'>Evang.</span> <span class='ocrx_word' id='word_1_365' title='bbox 1488 2010 1643 2056; x_wconf 89' lang='lat' dir='ltr'>Epiph.)</span> <span class='ocrx_word' id='word_1_366' title='bbox 1668 2022 1677 2047; x_wconf 89' lang='lat'>:</span> 
     </span>
     <span class='ocr_line' id='line_1_38' title="bbox 62 2053 1682 2148; baseline 0.002 -57"><span class='ocrx_word' id='word_1_367' title='bbox 62 2053 215 2091; x_wconf 86' lang='lat' dir='ltr'>«Absit</span> <span class='ocrx_word' id='word_1_368' title='bbox 246 2063 270 2092; x_wconf 90' lang='lat' dir='ltr'>a</span> <span class='ocrx_word' id='word_1_369' title='bbox 300 2053 478 2148; x_wconf 74' lang='lat' dir='ltr'>fidel)ium</span> <span class='ocrx_word' id='word_1_370' title='bbox 512 2054 714 2092; x_wconf 87' lang='lat' dir='ltr'>mentibus</span> <span class='ocrx_word' id='word_1_371' title='bbox 747 2058 791 2092; x_wconf 88' lang='lat' dir='ltr'>ut</span> <span class='ocrx_word' id='word_1_372' title='bbox 828 2055 952 2093; x_wconf 82' lang='lat' dir='ltr'>fatum</span> <span class='ocrx_word' id='word_1_373' title='bbox 988 2055 1151 2103; x_wconf 87' lang='lat' dir='ltr'>aliquod</span> <span class='ocrx_word' id='word_1_374' title='bbox 1180 2064 1270 2094; x_wconf 87' lang='lat' dir='ltr'>esse</span> <span class='ocrx_word' id='word_1_375' title='bbox 1303 2056 1435 2094; x_wconf 89' lang='lat' dir='ltr'>dicant</span> <span class='ocrx_word' id='word_1_376' title='bbox 1455 2069 1490 2095; x_wconf 89' lang='lat'>».</span> <span class='ocrx_word' id='word_1_377' title='bbox 1520 2057 1682 2104; x_wconf 78' lang='lat' dir='ltr'>(Ipart„</span> 
     </span>
     <span class='ocr_line' id='line_1_39' title="bbox 59 2104 381 2147; baseline 0.006 -10"><span class='ocrx_word' id='word_1_378' title='bbox 59 2110 99 2147; x_wconf 86' lang='lat' dir='ltr'>q.</span> <span class='ocrx_word' id='word_1_379' title='bbox 121 2108 230 2146; x_wconf 82' lang='lat' dir='ltr'>oxvr,</span> <span class='ocrx_word' id='word_1_380' title='bbox 252 2104 324 2139; x_wconf 87' lang='lat' dir='ltr'>art.</span> <span class='ocrx_word' id='word_1_381' title='bbox 349 2104 381 2139; x_wconf 87' lang='lat'>1.</span> 
     </span>
    </p>
   </div>
   <div class='ocr_carea' id='block_1_4' title="bbox 705 2200 1037 2242">
    <p class='ocr_par' dir='ltr' id='par_1_6' title="bbox 705 2200 1037 2242">
     <span class='ocr_line' id='line_1_40' title="bbox 705 2200 1037 2242; baseline 0 0"><span class='ocrx_word' id='word_1_382' title='bbox 705 2200 873 2242; x_wconf 87' lang='lat' dir='ltr'><strong>CAPUT</strong></span> <span class='ocrx_word' id='word_1_383' title='bbox 898 2200 1037 2242; x_wconf 90' lang='lat' dir='ltr'>XCIV.</span> 
     </span>
    </p>
   </div>
   <div class='ocr_carea' id='block_1_5' title="bbox 465 2293 1279 2339">
    <p class='ocr_par' dir='ltr' id='par_1_7' title="bbox 465 2293 1279 2339">
     <span class='ocr_line' id='line_1_41' title="bbox 465 2293 1279 2339; baseline 0.001 -2"><span class='ocrx_word' id='word_1_384' title='bbox 465 2307 516 2336; x_wconf 80' lang='lat' dir='ltr'>DE</span> <span class='ocrx_word' id='word_1_385' title='bbox 541 2307 797 2338; x_wconf 85' lang='lat' dir='ltr'>CERTITUDINE</span> <span class='ocrx_word' id='word_1_386' title='bbox 820 2293 971 2338; x_wconf 69' lang='lat' dir='ltr'>131leAE</span> <span class='ocrx_word' id='word_1_387' title='bbox 994 2308 1279 2339; x_wconf 85' lang='lat' dir='ltr'>PROVIDENTIAE.</span> 
     </span>
    </p>
   </div>
   <div class='ocr_carea' id='block_1_6' title="bbox 58 2414 1686 2887">
    <p class='ocr_par' dir='ltr' id='par_1_8' title="bbox 58 2414 1686 2887">
     <span class='ocr_line' id='line_1_42' title="bbox 108 2414 1682 2465; baseline 0.003 -12"><span class='ocrx_word' id='word_1_388' title='bbox 108 2415 330 2454; x_wconf 76' lang='lat' dir='ltr'>Difficultas</span> <span class='ocrx_word' id='word_1_389' title='bbox 349 2419 481 2453; x_wconf 89' lang='lat' dir='ltr'>autem</span> <span class='ocrx_word' id='word_1_390' title='bbox 501 2414 682 2463; x_wconf 83' lang='lat' dir='ltr'>quaedam</span> <span class='ocrx_word' id='word_1_391' title='bbox 713 2425 761 2452; x_wconf 84' lang='lat' dir='ltr'>ex</span> <span class='ocrx_word' id='word_1_392' title='bbox 775 2416 996 2461; x_wconf 86' lang='lat' dir='ltr'>praemissis</span> <span class='ocrx_word' id='word_1_393' title='bbox 1016 2415 1233 2454; x_wconf 88' lang='lat' dir='ltr'>suboritur.</span> <span class='ocrx_word' id='word_1_394' title='bbox 1253 2416 1293 2455; x_wconf 89' lang='lat' dir='ltr'>Si</span> <span class='ocrx_word' id='word_1_395' title='bbox 1315 2416 1421 2454; x_wconf 90' lang='lat' dir='ltr'>enim</span> <span class='ocrx_word' id='word_1_396' title='bbox 1440 2418 1576 2455; x_wconf 87' lang='lat' dir='ltr'>omnia</span> <span class='ocrx_word' id='word_1_397' title='bbox 1595 2428 1682 2465; x_wconf 84' lang='lat' dir='ltr'>quae</span> 
     </span>
     <span class='ocr_line' id='line_1_43' title="bbox 60 2462 1681 2511; baseline 0.001 -10"><span class='ocrx_word' id='word_1_398' title='bbox 60 2462 126 2501; x_wconf 85' lang='lat' dir='ltr'>hic</span> <span class='ocrx_word' id='word_1_399' title='bbox 146 2462 315 2500; x_wconf 77' lang='lat' dir='ltr'>inferius</span> <span class='ocrx_word' id='word_1_400' title='bbox 343 2465 530 2509; x_wconf 80' lang='lat' dir='ltr'>aguntur,</span> <span class='ocrx_word' id='word_1_401' title='bbox 551 2462 670 2500; x_wconf 87' lang='lat' dir='ltr'>etiam</span> <span class='ocrx_word' id='word_1_402' title='bbox 687 2463 974 2509; x_wconf 83' lang='lat' dir='ltr'>contingentia,</span> <span class='ocrx_word' id='word_1_403' title='bbox 995 2462 1254 2509; x_wconf 89' lang='lat' dir='ltr'>providentiae</span> <span class='ocrx_word' id='word_1_404' title='bbox 1280 2462 1423 2501; x_wconf 87' lang='lat' dir='ltr'>divinae</span> <span class='ocrx_word' id='word_1_405' title='bbox 1442 2464 1681 2511; x_wconf 89' lang='lat' dir='ltr'>subduntur,</span> 
     </span>
     <span class='ocr_line' id='line_1_44' title="bbox 60 2508 1686 2557; baseline 0.001 -9"><span class='ocrx_word' id='word_1_406' title='bbox 60 2513 230 2557; x_wconf 86' lang='lat' dir='ltr'>oportet,</span> <span class='ocrx_word' id='word_1_407' title='bbox 251 2513 293 2548; x_wconf 91' lang='lat' dir='ltr'>ut</span> <span class='ocrx_word' id='word_1_408' title='bbox 308 2509 475 2555; x_wconf 87' lang='lat' dir='ltr'>videtur,</span> <span class='ocrx_word' id='word_1_409' title='bbox 496 2508 558 2547; x_wconf 90' lang='lat' dir='ltr'>vel</span> <span class='ocrx_word' id='word_1_410' title='bbox 591 2508 880 2555; x_wconf 86' lang='lat' dir='ltr'>providentiam</span> <span class='ocrx_word' id='word_1_411' title='bbox 911 2518 993 2546; x_wconf 88' lang='lat' dir='ltr'>non</span> <span class='ocrx_word' id='word_1_412' title='bbox 1024 2517 1114 2546; x_wconf 91' lang='lat' dir='ltr'>esse</span> <span class='ocrx_word' id='word_1_413' title='bbox 1133 2513 1295 2554; x_wconf 89' lang='lat' dir='ltr'>certam,</span> <span class='ocrx_word' id='word_1_414' title='bbox 1315 2510 1376 2547; x_wconf 90' lang='lat' dir='ltr'>vel</span> <span class='ocrx_word' id='word_1_415' title='bbox 1397 2511 1532 2548; x_wconf 88' lang='lat' dir='ltr'>omnia</span> <span class='ocrx_word' id='word_1_416' title='bbox 1553 2521 1600 2549; x_wconf 85' lang='lat' dir='ltr'>ex</span> <span class='ocrx_word' id='word_1_417' title='bbox 1619 2521 1686 2550; x_wconf 89' lang='lat' dir='ltr'>ne·</span> 
     </span>
     <span class='ocr_line' id='line_1_45' title="bbox 58 2555 1679 2605; baseline 0.001 -10"><span class='ocrx_word' id='word_1_418' title='bbox 58 2557 246 2595; x_wconf 88' lang='lat' dir='ltr'>cessitate</span> <span class='ocrx_word' id='word_1_419' title='bbox 274 2556 522 2603; x_wconf 82' lang='lat' dir='ltr'>contingere.</span> <span class='ocrx_word' id='word_1_420' title='bbox 543 2555 726 2594; x_wconf 88' lang='lat' dir='ltr'>Ostendit</span> <span class='ocrx_word' id='word_1_421' title='bbox 755 2555 862 2594; x_wconf 87' lang='lat' dir='ltr'>enim</span> <span class='ocrx_word' id='word_1_422' title='bbox 894 2555 1164 2602; x_wconf 87' lang='lat' dir='ltr'>Philosophus</span> <span class='ocrx_word' id='word_1_423' title='bbox 1193 2556 1237 2594; x_wconf 88' lang='lat' dir='ltr'>in</span> <span class='ocrx_word' id='word_1_424' title='bbox 1253 2560 1366 2594; x_wconf 83' lang='lat' dir='ltr'>sexto</span> <span class='ocrx_word' id='word_1_425' title='bbox 1385 2558 1547 2604; x_wconf 70' lang='lat' dir='ltr'>Metapa.</span> <span class='ocrx_word' id='word_1_426' title='bbox 1570 2558 1679 2605; x_wconf 82' lang='lat' dir='ltr'>(text.</span> 
     </span>
     <span class='ocr_line' id='line_1_46' title="bbox 59 2601 1681 2655; baseline 0.001 -13"><span class='ocrx_word' id='word_1_427' title='bbox 59 2612 206 2642; x_wconf 89' lang='lat' dir='ltr'>comm.</span> <span class='ocrx_word' id='word_1_428' title='bbox 230 2602 268 2650; x_wconf 86' lang='lat'>7)</span> <span class='ocrx_word' id='word_1_429' title='bbox 286 2602 393 2651; x_wconf 89' lang='lat' dir='ltr'>quod</span> <span class='ocrx_word' id='word_1_430' title='bbox 410 2603 445 2640; x_wconf 91' lang='lat' dir='ltr'>si</span> <span class='ocrx_word' id='word_1_431' title='bbox 466 2610 627 2640; x_wconf 90' lang='lat' dir='ltr'>omnem</span> <span class='ocrx_word' id='word_1_432' title='bbox 655 2601 840 2640; x_wconf 84' lang='lat' dir='ltr'>effectum</span> <span class='ocrx_word' id='word_1_433' title='bbox 856 2602 1045 2649; x_wconf 90' lang='lat' dir='ltr'>ponimus</span> <span class='ocrx_word' id='word_1_434' title='bbox 1066 2602 1212 2655; x_wconf 79' lang='lat' dir='ltr'>habere</span> <span class='ocrx_word' id='word_1_435' title='bbox 1230 2603 1406 2650; x_wconf 86' lang='lat' dir='ltr'>aliquam</span> <span class='ocrx_word' id='word_1_436' title='bbox 1430 2614 1592 2643; x_wconf 88' lang='lat' dir='ltr'>causam</span> <span class='ocrx_word' id='word_1_437' title='bbox 1611 2615 1681 2651; x_wconf 85' lang='lat' dir='ltr'>per</span> 
     </span>
     <span class='ocr_line' id='line_1_47' title="bbox 65 2648 1683 2697; baseline 0.001 -8"><span class='ocrx_word' id='word_1_438' title='bbox 65 2658 125 2696; x_wconf 87' lang='lat' dir='ltr'>se,</span> <span class='ocrx_word' id='word_1_439' title='bbox 147 2654 186 2689; x_wconf 89' lang='lat' dir='ltr'>et</span> <span class='ocrx_word' id='word_1_440' title='bbox 205 2650 350 2689; x_wconf 90' lang='lat' dir='ltr'>iterum</span> <span class='ocrx_word' id='word_1_441' title='bbox 367 2649 488 2697; x_wconf 91' lang='lat' dir='ltr'>quod,</span> <span class='ocrx_word' id='word_1_442' title='bbox 521 2648 697 2697; x_wconf 88' lang='lat' dir='ltr'>qualibet</span> <span class='ocrx_word' id='word_1_443' title='bbox 727 2658 850 2688; x_wconf 87' lang='lat' dir='ltr'>causa</span> <span class='ocrx_word' id='word_1_444' title='bbox 867 2658 938 2696; x_wconf 88' lang='lat' dir='ltr'>per</span> <span class='ocrx_word' id='word_1_445' title='bbox 962 2658 1008 2687; x_wconf 90' lang='lat' dir='ltr'>se</span> <span class='ocrx_word' id='word_1_446' title='bbox 1026 2653 1171 2696; x_wconf 79' lang='lat' dir='ltr'>posita,</span> <span class='ocrx_word' id='word_1_447' title='bbox 1192 2651 1464 2689; x_wconf 86' lang='lat' dir='ltr'>necessarium</span> <span class='ocrx_word' id='word_1_448' title='bbox 1495 2653 1549 2690; x_wconf 89' lang='lat' dir='ltr'>sit</span> <span class='ocrx_word' id='word_1_449' title='bbox 1566 2651 1683 2691; x_wconf 87' lang='lat' dir='ltr'>effec-</span> 
     </span>
     <span class='ocr_line' id='line_1_48' title="bbox 61 2696 1682 2748; baseline 0.002 -14"><span class='ocrx_word' id='word_1_450' title='bbox 61 2700 148 2735; x_wconf 87' lang='lat' dir='ltr'>tum</span> <span class='ocrx_word' id='word_1_451' title='bbox 167 2697 278 2744; x_wconf 90' lang='lat' dir='ltr'>poni,</span> <span class='ocrx_word' id='word_1_452' title='bbox 298 2700 488 2744; x_wconf 89' lang='lat' dir='ltr'>sequetur</span> <span class='ocrx_word' id='word_1_453' title='bbox 513 2696 620 2744; x_wconf 89' lang='lat' dir='ltr'>quod</span> <span class='ocrx_word' id='word_1_454' title='bbox 640 2696 775 2734; x_wconf 87' lang='lat' dir='ltr'>omnia</span> <span class='ocrx_word' id='word_1_455' title='bbox 805 2696 939 2734; x_wconf 87' lang='lat' dir='ltr'>futura</span> <span class='ocrx_word' id='word_1_456' title='bbox 957 2705 1006 2733; x_wconf 79' lang='lat' dir='ltr'>ex</span> <span class='ocrx_word' id='word_1_457' title='bbox 1035 2696 1273 2748; x_wconf 81' lang='lat' dir='ltr'>necessitate</span> <span class='ocrx_word' id='word_1_458' title='bbox 1298 2698 1494 2737; x_wconf 88' lang='lat' dir='ltr'>eveniant.</span> <span class='ocrx_word' id='word_1_459' title='bbox 1516 2699 1555 2737; x_wconf 87' lang='lat' dir='ltr'>Si</span> <span class='ocrx_word' id='word_1_460' title='bbox 1576 2700 1682 2738; x_wconf 90' lang='lat' dir='ltr'>enim</span> 
     </span>
     <span class='ocr_line' id='line_1_49' title="bbox 60 2742 1683 2796; baseline 0.001 -14"><span class='ocrx_word' id='word_1_461' title='bbox 60 2743 227 2790; x_wconf 87' lang='lat' dir='ltr'>quilibet</span> <span class='ocrx_word' id='word_1_462' title='bbox 245 2743 412 2782; x_wconf 86' lang='lat' dir='ltr'>effectus</span> <span class='ocrx_word' id='word_1_463' title='bbox 439 2743 582 2781; x_wconf 84' lang='lat' dir='ltr'>habeat</span> <span class='ocrx_word' id='word_1_464' title='bbox 600 2751 763 2780; x_wconf 88' lang='lat' dir='ltr'>causam</span> <span class='ocrx_word' id='word_1_465' title='bbox 791 2752 862 2789; x_wconf 87' lang='lat' dir='ltr'>per</span> <span class='ocrx_word' id='word_1_466' title='bbox 880 2752 937 2787; x_wconf 90' lang='lat' dir='ltr'>se,</span> <span class='ocrx_word' id='word_1_467' title='bbox 959 2742 1165 2796; x_wconf 80' lang='lat' dir='ltr'>quodllhet</span> <span class='ocrx_word' id='word_1_468' title='bbox 1192 2744 1368 2783; x_wconf 84' lang='lat' dir='ltr'>futurum</span> <span class='ocrx_word' id='word_1_469' title='bbox 1398 2746 1472 2783; x_wconf 86' lang='lat' dir='ltr'>erit</span> <span class='ocrx_word' id='word_1_470' title='bbox 1494 2746 1683 2784; x_wconf 86' lang='lat' dir='ltr'>reducere</span> 
     </span>
     <span class='ocr_line' id='line_1_50' title="bbox 61 2790 1681 2842; baseline 0.002 -14"><span class='ocrx_word' id='word_1_471' title='bbox 61 2790 104 2828; x_wconf 91' lang='lat' dir='ltr'>in</span> <span class='ocrx_word' id='word_1_472' title='bbox 120 2790 294 2838; x_wconf 87' lang='lat' dir='ltr'>aliquam</span> <span class='ocrx_word' id='word_1_473' title='bbox 309 2799 474 2829; x_wconf 88' lang='lat' dir='ltr'>causam</span> <span class='ocrx_word' id='word_1_474' title='bbox 490 2794 725 2836; x_wconf 85' lang='lat' dir='ltr'>praesentem</span> <span class='ocrx_word' id='word_1_475' title='bbox 758 2790 816 2827; x_wconf 91' lang='lat' dir='ltr'>vel</span> <span class='ocrx_word' id='word_1_476' title='bbox 830 2791 1065 2836; x_wconf 86' lang='lat' dir='ltr'>praeteritam</span> <span class='ocrx_word' id='word_1_477' title='bbox 1081 2801 1094 2842; x_wconf 48' lang='grc' dir='ltr'><strong>ᾗ</strong></span> <span class='ocrx_word' id='word_1_478' title='bbox 1104 2794 1210 2828; x_wconf 85' lang='lat' dir='ltr'>sicut</span> <span class='ocrx_word' id='word_1_479' title='bbox 1221 2791 1257 2829; x_wconf 90' lang='lat' dir='ltr'>si</span> <span class='ocrx_word' id='word_1_480' title='bbox 1269 2796 1468 2839; x_wconf 83' lang='lat' dir='ltr'>quaeratur</span> <span class='ocrx_word' id='word_1_481' title='bbox 1484 2793 1532 2831; x_wconf 92' lang='lat' dir='ltr'>de</span> <span class='ocrx_word' id='word_1_482' title='bbox 1547 2794 1681 2840; x_wconf 88' lang='lat' dir='ltr'>aliquo</span> 
     </span>
     <span class='ocr_line' id='line_1_51' title="bbox 63 2835 1680 2887; baseline 0.002 -13"><span class='ocrx_word' id='word_1_483' title='bbox 63 2840 196 2876; x_wconf 84' lang='lat' dir='ltr'>utrum</span> <span class='ocrx_word' id='word_1_484' title='bbox 213 2837 267 2876; x_wconf 87' lang='lat' dir='ltr'>sit</span> <span class='ocrx_word' id='word_1_485' title='bbox 295 2837 540 2877; x_wconf 87' lang='lat' dir='ltr'>occidendus</span> <span class='ocrx_word' id='word_1_486' title='bbox 558 2847 583 2876; x_wconf 88' lang='lat' dir='ltr'>a</span> <span class='ocrx_word' id='word_1_487' title='bbox 607 2836 842 2882; x_wconf 85' lang='lat' dir='ltr'>latronibus,</span> <span class='ocrx_word' id='word_1_488' title='bbox 866 2835 1096 2884; x_wconf 83' lang='lat' dir='ltr'>hujusmodl</span> <span class='ocrx_word' id='word_1_489' title='bbox 1113 2836 1278 2877; x_wconf 83' lang='lat' dir='ltr'>effectus</span> <span class='ocrx_word' id='word_1_490' title='bbox 1305 2840 1484 2887; x_wconf 89' lang='lat' dir='ltr'>procedit</span> <span class='ocrx_word' id='word_1_491' title='bbox 1503 2850 1527 2877; x_wconf 87' lang='lat' dir='ltr'>a</span> <span class='ocrx_word' id='word_1_492' title='bbox 1545 2849 1680 2885; x_wconf 90' lang='lat' dir='ltr'>causa,</span> 
     </span>
    </p>
   </div>
   <div class='ocr_carea' id='block_1_7' title="bbox 1480 2915 1520 2946">
    <p class='ocr_par' dir='ltr' id='par_1_9' title="bbox 1480 2915 1520 2946">
     <span class='ocr_line' id='line_1_52' title="bbox 1480 2915 1520 2946; baseline 0 0"><span class='ocrx_word' id='word_1_493' title='bbox 1480 2915 1520 2946; x_wconf 75' lang='lat'>25</span> 
     </span>
    </p>
   </div>
  </div>
 </body>
</html>
