1894 3223
653 142 740 180 [ΑΒ.
770 143 798 186 1,
826 141 926 177 CAP.
957 141 1118 179 Lxxvn.
1651 144 1696 181 83

700 260 1075 316 CAPUT‘Lxxvr

267 373 366 408 QUOD
389 372 489 403 DEUS
507 371 584 402 UNO
604 371 704 401 ACTU
722 371 964 401 VOLUNTATIS
985 372 1030 400 SE
1048 371 1096 399 ET
1116 371 1240 400 OMNIA
1261 371 1355 400 ALIA
1382 371 1510 400 VELIT.

123 467 205 503 Hoc
226 469 355 503 autem
374 464 522 508 habito,
540 462 839 510 sequitui-quod
863 464 966 499 Deus
1000 471 1080 499 uno
1116 466 1203 499 actu
1237 462 1452 499 voluntatis
1482 466 1594 501 sect
1623 463 1702 501 alia

75 514 182 550 velit.
205 512 343 550 Omnis
358 512 463 548 enim
487 511 610 547 virtus
628 519 708 548 una
727 510 969 556 operatione,
993 510 1050 545 vel
1075 519 1154 546 uno
1175 512 1265 546 actu
1286 510 1407 546 fertur
1437 510 1478 546 in
1500 509 1698 556 objectum

77 564 115 598 et
135 560 174 596 in
197 560 389 596 rationem
411 558 615 596 formalem
638 557 795 603 objecti,
818 557 918 593 sicut
944 557 1079 593 eadem
1101 556 1254 593 visione
1287 556 1468 594 videmus
1501 557 1633 594 lumen
1663 561 1700 595 et

77 607 254 644 colorem
275 606 341 653 qui
360 605 402 642 fit
422 605 592 642 visibilis
614 609 701 641 actu
723 614 791 649 per
812 604 958 640 lumen.
983 605 1076 640 Cum
1099 608 1228 640 autem
1251 603 1399 650 aliquid
1422 604 1589 641 volimus
1612 613 1699 650 pro-

75 658 162 700 pter
179 653 299 690 finem
319 656 485 696 tantum,
507 651 604 688 illud
627 653 731 698 quod
755 655 910 697 propter
931 650 1047 687 finem
1064 650 1322 689 desideratur,
1339 650 1482 695 accipit
1497 651 1694 688 rationem

76 701 186 738 voliti
208 710 256 737 ex
274 699 376 743 fine;
400 703 438 736 et
462 699 520 737 sic
546 698 638 735 finis
659 702 910 744 comparatur
927 698 974 734 ad
1006 698 1150 743 ipsum,
1183 697 1285 733 sicut
1305 697 1405 733 ratio
1438 698 1618 735 formalis
1648 699 1697 736 ad

77 747 289 794 objectum,
310 751 350 783 ut
371 747 504 784 lumen
525 746 573 783 ad
595 746 781 783 calorem.
804 746 896 781 Cum
920 745 1040 790 igitur
1061 746 1163 780 Deus
1185 744 1319 780 omnia
1337 744 1414 780 alia
1430 745 1520 780 velit
1540 749 1700 791 propter

79 803 136 839 se,
159 795 261 832 sicut
282 798 440 840 propter
457 792 591 838 finem,
611 796 653 830 ut
673 798 878 830 ostensum
899 796 960 828 est
979 791 1077 837 (cap.
1092 790 1167 836 75),
1185 799 1265 827 uno
1282 794 1371 828 actu
1387 791 1603 837 voluntatis
1615 792 1699 830 vult

80 842 307 934 εθιξ-ιῑηῗοῧῗιὲ,
337 886 441 934 quod
473 886 643 933 perfecte
676 885 932 932 cognoscitur
963 887 1001 920 et
1028 883 1286 924 desideratur,
1321 884 1541 922 secundum
1575 888 1698 923 totam

80 944 194 974 suam
215 935 398 971 virtutem
428 934 685 980 cognoscitur
705 936 743 968 et
774 932 1032 969 desideratur.
1072 931 1178 967 Finis
1212 935 1340 967 autern
1373 932 1498 969 virtus
1518 935 1591 975 est,
1618 941 1699 969 non

79 983 210 1020 solum
233 981 452 1019 secundum
473 980 578 1026 quod
600 980 640 1016 in
662 988 704 1016 se
725 978 984 1022 desideratur,
1008 977 1077 1015 scd
1098 978 1215 1014 etiam
1237 978 1456 1015 secundum
1487 979 1592 1025 quod
1622 979 1701 1017 alia

80 1029 180 1067 fiunt
200 1028 427 1074 appetibilia
448 1031 606 1073 propter
626 1026 770 1071 ipsum.
794 1026 865 1070 Qui
889 1026 1010 1072 igitur
1031 1025 1200 1070 perfecte
1220 1025 1418 1062 desiderat
1437 1025 1568 1069 finem,
1591 1030 1699 1064 utro-

80 1085 155 1128 que
175 1075 294 1112 modo
314 1075 445 1120 ipsum
466 1073 687 1116 desiderat;
710 1072 779 1109 sed
798 1081 878 1110 non
900 1076 958 1109 est
980 1081 1125 1118 ponere
1140 1072 1310 1118 aliquem
1328 1076 1458 1108 actum
1480 1073 1547 1108 Dei
1569 1074 1701 1110 volen-

79 1126 145 1166 tis,
167 1131 245 1168 quo
265 1121 358 1158 velit
378 1129 434 1164 se,
454 1124 491 1157 et
509 1129 589 1157 nou
611 1120 703 1156 velit
721 1129 763 1157 se
784 1120 968 1165 perfecte,
991 1128 1079 1156 cnm
1103 1119 1143 1154 in
1164 1127 1210 1155 eo
1227 1119 1328 1155 nihil
1346 1119 1699 1165 sitimpersectum.

79 1169 264 1214 Quolibet
288 1168 410 1215 igitur
429 1171 518 1204 actu
538 1176 617 1214 quo
640 1169 742 1203 Deus
761 1167 841 1203 vult
858 1176 914 1211 sc,
936 1166 1018 1202 vult
1041 1175 1084 1203 se
1105 1169 1142 1202 et
1157 1166 1234 1202 alia
1254 1169 1413 1211 propter
1429 1175 1472 1203 se
1499 1165 1698 1203 absolute:

78 1216 158 1254 alia
176 1224 268 1253 vero
294 1225 317 1252 a
336 1224 379 1253 se
400 1223 480 1252 non
506 1215 588 1251 vult
609 1214 685 1251 nisi
707 1214 748 1250 in
767 1218 958 1260 quantum
975 1213 1055 1250 vult
1076 1221 1132 1256 se,
1156 1217 1197 1249 ut
1214 1213 1421 1258 probatum
1438 1216 1499 1250 est
1514 1213 1698 1260 (cap.75).

78 1263 329 1348 Reginquitur
350 1262 472 1346 igditur
491 1261 594 1309 quod
617 1270 660 1298 se
682 1265 720 1298 et
739 1261 830 1306 alia,
852 1269 931 1298 non
960 1260 1038 1297 alio
1060 1263 1098 1297 et
1117 1259 1196 1296 alio
1233 1264 1321 1297 actu
1353 1260 1571 1298 voluntatis
1602 1261 1699 1306 vult,

77 1319 123 1349 se
171 1319 252 1347 uno
272 1313 309 1346 et
328 1318 375 1346 eo
406 1317 481 1346 em.

125 1352 269 1398 Adhuc,
287 1357 390 1394 sicut
410 1366 458 1392 ex
476 1355 715 1402 supradictis
737 1354 835 1402 (cap.
860 1355 919 1401 54)
937 1357 1055 1400 patet,
1077 1354 1117 1390 in
1137 1356 1225 1390 actu
1241 1354 1522 1400 cognoscitivae
1537 1354 1696 1392 virtutis

79 1403 288 1442 discursus
307 1403 533 1445 attenditur.
553 1402 772 1440 secundum
793 1402 897 1449 quod
919 1402 1102 1438 semotim
1125 1401 1408 1447 cognoscimus
1427 1402 1635 1448 principia,
1659 1405 1698 1439 et

80 1451 206 1489 exeis
226 1451 268 1487 in
288 1450 570 1488 conclusiones
589 1450 786 1487 venimus.
807 1450 845 1487 Si
875 1449 980 1486 enim
1014 1449 1055 1485 in
1087 1448 1186 1494 ipsis
1216 1448 1424 1494 principiis
1456 1449 1701 1486 intueremur

80 1498 376 1542 conclusiones,
398 1498 485 1543 ipsa
504 1497 698 1543 principia
712 1496 1008 1543 cognoscendo,
1030 1504 1110 1532 non
1133 1499 1238 1532 esset
1258 1495 1480 1539 discursus,
1503 1496 1606 1532 sicut
1626 1504 1699 1532 nec

81 1545 239 1591 quando
258 1544 408 1591 aliquid
428 1544 606 1580 videmus
626 1544 665 1579 in
689 1544 864 1589 speculo.
886 1544 992 1579 Sicut
1015 1546 1145 1579 autem
1179 1542 1374 1587 principia
1394 1551 1436 1579 se
1471 1543 1613 1579 liabent
1645 1542 1693 1579 ad

81 1591 363 1628 conclusiones
384 1591 425 1626 in
446 1590 713 1636 speculativis,
736 1591 789 1627 ita
810 1590 901 1627 finis
923 1590 970 1626 ad
991 1599 1038 1626 ea
1057 1598 1144 1635 quae
1163 1592 1256 1625 sunt
1287 1589 1334 1625 ad
1356 1588 1474 1625 finem
1496 1589 1537 1625 in
1559 1598 1698 1633 opera-

79 1639 172 1675 tivis
194 1638 477 1684 etappetitivis.
501 1639 595 1674 Nam
618 1637 721 1674 sicut
741 1637 1023 1674 conclusiones
1043 1635 1326 1682 cognoscimus
1347 1645 1415 1681 per
1427 1636 1701 1682 principia‚ita

81 1695 129 1722 ex
148 1685 225 1721 fine
245 1685 476 1730 proceditet
496 1684 695 1730 appetitus
728 1688 765 1721 et
797 1685 973 1730 operatio
1009 1692 1144 1719 eorum
1177 1691 1263 1728 quae
1304 1687 1397 1719 sunt
1426 1682 1474 1719 ad
1506 1683 1638 1720 finem.
1661 1683 1698 1720 Si

80 1732 203 1779 igitur
221 1732 365 1778 aliquis
383 1732 566 1768 semotim
588 1732 680 1768 velit
701 1731 833 1775 finem,
857 1735 892 1767 et
914 1741 959 1767 ea
989 1739 1076 1776 quae
1105 1733 1199 1766 sunt
1221 1729 1269 1765 ad
1289 1729 1421 1773 finem,
1444 1730 1518 1766 erit
1538 1730 1698 1776 quidem

81 1779 289 1817 discursus
306 1779 345 1815 in
368 1778 454 1824 ejus
475 1778 690 1815 voluntate.
720 1780 799 1815 Hoc
821 1782 951 1814 autem
971 1777 1010 1813 in
1035 1779 1112 1813 Deo
1129 1785 1217 1813 esse
1236 1779 1300 1828 'est
1319 1776 1585 1821 impossibile,
1605 1785 1697 1813 cum

80 1826 133 1864 sit
146 1829 254 1863 extra
270 1834 429 1862 omnem
449 1828 614 1862 motum.
639 1825 887 1872 Relinquitur
917 1825 1038 1871 igitur
1069 1823 1174 1871 quod
1210 1823 1328 1860 simul
1365 1827 1403 1859 et
1434 1824 1573 1860 eodem
1609 1827 1699 1861 actu

78 1872 294 1911 voluntatis
316 1873 420 1909 Deus
439 1872 523 1909 vult
540 1881 584 1909 se
604 1876 641 1908 et
658 1872 751 1909 alia.

124 1920 225 1961 Item,
247 1928 335 1956 cum
354 1921 459 1956 Deus
479 1928 635 1964 semper
653 1919 746 1955 velit
767 1927 823 1963 se,
845 1918 880 1956 si
900 1918 980 1956 alio
1002 1920 1091 1955 actu
1111 1916 1195 1953 vult
1213 1924 1270 1961 se,
1293 1919 1329 1953 et
1348 1916 1427 1954 alio
1447 1916 1537 1961 alia,
1562 1926 1700 1964 seque-

78 1969 144 2004 tur
162 1966 266 2014 quod
287 1966 407 2004 simul
437 1966 519 2003 sint
550 1967 591 2002 in
613 1975 659 2003 eo
680 1966 758 2003 duo
791 1969 902 2003 actus
935 1965 1165 2008 voluntatis,
1199 1963 1305 2010 quod
1337 1968 1397 2000 est
1430 1964 1693 2010 impossihile.

78 2015 173 2052 Nam
197 2013 317 2051 unius
337 2013 532 2059 simplicis
550 2014 737 2059 potentiae
758 2022 837 2050 non
861 2017 954 2050 sunt
974 2012 1093 2049 simul
1115 2012 1201 2048 duae
1224 2011 1491 2056 operationes.

124 2062 316 2104 Praeterea‚
338 2060 379 2097 in
402 2060 511 2098 omni
532 2063 621 2097 actu
641 2060 858 2097 voluntatis
878 2060 1041 2096 volitum
1064 2062 1315 2104 comparatur
1345 2057 1392 2094 ad
1422 2059 1633 2101 volentem,
1655 2061 1698 2095 ut

78 2115 244 2145 movens
262 2107 310 2144 ad
330 2110 495 2145 motum.
517 2108 554 2144 Si
580 2106 702 2154 igitur
721 2107 774 2144 sit
805 2107 938 2153 aliqua
965 2107 1068 2143 actio
1091 2105 1308 2142 voluntatis
1329 2113 1376 2141 ex
1396 2115 1475 2152 qua
1506 2106 1589 2142 vult
1621 2105 1700 2142 alia

78 2163 103 2191 a
121 2163 179 2198 36,
201 2154 356 2191 diversa
384 2163 408 2191 a
437 2154 639 2192 voluntate
660 2163 738 2201 qua
754 2154 838 2191 vult
870 2163 927 2197 se,
949 2153 988 2189 in
1009 2153 1079 2190 illa
1110 2152 1184 2189 erit
1203 2151 1354 2198 aliquid
1387 2152 1495 2190 aliud
1532 2161 1698 2189 movens

78 2201 252 2239 divinam
270 2201 529 2246 voluntatem,
551 2201 656 2248 quod
677 2204 738 2238 est
758 2200 1022 2247 impossibile.

124 2249 307 2294 Amplius,
329 2248 428 2285 velle
449 2248 516 2285 Dei
539 2251 600 2286 est
615 2257 732 2285 suum
760 2257 863 2288 esse,
887 2252 928 2284 ut
962 2246 1170 2293 probatum
1201 2249 1260 2284 est
1294 2246 1393 2294 (cap.
1413 2245 1475 2292 73)
1507 2257 1516 2283 ι
1548 2244 1617 2283 sed
1650 2244 1692 2282 in

78 2295 159 2332 Deo
179 2304 259 2332 non
280 2298 342 2332 est
357 2295 435 2332 nisi
458 2304 580 2332 unum
599 2303 702 2332 esse.
728 2296 829 2341 Ergo
851 2303 931 2332 non
950 2297 1010 2331 est
1030 2294 1107 2329 nisi
1130 2303 1251 2330 unum
1273 2293 1386 2330 velle.

124 2342 226 2385 Item,
247 2342 348 2378 velle
382 2343 569 2388 competit
600 2343 694 2386 Deo,
725 2342 944 2379 secundum
977 2340 1082 2388 quod
1101 2344 1161 2377 est
1179 2340 1422 2386 intelligens.
1445 2339 1553 2376 Sicut
1578 2338 1699 2385 igitur

79 2396 162 2424 uno
183 2391 272 2424 actu
290 2388 477 2435 intelligit
497 2397 540 2426 se
561 2391 600 2425 et
617 2389 708 2433 alia,
731 2389 771 2424 in
793 2392 985 2436 quantum
1005 2387 1180 2424 essentia
1201 2396 1275 2424 sua
1290 2390 1351 2423 est
1379 2385 1580 2430 exemplar
1613 2394 1697 2421 om·

80 2434 206 2477 nium,
226 2434 280 2471 ita
298 2443 379 2471 uno
399 2438 489 2471 actu
505 2435 588 2472 vult
604 2444 647 2472 se
662 2439 700 2472 et
715 2435 805 2480 alia,
828 2436 869 2471 in
891 2437 1082 2482 quantum
1101 2442 1175 2470 sua
1193 2433 1352 2470 bonitas
1365 2436 1425 2470 est
1445 2432 1545 2469 ratio
1563 2431 1696 2469 omnis

78 2479 284 2518 bonitatis.
306 2480 334 2525 (1
353 2484 470 2526 part„
490 2490 529 2528 q.
549 2488 632 2527 mx,
653 2484 725 2519 art.
743 2485 766 2519 2
784 2482 830 2519 ad
851 2482 903 2528 4.)

689 2607 856 2648 CAPUT
889 2606 1080 2648 LXXVII.

283 2702 384 2738 QUOD
405 2701 625 2732 MULTITUDO
645 2701 869 2731 VOLITORUM
890 2701 969 2730 NON
1003 2702 1206 2733 REPUGNAT
1237 2704 1495 2735 SIMPLchTATI

690 2754 839 2783 DIVINAE
859 2754 1121 2784 SUBSTANTIAE.

126 2846 182 2897 Ex
199 2845 275 2898 hoc
298 2848 428 2882 autem
450 2845 630 2892 sequitur
650 2844 756 2896 quod
776 2844 987 2882 volitorum
1009 2846 1220 2884 multitudo
1240 2856 1320 2885 non
1340 2852 1534 2895 repugnat
1553 2848 1695 2886 unitati

80 2892 373 2939 elsimplicitati
387 2892 530 2930 divinae
544 2892 791 2930 substantiae.
812 2893 841 2928 N
847 2900 908 2929 am
920 2896 1031 2930 actus
1043 2894 1262 2931 secundum
1280 2894 1430 2942 objecta
1447 2895 1696 2942 distinguun-
