1894 3223
99 19 107 33 ἱ
183 20 200 36 5
222 19 238 34 ἒ·
265 22 286 35 π

683 161 769 196 LlB.
798 161 856 203 lV,
883 161 983 197 CAP.
1010 161 1144 197 xxxn.
1644 163 1714 196 547

139 241 321 286 Amplius,
344 240 482 277 eorum
502 249 590 287 quae
611 249 690 277 non
712 241 1005 277 communicant
1029 241 1068 277 in
1089 241 1250 278 materia
1272 244 1309 278 et
1327 241 1367 278 in
1388 250 1531 287 genere
1549 249 1630 278 uno
1645 240 1716 277 im—

90 287 280 336 possibile
301 290 360 323 est
381 286 462 323 fieri
484 288 787 325 conversionem
810 289 846 324 in
876 289 1040 324 invicem
1059 300 1066 327 ς
1090 297 1168 325 non
1191 289 1295 325 enim
1317 298 1363 325 ex
1387 289 1487 324 linea
1509 287 1548 325 tit
1570 288 1719 324 albede

92 335 182 382 quia
202 338 296 371 sunt
315 333 560 370 diversorum
585 344 775 380 generum
793 347 801 378 ;
820 345 946 381 neque
967 345 1112 380 eorpus
1134 335 1370 372 elementare
1390 339 1517 381 potest
1537 336 1710 372 converti

91 381 130 419 in
159 380 318 427 aliquod
344 390 551 426 corporum
575 382 792 418 coelestium
816 382 872 417 vel
897 382 932 417 in
952 382 1119 434 aliquam
1136 383 1407 428 incorpoream
1431 382 1710 427 substantiam,

93 431 161 466 aut
190 438 210 464 e
242 437 450 471 converso,
485 438 604 474 quum
638 438 715 464 non
749 429 984 465 conveniant
1015 439 1053 465 in
1086 430 1258 466 materia.
1278 430 1452 465 tVerlunn
1478 434 1608 466 autem
1630 429 1709 475 Dei,

92 483 213 522 quum
236 474 285 511 sit
308 476 423 518 Deus,
449 485 525 511 non
545 476 726 512 convenit
746 485 870 522 neque
893 476 929 511 in
953 485 1096 522 genere
1116 485 1241 522 neque
1264 476 1302 512 in
1325 477 1483 512 materia
1507 480 1716 522 eum‘tiuo·

91 531 260 567 cumque
281 522 373 565 alio,
390 532 435 557 en
458 523 562 568 quod
587 524 688 559 {leus
708 523 744 558 in
762 532 904 575 genere
928 532 1005 559 non
1029 527 1089 559 est
1110 532 1235 569 neque
1257 523 1457 559 materiam
1487 523 1614 559 habet.
1637 526 1712 560 lm-

89 568 279 615 possibite
300 572 360 605 est
381 569 498 616 igitur
518 569 682 606 Verbum
707 571 772 605 Det
795 570 918 606 fuisse
939 570 977 605 in
998 578 1157 606 carnem
1175 579 1411 607 conversum
1434 570 1493 606 vel
1519 570 1558 606 in
1581 570 1710 617 quod-

89 624 258 662 cumque
277 616 398 652 aliud.
1513 627 1521 637 ¹

139 664 330 706 Praeterea,
352 664 399 700 cle
421 664 569 700 ratione
591 664 736 706 carnis,
758 664 910 700 ossium
930 668 967 700 et
999 663 1208 710 sanguinis
1237 666 1274 699 et
1291 663 1518 707 hujusmutti
1542 665 1707 708 partium

90 713 150 746 est
171 710 275 756 quod
308 710 357 746 sit
374 720 420 747 ex
451 710 707 747 determinata
739 711 913 747 materia.
946 710 984 747 Si
1007 711 1128 757 igitur
1148 710 1314 746 Verbum
1336 711 1399 746 Dei
1421 711 1464 745 sit
1492 711 1527 746 in
1550 720 1709 747 earnem

91 765 343 801 conversum,
379 758 595 793 secundum
628 758 863 802 positionem
899 757 1136 803 praedictam,
1159 761 1346 804 sequetur
1366 758 1470 803 quod
1490 757 1528 793 in
1556 758 1709 793 Christo

91 812 170 840 non
204 804 315 840 suerit
352 814 442 840 vera
475 814 566 841 caro
589 814 659 841 neo
681 805 823 850 aliquid
847 805 950 841 aliud
974 804 1278 850 liujusinodi;et
1298 804 1356 841 sic
1387 805 1502 840 etiam
1532 813 1609 840 non
1639 805 1710 841 erit

89 860 205 887 verus
227 850 361 895 hoino,
383 852 450 887 sed
488 861 680 896 apparens
705 855 867 898 tantum,
901 856 936 888 et
958 852 1034 888 alia
1053 851 1306 898 hujusmodi:
1329 860 1415 898 qua]
1438 861 1558 898 supra
1580 851 1628 898 (o.
1650 856 1707 896 30)

89 902 227 934 contra
250 898 495 934 Valentinum
517 899 736 944 posuimus.

140 946 247 980 Patet
264 945 381 992 igitur
399 946 470 982 boc
487 946 589 990 quod
610 948 782 982 Joannes
802 946 889 982 dicit
908 958 916 981 :
936 948 981 982 Ec
1001 946 1156 981 Verbum
1178 956 1260 980 caro
1279 946 1416 989 fuctum
1440 947 1490 980 est
1511 945 1668 991 (Jocuzn.,
1683 955 1708 987 i,

93 991 162 1037 Μ),
199 1001 274 1028 non
311 992 366 1029 sie
401 992 698 1038 intelligendum
737 1002 823 1029 esse
861 993 973 1038 quasi
1002 993 1167 1028 Verbum
1207 993 1255 1028 sit.
1288 1001 1522 1028 conversum
1556 992 1594 1028 in
1625 1001 1708 1028 car-

91 1047 194 1076 nem.
218 1039 286 1075 sed
311 1039 404 1085 quia
428 1048 584 1075 carnem
608 1039 837 1084 assumpsit,
863 1044 901 1075 ut
922 1049 1010 1075 eum
1034 1039 1262 1076 hominibus
1284 1044 1584 1075 conversaretur
1601 1042 1637 1074 et
1653 1039 1708 1075 eis

91 1085 259 1122 visibilis
280 1091 483 1131 appareret
505 1098 512 1127 ;
535 1086 636 1122 unde
659 1091 695 1122 et
714 1086 917 1122 subditur:
942 1089 988 1121 Ec
1007 1087 1185 1122 habitavit
1210 1088 1249 1122 in
1269 1087 1383 1125 nobis,
1406 1089 1438 1121 et
1457 1086 1614 1121 vidimus
1634 1087 1709 1129 (slo-

89 1133 185 1167 rium
221 1132 312 1176 ejus.
350 1135 422 1168 etc.
458 1133 599 1180 (ibim),
637 1133 740 1170 siout
773 1138 810 1169 et
839 1133 876 1168 in
902 1134 1051 1169 Barueti
1087 1133 1134 1169 (le
1158 1135 1234 1169 Deo
1257 1133 1398 1169 dieitur
1421 1132 1526 1179 quod
1546 1134 1713 1168 interris

88 1179 188 1214 visus
208 1182 259 1213 est
278 1182 311 1213 et
330 1189 408 1213 cum
429 1179 631 1214 hominibus
650 1183 879 1215 conversatus
899 1184 962 1216 est.
987 1180 1171 1226 (Barnea,
1193 1188 1252 1224 111,
1272 1180 1345 1226 38.)

730 1325 896 1366 CAPUT
923 1326 1086 1366 XXXII.

300 1444 350 1472 DE
373 1444 526 1472 ERRORE
551 1445 633 1472 ΑΒΗ
659 1444 708 1472 ΕΤ
732 1444 987 1473 APOLLINARIS
1015 1445 1128 1473 CIRCA
1153 1445 1310 1474 ANIMAM
1335 1446 1497 1474 CnRtSTt.

140 1553 225 1589 Non
259 1552 388 1589 solum
423 1556 551 1588 autem
584 1552 688 1589 circa
719 1561 863 1598 corpus
896 1552 1052 1598 Christi,
1073 1553 1143 1589 sed
1170 1553 1284 1589 etittm
1306 1554 1411 1590 cirea
1431 1554 1517 1599 ejus
1537 1554 1710 1592 animam

94 1598 215 1645 aliqui
239 1599 340 1635 male
356 1599 533 1636 sensisse
554 1599 819 1636 inveniuntur.

139 1646 278 1682 Posuit
294 1646 398 1682 enim
420 1647 535 1682 Arius
557 1646 659 1692 quod
683 1646 721 1682 in
745 1646 900 1683 Christo
919 1655 1000 1683 non
1022 1646 1093 1683 fuit
1109 1647 1252 1690 anima,
1275 1647 1342 1683 sed
1362 1648 1464 1694 quod
1480 1648 1607 1684 solun]
1626 1658 1710 1685 oar-

91 1702 182 1729 nem
219 1693 448 1739 assumpsit,
482 1693 545 1730 cui
578 1693 761 1730 divini-tas
782 1694 867 1730 loco
889 1693 1031 1730 animae
1050 1693 1122 1730 suit
1144 1706 1152 1737 ;
1175 1696 1213 1730 et
1231 1695 1279 1730 ad
1300 1693 1375 1731 hoo
1398 1696 1623 1740 ponendum
1647 1705 1711 1732 ne-

91 1739 275 1776 cessitate
306 1739 475 1786 ⁴quadam
509 1739 662 1776 videtur
695 1740 819 1777 fuisse
854 1740 1051 1777 indu-etus.
1087 1741 1214 1784 Quum
1249 1741 1353 1777 enim
1386 1742 1502 1777 vellet
1532 1752 1711 1779 asserere

90 1786 196 1833 quod
219 1786 340 1824 Filius
359 1787 425 1823 Dei
441 1786 490 1823 sit
507 1790 686 1824 creatura
706 1791 743 1823 et
761 1788 890 1823 minor
911 1790 1035 1831 Patre,
1055 1787 1102 1824 ad
1126 1788 1201 1824 hoc
1221 1788 1465 1833 probandum
1489 1789 1556 1825 illa
1585 1789 1711 1834 scrip-

88 1836 266 1869 turarum
285 1833 504 1879 assumpsit
534 1834 761 1870 testimonia
790 1844 876 1880 quce
910 1834 1175 1870 infirmitatem
1198 1835 1412 1871 humanam
1435 1836 1650 1879 ostendunt
1669 1837 1709 1873 in

91 1880 270 1923 Christo;
304 1884 354 1923 et,
389 1890 437 1917 ne
458 1880 601 1926 aliquis
622 1881 707 1927 eJus
728 1881 998 1927 probationem
1023 1882 1230 1926 retelleret,
1252 1882 1416 1919 dicendo
1439 1886 1642 1928 assumpta
1662 1883 1710 1919 ab

89 1935 138 1964 eo
171 1927 396 1964 testimonia
429 1928 582 1964 Christo
612 1937 692 1964 non
725 1928 943 1965 secundum
980 1928 1150 1964 divinam
1184 1930 1378 1973 naturam,
1407 1930 1474 1966 sed
1495 1930 1709 1967 humanam

89 1974 314 2018 convenire,
336 1975 516 2021 nequiter
536 1974 707 2012 animam
729 1975 894 2011 removit
911 1985 932 2011 a
948 1975 1114 2016 Christo,
1138 1978 1191 2020 ut,
1214 1985 1335 2022 quum
1354 1977 1531 2023 quaedam
1554 1978 1710 2023 corpori

91 2019 266 2058 humano
287 2021 496 2058 convenire
517 2030 597 2058 non
616 2022 788 2067 possint,
809 2022 913 2059 sient
928 2022 1032 2068 quod
1053 2022 1178 2060 iratus
1199 2027 1271 2066 est,
1293 2023 1399 2070 quod
1429 2024 1570 2068 timuit,
1602 2024 1709 2071 quod

90 2067 227 2112 oravit,
261 2069 528 2105 necessarium
563 2067 628 2105 fiat
650 2069 877 2115 huJusmodi
896 2069 936 2105 in
966 2069 1103 2105 Filium
1126 2069 1194 2106 Dei
1214 2070 1516 2108 minorationem
1537 2071 1700 2108 inferre.

89 2115 315 2160 Assumpsit
345 2118 473 2151 autem
519 2115 557 2151 in
597 2125 678 2152 suae
716 2116 926 2161 positionis
959 2117 1221 2153 assertionem
1259 2118 1508 2162 praemissum
1547 2118 1709 2155 verbum

88 2161 253 2198 Joannis
283 2161 474 2198 dicentis:
511 2162 666 2197 Verbum
697 2172 779 2198 caro
797 2164 937 2206 factum
954 2167 1025 2206 θείς
1047 2173 1092 2199 ex
1114 2173 1192 2210 quo
1214 2164 1390 2210 accipere
1420 2164 1576 2201 volebat
1604 2165 1709 2211 quod

91 2208 219 2245 solam
240 2217 399 2245 carnem
416 2207 584 2245 Verbum
604 2209 876 2254 assumpserit,
898 2218 980 2246 non
1001 2213 1130 2246 autem
1152 2210 1337 2247 animam.
1360 2213 1402 2247 ln
1422 2211 1497 2248 hac
1514 2211 1711 2256 positione

92 2254 210 2292 etiam
233 2254 471 2301 Apollinaris
492 2263 583 2292 eum
607 2257 768 2292 secutus
789 2258 861 2292 est.

136 2301 385 2340 Manifestum
417 2305 478 2340 est
508 2303 640 2340 autem
674 2311 719 2339 ex
759 2301 972 2348 praemissis
1004 2302 1108 2340 hanc
1147 2303 1385 2350 positionem
1423 2304 1717 2350 impossibilem-

89 2357 195 2386 esse.

139 2395 350 2433 ostensum
384 2399 444 2432 est
475 2395 575 2431 enini
606 2404 727 2442 supra
757 2395 797 2442 (1.
831 2405 858 2440 1,
880 2405 913 2432 c.
934 2396 994 2442 27)
1016 2396 1121 2443 quod
1151 2398 1256 2434 Deus
1276 2397 1403 2434 forma
1422 2398 1601 2443 corporis
1621 2407 1712 2435 esse

90 2449 173 2478 non
194 2446 337 2487 potest.
371 2443 496 2485 Quum
530 2443 652 2485 igitur
682 2442 850 2478 Verbum
871 2443 938 2479 Dei
962 2443 1011 2480 sit
1030 2445 1148 2487 Deus,
1172 2446 1212 2480 ut
1231 2448 1436 2480 ostensum
1460 2448 1518 2481 est
1539 2444 1586 2491 (e.
1608 2447 1643 2490 3,
1666 2448 1705 2482 ll

90 2491 128 2525 et
162 2489 233 2534 14),
267 2489 516 2534 impossibile
536 2493 593 2523 est
617 2489 721 2535 quod
752 2489 918 2526 Verbum
941 2490 1007 2526 Dei
1028 2491 1075 2527 sit
1108 2491 1231 2526 fornia
1264 2491 1440 2537 corporis
1465 2493 1505 2528 ut
1524 2492 1581 2528 sie
1601 2492 1709 2528 carni

88 2543 160 2580 pro
181 2535 314 2572 anima
328 2545 417 2571 esse
439 2535 576 2580 possit.
599 2535 708 2572 Utilis
732 2539 862 2572 autem
883 2541 944 2573 est
958 2536 1043 2573 haec
1067 2537 1164 2573 ratio
1185 2541 1322 2573 contra
1341 2538 1620 2583 Apollinarem,
1642 2539 1709 2585 qui

87 2582 255 2619 Verbum
288 2582 356 2618 Dei
388 2591 520 2619 verum
554 2583 678 2618 Deum
707 2591 796 2619 esse
816 2582 1077 2620 confitebatur
1095 2596 1103 2627 ;
1126 2587 1176 2627 et,
1198 2583 1288 2620 licet
1303 2583 1379 2621 hoc
1399 2585 1512 2622 Arius
1532 2588 1716 2632 negaret,

87 2631 220 2665 tamen
253 2630 371 2666 etiam
403 2633 540 2666 contra
570 2638 661 2665 eum
694 2629 879 2674 praedicta
907 2630 1085 2675 procedit
1104 2630 1217 2674 ratio,
1237 2631 1330 2677 quia
1351 2640 1431 2668 non
1452 2632 1581 2669 solum
1605 2634 1709 2671 Deus

89 2684 172 2712 non
203 2679 334 2722 potest
363 2684 451 2713 esse
481 2676 607 2712 forma
635 2676 828 2722 eorporis,
865 2677 934 2713 sed
953 2685 1026 2714 nec
1062 2676 1177 2713 etiam
1199 2677 1342 2724 aliquis
1366 2679 1706 2725 supercoelestium

89 2722 312 2769 spirituum,
346 2722 448 2759 inter
479 2731 581 2769 quos
609 2731 840 2767 supremum
871 2723 1008 2760 Filium
1041 2723 1109 2760 Dei
1138 2725 1254 2761 Arius
1285 2725 1479 2771 ponebat3
1506 2726 1586 2764 nisi
1607 2727 1710 2764 forte

91 2770 309 2806 secundum
341 2769 581 2816 positionem
612 2769 814 2816 origenis,
845 2769 911 2816 qui
942 2769 1076 2816 posuit
1105 2771 1260 2808 animas
1293 2771 1489 2810 humanas
1528 2773 1706 2820 ejusdem

91 2816 238 2862 speciei
269 2821 307 2854 et
337 2820 487 2854 naturae
518 2825 607 2853 cum
629 2816 979 2861 supercoelestibus
1010 2817 1210 2863 spiritibus
1229 2827 1346 2863 esse;
1370 2819 1483 2867 eujus
1503 2820 1708 2866 opinionis

90 2861 299 2900 falsitatem
321 2873 441 2909 supra
459 2864 500 2910 (l.
517 2872 561 2908 11,
579 2863 694 2910 6.·95)
713 2863 973 2900 ostendImus.

136 2909 238 2956 Item,
257 2910 458 2948 subtracto
479 2919 527 2947 eo
553 2909 660 2957 quod
687 2913 750 2948 est
774 2910 822 2947 de
847 2910 1000 2948 ratione
1025 2911 1214 2957 hominis,
1227 2921 1345 2951 verus
1368 2913 1487 2951 homo
1516 2923 1605 2951 esse
1625 2922 1708 2951 non
