1894 3223
149 145 221 179 231
700 136 788 172 LIB.
814 137 863 180 11,
889 135 991 172 GAP.
1019 135 1226 171 LXXXVIII.

153 232 275 269 supra
295 222 343 268 (c.
371 219 430 266 21)
452 218 559 266 quod
590 217 703 254 solus
726 219 829 254 Deus
867 219 998 263 potest
1015 224 1162 254 creare.
1185 215 1305 254 Solus
1333 215 1456 263 igitur
1473 214 1562 263 ipse
1596 214 1770 254 animam

155 271 369 308 humanam
388 267 429 302 in
446 274 536 302 esse
555 264 751 310 producit.

200 315 383 360 Amplius,
407 321 524 349 omne
559 310 658 348 illud
689 311 804 358 cujus
833 309 1058 348 substantia
1083 319 1165 348 non
1196 313 1257 348 est
1275 318 1394 348 suum
1425 318 1531 354 esse,
1560 308 1679 347 hahet
1706 308 1772 348 sui

153 371 243 400 esse
265 364 481 402 auctorem,
502 361 545 395 ut
564 366 685 404 supra
705 358 752 404 (c.
778 357 833 403 15)
855 362 1063 395 ostensum
1091 361 1163 394 est.
1179 357 1321 394 Anima
1341 359 1472 394 autem
1494 356 1772 409 humana-non

153 412 214 446 est
249 416 367 445 suum
389 415 503 450 esse;
524 405 601 442 hoc
620 405 726 441 enim
767 404 896 442 solius
934 404 1002 441 Dei
1022 407 1097 442 est.
1119 403 1242 442 Habet
1262 404 1384 452 igitur
1419 412 1582 441 causam
1603 406 1771 440 activam

155 456 217 493 sui
239 463 342 492 esse.
363 453 436 490 Sed
457 452 562 500 quod
586 461 655 497 per
671 461 714 489 se
735 451 853 488 habet
872 460 961 488 esse
982 460 1052 496 per
1075 460 1118 488 se
1139 451 1257 488 etiam
1279 450 1430 498 agitur3
1452 450 1558 497 quod
1577 459 1670 487 vero
1691 459 1774 488 non

154 502 272 539 habet
302 509 391 537 esse
421 509 490 546 per
507 508 564 543 se,
584 498 654 536 sed
683 498 814 536 solum
849 507 939 535 cum
970 498 1063 542 alio,
1086 506 1167 535 non
1195 507 1265 544 per
1293 507 1337 536 se
1357 496 1412 543 fit,
1435 498 1505 535 sed
1540 497 1620 535 alio
1652 497 1771 540 facto,

154 550 258 586 sicut
291 548 418 585 forma
455 546 562 593 ignis
598 545 642 582 fit
672 545 764 592 igne
794 548 997 592 generato.
1020 545 1163 583 Anima
1193 549 1322 583 autem
1356 544 1531 585 humana
1551 545 1627 583 hoc
1656 544 1775 582 habet

153 594 492 642 proprium,inter
523 592 623 630 alias
656 593 818 633 formas,
841 592 945 638 quod
980 595 1041 629 est
1068 591 1109 628 in
1133 601 1208 629 suo
1241 601 1331 630 esse
1362 592 1604 636 subsistens,
1627 595 1665 628 et
1684 600 1774 629 esse

150 642 259 689 quod
282 645 342 678 est
378 641 454 678 sibi
476 639 678 686 proprium
706 640 862 686 corpori
887 638 1168 676 communicat.
1189 639 1330 676 Anima
1347 639 1468 685 igitur
1495 648 1567 686 per
1590 648 1634 676 se
1658 638 1776 676 habet

159 699 276 727 suum
298 688 553 734 fieri‚praeter
580 687 743 724 niodum
783 687 951 724 alia-rum
990 686 1207 723 formarum
1244 695 1332 733 quae
1361 686 1463 723 fiunt
1492 695 1563 732 per
1582 686 1773 723 accidens

157 735 394 782 compositis
414 734 546 772 factis.
568 734 657 774 Sed,
679 742 801 781 quum
821 733 955 770 anima
974 733 1150 770 humana
1183 741 1260 770 non
1289 732 1431 770 habeat
1450 732 1656 770 materiam
1685 741 1774 779 par·

156 788 234 820 tem
256 783 334 828 sui,
355 791 434 819 non
474 785 605 828 potest
641 780 725 818 fieri
747 790 796 817 ex
818 780 954 827 aliquo
990 780 1094 831 sicut
1125 789 1173 816 ex
1205 780 1384 816 materia.
1403 779 1655 832 Relinquitur
1679 788 1776 832 ergo

158 831 263 877 quod
285 840 333 866 ex
353 828 481 866 nihilo
498 828 581 873 fiat,
602 832 641 864 et
661 828 720 865 sic
741 832 908 865 creetur.
926 828 1054 871 Quum
1075 827 1196 873 igitur
1216 827 1364 864 creatio
1381 830 1435 863 sit
1454 835 1556 872 opus
1570 834 1775 873 propl'lum

156 878 238 921 Dei,
260 881 301 913 ut
336 885 456 923 supra
473 875 523 923 (0.
542 875 602 922 21)
625 879 833 912 ostensum
865 878 940 919 est,
961 873 1144 921 sequitur
1163 873 1269 922 quod
1287 884 1310 910 a
1327 874 1416 911 solo
1449 875 1529 911 Deo
1548 873 1776 912 immediate

157 929 324 962 creatur.

202 972 345 1008 Adhuc.
367 980 505 1007 eorum
538 979 625 1017 quae
660 972 754 1007 sunt
771 969 893 1006 unius
931 967 1091 1014 generis
1111 971 1172 1006 est
1190 967 1294 1005 idem
1332 968 1476 1006 modus
1494 968 1715 1014 prodeundi
1733 968 1777 1006 in

156 1027 260 1064 esse,
282 1023 325 1055 ut
345 1027 466 1063 supra
485 1017 534 1063 (c.
554 1017 611 1064 16)
631 1017 839 1062 probatum
868 1017 941 1053 est.
957 1014 1099 1052 Anima
1126 1018 1257 1052 autem
1279 1018 1338 1053 est
1358 1015 1405 1052 de
1423 1023 1568 1063 genere
1589 1015 1776 1053 substan·

156 1066 301 1103 tiarum
334 1064 676 1109 intellectualium,
698 1074 785 1111 quae
807 1072 887 1099 non
915 1066 1090 1114 possunt
1110 1063 1224 1099 aliter
1250 1063 1420 1110 intelligi
1444 1062 1603 1109 prodire
1621 1062 1664 1100 in
1686 1071 1776 1100 esse

156 1112 236 1150 nisi
259 1121 329 1159 per
359 1112 463 1148 viam
496 1111 724 1148 creationis.
746 1111 888 1147 Anima
912 1112 1036 1156 igitur
1054 1110 1230 1147 humana
1249 1110 1328 1147 exit
1347 1110 1389 1147 in
1409 1119 1499 1148 esse
1519 1110 1775 1156 1101010οῑ10-

154 1169 247 1196 nem
268 1169 290 1196 a
310 1160 403 1196 Deo.

202 1208 302 1247 Item,
323 1205 514 1252 quidquid
528 1205 760 1252 producitur
779 1205 821 1242 in
844 1215 933 1244 esse
954 1206 1002 1244 ab
1023 1205 1157 1252 aliquo
1179 1207 1320 1251 agente
1343 1203 1512 1256 acquirit
1535 1204 1582 1243 ab
1603 1205 1694 1252 ipso
1713 1204 1775 1243 vel

157 1253 308 1300 aliquid
328 1253 434 1299 quod
464 1256 525 1290 est
552 1252 790 1299 principium
824 1253 984 1291 essendi
1005 1252 1047 1290 in
1072 1251 1143 1288 tali
1163 1251 1294 1297 specie
1316 1251 1375 1288 vel
1395 1260 1526 1297 ipsum
1548 1260 1637 1290 esse
1657 1252 1774 1290 abso-

157 1301 297 1336 111111111.
312 1300 454 1336 Anima
484 1303 614 1336 autem
636 1308 716 1336 11011
746 1304 876 1345 potest
907 1300 964 1338 sic
984 1298 1150 1347 produci
1181 1299 1223 1335 in
1243 1307 1333 1336 esse
1353 1298 1459 1345 quod
1489 1299 1717 1346 acquiratur
1738 1298 1774 1337 ei

158 1347 307 1394 aliquid
335 1347 441 1393 quod
475 1347 528 1383 sit
546 1346 785 1392 principium
807 1347 981 1392 essendi,
998 1347 1101 1384 sicut
1119 1345 1315 1393 contingit
1333 1345 1375 1382 in
1397 1345 1515 1384 rebus
1537 1346 1775 1392 compositis

154 1404 205 1430 ex
222 1395 387 1431 materia
418 1397 457 1430 et
487 1394 629 1437 forma,
649 1403 736 1438 quae
763 1397 1004 1440 generantur
1022 1403 1092 1439 per
1110 1393 1187 1430 hoc
1218 1392 1325 1440 quod
1361 1393 1572 1439 acquirunt
1604 1394 1771 1431 formam

155 1441 196 1478 in
217 1444 329 1485 actu3
351 1449 433 1477 non
453 1440 559 1477 enim
580 1441 697 1476 habet
716 1441 850 1478 anima
866 1441 1016 1488 aliquid
1034 1441 1076 1477 in
1091 1440 1225 1486 seipsa
1243 1438 1348 1486 quod
1365 1439 1416 1477 sit
1435 1439 1512 1476 51111
1532 1440 1772 1487 principium

152 1487 331 1530 essendi,
353 1497 475 1534 quum
503 1488 556 1524 sit
593 1487 817 1526 substantia
848 1487 1029 1535 simplex,
1044 1491 1088 1524 ut
1107 1496 1229 1533 supra
1248 1487 1297 1534 (0.
1319 1489 1365 1525 50
1385 1490 1422 1523 01
1445 1487 1545 1539 seq.)
1566 1491 1774 1525 ostensum

157 1539 229 1572 est.
252 1535 502 1581 Relinquitur
538 1535 660 1582 igitur
679 1535 785 1582 quod
816 1544 898 1573 non
927 1535 1169 1582 producatur
1194 1534 1237 1571 in
1267 1542 1357 1572 esse
1377 1533 1425 1571 ab
1465 1534 1600 1582 aliquo
1618 1538 1775 1582 agente,

157 1582 236 1619 11151
258 1591 327 1627 per
359 1582 434 1618 hoc
453 1582 559 1628 quod
588 1582 850 1629 consequitur
881 1582 929 1619 ab
949 1582 1037 1628 ipso
1059 1591 1148 1619 esse
1167 1580 1364 1618 absolute.
1382 1582 1515 1627 Ipsum
1531 1585 1663 1619 autem
1685 1591 1775 1620 0550

157 1632 218 1666 051
233 1629 417 1675 proprius
438 1628 603 1666 effectus
625 1629 742 1674 primi
764 1633 802 1666 et
827 1629 1066 1666 universalis
1091 1629 1269 1676 agentis3
1291 1628 1468 1666 secunda
1489 1629 1595 1666 enim
1613 1629 1775 1677 agentia

158 1680 280 1722 agunt
300 1685 368 1722 per
388 1676 464 1714 hoc
482 1676 588 1722 quod
606 1676 837 1722 imprimunt
855 1677 1140 1714 similitudines
1162 1685 1325 1713 suarum
1346 1676 1564 1713 formarum
1585 1676 1627 1714 in
1653 1676 1774 1714 rebus

156 1723 286 1768 factis,
312 1732 400 1770 quae
432 1727 527 1760 sunt
563 1723 700 1760 formae
726 1724 935 1761 factorum.
954 1724 1095 1761 Anima
1122 1723 1244 1770 igitur
1276 1731 1358 1760 non
1396 1726 1527 1770 potest
1547 1723 1712 1770 produci
1734 1723 1776 1760 in

156 1779 246 1807 esse
269 1770 347 1807 nisi
369 1780 391 1807 a
405 1770 532 1815 primo
547 1773 585 1807 et
605 1771 820 1808 universali
841 1775 995 1818 agente,
1013 1770 1120 1818 quod
1141 1773 1200 1807 est
1225 1771 1343 1808 Deus.

201 1819 392 1859 Praeterea,
408 1817 500 1854 finis
522 1817 577 1853 rei
603 1817 818 1863 respondet
839 1817 1034 1864 principio
1065 1817 1171 1864 eJ'us;
1189 1821 1283 1854 tunc
1306 1817 1412 1854 enim
1433 1826 1496 1855 res
1515 1818 1690 1864 perfecta
1716 1821 1778 1856 est

154 1873 279 1911 quum
318 1864 366 1900 ad
402 1865 574 1910 primum
596 1864 833 1910 principium
869 1865 1057 1912 pertingit
1086 1865 1146 1900 vel
1167 1873 1237 1911 per
1270 1864 1574 1901 similitudinem
1595 1865 1656 1901 vel
1677 1874 1775 1912 quo·

156 1920 326 1957 cumque
351 1912 484 1963 modo..
500 1911 614 1963 ‘Finis
635 1915 767 1948 01110111
797 1912 939 1949 animae
964 1912 1149 1948 humanae
1169 1914 1208 1947 et
1225 1910 1377 1963 ultima·
1397 1911 1483 1957 ejus
1503 1911 1695 1957 perfectio
1716 1916 1776 1950 est

155 1958 260 2005 quod
277 1968 344 2004 per
359 1961 628 2005 cogn-itionem
641 1962 677 1994 et
695 1967 870 1995 amorem
884 1958 1139 1996 transcendat
1152 1961 1276 1995 totum
1293 1957 1473 1995 ordinem
1488 1962 1774 2004 creaturarum,

156 2009 194 2041 et
212 2005 410 2057 pertingat
443 2004 495 2058 ad·
523 2005 693 2058 primum
723 2005 976 2058 principium,
994 2006 1099 2053 quod
1120 2007 1224 2042 Deus
1252 2008 1326 2042 est.
1348 2005 1474 2053 Igitur
1492 2015 1516 2042 a
1538 2007 1623 2044 Deo
1657 2006 1777 2045 habet

155 2061 313 2099 proprie
335 2061 417 2089 suae
439 2061 609 2098 originis
623 2061 876 2098 principium.

204 2100 285 2136 Hoc
302 2099 420 2136 etiam
442 2099 608 2136 innuere
627 2099 781 2136 videtur
800 2108 915 2137 sacra
932 2100 1144 2145 Scriptura.
1165 2100 1295 2143 Quum
1312 2098 1433 2144 enim,
1452 2099 1499 2136 de
1520 2099 1773 2138 institutione

154 2145 325 2183 aliorum
347 2146 579 2183 animalium
599 2146 782 2192 loquens,
805 2155 942 2184 eorum
963 2148 1118 2184 animas
1139 2146 1231 2184 aliis
1252 2146 1388 2184 causis
1408 2146 1622 2192 adscribat,
1641 2151 1775 2193 utpote

154 2202 275 2276 guum
298 2193 391 2230 dicit
408 2205 416 2229 :
431 2193 640 2230 Producant
653 2203 756 2239 aqua?
773 2195 900 2240 reptile
919 2196 1050 2230 animae
1068 2195 1222 2230 viventis
1243 2192 1369 2241 (Gen.‚
1389 2202 1419 2238 Ι,
1442 2193 1514 2241 10),
1534 2198 1572 2231 et
1591 2195 1777 2232 similiter

183 2249 202 2276 e
221 2240 324 2284 aliis,
343 2240 391 2277 ad
413 2240 616 2277 hominem
635 2241 814 2284 veniens,
829 2241 1002 2278 animam
1025 2240 1110 2288 eJns
1126 2251 1148 2277 a
1168 2242 1248 2278 Deo
1269 2240 1394 2278 creari
1416 2240 1591 2278 ostendit
1612 2241 1774 2279 dicens:

150 2288 336 2381 Ρονηιὲιέἱε
356 2289 450 2323 Deus
471 2288 648 2323 hominem
673 2287 716 2322 de
733 2288 816 2323 limo
835 2291 952 2330 terrae,
975 2291 1009 2324 et
1026 2288 1226 2334 inspiravit
1242 2289 1283 2325 in
1298 2288 1432 2332 faciem
1450 2287 1529 2334 eJus
1548 2289 1776 2334 spiraculum

152 2335 236 2370 vitae
303 2343 382 2379 en„
404 2343 448 2379 11,
467 2338 520 2381 7).

200 2383 273 2418 Per
302 2381 379 2419 hoc
402 2384 533 2419 autem
565 2381 788 2419 excluditur
820 2392 930 2420 error
955 2382 1189 2431 ponentipm
1219 2381 1374 2420 animas
1407 2381 1456 2419 ab
1493 2381 1648 2429 angelis
1682 2391 1773 2420 esse
1795 2403 1806 2412 ·

153 2432 320 2466 creatas.
344 2429 373 2476 (t
392 2432 509 2475 part„
525 2438 564 2476 q.
584 2436 648 2474 xc,
669 2432 741 2466 art.
762 2428 816 2476 2.)

736 2574 906 2624 CAPUT
945 2575 1193 2617 LXXXVIII.

482 2696 672 2726 RATIONES
698 2696 849 2726 CONTRA
872 2696 1183 2726 DETERMINATAM
1207 2693 1447 2728 vamum.

200 2800 299 2837 Sunt
318 2803 449 2852 autem
471 2802 650 2847 quaedam
670 2814 758 2850 quae
776 2805 999 2850 praemissis
1019 2804 1202 2842 videntur
1219 2812 1311 2842 esse
1331 2802 1510 2840 adversa.

199 2846 327 2899 Quum
357 2856 462 2883 enim
480 2849 604 2899 'homo
636 2850 689 2886 sit
717 2852 878 2895 animal,
899 2852 942 2888 in
963 2855 1154 2898 quantum
1182 2850 1301 2888 habet
1325 2849 1500 2887 animam
1521 2851 1770 2897 sensitivam,

150 2897 252 2931 ratio
272 2897 404 2931 autem
423 2895 609 2933 animalis
624 2897 791 2935 univoce
807 2898 961 2935 homini
980 2902 1020 2935 et
1037 2898 1130 2936 aliis
1150 2895 1391 2936 animalibus
1412 2898 1636 2944 conveniat,
1656 2899 1767 2937 vide-
