1894 3223
181 103 250 140 346
764 95 851 130 LIB.
879 94 944 137 111,
971 93 1074 133 CAP.
1101 94 1215 132 LXIX.

182 182 295 222 lium,
335 180 389 216 ita
407 177 560 216 scilicet
578 175 684 222 quod
703 175 810 222 ignis
832 184 914 212 non
931 175 1125 222 calefacit,
1145 175 1216 214 sed
1235 177 1340 214 Deus
1359 178 1498 214 causat
1515 175 1688 213 calorem
1701 185 1799 222 prae-

182 231 294 266 sente
312 226 418 272 igne.
440 226 485 260 Et
503 223 686 260 similiter
704 222 902 274 dicuntia
921 223 1108 260 omnibus
1129 223 1219 261 aliis
1239 222 1446 261 effectibus
1466 222 1727 260 naturalibus.

232 276 343 311 Hunc
362 274 494 308 autem
514 278 690 307 errorem
715 269 938 306 rationibus
970 269 1206 308 confirmare
1235 270 1368 308 conati
1399 273 1506 314 sunt,
1539 269 1797 308 ostendentes

183 320 336 359 nullam
358 318 527 354 formam
551 325 680 362 neque
699 315 1016 362 substantialem,
1038 326 1166 364 neque
1185 317 1469 355 accidentalem
1490 316 1569 354 nisi
1597 326 1667 363 per
1695 317 1800 355 viam

184 365 401 405 creationis
415 364 580 410 produci
599 364 638 400 in
661 372 764 400 esse.
785 364 870 400 Non
900 363 1006 400 enim
1038 367 1209 410 possunt
1238 364 1376 401 formae
1395 367 1434 400 et
1466 363 1685 401 accidentia
1714 363 1800 400 fieri

185 423 234 451 ex
252 411 432 456 materia,
454 419 544 448 cum
568 419 650 447 non
671 409 843 447 habeant
861 411 1067 447 materiam
1087 414 1239 457 partem
1254 411 1332 449 sui.
1354 410 1476 455 Unde,
1498 410 1533 448 si
1553 410 1662 454 fiant,
1683 419 1800 456 opor-

183 462 240 497 tet
255 458 361 506 quod
381 457 478 496 fiant
496 467 544 495 ex
563 457 703 498 nihilo,
725 456 831 503 quod
851 460 912 494 est
930 458 1054 494 creari
1072 468 1082 501 ;
1104 460 1143 494 et
1159 457 1253 504 quia
1271 457 1418 495 creatio
1436 457 1564 495 solius
1593 458 1663 495 Dei
1695 457 1800 494 actio

184 510 258 551 est,
281 509 323 542 ut
342 505 384 542 in
404 504 580 553 secundp
601 507 809 541 ostensum
829 507 891 541 est
910 503 1011 550 (cap.
1036 503 1108 550 12),
1123 503 1237 551 sequi
1257 504 1412 541 videtur
1429 504 1535 551 quod
1563 504 1676 542 solus
1696 505 1800 542 Deus

184 557 261 591 tam
283 553 432 590 formas
452 550 736 589 substantiales
754 560 873 597 quam
886 550 1152 588 accidentales
1171 551 1214 587 in
1233 554 1374 589 natura
1391 551 1595 597 producat.

232 600 330 636 Huic
358 602 489 636 autem
518 597 709 643 positioni
727 598 870 644 partim
890 597 1008 634 etiam
1027 597 1290 644 quorumdam
1309 597 1641 644 philosophorum
1662 597 1800 644 opinio

187 646 456 690 concordavit,
474 645 569 692 quia
586 645 691 682 enim
711 653 829 681 omne
848 644 954 691 quod
974 653 1044 690 per
1071 653 1114 681 se
1135 652 1215 681 non
1242 647 1316 689 est,
1336 644 1384 681 ab
1405 653 1452 682 eo
1467 644 1574 691 quod
1594 648 1654 682 est
1674 653 1743 690 per
1756 653 1801 682 se

184 693 402 731 derivatum
440 692 653 737 invenitur,
686 691 840 728 videtur
870 691 977 737 quod
1011 691 1147 728 formae
1177 700 1309 728 rerum
1338 700 1425 738 quae
1455 700 1536 728 non
1555 695 1650 729 sunt
1667 699 1738 737 per
1756 699 1801 728 se

185 741 415 784 existentes,
445 738 515 777 scd
533 739 576 775 in
593 738 771 779 materia,
794 737 1028 784 proveniant
1048 747 1096 775 ex
1115 737 1255 776 formis
1269 747 1357 785 quae
1378 747 1447 783 per
1466 746 1509 774 se
1527 738 1615 775 sine
1635 738 1801 776 materia

186 791 310 824 sunt:
333 786 448 834 quasi
469 787 606 824 formae
633 786 675 822 in
703 785 870 823 materia
900 784 1129 826 existentes,
1165 784 1248 821 sint
1279 785 1458 831 quaedam
1477 784 1801 830 participationes

186 834 346 871 illarum
367 834 582 870 formarum
603 841 694 879 quae
713 832 802 871 sine
822 832 988 869 materia
1007 835 1114 877 sunt,
1133 835 1171 869 et
1187 835 1346 878 propter
1361 831 1437 868 1106
1450 832 1560 868 Plato
1580 830 1693 879 (Tim,
1714 840 1801 878 cap.

187 883 257 925 103
285 882 337 917 De
358 880 510 926 republ.
539 883 578 916 et
600 878 712 925 alibi)
730 879 867 927 posuit
885 879 1042 925 species
1060 887 1191 916 rerum
1212 877 1464 916 sensibllium
1484 887 1575 916 esse
1609 878 1802 925 quasdam

190 927 341 965 formas
376 929 594 973 separatas,
632 935 720 973 quae
754 929 850 963 sunt
879 935 1011 963 causae
1042 925 1203 963 essendi
1224 925 1288 963 bis
1305 925 1565 963 sensibilibus
1582 925 1800 963 secundum

187 974 293 1021 quod
312 983 380 1011 eas
400 974 647 1020 participant.
670 972 871 1011 Avicenna
894 982 987 1010 vero
1020 972 1155 1018 posuit
1179 981 1321 1010 omnes
1348 972 1497 1010 formas
1517 971 1802 1010 substantiales

188 1021 235 1058 ab
256 1021 520 1069 intelligentia
539 1023 679 1066 agente
697 1020 858 1057 effluere
877 1031 886 1064 ;
908 1019 1174 1057 accidentales
1196 1023 1328 1057 autem
1348 1020 1497 1072 formas
1523 1028 1612 1057 esse
1632 1019 1805 1072 ponebat

189 1068 388 1116 quasdam·
417 1068 592 1105 materiae
623 1067 924 1112 dispositiones,
958 1076 1046 1113 quae
1077 1075 1126 1105 ex
1157 1066 1313 1105 actione
1346 1066 1579 1103 inferiorum
1599 1069 1800 1113 agentium

187 1115 393 1152 materiam
413 1114 710 1160 disponentium
731 1114 1027 1159 proveniebant,
1050 1113 1091 1150 in
1112 1123 1190 1160 quo
1212 1113 1370 1159 apriori
1385 1113 1553 1151 stultitia
1564 1113 1799 1150 declinabat.

239 1161 364 1207 Hujus
383 1165 514 1198 autem
530 1161 689 1212 signum
709 1169 799 1212 esse
818 1160 1164 1212 videbatunquod
1185 1161 1295 1198 nulla
1312 1160 1438 1197 virtus
1457 1161 1585 1198 activa
1603 1160 1803 1212 invenitur

189 1217 279 1245 esse
301 1208 340 1244 in
362 1208 451 1245 istis
468 1207 702 1253 corporibus
719 1216 798 1245 nisi
817 1207 1074 1244 accidentalis
1097 1207 1237 1251 forma,
1258 1207 1362 1244 sicut
1377 1207 1587 1253 qualitates
1608 1211 1744 1244 activae
1765 1210 1804 1244 et

189 1255 373 1300 passivae,
395 1264 482 1301 quae
502 1263 583 1291 non
600 1254 782 1291 videntur
800 1262 890 1291 esse
911 1254 959 1291 ad
974 1254 1051 1291 hoc
1070 1253 1316 1293 sufficientes
1336 1254 1441 1302 quod
1452 1254 1599 1292 formas
1621 1254 1803 1291 substan-

187 1301 304 1339 tiales
325 1311 489 1339 causare
507 1301 677 1347 possint.

235 1350 494 1385 Inveniuntur
513 1349 630 1385 etiam
651 1348 830 1394 quaedam
850 1347 998 1384 inistis
1016 1346 1273 1385 inferioribus
1293 1357 1380 1394 quae
1400 1357 1480 1384 non
1499 1352 1739 1394 generantur
1755 1357 1804 1385 ex

188 1395 464 1438 sensibilibus,
483 1395 587 1432 sicut
605 1394 794 1432 animalia
813 1403 860 1432 ex
876 1393 1164 1440 putrefactione
1180 1398 1390 1440 generata:
1410 1394 1514 1431 unde
1529 1394 1682 1431 videtur
1696 1395 1802 1442 quod

187 1442 331 1479 horum
353 1442 488 1479 formae
509 1451 557 1478 ex
577 1441 785 1479 altioribus
821 1440 1028 1487 principiis
1061 1441 1310 1486 proveniant,
1348 1444 1387 1478 et
1413 1441 1497 1487 pari
1524 1441 1677 1478 ratione
1716 1441 1804 1480 aliae

188 1488 340 1532 formae,
362 1497 529 1535 quarum
549 1488 728 1534 quaedam
749 1492 843 1525 sunt
860 1488 985 1524 multo
1006 1487 1238 1524 nobiliores.

236 1535 400 1579 Quidam
434 1544 526 1572 vero
558 1535 605 1573 ad
627 1535 702 1572 1106
734 1538 1011 1582 argumentum
1030 1538 1241 1571 assumunt
1260 1544 1307 1571 ex
1327 1535 1566 1573 naturalium
1590 1545 1802 1582 corporum

186 1582 457 1619 imbecillitate
475 1582 523 1619 ad
536 1582 748 1629 agendum,
767 1591 859 1619 nam
876 1582 1008 1619 omnis
1027 1582 1207 1627 corporis
1238 1581 1366 1620 forma
1392 1586 1453 1619 est
1475 1583 1660 1629 adjuncta
1681 1592 1804 1630 quan-

186 1630 289 1666 titati
311 1641 318 1665 :
341 1630 540 1676 quantitas
561 1633 691 1666 autem
711 1629 875 1675 impedit
892 1629 1088 1666 actionem
1106 1632 1307 1666 etmotum
1323 1628 1437 1676 cujus
1452 1630 1611 1676 signum
1631 1634 1799 1677 ponunt,

188 1677 282 1723 quia
300 1680 490 1722 quantum
509 1676 665 1713 additur
684 1676 727 1713 in
744 1676 962 1723 quantitate
982 1675 1101 1713 alicui
1130 1676 1302 1721 corpori,
1323 1679 1433 1713 tanto
1454 1675 1496 1713 fit
1521 1677 1799 1722 ponderosius,

188 1728 225 1759 et
245 1724 420 1760 tardatur
439 1727 571 1760 motus
589 1723 688 1769 ejus,
707 1723 810 1760 unde
836 1732 905 1768 per
925 1723 1000 1760 1106
1020 1722 1265 1760 concludunt
1281 1723 1387 1770 quod
1406 1724 1560 1763 nullum
1582 1733 1728 1771 corpus
1746 1725 1800 1762 sit

188 1770 373 1814 activum,
393 1770 463 1807 sed
481 1770 683 1816 passivum
704 1774 869 1807 tantum.

237 1818 315 1853 Hoc
337 1817 454 1854 etiam
488 1817 696 1854 ostendere
734 1817 914 1854 nituntur
939 1825 1007 1861 per
1035 1817 1111 1867 boc
1138 1817 1243 1862 quod
1268 1825 1386 1853 omne
1406 1817 1562 1862 patiens
1591 1821 1651 1854 est
1671 1818 1801 1863 subje—

189 1867 296 1900 ctum
323 1864 468 1910 agenti,
498 1868 537 1901 et
555 1873 672 1901 omne
692 1872 816 1910 agens
835 1866 974 1908 praeter
992 1872 1162 1908 prlmuln
1183 1863 1289 1909 quod
1309 1868 1460 1907 causat,
1481 1865 1645 1911 requirit
1667 1865 1799 1910 subje-

188 1913 294 1947 ctum
327 1910 495 1948 inferius
532 1919 589 1954 se,
623 1910 733 1947 nulla
765 1913 896 1947 autem
919 1909 1143 1946 substantia
1169 1914 1230 1946 est
1249 1910 1413 1947 inferior
1442 1911 1639 1957 corporali
1663 1911 1798 1948 :unde

188 1956 346 1993 videtur
367 1957 471 2003 quod
499 1957 652 1994 nullum
673 1965 818 2002 corpus
836 1957 888 1992 sit
907 1956 1090 1992 activum.

233 2004 391 2041 Addunt
409 2004 527 2041 etiam
540 2004 679 2041 adhoc
694 2003 800 2050 quod
814 2003 1032 2049 corporalis
1045 2003 1269 2041 substantia
1283 2004 1398 2040 estin
1416 2004 1554 2041 ultima
1577 2005 1765 2042 distantia
1780 2016 1801 2042 a

185 2051 314 2096 primo
335 2054 490 2096 agente,
511 2050 615 2088 unde
632 2059 712 2086 non
732 2050 886 2087 videtur
904 2051 962 2087 eis
982 2050 1087 2096 quod
1107 2051 1232 2087 virtus
1253 2051 1379 2088 activa
1393 2052 1594 2096 perveniat
1609 2061 1736 2098 usque
1752 2053 1801 2089 ad

186 2097 451 2134 substantiam
472 2097 731 2143 corporalem,
753 2097 822 2135 sed
844 2097 947 2134 sicut
965 2098 1069 2134 Deus
1091 2101 1150 2134 est
1170 2106 1293 2144 agens
1310 2101 1477 2143 tantum,
1500 2099 1554 2135 ita
1574 2098 1802 2136 substantia

186 2144 420 2189 corporalis,
441 2153 530 2181 cum
545 2145 597 2181 sit
614 2143 751 2181 infima
770 2144 812 2180 in
832 2153 977 2190 genere
992 2153 1137 2188 rerum,
1157 2145 1210 2182 sit
1228 2145 1389 2191 passiva
1407 2148 1573 2182 tantum.

235 2192 397 2236 Propter
428 2191 500 2228 has
519 2191 640 2238 igitur
663 2191 838 2228 rationes
864 2191 975 2236 ponit
995 2191 1225 2232 Avicebron‚
1245 2192 1287 2228 in
1308 2191 1410 2229 libro
1428 2193 1551 2229 Fontis
1575 2194 1670 2234 vitre,
1696 2193 1801 2239 quod

186 2238 342 2275 nullum
362 2247 507 2284 corpus
527 2242 588 2275 est
607 2239 792 2283 activum,
815 2238 884 2275 sed
905 2239 1030 2275 virtus
1045 2238 1278 2276 substantiae
1293 2239 1512 2285 spiritualis
1526 2242 1796 2285 pertransiens

185 2294 255 2330 per
275 2294 441 2331 corpora
460 2285 542 2332 agit
558 2286 736 2322 actiones
755 2294 843 2332 quae
863 2295 931 2331 per
951 2294 1119 2331 corpora
1137 2284 1222 2324 fieri
1236 2285 1432 2323 videntur.

189 2377 195 2383 ⁶
232 2331 399 2375 Quidam
419 2333 538 2370 etiam
557 2332 765 2379 loquentes
784 2332 827 2369 in
847 2332 934 2379 lege
956 2333 1180 2371 Maurorum
1201 2332 1388 2370 dicuntur
1418 2333 1467 2370 ad
1503 2333 1578 2371 1106
1598 2335 1796 2371 rationem

184 2379 387 2424 1nducere,
409 2379 515 2427 quod
535 2380 651 2417 etiam
673 2378 894 2417 accidentia
911 2388 991 2416 non
1009 2379 1090 2417 sint
1109 2389 1157 2417 ex
1172 2380 1329 2418 actione
1348 2389 1572 2426 corporum,
1592 2382 1685 2427 quia
1704 2382 1801 2418 acci-

185 2425 285 2463 dens
323 2435 404 2462 non
438 2427 582 2464 transit
617 2436 641 2463 a
671 2426 850 2472 subjecto
882 2427 924 2463 in
945 2426 1192 2473 subjectum:
1215 2427 1321 2465 unde
1341 2431 1524 2473 reputant
1550 2428 1798 2474 impossibile

183 2472 292 2520 quod
307 2473 417 2525 calor
435 2476 612 2511 transeat
631 2483 654 2526 a
672 2482 837 2526 corpore
866 2473 995 2511 calido
1016 2475 1058 2526 in
1078 2474 1187 2512 aliud
1205 2483 1350 2520 corpus
1370 2474 1418 2512 ab
1439 2475 1527 2520 ipso
1547 2475 1795 2519 calefactum,

185 2519 255 2556 sed
277 2519 413 2557 dicunt
433 2521 570 2559 omnia
584 2520 813 2567 hujusmodi
834 2520 1055 2558 accidentia
1072 2521 1197 2560 creari
1218 2530 1242 2559 a
1262 2522 1356 2559 Deo.

231 2565 287 2617 Ad
308 2567 537 2612 praemissas
570 2571 699 2605 autem
738 2567 961 2614 positiones
995 2568 1120 2606 multa
1154 2567 1477 2606 inconvenientia
1507 2573 1738 2615 sequuntur.
1758 2569 1797 2605 Si

185 2621 291 2648 enim
312 2614 423 2651 nulla
448 2614 614 2652 inferior
647 2623 782 2660 causa,
803 2618 841 2652 et
859 2615 1029 2652 maxime
1063 2615 1297 2661 corporalis,
1328 2615 1479 2662 aliquid
1499 2619 1695 2661 operatur,
1728 2615 1797 2652 scd

185 2658 291 2694 Deus
310 2665 493 2712 operatur
512 2662 554 2698 in
574 2661 760 2699 omnibus
790 2662 918 2707 solus,
939 2664 1044 2700 Deus
1064 2667 1195 2700 autem
1210 2671 1291 2700 non
1305 2662 1479 2699 variatur
1497 2671 1567 2708 per
1586 2662 1675 2707 1106,
1692 2663 1798 2708 quod

185 2709 370 2757 operatur
389 2717 429 2743 111
451 2708 569 2746 rebus
591 2709 773 2754 diversis,
808 2718 888 2746 non
907 2713 1095 2756 sequetur
1115 2709 1296 2747 diversus
1313 2708 1477 2751 effectus
1503 2719 1551 2744 ex
1572 2708 1797 2746 diversitate

183 2759 330 2795 rerum,
345 2762 392 2804 ‘in
413 2755 557 2799 quibus
578 2757 681 2793 Deus
713 2760 910 2802 operatur.
933 2757 1014 2794 Hoc
1034 2760 1165 2794 autem
1196 2756 1244 2794 ad
1276 2764 1438 2793 sensum
1459 2760 1618 2801 apparet
1638 2756 1795 2800 falsum,

185 2806 270 2834 non
290 2807 395 2835 enim
412 2809 459 2836 ex
478 2802 727 2847 appositione
758 2803 876 2840 calidi
909 2804 1089 2850 sequitur
1120 2803 1378 2850 infrigidatio‚
1398 2802 1467 2838 sed
1489 2803 1694 2840 calefactio
1712 2808 1796 2840 tan-

187 2847 281 2890 tum,
304 2854 430 2893 neque
450 2855 498 2884 ex
516 2849 668 2886 semine
689 2849 864 2887 hominis
884 2851 1062 2897 sequitur
1075 2850 1278 2897 generatio
1298 2849 1377 2887 nisi
1396 2849 1584 2894 hominis,
1608 2859 1688 2888 11011
1704 2859 1798 2897 ergo
