1894 3223
741 137 826 172 LIB.
857 137 900 179 ll,
930 136 1029 172 CAI‘.
1061 135 1134 171 Lll.
1668 137 1728 171 167

115 221 194 259 nisi
228 219 518 267 una.quamvis
549 218 739 255 habentes
775 222 956 254 naturam
987 218 1093 253 illam
1126 216 1258 262 plures
1290 217 1446 263 possint
1467 217 1633 253 inveniri
1659 229 1666 259 ;
1695 218 1729 253 si

115 269 221 306 enim
257 271 395 304 nutura
426 266 611 303 animalis
645 275 712 311 per
738 274 780 301 se
812 268 992 309 separata
1025 265 1274 308 subsisteret,
1298 273 1375 301 non
1400 264 1560 300 liaberet
1581 273 1730 310 eaquae

116 319 209 353 sunt
243 314 430 351 hominis.
464 313 524 349 vel
557 322 643 359 quse
665 316 757 349 sunt
786 311 1015 356 boriszjam
1040 313 1143 347 enim
1167 321 1244 347 non
1268 315 1374 348 esset
1392 311 1536 347 animal
1562 314 1728 355 tuntum,

116 363 186 400 sed
222 361 341 398 bomo
377 360 437 396 vel
470 359 556 397 bos.
592 359 765 395 Remotis
794 363 923 395 autum
948 358 1182 394 differentiis
1201 358 1470 395 constitutivis
1491 358 1729 403 specierum,

117 413 292 446 remanet
314 411 453 444 natura
472 406 630 453 generis
653 405 846 448 indivisa3
869 406 961 451 quia
982 405 1126 441 eaedem
1150 404 1380 442 differentiae
1400 415 1485 451 quae
1502 410 1593 441 sunt
1614 413 1731 441 cons-

116 456 280 493 titutivae
296 454 515 501 specierum
533 457 622 490 sunt
644 453 818 489 divisivae
840 452 1012 499 generis.
1031 453 1092 488 Sic
1116 453 1245 499 igitur,
1265 453 1298 489 si
1314 452 1389 489 hoc
1403 452 1532 498 ipsum
1549 452 1653 498 quod
1672 458 1732 488 est

113 511 205 540 esse
227 503 279 539 sit
308 509 518 539 commune
550 500 654 537 sicut
680 509 821 546 genus,
854 509 941 536 esse
975 504 1197 544 separatum
1222 509 1287 544 per
1320 509 1362 536 se
1393 499 1618 536 subsistens
1651 506 1732 535 non

117 553 247 596 potest
277 557 367 586 esse
395 548 473 584 nisi
511 556 632 584 unum
655 559 662 586 :
686 547 718 584 si
742 556 832 583 vero
862 556 941 583 non
976 546 1170 583 dividatur
1192 545 1426 583 differentiis
1465 546 1567 583 sicut
1589 554 1731 592 genus,

117 596 186 634 sed
219 604 287 643 per
318 595 394 633 hoc
427 594 532 642 quod
565 598 626 631 est
658 593 777 639 hujus
812 594 869 630 vel
901 593 1010 630 illius
1032 602 1134 637 esse,
1153 593 1234 639 jam
1258 593 1331 629 hoc
1352 593 1479 640 magis
1507 598 1566 630 est
1598 601 1731 629 verum

117 642 223 690 quod
260 651 341 680 non
377 646 508 688 potest
548 650 637 679 esse
677 651 745 687 per
773 650 815 677 se
850 641 1024 678 existens
1056 640 1132 677 nisi
1162 649 1298 676 unum.
1334 641 1582 686 Relinquitur
1612 640 1734 686 igitur

118 689 237 737 quod,
259 698 350 727 cum
382 690 487 726 Deus
518 688 570 726 sit
599 697 671 726 ens
703 688 943 730 subsistens,
976 687 1075 724 nibil
1097 685 1204 724 aliud
1225 690 1362 732 praeter
1382 687 1513 733 ipsum
1536 691 1596 724 est
1614 695 1731 724 suum

119 746 222 774 esse.
1447 756 1457 765 ο

164 784 308 824 Adhuc,
330 783 579 829 impossibile
611 787 671 820 est
702 782 808 830 quod
840 782 893 819 sit
924 781 1068 827 duplex
1099 780 1381 832 esse-omnino
1401 780 1614 818 infinitum.
1638 783 1733 818 Esse

118 832 222 869 enim
245 830 350 877 quod
370 830 534 867 omnino
552 833 612 867 est
638 829 836 866 infinitum
864 837 1021 865 omnem
1050 827 1331 873 perfectionem
1362 828 1518 865 essendi
1553 838 1731 874 compre·

119 878 256 916 bendit
272 890 280 921 ;
297 877 417 916 etsic.
439 877 471 913 si
494 877 649 913 duobus
671 877 761 913 talis
782 874 1140 918 adessetinssnitas‚
1163 883 1240 911 non
1260 874 1502 912 inveniretur
1516 884 1594 922 quo
1610 883 1733 913 unum

119 925 167 963 ab
202 925 325 962 altero
360 923 546 960 differret.
578 926 672 961 Esse
707 927 837 960 autem
869 922 1094 959 subsistens
1126 925 1387 967 oportctesse
1407 922 1734 968 infinitu1n,quia

118 980 200 1009 non
220 971 454 1009 terminatur
473 971 608 1017 aliquo
631 970 858 1015 recipiente.
878 968 1129 1015 Impossibile
1151 972 1211 1005 est
1225 968 1345 1015 igitur
1359 978 1446 1007 esse
1464 969 1625 1017 aliquod
1643 977 1732 1006 esse

118 1027 188 1066 per
211 1027 254 1056 se
275 1018 502 1056 subsistens
522 1021 663 1063 praeter
682 1017 864 1063 primum.

164 1067 264 1106 Item,
287 1064 321 1101 si
343 1065 395 1102 sit
414 1064 573 1111 aliquod
594 1072 683 1101 esse
704 1073 771 1110 per
792 1073 834 1101 se
856 1060 1096 1108 subsistens,
1120 1063 1218 1100 nihil
1241 1063 1428 1109 competit
1450 1063 1501 1107 ei,
1526 1062 1605 1100 nisi
1626 1062 1733 1109 quod

119 1115 179 1150 est
199 1111 303 1148 entis
321 1111 361 1148 in
381 1115 569 1158 quantum
592 1114 650 1148 est
671 1120 755 1148 ens.
777 1110 889 1155 Quod
911 1110 1016 1147 enim
1036 1110 1180 1147 dicitur
1203 1110 1249 1147 de
1270 1110 1419 1156 aliquo,
1443 1118 1524 1146 non
1546 1110 1586 1146 in
1607 1118 1730 1155 quan-

116 1162 201 1196 tum
216 1157 459 1205 hujusmodi,
475 1166 555 1194 non
571 1157 754 1195 convenit
774 1158 809 1194 ei
828 1157 905 1194 nisi
924 1166 993 1203 per
1012 1157 1211 1202 accidens,
1233 1157 1386 1195 ratione
1404 1156 1585 1203 subjecti.
1608 1156 1731 1196 Unde,

118 1207 152 1244 si
175 1206 386 1252 separatim
405 1214 428 1242 a
447 1204 625 1251 subjecto
647 1208 830 1251 ponatur,
852 1205 963 1242 nullo
984 1205 1102 1241 modo
1130 1205 1165 1241 ei
1187 1204 1386 1250 competit.
1409 1206 1504 1240 Esse
1523 1206 1653 1240 autem
1685 1203 1733 1240 ab

117 1253 198 1291 alio
220 1256 427 1290 causatum
451 1261 531 1289 non
551 1253 738 1298 competit
761 1252 854 1296 enti,
883 1252 922 1288 in
954 1255 1144 1298 quantum
1179 1256 1238 1288 est
1270 1260 1364 1294 ens;
1398 1251 1498 1288 alias
1517 1259 1634 1288 omne
1662 1259 1733 1287 ens

119 1304 226 1338 esset
251 1299 298 1336 ab
318 1299 397 1336 alio
418 1303 640 1343 causatum,
657 1300 768 1336 etsie
786 1303 983 1344 oporteret
1006 1299 1216 1344 procedere
1237 1298 1279 1335 in
1294 1298 1494 1335 infinitum
1516 1298 1556 1334 in
1575 1298 1708 1334 causis
1724 1310 1737 1341 ;,

119 1346 225 1394 quod
246 1350 306 1383 est
325 1346 587 1392 impossibile,
607 1350 649 1383 ut
669 1355 789 1392 supra
809 1347 848 1392 (1.
867 1355 894 1387 1,
918 1356 951 1382 c.
975 1345 1032 1393 13)
1050 1349 1256 1383 ostensum
1278 1350 1350 1383 est.
1372 1345 1481 1382 Istud
1502 1345 1623 1391 igitur
1644 1353 1737 1381 esse

119 1393 225 1442 quod
245 1396 305 1431 est
325 1402 397 1430 ens
417 1393 656 1438 subsistens,
684 1397 838 1438 oportet
865 1392 971 1441 quod
1002 1393 1054 1430 sit
1080 1402 1160 1429 non
1191 1397 1411 1430 causatum.
1432 1392 1590 1429 Nullum
1612 1391 1734 1438 igitur

120 1449 192 1479 ens
215 1444 421 1478 causatum
447 1444 507 1477 est
527 1449 644 1478 suum
664 1450 766 1478 esse.

168 1488 351 1533 Amplius,
386 1486 609 1524 substantia
642 1486 959 1533 uniuscujusque
981 1490 1041 1524 est
1073 1496 1143 1523 ens
1173 1496 1242 1532 per
1273 1496 1316 1523 se
1349 1490 1387 1523 et
1410 1495 1491 1522 non
1511 1495 1580 1531 per
1599 1485 1733 1530 aliud;

121 1535 226 1572 unde
261 1542 350 1571 esse
379 1534 555 1571 lucidum
590 1537 679 1571 actu
711 1543 790 1571 non
822 1537 883 1570 est
908 1534 955 1570 de
982 1533 1205 1571 substantia
1232 1533 1358 1577 aeris,
1387 1533 1480 1580 quia
1508 1536 1568 1570 est
1600 1532 1635 1577 ei
1667 1541 1736 1579 per

122 1581 254 1626 aliud;
277 1580 347 1618 sed
375 1581 588 1628 cujuslibet
615 1581 672 1618 rei
702 1584 842 1618 creatae
875 1590 993 1618 suum
1026 1590 1116 1618 esse-
1149 1584 1209 1618 est
1240 1580 1276 1617 ei
1297 1590 1366 1626 per
1385 1579 1508 1624 aliud,
1532 1579 1632 1617 alias
1653 1588 1735 1617 non

121 1633 228 1666 esset
244 1632 433 1665 creatum.
454 1628 609 1665 Nullius
629 1628 750 1675 igitur
770 1628 1002 1665 substantiae
1025 1631 1164 1665 creatae
1185 1636 1303 1664 suum
1333 1636 1422 1664 esse
1449 1630 1510 1665 est
1536 1636 1609 1664 sua
1643 1626 1736 1664 sub·

120 1675 282 1714 stantia.
731 1709 742 1718 .

168 1723 268 1765 Item,
304 1731 395 1760 cum
426 1730 543 1758 omne
561 1731 685 1768 agens
709 1725 798 1768 agat
813 1721 853 1759 in
872 1726 1062 1769 quantum
1085 1728 1145 1759 est
1161 1726 1265 1766 actu,
1295 1721 1423 1768 primo
1452 1721 1598 1768 agenti,
1630 1721 1736 1768 quod

121 1773 183 1807 est
209 1769 557 1815 perfectissimum,
589 1769 776 1814 competit
806 1778 894 1806 esse
930 1769 970 1805 in
1004 1773 1091 1806 actu
1124 1769 1414 1814 perfectissimo
1446 1769 1580 1806 modo.
1613 1769 1735 1806 Tanto

120 1819 253 1853 autem
278 1815 438 1868 aliquod
459 1816 670 1861 perfectius
692 1816 732 1851 in
765 1820 852 1852 actu
880 1820 1027 1862 quanto
1048 1815 1139 1853 talis
1160 1819 1272 1853 actus
1294 1819 1353 1852 est
1372 1815 1412 1852 in
1433 1816 1496 1852 via
1513 1816 1735 1862 generatio-

122 1863 185 1900 nis
203 1867 424 1909 poster10r;
444 1866 556 1899 actus
570 1863 675 1898 enim
691 1866 750 1899 est
764 1866 938 1908 tempore
953 1863 1128 1908 potentia
1146 1863 1342 1912 posterior
1356 1862 1397 1899 in
1420 1872 1499 1899 uno
1522 1866 1557 1899 et
1579 1862 1731 1903 eodem,

121 1910 227 1957 quod
248 1909 295 1947 de
314 1910 492 1957 potentia
509 1909 556 1946 ad
577 1913 707 1946 actum
729 1910 931 1955 procedit;
954 1910 1167 1956 perfectius
1187 1916 1345 1957 quoque
1367 1913 1427 1947 est
1447 1910 1487 1945 in
1519 1913 1606 1946 actu
1630 1909 1738 1956 quod

120 1960 182 1994 est
210 1957 296 2004 ipse
328 1960 454 2000 actus,
488 1965 605 2003 quam
633 1957 738 2003 quod
770 1961 830 1994 est
862 1957 1012 1994 habens
1049 1960 1193 1994 actum.
1230 1959 1311 1994 Hoc
1331 1957 1437 1993 enim
1457 1960 1617 2003 propter
1637 1956 1736 1993 illud

122 2007 235 2041 actus
255 2007 328 2041 est.
351 2004 419 2041 His
439 2003 560 2050 igitur
580 2003 638 2040 sic
659 2004 814 2049 positis,
833 2007 990 2041 constat
1009 2013 1056 2040 ex
1076 2013 1195 2049 supra
1217 2003 1257 2051 (l.
1278 2013 1306 2048 1,
1327 2013 1361 2041 c.
1386 2007 1428 2041 13
1449 2007 1486 2040 et
1508 2007 1564 2048 15,
1590 2007 1626 2040 et
1646 2003 1672 2040 1.
1692 2011 1735 2044 11,

122 2059 157 2102 ⁰:
176 2050 237 2097 21)
258 2051 433 2088 ostensis
452 2050 557 2098 quod
579 2052 683 2087 Deus
699 2051 813 2088 solus
831 2055 892 2088 est
906 2051 1077 2098 primum
1099 2060 1236 2097 agens.
1256 2051 1337 2088 Sibi
1359 2059 1453 2097 ergo
1473 2050 1550 2088 soli
1582 2059 1740 2096 compe-

121 2099 169 2134 tlt
199 2105 289 2134 esse
311 2097 352 2134 in
372 2101 461 2135 actu
481 2097 771 2143 perfectissimo
792 2098 924 2143 modo,
947 2101 989 2135 ut
1010 2098 1160 2135 scilicet
1181 2098 1234 2135 sit
1253 2098 1338 2144 ipse
1358 2102 1471 2135 actus
1490 2098 1736 2144 perfectissi-

123 2151 230 2196 mus,
249 2145 480 2196 Hoc-autem
501 2147 561 2182 est
578 2153 667 2182 esse
687 2145 735 2182 ad
755 2144 861 2192 quod
879 2145 1082 2192 generatio
1100 2157 1109 2190 ;
1131 2148 1169 2181 et
1187 2146 1319 2183 omnis
1340 2148 1472 2182 motus
1498 2144 1736 2182 terminatur

123 2198 256 2242 omnis
283 2199 387 2229 enim
417 2191 543 2229 forma
563 2195 602 2228 et
617 2195 730 2230 actus
749 2195 810 2229 est
829 2192 868 2228 in
894 2192 1069 2238 potentia,
1091 2196 1301 2239 antequam
1319 2200 1410 2229 esse
1438 2191 1628 2238 acquirat.
1653 2191 1735 2229 Soli

121 2239 245 2289 igitur
276 2238 357 2275 Deo
386 2238 573 2285 competit
602 2239 709 2285 quod
742 2239 796 2277 sit
822 2239 954 2285 ipsum
987 2248 1089 2284 esse,
1120 2239 1226 2276 sicut
1253 2239 1330 2277 soli
1350 2239 1538 2285 competit
1554 2238 1661 2286 quod
1683 2238 1737 2275 sit

122 2291 295 2330 primum
315 2293 451 2331 agens.

170 2331 352 2377 Amplius,
370 2331 501 2377 ipsum
523 2340 612 2369 esse
633 2333 820 2378 competit
834 2333 962 2379 primo
984 2333 1117 2379 agenti
1138 2332 1372 2371 secumdum
1391 2332 1590 2378 propriam
1622 2335 1737 2369 natu-

124 2385 231 2421 ram;
250 2385 340 2415 esse
373 2378 479 2415 enim
507 2378 576 2415 Dei
612 2383 672 2416 est
701 2380 787 2425 ejus
819 2380 1055 2423 substantia,
1075 2384 1117 2416 ut
1137 2389 1257 2424 supra
1280 2378 1320 2425 (l.
1342 2388 1370 2423 1,
1388 2389 1424 2416 c.
1444 2378 1504 2425 22)
1526 2382 1734 2416 ostensum

122 2428 197 2461 est.
220 2424 330 2476 Quod
348 2429 479 2462 autem
499 2426 687 2472 competit
703 2426 820 2464 alicui
839 2427 1060 2463 secundum
1080 2427 1280 2472 propriam
1298 2434 1413 2462 suam
1433 2429 1630 2470 naturam,
1651 2433 1735 2462 non

122 2474 310 2508 convenlt
327 2470 418 2508 aliis
435 2471 513 2509 nisi
532 2480 601 2517 per
619 2472 781 2510 modum
801 2473 1130 2519 participationis,
1152 2473 1257 2510 sicut
1275 2472 1385 2509 calor
1399 2471 1488 2509 aliis
1501 2471 1735 2518 corporibus

124 2517 174 2555 ab
205 2517 311 2570 igne.
340 2519 476 2564 Ipsum
506 2517 629 2564 igitur
657 2527 745 2557 esse
775 2520 962 2566 competit
994 2519 1181 2556 omnibus
1202 2518 1292 2555 aliis
1313 2527 1337 2556 a
1355 2519 1483 2564 primo
1503 2522 1645 2565 agente
1667 2526 1734 2565 per

121 2564 467 2611 participationem
502 2564 728 2612 quamdam.
751 2566 864 2610 Quod
901 2570 1032 2603 autem
1070 2566 1258 2611 competit
1277 2565 1396 2602 alicui
1431 2575 1500 2611 per
1533 2566 1739 2612 participa-

122 2611 289 2664 tionem,
321 2620 403 2657 non
436 2614 496 2649 est
531 2612 754 2650 substantia
779 2613 878 2658 ejus.
901 2612 1151 2659 Impossibile
1169 2612 1365 2659 estigitur
1384 2612 1489 2660 quod
1508 2613 1735 2650 substantia

116 2657 295 2705 alicujus
315 2659 433 2703 entis,
453 2661 596 2705 praeter
613 2668 738 2706 agens
758 2660 944 2706 primum,
966 2660 1019 2696 sit
1035 2660 1166 2706 ipsum
1182 2668 1285 2697 esse.

171 2705 363 2758 Hinoest
389 2706 495 2753 quod
527 2705 662 2750 Exodi,
695 2714 754 2751 111,
785 2709 843 2752 15,
862 2706 1065 2753 proprium
1086 2715 1232 2744 nomen
1249 2706 1318 2744 Dei
1338 2706 1499 2753 ponitur
1523 2716 1614 2744 esse
1634 2718 1643 2743 z
1667 2707 1738 2750 Qui

122 2755 188 2793 est,
223 2761 318 2800 quia
347 2752 433 2800 ejus
465 2753 592 2791 solius
623 2753 825 2799 proprium
860 2758 921 2792 est
949 2753 1056 2801 quod
1083 2762 1160 2793 sua
1185 2753 1410 2793 substantia
1440 2762 1522 2793 non
1549 2754 1600 2792 sit
1630 2752 1737 2792 aliud

116 2805 242 2845 quam
259 2807 379 2838 suum
401 2808 505 2839 esse.
528 2801 558 2847 (Ι
576 2800 690 2846 Sem„
713 2800 805 2839 dist.
825 2808 884 2846 111,
906 2810 944 2848 q.
965 2799 1014 2848 1.)
