1894 3223
45 96 92 130 52
635 91 722 128 LIB.
750 91 779 133 t,
807 90 907 126 CAP.
934 90 1068 125 XLVII.

688 273 855 313 CAPUT
888 273 1023 313 XLVI.

121 395 221 429 QL'OD
244 395 343 423 DEL'S
369 394 441 422 PER
465 392 574 422 NIHIL
598 392 714 422 Amtm
740 393 970 429 1NTELL1G1T,
998 393 1106 426 QUAM
1130 393 1203 420 PER
1230 392 1332 420 SUAM
1359 391 1589 421 ESSENTIAM.

97 507 149 540 Ex
168 504 230 540 liis
251 508 378 539 autem
400 511 486 549 quae
504 510 624 547 supra
644 504 806 538 ostensa
829 505 935 544 sunt,
955 501 1155 537 evidenter
1175 504 1336 547 apparet
1355 500 1460 548 quod
1491 501 1665 539 intellec-

49 555 117 588 tus
135 551 292 587 divinus
315 550 420 586 nulla
455 549 532 585 alia
557 548 688 594 specie
719 548 959 594 intelligibili
995 548 1191 594 intelligat
1219 557 1336 594 quam
1369 557 1442 585 sua
1474 549 1661 586 essentia.

50 598 209 643 Species
230 598 332 633 enim
357 595 622 642 intelligibilis
641 595 877 641 principium
899 594 1064 631 formale
1085 599 1145 631 est
1165 595 1447 632 intellectualis
1466 596 1664 641 operatio-

52 646 131 685 nis,
155 649 191 680 et
213 644 270 681 sie
293 646 418 681 torma
438 642 650 689 quuslibet
672 642 826 689 agentis
845 641 1081 687 principium
1115 645 1175 678 est
1206 642 1374 688 propriae
1401 643 1660 688 operationis.

51 692 193 727 Divina,
214 696 342 727 autem
367 691 543 736 operatio
574 689 852 725 intellectualis
885 692 945 724 est
968 688 1055 734 ejus
1086 688 1274 732 essentia,
1302 692 1345 725 ut
1377 693 1583 726 ostensum
1605 692 1665 727 est

49 737 150 784 (cap.
169 739 246 784 45).
269 740 381 775 Esset
402 738 521 783 igitur
543 736 690 782 aliquid
713 736 819 773 aliud
842 736 983 772 divinae
1005 737 1189 771 essentiae
1208 735 1448 781 principium
1469 740 1507 772 et
1528 745 1662 781 causa,

50 784 85 821 si
107 786 183 821 alia
204 785 443 832 intelligibili
465 783 595 834 specie
611 793 726 830 quam
753 792 827 820 sua
843 783 1018 819 essentia
1037 782 1262 819 intellectus
1283 782 1442 820 divinus
1467 782 1662 829 intellige-

50 834 133 876 1·et;
154 833 258 878 quod
281 842 399 878 supra
420 836 594 868 ostenSis
610 834 813 876 repugnat.

103 880 247 923 Adhuc,
269 890 337 925 per
358 880 527 925 speciem
551 877 841 924 intelligibilem
865 875 906 912 fit
925 876 1150 913 intellectus
1172 875 1402 922 intelligens
1436 880 1539 921 actu,
1561 877 1665 914 sicut

50 939 120 976 per
140 927 312 972 speciem
330 927 559 963 sensibilem
571 935 715 962 sensus
729 928 787 961 est
800 928 887 960 actu
901 924 1091 960 sentiens.
1106 924 1362 968 comparatur
1376 922 1497 969 igitur
1509 924 1663 969 species

51 974 315 1020 intelligibilis
334 974 381 1010 ad
401 974 644 1010 intellectum
664 973 767 1009 sicut
804 976 915 1008 actus
945 971 990 1006 ad
1023 971 1252 1016 potentiam.
1276 970 1315 1006 Si
1346 970 1466 1017 igitur
1486 971 1662 1007 intellec-

50 1028 116 1061 tus
138 1021 295 1058 divinus
317 1021 449 1067 aliqua
470 1021 545 1058 alia
567 1020 698 1066 specie
719 1018 959 1064 intelligibili
983 1018 1219 1063 intelligeret
1249 1026 1363 1062 quam
1387 1017 1535 1063 seipso,
1558 1021 1666 1054 esset

51 1071 93 1107 in
113 1068 289 1116 potentia
308 1071 488 1113 respectu
509 1067 689 1114 aliqu'us,
712 1065 816 1112 quod
839 1074 926 1101 esse
948 1073 1028 1101 non
1048 1068 1190 1110 potest,
1230 1068 1273 1100 ut
1304 1072 1424 1109 supra
1455 1068 1662 1101 ostensum

50 1121 112 1156 est
140 1126 184 1153 ca
216 1144 223 1151 .
249 1117 291 1151 16
313 1120 349 1151 et
371 1119 441 1151 117.

97 1117 280 1209 Λετῳῖἷίιιε,
304 1115 456 1208 species
477 1161 753 1207 intelligibilis,
777 1159 817 1195 in
840 1158 1040 1195 intellectu
1062 1161 1201 1204 praeter
1218 1158 1432 1194 essentiam
1452 1157 1538 1204 eJus
1560 1159 1661 1196 exis·

52 1216 154 1255 tens,
177 1219 264 1247 esse
287 1209 526 1245 accidentale
548 1209 677 1252 habet,
701 1207 851 1244 ratione
873 1206 985 1251 cujus
1007 1205 1173 1242 scientia
1195 1208 1330 1240 nostra
1351 1205 1453 1240 inter
1481 1205 1661 1241 acciden-

50 1259 106 1295 tia
128 1260 389 1302 computatur.
409 1258 451 1292 In
473 1258 552 1292 Deo
573 1259 702 1292 autem
723 1263 803 1290 non
824 1257 954 1298 potest
975 1260 1062 1289 esse
1082 1251 1243 1297 aliquod
1263 1251 1461 1294 accidens,
1481 1255 1521 1287 ut
1543 1261 1664 1297 supra

51 1310 259 1342 ostensum
281 1308 339 1340 est
361 1304 458 1349 (cap.
479 1303 553 1349 23).
576 1303 698 1348 Igitur
719 1310 798 1337 non
829 1304 889 1336 est
920 1300 960 1335 in
992 1298 1195 1335 intellectu
1228 1298 1313 1344 eJ‘us
1347 1298 1480 1344 aliqua
1508 1300 1662 1344 species

50 1356 191 1398 praeter
210 1352 336 1397 ipsam
358 1351 526 1386 divinam
545 1349 772 1386 essentiam.

98 1399 242 1438 Adhuc,
268 1398 421 1443 species
442 1396 705 1442 intelligibilis
727 1393 947 1431 similitudo
967 1396 1026 1430 est
1047 1393 1217 1439 alicujus
1253 1391 1455 1429 intellecti.
1479 1392 1517 1428 Si
1543 1393 1663 1439 igitur

51 1446 94 1482 in
109 1446 309 1482 intellectu
326 1445 459 1480 divino
474 1445 524 1480 sit
540 1444 671 1489 aliqua
683 1441 961 1478 intellectualis
974 1440 1127 1486 species
1138 1440 1502 1485 praeteressentiam
1517 1439 1661 1486 ipsius,

51 1492 273 1530 similitudo
294 1491 462 1536 alicujus
484 1490 671 1526 intellecti
694 1489 766 1525 erit
797 1501 805 1524 :
836 1492 900 1525 aut
935 1488 1056 1533 igitur
1083 1487 1225 1524 divinae
1252 1487 1448 1529 essentiae‚
1479 1491 1546 1523 aut
1572 1487 1665 1523 alte-

51 1541 136 1577 rius
156 1540 225 1576 rei.
249 1539 377 1584 Ipsius
405 1538 562 1584 quidem
586 1537 727 1573 divinae
748 1536 932 1572 essentiae
951 1544 1030 1571 non
1056 1538 1186 1580 potest
1205 1543 1308 1577 esse,
1331 1534 1423 1578 quia
1444 1533 1502 1570 sic
1530 1533 1664 1570 divina

51 1587 224 1624 essentia
248 1595 327 1622 non
345 1589 450 1622 esset
472 1584 736 1631 intelligibilis
751 1593 820 1629 per
837 1583 1023 1628 seipsam,
1047 1581 1116 1618 sed
1137 1581 1205 1618 illa
1226 1581 1379 1627 speeies
1401 1581 1545 1617 faceret
1576 1589 1663 1618 eam

51 1633 359 1679 intelligibilem.
382 1635 458 1669 Nec
479 1632 598 1668 etiam
616 1634 743 1676 potest
761 1639 849 1667 esse
869 1630 909 1665 in
931 1629 1131 1665 intellectu
1153 1629 1239 1675 eJ'us
1260 1628 1414 1673 species
1429 1628 1505 1664 alia
1524 1632 1664 1673 praeter

50 1681 265 1718 essentiam
294 1680 435 1725 ipsius,
455 1689 540 1725 quae
579 1679 630 1715 sit
651 1677 813 1714 alterius
841 1678 896 1713 rei
925 1676 1164 1721 similitudo;
1191 1676 1261 1712 illa
1298 1675 1402 1711 enirn
1441 1675 1662 1712 similitudo

51 1728 343 1774 imprimeretur
362 1727 397 1762 ei
416 1726 463 1763 ab
477 1726 622 1772 aliquo,
636 1734 715 1761 non
739 1728 868 1761 autem
881 1734 903 1760 a
918 1724 1065 1768 seipso,
1079 1723 1172 1769 quia
1191 1723 1250 1759 sic
1268 1721 1370 1758 idem
1402 1725 1508 1759 esset
1538 1730 1663 1768 agens

50 1779 89 1812 et
107 1774 275 1820 patiens.
297 1775 409 1810 Esset
428 1773 587 1819 quidem
613 1772 762 1818 aliquid
782 1780 905 1818 agens
925 1770 1031 1817 quod
1052 1779 1131 1806 non
1152 1779 1279 1813 suam,
1307 1769 1375 1806 sed
1413 1768 1577 1806 alterius
1609 1769 1663 1806 si-

50 1821 314 1858 militudinem
337 1820 540 1856 induceret
560 1819 600 1855 in
622 1819 808 1864 patiente,
831 1822 868 1854 et
887 1818 943 1855 sic
961 1826 1041 1853 non
1062 1825 1180 1853 omne
1195 1825 1319 1862 agens
1337 1815 1556 1852 sibisimile
1571 1825 1664 1861 age-

50 1872 121 1905 ret.
143 1870 220 1904 Nec
241 1867 288 1904 ab
308 1867 411 1911 alio;
434 1870 540 1903 esset
559 1866 663 1902 enim
686 1865 833 1911 aliquid
855 1873 977 1911 agens
998 1864 1107 1909 prius
1125 1873 1184 1900 eo.
1207 1865 1306 1910 Ergo
1330 1862 1578 1908 impossibile
1604 1865 1666 1900 est

50 1915 157 1963 quod
177 1915 218 1951 in
237 1915 324 1960 ipso
345 1914 395 1950 sit
417 1914 548 1960 aliqua
570 1913 724 1958 species
745 1911 1007 1957 intelligibilis
1028 1915 1168 1956 praeter
1183 1910 1312 1956 ipsius
1335 1910 1565 1946 essentiam.

97 1964 288 2006 Praeterea,
310 1961 530 2007 intelligere
551 1960 618 1996 Dei
635 1964 692 1996 est
712 1959 796 2005 eJus
824 1968 926 2003 esse,
950 1963 989 1994 ut
1009 1961 1217 1995 ostensum
1237 1961 1297 1994 est
1325 1956 1423 2003 (cap.
1440 1957 1514 2003 45).
1533 1956 1573 1993 Si
1594 1956 1666 2004 igi-

49 2011 115 2045 tur
134 2009 372 2054 intelligeret
391 2017 459 2053 per
480 2007 651 2054 aliquam
668 2007 853 2052 speciem,
876 2015 962 2052 quae
982 2014 1062 2042 non
1084 2005 1136 2041 sit
1153 2013 1228 2042 sua
1259 2003 1447 2049 essentia,
1466 2006 1574 2041 esset
1590 2011 1663 2049 per

51 2055 212 2103 aliquod
246 2055 352 2092 aliud
385 2064 408 2091 a
428 2063 502 2091 sua
520 2054 706 2098 essentia,
729 2053 832 2100 quod
855 2057 913 2089 est
934 2052 1195 2098 impossibile.
1216 2053 1303 2089 Non
1322 2050 1444 2096 igitur
1478 2049 1667 2094 intelligit

50 2110 120 2148 per
139 2103 312 2149 aliquam
332 2102 519 2148 speciem,
541 2110 628 2147 quae
649 2109 728 2137 non
751 2101 803 2137 sit
820 2109 893 2137 sua
908 2099 1095 2137 essentia.
1127 2103 1156 2150 (Ι
1176 2106 1292 2149 part„
1313 2113 1350 2149 q.
1372 2111 1457 2145 ΧΠ,
1479 2107 1550 2137 art.
1572 2102 1623 2145 2.)

679 2247 847 2288 CAPUT
881 2247 1036 2287 XLVII.

425 2368 526 2403 01:01>
544 2367 641 2397 nEus
660 2367 854 2395 PERFECTE
875 2366 1093 2395 INTELLIGXT
1118 2365 1293 2394 SEIPsmt.

96 2481 151 2517 Ex
170 2480 247 2517 hoc
282 2482 413 2517 autem
452 2477 617 2514 ulterius
646 2479 764 2522 patet,
785 2475 891 2522 quod
921 2475 1005 2520 ipse
1044 2474 1222 2521 seipsum
1253 2473 1424 2520 perfecte
1465 2472 1665 2520 intelligit.

49 2525 146 2564 Cum
170 2527 274 2563 enim
294 2535 364 2572 per
377 2525 549 2572 speeiem
569 2523 861 2569 intelligibilem
883 2522 1107 2558 intellectus
1139 2521 1179 2557 in
1201 2530 1283 2557 rem
1305 2521 1542 2557 intellectam
1566 2520 1668 2557 fera-

49 2576 129 2617 tur,
152 2583 200 2609 ex
221 2573 377 2609 duobus
410 2572 597 2618 perfectio
630 2570 908 2607 intellectualis
947 2569 1190 2615 operationis
1211 2567 1415 2614 dependet.
1442 2568 1567 2603 Unum
1588 2569 1665 2611 est,

50 2623 94 2657 ut
114 2620 269 2665 species
286 2619 552 2665 intelligibilis
568 2618 736 2664 perfecte
758 2618 811 2654 rei
850 2616 1058 2653 intellectae
1090 2615 1370 2653 conformetur.
1386 2613 1499 2650 Aliud
1528 2615 1601 2653 est,
1625 2616 1668 2650 ut

50 2668 222 2712 perfecte
243 2665 462 2702 intellectui
490 2665 755 2711 conJ‘ungatur
775 2676 784 2700 z
801 2663 905 2710 quod
938 2663 1096 2709 quidem
1116 2666 1226 2699 tanto
1249 2661 1292 2697 fit
1311 2661 1495 2706 amplius,
1517 2663 1666 2706 quanto

48 2713 273 2750 intellectus
310 2712 351 2748 in
373 2711 631 2757 intelligendo
652 2711 841 2756 majorem
877 2709 1096 2747 efficaciam
1120 2709 1248 2746 habet.
1271 2710 1358 2753 lpsa
1378 2711 1508 2743 autem
1530 2706 1668 2744 divina

49 2760 239 2802 essentia,
263 2768 349 2806 quae
371 2761 430 2795 est
463 2758 616 2802 species
638 2757 914 2803 intelligibilis,
937 2768 1014 2804 qua
1034 2756 1259 2793 intellectus
1280 2754 1437 2790 divinus
1459 2752 1661 2800 intelligit,

49 2811 110 2843 est
132 2807 207 2852 ipsi
229 2807 308 2843 Deo
344 2805 502 2852 penitus
523 2804 639 2848 idem,
664 2809 800 2850 estque
827 2804 1044 2841 intellectui
1076 2802 1204 2849 ipsius
1222 2801 1327 2838 idem
1349 2800 1527 2838 omnino.
1550 2800 1661 2847 Seip·

48 2861 140 2891 sum
161 2853 284 2900 igitur
299 2854 405 2890 Deus
423 2851 712 2899 perfectissime
734 2851 954 2897 cognoscit.
