1894 3223
702 121 787 157 ΜΒ.
819 121 847 165 i,
876 121 976 156 CAP.
1003 119 1089 155 xci.
1669 121 1713 156 95

93 204 306 252 quietatur,
325 206 459 250 utpote
479 202 520 239 in
540 211 583 240 se
605 210 762 239 omnem
785 200 1063 238 sufficientiam
1083 200 1246 237 liabens.
1266 201 1352 246 lpse
1374 199 1494 247 igitur
1509 209 1577 246 per
1597 209 1710 238 suam

91 251 334 289 voluntatem
353 250 393 286 in
415 259 458 287 se
479 249 649 286 maxime
671 248 816 295 gaudet
833 253 869 283 et
890 248 1117 283 delectatur.

139 299 328 338 Praeterea,
351 296 558 334 delectatio
574 299 634 332 est
655 295 832 342 quaedam
850 294 1091 339 operationis
1107 293 1307 340 perfectio,
1323 296 1364 330 ut
1379 296 1484 339 patet
1503 303 1571 339 per
1585 294 1714 331 Philo-

92 344 263 390 sophum
278 344 319 380 in
335 343 581 380 decimoEth.
593 342 692 388 (cap.
706 342 755 388 4);
769 340 917 387 perficit
932 341 1035 377 enim
1053 341 1448 386 operationem,sicut
1460 341 1711 386 pulchritudo

88 390 334 438 juventutem
353 402 361 434 ;
380 390 448 427 sed
470 391 574 426 Deus
594 389 923 434 perfectissimam
946 389 1215 433 operationem
1238 387 1353 424 habet
1372 389 1410 424 in
1433 387 1707 433 intelligendo,

93 441 135 475 ut
155 447 202 474 ex
219 437 418 483 praedictis
437 440 556 482 patet.
578 436 616 473 Si
639 436 759 482 igitur
779 439 958 472 nostrum
981 435 1200 480 intelligere
1230 438 1388 480 propter
1417 443 1527 471 suam
1542 480 1546 481 ⁷
1562 435 1710 480 persec-

94 484 243 522 tionem
264 487 324 521 est
343 483 587 526 delectabile,
608 482 785 519 divinum
807 482 1029 527 intelligere
1050 482 1120 518 erit
1142 482 1216 518 sihi
1235 481 1642 518 delectabilissimum.

138 532 324 576 Amplius,
347 530 658 577 unumquodque
679 529 911 566 naturaliter
929 529 969 564 in
992 537 1065 565 suo
1090 529 1209 565 simili
1229 529 1385 575 gaudet,
1406 529 1518 575 quasi
1542 529 1580 564 in
1615 537 1710 565 con-

92 577 282 622 venienti,
300 577 378 615 nisi
398 587 468 624 per
488 576 738 619 accidens,in
753 579 942 622 quantum
959 579 1018 612 est
1039 576 1307 621 impeditivuin
1321 576 1485 621 propriae
1503 575 1683 612 utilitatis
1701 587 1709 619 ;

93 624 196 662 sicut
218 624 330 671 figuli
352 624 400 661 ad
420 624 589 661 invicem
612 624 860 660 corrixantur
887 632 956 668 pro
989 632 1036 659 eo
1068 622 1171 669 quod
1206 631 1327 659 unum
1364 622 1526 668 impedit
1559 623 1712 659 lucrum

93 671 271 708 alterius.
293 672 416 708 Omne
436 673 567 708 autem
589 670 735 707 honum
756 675 815 707 est
835 670 976 706 divinae
997 669 1186 706 bonitatis
1215 669 1447 712 similitudo,
1470 674 1512 705 ut
1543 679 1589 705 ex
1615 678 1712 714 prae-

92 718 210 756 dictis
233 718 331 764 (cap.
355 718 413 765 40)
435 721 553 764 patet,
576 726 648 754 nec
667 727 713 754 ex
734 718 866 764 aliquo
887 716 992 753 bono
1015 716 1089 752 sihi
1112 715 1258 762 aliquid
1283 716 1442 767 deperit.
1466 716 1714 762 Relinquitur

92 764 216 848 igihur
235 765 340 817 quod
363 767 467 802 Deus
488 764 535 802 de
550 765 659 802 omni
678 764 784 802 bono
806 763 963 811 gaudet.
986 765 1050 799 Est
1070 763 1190 810 igitur
1207 762 1247 798 in
1269 771 1315 799 eo
1335 763 1490 808 proprie
1525 763 1712 809 gaudium

93 815 133 849 et
180 822 198 847 e
219 815 375 849 ectatio.

143 857 336 895 Differunt
354 862 484 895 autem
506 857 695 905 gaudium
713 861 751 895 et
771 857 978 894 delectatio
996 857 1158 893 ratione.
1181 856 1277 892 Nam
1298 855 1505 893 delectatio
1536 856 1716 902 provenit

96 913 144 942 ex
164 905 269 942 bono
291 906 449 942 realiter
469 905 701 951 conjuncto;
736 905 923 950 gaudium
951 908 1081 940 autem
1104 903 1178 940 hoc
1205 912 1284 940 non
1320 904 1497 950 requirit,
1529 903 1597 940 sed
1628 903 1716 940 sola

96 951 288 999 quietatio
306 952 535 995 voluntatis,
558 954 596 988 et
613 951 798 988 voluntas
822 950 968 987 sufficit
986 950 1033 987 ad
1052 949 1185 996 gaudii
1218 950 1423 986 rationem.
1447 950 1553 986 Unde
1587 950 1714 986 delec-

95 999 192 1036 tatio
213 1002 274 1036 est
293 999 422 1036 solum
443 998 490 1035 de
512 997 724 1043 conjuncto
746 997 866 1041 bono,
887 998 920 1034 si
943 998 1098 1043 proprie
1130 1000 1334 1041 sumatur;
1359 997 1547 1043 gaudium
1582 1001 1712 1033 autem

95 1044 142 1082 de
161 1045 360 1083 exteriori.
380 1046 435 1082 Ex
452 1052 530 1091 quo
551 1047 656 1090 patet
671 1044 781 1095 ,quod
802 1046 905 1082 Deus
925 1044 1082 1090 proprie
1102 1043 1143 1080 in
1165 1052 1208 1081 se
1240 1044 1328 1090 ipso
1361 1044 1588 1081 delectatur.
1612 1045 1711 1082 Gau·

95 1091 161 1130 det
177 1096 309 1129 autem
330 1092 427 1129 etin
447 1099 491 1128 se
510 1095 549 1128 et
565 1091 606 1127 in
627 1090 732 1128 aliis.

752 1236 920 1278 CAPUT
947 1236 1049 1278 XCI.

662 1355 763 1390 QUOD
785 1355 826 1384 IN
846 1355 921 1386 1)Εο
948 1356 1009 1385 SIT
1026 1356 1148 1386 AMOR.

142 1466 331 1504 Similiter
349 1470 480 1505 autem
501 1470 654 1514 oportet
674 1473 712 1506 et
731 1477 905 1506 amorem
924 1468 964 1504 in
985 1469 1063 1504 Deo
1082 1475 1170 1504 esse
1189 1465 1405 1503 secundum
1429 1468 1557 1503 actum
1577 1466 1714 1504 volun-

94 1513 188 1550 tatis
209 1513 308 1558 ejus.
333 1515 414 1551 Hoc
435 1518 496 1552 est
514 1515 619 1552 enim
641 1515 688 1552 de
721 1517 876 1553 ratione
910 1516 1076 1558 amoris,
1109 1513 1213 1560 quod
1247 1522 1385 1550 amans
1410 1513 1559 1550 bonum
1593 1515 1712 1550 amati

94 1559 203 1597 velit.
225 1562 330 1598 Deus
350 1564 480 1598 autem
494 1561 577 1598 vult
594 1561 741 1599 bonum
763 1572 879 1600 suum
898 1566 933 1598 et
954 1561 1189 1605 aliorum,ut
1209 1570 1255 1597 ex
1273 1560 1388 1597 dictis
1402 1560 1501 1606 (cap.
1522 1560 1713 1607 75)patet.

95 1606 321 1644 Secundum
344 1607 419 1645 hoc
439 1608 560 1653 igitur
580 1610 683 1645 Deus
705 1614 742 1646 et
763 1619 804 1646 se
826 1613 863 1645 et
880 1609 957 1645 alia
971 1611 1087 1644 amat.

121 1654 288 1705 -Adhucg
312 1654 360 1691 ad
380 1656 582 1691 veritatem
604 1656 752 1693 amoris
773 1656 987 1702 requiritur
1007 1654 1110 1701 quod
1131 1654 1280 1691 honum
1303 1653 1486 1700 alicujus,
1508 1657 1625 1700 prout
1655 1656 1716 1692 est

95 1701 312 1752 eJus‚velit.
334 1701 452 1748 Cujus
474 1702 579 1738 enim
599 1701 747 1739 bonum
771 1704 915 1749 aliquis
935 1702 1018 1738 vult
1038 1702 1167 1738 solum
1189 1705 1305 1747 prout
1325 1701 1366 1736 in
1387 1701 1547 1737 alterius
1566 1702 1715 1738 honum

94 1747 210 1792 cedit,
232 1757 301 1793 per
320 1748 505 1785 accidens
527 1752 693 1793 amatur,
716 1750 817 1787 sicut
839 1750 905 1795 qni
924 1749 1007 1785 vult
1024 1749 1160 1784 vinnm
1194 1748 1434 1791 conservari,
1457 1751 1498 1784 ut
1530 1748 1627 1785 illud
1655 1749 1715 1785 hi-

92 1793 173 1838 bat,
195 1797 262 1831 aut
281 1794 482 1832 hominem
505 1799 546 1832 ut
573 1795 649 1832 sibi
679 1796 731 1833 sit
764 1797 874 1833 utilis
911 1800 977 1832 aut
1009 1795 1267 1839 delectabilis,
1291 1804 1360 1841 per
1392 1795 1576 1832 accidens
1611 1798 1717 1832 amat

93 1841 229 1878 vinum
250 1845 318 1878 aut
339 1842 539 1879 hominem
556 1854 564 1887 ;
583 1852 653 1888 per
672 1852 714 1880 se
737 1849 867 1880 autem
890 1843 1080 1888 seipsum.
1100 1842 1172 1879 Sed
1190 1844 1293 1878 Deus
1314 1841 1396 1878 vult
1415 1841 1563 1878 honum
1580 1843 1716 1879 unius-

94 1887 288 1934 oujusque
309 1889 529 1926 secundum
549 1889 653 1936 quod
675 1893 733 1927 est
754 1890 839 1937 ejus
858 1902 866 1934 ;
885 1890 966 1926 vult
986 1890 1091 1926 enim
1113 1889 1423 1936 unumquodque
1451 1897 1539 1926 esse
1573 1897 1715 1926 secun-

93 1934 186 1972 dum
207 1935 313 1981 quod
334 1935 375 1972 in
396 1945 439 1973 se
459 1936 605 1973 bonum
626 1940 700 1982 est,
721 1937 812 1974 lieet
844 1937 959 1973 etiam
980 1945 1101 1973 unum
1125 1936 1280 1973 ordinet
1299 1936 1342 1972 in
1374 1936 1583 1973 utilitatem
1619 1936 1714 1972 alte·

92 1981 192 2019 rius.
214 1983 318 2019 Deus
337 1982 461 2030 igitur
479 1992 568 2020 vere
586 1987 692 2020 amat
712 1987 750 2020 et
769 1993 812 2022 se
831 1988 868 2020 et
890 1984 982 2020 alia.

138 2029 321 2074 Amplius,
344 2039 432 2066 cum
454 2030 766 2078 unumquodque
786 2031 1018 2068 naturaliter
1034 2029 1128 2066 velit
1148 2034 1183 2067 et
1205 2032 1359 2076 appetat
1379 2038 1452 2067 suo
1474 2029 1593 2067 modo
1622 2037 1713 2075 pro·

91 2075 222 2121 prium
243 2075 407 2121 honum,
429 2076 463 2114 si
485 2077 560 2114 hoo
578 2077 696 2114 habet
715 2079 864 2115 amoris
888 2078 1001 2117 ratio,
1025 2077 1129 2124 quod
1169 2086 1307 2114 ainans
1342 2077 1435 2113 velit
1461 2081 1527 2113 aut
1557 2079 1713 2123 appetat

92 2122 241 2159 bonum
262 2123 395 2168 amati,
414 2132 666 2171 consequens
687 2125 875 2172 estquod
910 2134 1049 2161 amans
1078 2124 1125 2161 ad
1155 2128 1327 2161 amatum
1361 2132 1404 2161 se
1439 2124 1582 2160 habeat
1610 2127 1715 2160 sicut

93 2168 142 2206 ad
161 2168 202 2205 id
222 2170 328 2216 quod
349 2173 410 2208 est
430 2180 519 2207 cum
541 2180 588 2208 eo
606 2171 740 2218 aliquo
761 2173 880 2209 modo
901 2181 1037 2208 unum.
1061 2173 1113 2207 Ex
1134 2181 1212 2218 quo
1243 2171 1397 2207 videtur
1424 2171 1583 2216 propria
1615 2171 1715 2207 ratio

93 2216 242 2253 amoris
263 2217 482 2254 consistere
501 2218 543 2254 in
561 2218 650 2262 hoe,
675 2219 781 2266 quod
802 2217 968 2256 affectus
995 2218 1115 2255 unius
1136 2218 1269 2255 tendat
1289 2218 1329 2254 in
1351 2218 1530 2261 alterum,
1554 2217 1712 2255 sicutin

92 2270 217 2315 unum
246 2273 336 2300 cum
354 2264 456 2310 ipso,
478 2265 612 2312 aliquo
632 2266 764 2303 modo.
787 2268 949 2312 Propter
963 2265 1067 2312 quod
1086 2265 1229 2302 dicitur
1248 2275 1271 2301 a
1290 2265 1480 2312 Dionysio
1503 2265 1570 2309 (De
1591 2265 1712 2300 divin.

93 2316 261 2355 nomin„
283 2320 318 2348 c.
339 2311 375 2358 4)
399 2311 505 2358 quod
524 2322 626 2348 amor
643 2316 694 2349 est
711 2314 857 2349 unitiva
874 2315 1005 2349 virtus.
1029 2313 1182 2356 Quanto
1203 2312 1324 2358 igitur
1352 2312 1405 2357 id,
1439 2312 1542 2348 unde
1576 2319 1714 2348 amans

93 2359 155 2393 est
174 2365 297 2394 unum
318 2366 407 2394 cum
426 2362 571 2403 amato,
593 2363 654 2396 est
670 2360 816 2405 majus,
835 2363 944 2397 tanto
967 2362 1026 2396 est
1052 2368 1164 2396 amor
1194 2358 1390 2395 intensior
1413 2371 1421 2394 :
1444 2358 1572 2403 magis
1606 2358 1712 2394 enim

94 2410 274 2454 amamus
294 2413 395 2450 quos
410 2404 526 2442 nobis
550 2406 636 2442 unit
655 2406 925 2453 generationis
946 2406 1072 2453 origo,
1095 2409 1162 2442 aut
1178 2404 1493 2442 conversationis
1512 2413 1624 2447 usus,
1646 2407 1715 2440 aut

93 2448 242 2501 aliquid
277 2449 520 2496 hujusmodi,
541 2461 659 2498 quam
680 2463 744 2490 res
765 2463 864 2500 quas
884 2453 1013 2490 solum
1034 2452 1150 2489 nobis
1171 2452 1257 2488 unit
1282 2452 1462 2488 humanae
1483 2454 1632 2487 naturae
1648 2459 1714 2487 so·

92 2499 229 2533 cletas.
253 2497 296 2532 Et
316 2506 455 2534 rursus
471 2502 619 2543 quanto
639 2499 678 2535 id
699 2509 747 2536 ex
773 2509 852 2546 quo
890 2505 950 2536 est
971 2499 1080 2543 unio,
1102 2502 1162 2535 est
1192 2498 1321 2544 magis
1336 2498 1518 2535 intimum
1551 2497 1712 2541 amanti,

92 2544 204 2579 tanto
224 2551 336 2579 amor
353 2544 395 2579 tit
413 2543 579 2588 firmior,
600 2545 705 2582 unde
724 2547 920 2582 interdum
944 2555 1056 2582 amor
1089 2545 1154 2591 qui
1188 2548 1248 2582 est
1273 2554 1320 2581 ex
1351 2545 1485 2591 aliqua
1509 2545 1711 2590 passione,

93 2588 138 2626 fit
157 2589 353 2642 intensior
385 2599 518 2627 amore
534 2591 606 2637 qui
628 2595 689 2629 est
723 2602 771 2629 ex
790 2593 958 2629 naturali
981 2591 1220 2638 origine,vel
1241 2601 1288 2628 ex
1315 2592 1449 2638 aliquo
1469 2592 1618 2634 habitu,
1642 2591 1712 2628 sed

93 2635 253 2673 facilius
273 2637 429 2674 transit.
448 2637 490 2674 Id
522 2641 652 2674 autem
685 2639 788 2675 unde
813 2640 947 2675 omnia
969 2640 1047 2674 Deo
1059 2638 1261 2683 uniuntur,
1283 2639 1436 2675 scilicet
1455 2638 1540 2685 ejus
1554 2638 1714 2675 bonitas

94 2691 213 2729 quam
230 2684 366 2720 omnia
390 2684 608 2729 imitantur,
630 2687 690 2722 est
715 2686 928 2722 maximum
958 2689 994 2721 et
1010 2685 1193 2721 intimum
1215 2687 1308 2730 Deo,
1329 2695 1419 2722 cum
1440 2685 1525 2731 ipse
1557 2685 1609 2722 sit
1641 2694 1714 2721 sua

88 2727 265 2768 bonitas.
285 2732 351 2767 Est
363 2730 539 2777 igiturin
558 2733 638 2769 Deo
660 2740 772 2768 amor
800 2740 881 2769 non
912 2732 1042 2769 solum
1069 2741 1200 2777 verus,
1222 2732 1292 2770 sed
1319 2733 1437 2770 etiam
1469 2731 1711 2780 perfectissi-

93 2781 185 2813 mus
205 2780 242 2813 et
259 2776 531 2815 firmissimus.

120 2823 239 2874 ficem,
260 2833 373 2861 amor
391 2834 439 2862 ex
456 2827 566 2871 parte
586 2823 728 2871 objecti
749 2833 827 2862 non
849 2824 1035 2871 importat
1059 2825 1209 2873 aliquid
1237 2835 1466 2875 repugnans
1496 2829 1592 2873 Deo,
1620 2836 1710 2865 cum

94 2871 149 2908 sit
165 2869 260 2908 boni
277 2881 287 2916 ;
307 2879 382 2911 nec
399 2881 448 2909 ex
465 2871 586 2910 modo
606 2880 650 2910 se
670 2870 841 2910 habendi
873 2872 920 2910 ad
955 2872 1167 2919 objectum,
1190 2882 1281 2912 nam
1318 2883 1430 2913 amor
1455 2880 1515 2913 est
1544 2876 1712 2921 alicujus
