1894 3223
701 124 786 160 ΗΒ.
817 125 879 167 ΙΙῘ,
907 124 1009 161 CAP.
1039 123 1156 160 CLIV.
1675 126 1741 160 477

160 209 375 243 Attestatur
408 208 537 243 autem
559 204 830 250 praedicationi
862 205 949 240 fidei
989 205 1195 251 prophetia
1235 214 1301 251 per
1337 204 1460 242 alium
1489 203 1667 248 modum,
1698 204 1740 240 in

114 257 305 300 quantum
329 251 481 289 seilicet
499 251 632 297 aliqua
651 250 725 287 tide
748 252 914 288 tenenda
936 253 1199 297 praedicantur
1219 261 1307 299 quae
1326 252 1596 298 temporaliter
1616 260 1740 297 agun-

113 304 191 343 tur,
225 300 328 336 sicut
363 298 546 335 nativitas
580 298 738 341 Christi,
772 299 908 343 passio
939 303 976 335 et
999 299 1235 336 resurrectio
1268 303 1305 335 et
1339 298 1581 345 hujusmodi.
1614 300 1670 342 Et,
1692 307 1741 335 ne

114 345 343 392 hujusmodi
367 344 458 382 ficta
475 354 498 382 a
516 344 825 391 proedicantibus
844 355 932 382 esse
956 346 1167 382 credantur
1198 349 1266 383 aut
1298 347 1511 383 casualiter
1543 346 1739 390 evenisse,

114 393 380 430 ostenduntur
399 392 529 438 ‘longe
559 395 649 428 ante
676 401 745 438 per
774 393 986 438 propbetas
1009 393 1222 437 praedicta;
1255 393 1359 429 unde
1386 393 1599 438 Apostolus
1620 393 1741 430 dicit:

112 440 262 480 Paulus,
284 448 406 475 seruus
425 440 507 475 Jesu
529 439 677 480 Christi,
698 442 844 475 vocatus
859 440 1066 484 Apostolus,
1102 443 1308 483 sem-cyatus
1337 441 1373 475 z'n
1406 441 1642 482 Eranqeltum
1662 441 1741 483 Dei,

114 486 210 532 quod
228 489 312 522 ante
323 488 553 531 promiserat,
574 497 639 531 per
655 486 848 532 prophetas
864 496 946 522 suos
966 488 1004 521 in
1020 487 1221 530 Scripturas
1239 488 1393 525 sanctis,
1416 488 1458 522 cle
1476 489 1568 523 Filio
1585 497 1661 528 sua,
1679 487 1744 533 qui

112 536 234 578 factus
253 536 305 570 est
322 534 354 568 ei
373 543 418 568 esc
435 534 567 569 semine
587 533 706 569 David
724 532 917 569 sectantum
935 543 1090 569 carnem.
1107 533 1235 578 (Rom,
1249 542 1276 576 1,
1298 534 1387 579 1-3.)

162 582 256 617 Post
282 579 448 627 gradum
471 583 600 617 autem
630 580 789 617 illorum
817 579 885 627 qui
916 579 1141 616 immediate
1174 579 1453 616 revelationem
1487 590 1509 618 a
1540 582 1620 624 Deo
1642 580 1741 618 reci-

113 626 241 673 piunt,
261 631 323 664 est
341 627 594 664 necessarius
615 627 719 665 alius
750 627 886 674 gratiae
919 626 1081 674 gradus.
1111 626 1213 679 Quia
1245 628 1350 664 enim
1384 627 1567 678 homines
1596 628 1742 665 revela-

113 674 265 711 tionem
285 684 308 712 a
325 676 404 712 Deo
424 674 638 720 accipiunt,
660 683 741 711 non
770 673 902 711 solum
938 682 1008 719 pro
1031 677 1215 720 praesenti
1249 677 1439 719 tempore,
1463 674 1530 711 sed
1554 675 1670 712 etiam
1693 675 1741 712 ad

113 721 418 758 instructionem
438 722 615 759 omnium
639 721 875 765 futurorum,
898 721 1171 758 necessarium
1190 719 1263 758 suit
1283 725 1326 757 ut
1347 730 1424 773 nou
1439 721 1569 758 solum
1586 732 1631 759 ea
1655 732 1755 768 (ἰιιεεΑ

114 768 215 814 ipsis
234 769 457 806 revelantur
476 778 659 805 sermone
679 771 934 805 narrarentur
954 768 1230 813 praesentibus,
1245 768 1315 804 sed
1336 771 1452 805 etiarn
1475 768 1743 806 scriberentur

115 815 164 852 ad
186 815 490 852 instructionem
507 817 752 859 t'uturorum;
774 815 929 852 undeet
949 815 1294 862 oportuitaliquos
1315 823 1403 852 esse
1425 815 1491 862 qui
1512 816 1741 863 hujusmodi

116 862 264 908 scripta
286 863 661 909 interpretarentur3
684 862 790 909 quod
825 862 958 898 divina
1019 862 1116 899 ratia
1145 871 1234 899 esse
1269 866 1436 908 oportet,
1456 862 1560 899 sicut
1589 868 1626 900 et
1657 865 1744 909 ipsa

115 909 303 946 revelatio
321 919 389 955 per
408 910 574 957 gratiam
597 909 664 946 Dei
686 909 772 947 suit.
796 909 904 946 Unde
923 912 961 946 et
1010 909 1152 947 icitur:
1172 909 1361 954 Numquid
1380 919 1451 945 non
1476 911 1543 945 Dei
1561 913 1613 947 est
1630 912 1742 946 inter-

111 958 301 1002 pretatio?
323 956 440 1003 (Gen.,
464 965 526 1001 XL,
547 956 598 1002 8.)

164 1003 350 1049 Sequitur
367 1008 499 1040 autem
521 1004 684 1040 ultimus
703 1003 864 1050 gradus,
887 1012 1024 1040 eorum
1057 1002 1210 1039 scilicet
1243 1002 1309 1049 qui
1344 1012 1389 1040 ea
1419 1013 1506 1049 quae
1537 1004 1628 1042 aliis
1650 1010 1744 1042 sunt

115 1049 287 1086 revelata
311 1053 349 1086 et
368 1059 437 1096 per
456 1050 558 1088 alios
577 1050 832 1096 interpretata
850 1050 1018 1086 fideliter
1038 1051 1214 1086 creduut.
1240 1052 1318 1087 Hoc
1338 1054 1469 1087 autem
1495 1051 1562 1088 Dei
1593 1052 1743 1089 donum

116 1104 206 1133 esse
227 1097 413 1142 superius
432 1096 480 1143 (c.
505 1095 584 1143 152)
604 1101 810 1134 ostensum
833 1101 905 1133 est.
929 1097 1027 1140 Quia
1049 1106 1141 1133 vero
1163 1107 1232 1142 per
1263 1097 1461 1143 malignos
1483 1097 1648 1143 spiritus
1672 1099 1743 1136 ali-

115 1151 194 1189 qua
214 1143 364 1180 similia
383 1142 483 1180 fiunt
504 1143 566 1180 his
587 1144 733 1190 quibus
759 1143 857 1180 fides
891 1143 1162 1187 confirmatur,
1182 1148 1262 1180 tam
1291 1144 1331 1180 in
1364 1144 1571 1190 signorum
1605 1155 1744 1190 opera-

114 1190 224 1226 tione
246 1199 362 1236 quam
385 1190 426 1226 in
447 1191 669 1227 futurorum
697 1191 951 1234 revelatione,
974 1194 1154 1235 utsupra
1175 1190 1321 1227 dictum
1355 1194 1430 1234 est,
1448 1200 1497 1227 ne
1517 1200 1587 1238 per
1608 1192 1744 1238 liujus-

116 1236 225 1274 modi
248 1237 432 1274 homines
466 1237 618 1283 decepti
646 1237 853 1274 mendacio
880 1237 1055 1281 credant,
1078 1238 1349 1275 necessarium
1383 1240 1444 1275 est
1474 1242 1516 1274 ut
1547 1238 1744 1285 adjutorio

115 1283 260 1321 divinae
280 1284 417 1331 gratiae
443 1284 691 1322 instruantur
710 1285 758 1322 de
789 1284 1017 1330 hujusmodi
1052 1284 1257 1330 spiritibus
1290 1285 1578 1330 discernendis,
1607 1296 1748 1323 secun·

115 1330 207 1368 dum
227 1331 334 1377 quod
354 1331 498 1369 dicitur
519 1343 527 1368 :
549 1333 667 1370 Nolite
683 1333 781 1368 omni
799 1331 1122 1377 spiritutcredere‚·
1139 1331 1203 1368 sect
1217 1333 1369 1377 probate
1385 1333 1553 1378 spiritus,
1567 1334 1601 1368 si
1619 1344 1664 1370 em
1673 1336 1745 1371 Deo

113 1379 202 1414 sint.
237 1379 257 1414 I
267 1379 397 1414 Joamz.
433 1387 477 1416 lv
514 1381 546 1416 1.

162 1377 244 1462 Ho(s
262 1377 564 1471 autem’gratiae)
591 1424 758 1463 effectus
790 1424 839 1463 ad
875 1425 1179 1463 instructionem
1210 1429 1248 1462 et
1278 1425 1623 1464 confirmationem
1651 1427 1751 1466 fideiv

119 1471 326 1511 ordinatos
356 1472 571 1518 Apostolus
604 1475 822 1517 enumerat,
852 1472 989 1509 diceus
1015 1484 1023 1509 :
1048 1473 1129 1508 Alii
1159 1473 1303 1517 quidem
1329 1484 1397 1519 per
1425 1474 1603 1518 Spu-z'tmn
1634 1475 1746 1511 datur

115 1528 228 1555 sermo
244 1520 400 1555 scimzttae
415 1519 609 1555 secundum
630 1519 790 1555 eumdem
807 1521 1004 1564 spiritum3
1027 1520 1134 1555 alteri
1163 1521 1250 1564 fides
1277 1521 1317 1555 in
1348 1520 1466 1556 eodem
1496 1522 1656 1565 spiram
1676 1523 1746 1559 alii

115 1566 240 1610 qratia
255 1566 454 1601 sanitatum
473 1567 513 1601 in
531 1577 601 1602 uno
619 1567 774 1611 spiritu3
797 1567 864 1601 alit·
879 1567 1037 1611 operatio
1052 1568 1242 1607 virtutum,
1265 1567 1332 1603 aiu·
1356 1567 1560 1613 prophetia,
1583 1569 1650 1604 alz't'
1668 1569 1744 1605 dis·

115 1613 224 1649 aretio
243 1614 451 1658 spirituum,
474 1614 541 1648 alti
568 1623 700 1658 genera
727 1614 948 1658 linguarum,
978 1614 1044 1649 alu·
1076 1614 1326 1659 interpretatio
1355 1624 1569 1651 ser-monum.
1595 1615 1631 1660 (Ι
1647 1615 1742 1661 Gor„

115 1665 186 1703 XII,
206 1661 302 1697 8-10.
910 1694 914 1695 ι

165 1707 239 1744 Per
258 1659 333 1744 ho)c
353 1709 484 1744 autem
506 1704 729 1744 excluditur
757 1716 867 1744 error
887 1707 1146 1754 quorumdam
1180 1708 1485 1746 Manichaeorum
1520 1708 1587 1755 qui
1608 1708 1744 1747 dicunt

116 1753 339 1800 corporalia
352 1754 544 1792 miracula
565 1762 647 1791 non
666 1762 756 1792 esse
776 1763 800 1790 a
821 1756 899 1790 Deo
920 1755 1033 1791 tacta.
1059 1755 1183 1792 Simul
1204 1756 1322 1792 etiam
1355 1755 1576 1793 excluditur
1605 1765 1743 1794 eorum

115 1809 239 1845 error,
260 1804 450 1846 quantum
474 1800 521 1838 ad
543 1800 618 1838 hoc
638 1800 744 1848 quod
762 1801 899 1837 dicunt
918 1802 1130 1846 prophetas
1152 1810 1233 1839 non
1252 1811 1340 1840 esse
1363 1802 1409 1838 de
1431 1803 1573 1847 spiritu
1596 1804 1661 1840 Dei
1683 1804 1741 1841 lo-

115 1850 244 1885 cutos.
267 1847 494 1885 Excluditur
515 1848 632 1884 etiam
655 1856 765 1884 error
784 1848 974 1885 Priscillae
995 1852 1030 1884 et
1059 1849 1244 1892 Montani,
1265 1849 1332 1895 qui
1367 1849 1547 1886 dicebant
1576 1851 1744 1896 prophe-

114 1896 178 1934 tas
196 1897 384 1942 tanquam
405 1895 631 1941 arreptitios
652 1903 733 1932 non
762 1894 1007 1932 intellexisse
1041 1905 1126 1942 quae
1157 1897 1435 1942 loquebantur,
1458 1896 1564 1942 quod
1599 1897 1742 1936 divinae

114 1941 348 1978 revelationi
371 1950 448 1978 non
470 1942 670 1988 congruit,
686 1942 908 1979 secundum
929 1952 1046 1988 quam
1067 1952 1180 1980 mens
1198 1943 1458 1990 principalius
1481 1944 1742 1982 illuminatur.

163 1990 204 2024 ln
225 1988 446 2034 praemissis
473 1993 602 2026 autem
637 1989 773 2035 gratiae
800 1987 1008 2026 effectibus
1040 1989 1332 2028 consideranda
1349 1994 1409 2028 est
1428 1991 1608 2037 quaedam
1631 1991 1744 2029 diffe-

115 2036 256 2072 rentia.
275 2037 387 2080 Nam,
409 2036 483 2073 etsi
517 2036 705 2074 omnibus
739 2036 874 2082 gratiae
908 2045 1051 2073 nomen
1086 2041 1296 2083 competat,
1318 2037 1412 2085 quia
1441 2038 1565 2084 gratis
1595 2038 1745 2085 absque

115 2082 351 2127 praecedenti
370 2083 510 2120 merito
538 2083 811 2128 conseruntur,
833 2083 945 2120 solus
976 2088 1106 2120 tamen
1141 2084 1368 2122 dilectionis
1389 2083 1554 2122 effectus
1575 2085 1743 2123 ulterius

117 2136 263 2165 nomen
295 2129 431 2175 gratiae
464 2133 636 2167 meretur
668 2139 716 2167 ex
750 2130 826 2167 hoc
854 2130 959 2177 quod
983 2134 1138 2175 gratnm
1170 2133 1252 2169 Deo
1285 2132 1405 2176 facit;
1430 2131 1575 2169 dicitur
1603 2132 1741 2170 enim:

114 2176 192 2218 139⁰
222 2174 410 2220 diliqentes
440 2186 496 2212 me
527 2176 653 2221 diligo.
687 2176 824 2223 (Prov.‚
854 2185 942 2218 v111,
968 2177 1039 2223 17.)
1060 2177 1170 2215 Unde
1198 2177 1297 2216 fides
1318 2182 1355 2216 et
1386 2187 1477 2225 spes
1502 2182 1539 2215 et
1559 2178 1637 2216 alia
1657 2188 1743 2225 quae

116 2221 166 2258 ad
187 2220 304 2258 fidem
335 2222 570 2259 ordinantur
597 2226 769 2269 possunt
806 2232 894 2260 esse
926 2224 967 2259 in
998 2225 1376 2272 peccatoribus‚qni
1414 2234 1493 2262 non
1532 2229 1626 2263 sunt
1662 2228 1744 2263 Deo

115 2268 245 2314 grati3
267 2267 355 2306 sola
373 2273 505 2306 autem
526 2270 684 2307 dilectio
705 2273 765 2307 est
784 2270 986 2316 proprium
1007 2271 1157 2308 donum
1185 2271 1399 2319 justorum,
1419 2272 1513 2318 quia
1543 2273 1607 2318 qui
1624 2275 1746 2309 manet

114 2316 156 2351 in
175 2315 365 2360 charitate,
386 2318 426 2352 in
442 2318 513 2353 Deo
533 2319 665 2357 manet,
687 2319 720 2352 et
735 2319 828 2353 Deus
846 2319 886 2352 in
905 2327 955 2357 eo,
977 2321 1020 2354 ut
1039 2317 1196 2355 dicitur.
1219 2319 1252 2366 (I
1268 2321 1413 2360 Joarm„
1429 2328 1486 2363 IV,
1511 2319 1582 2364 16.)

163 2363 231 2399 Est
250 2365 381 2399 autem
403 2366 442 2400 et
456 2363 534 2400 alia
549 2363 773 2400 differentia
790 2365 830 2400 in
847 2364 1046 2410 praedictis
1061 2364 1268 2403 effectibus
1286 2367 1421 2412 gratiae
1438 2366 1742 2404 consideranda.

116 2409 215 2445 Nam
232 2409 394 2455 quidam
414 2419 552 2448 eorum
573 2411 730 2447 suntad
753 2415 873 2448 totam
905 2411 1025 2448 vitam
1045 2411 1222 2450 hominis
1245 2413 1476 2457 necessarii,
1500 2415 1635 2458 utpote
1654 2413 1743 2451 sine

114 2455 263 2502 quibus
284 2456 396 2494 salus
414 2466 505 2494 esse
525 2465 608 2494 non
628 2461 771 2504 potest,
787 2458 892 2495 sicut
908 2458 1082 2504 eredere,
1100 2468 1274 2505 sperare,
1294 2460 1458 2506 diligere
1478 2462 1516 2495 et
1535 2460 1744 2506 praeceptis

115 2502 184 2539 Dei
205 2502 392 2547 ohedire3
414 2503 518 2540 etad
541 2504 616 2541 hos
648 2503 814 2541 effectus
837 2513 1001 2541 necesse
1035 2508 1094 2542 est
1126 2505 1348 2543 habituales
1383 2506 1575 2553 quasdam
1597 2507 1746 2552 perfec-

115 2549 249 2587 tiones
276 2550 508 2588 hominibus
537 2550 687 2596 inesse,
705 2553 750 2588 ut
785 2551 1006 2588 seeundum
1039 2560 1107 2589 eas
1137 2561 1254 2599 agere
1280 2553 1439 2598 possint
1467 2562 1589 2600 quum
1626 2553 1745 2590 fuerit

115 2600 286 2643 tempus.
306 2597 382 2634 Alii
403 2606 496 2634 vero
517 2596 682 2634 effeetus
703 2601 797 2635 sunt
815 2597 1047 2643 necessarii,
1069 2607 1151 2635 non
1171 2608 1240 2645 per
1273 2603 1396 2637 totam
1416 2599 1550 2645 vitam,
1569 2599 1640 2637 sed
1660 2610 1744 2637 cer-

115 2643 168 2681 tis
187 2644 434 2689 temporibus
450 2648 487 2681 et
508 2644 622 2688 locis,
645 2644 750 2682 sicut
768 2643 897 2682 facere
927 2645 1133 2691 miracula,
1156 2647 1422 2691 praenuntiare
1456 2647 1588 2684 futura
1619 2650 1657 2683 et
1675 2647 1746 2684 hu-

109 2689 289 2737 jusmodi
307 2703 316 2735 ;
331 2695 374 2740 ,ει
393 2691 441 2728 ad
462 2691 537 2728 hos
558 2700 640 2728 non
660 2691 804 2728 dantur
823 2691 1046 2728 habituales
1065 2692 1346 2739 perfectiones,
1365 2693 1434 2731 sed
1454 2693 1742 2740 impressiones

116 2737 295 2784 quaedam
316 2738 417 2775 fiunt
436 2747 458 2774 a
480 2740 573 2781 De0,
595 2747 683 2785 quae
703 2742 876 2782 cessant,
905 2743 994 2775 actu
1024 2743 1233 2784 cessante;
1256 2744 1293 2777 et
1324 2750 1391 2778 eas
1424 2744 1579 2787 oportet
1608 2741 1741 2778 iterari

113 2792 208 2821 cum
239 2788 352 2822 actus
382 2785 514 2822 iterari
545 2785 664 2822 fuerit
683 2789 976 2831 opportunum;
999 2785 1102 2823 sicut
1135 2787 1348 2832 prophetae,
1370 2788 1411 2825 in
1435 2788 1612 2835 qualibet
1638 2797 1744 2826 reve-

116 2829 278 2876 latione,
300 2841 404 2869 novo
424 2831 576 2870 lumine
595 2831 859 2876 illustrantur,
873 2836 923 2875 et,
940 2832 981 2868 in
1002 2833 1471 2879 qualibetmiraculorum
1493 2834 1740 2881 operatione,

114 2880 272 2923 oportet
285 2878 426 2916 adesse
449 2887 592 2916 novam
613 2878 830 2916 efficaciam
851 2879 994 2916 divinae
1014 2879 1184 2917 virtutis.
1205 2880 1304 2928 (1-11,
1323 2891 1362 2930 q.
1383 2891 1458 2928 tm,
1482 2886 1555 2919 art.
1575 2881 1627 2928 4.)
