1894 3223
155 115 224 151 386
739 108 828 144 Lm.
858 108 921 151 ΙΙΙ,
949 106 1050 143 CAP.
1076 107 1194 144 XCIV.

154 201 326 230 occursu
366 190 579 226 latronum.
613 189 724 224 Hunc
755 191 885 224 autem
921 186 1103 224 effectum
1131 188 1278 225 iterum
1306 188 1494 235 praecedit
1528 188 1607 225 alia
1638 198 1780 236 causa,

158 239 310 277 scilicet
329 237 433 282 quod
455 236 539 280 ipse
561 234 680 271 exivit
700 234 862 271 domum
885 246 892 270 :
916 234 1022 271 hunc
1040 239 1170 272 autem
1189 235 1318 272 adhuc
1335 236 1425 280 alia,
1447 236 1551 283 quod
1571 235 1654 273 vult
1673 246 1777 284 quae‘

158 294 243 323 rere
264 292 405 330 aqu-ani
425 294 432 326 3
455 291 574 328 quam
604 280 763 328 quidem
796 281 981 327 praecedit
1012 291 1146 326 causa,
1167 282 1311 319 scilicit
1332 282 1421 319 sitis
1440 294 1447 319 :
1471 286 1508 319 et
1526 283 1609 320 haec
1637 292 1781 320 causa-

157 336 221 368 tur
240 340 286 366 ex
317 330 562 366 comestione
591 328 804 371 salsorum,
827 337 913 374 quae
929 328 1011 374 jam
1033 332 1093 366 est
1113 329 1171 365 vel
1190 329 1276 365 fuit.
1294 329 1333 366 Si
1357 338 1465 376 ergo,
1488 339 1609 366 causa
1630 330 1774 375 posita,

159 386 322 414 necesse
344 380 404 413 est
421 375 601 412 effectum
615 375 724 421 poni,
746 384 910 412 necesse
931 379 1004 419 est,
1027 375 1059 412 si
1080 376 1250 412 comedit
1271 376 1390 420 salsa,
1413 376 1516 423 quod
1540 377 1670 421 sitiat;
1687 377 1775 415 etsi

159 424 255 468 sitit,
278 424 383 469 quod
414 422 507 459 vetit
535 431 710 468 quaerere
743 431 885 469 aquam
903 433 911 465 3
930 422 1016 459 etsi
1038 423 1120 458 vult
1151 432 1326 469 quaerere
1346 433 1502 469 aquam,
1525 424 1630 470 quod
1663 427 1777 461 exeat

162 471 350 514 domum;
373 473 408 506 et
424 470 457 506 si
492 469 571 505 exit
602 469 777 513 domum,
800 468 905 515 quod
934 470 1190 506 occurrantei
1209 469 1410 513 latrones3
1438 474 1473 506 et
1495 470 1529 507 si
1550 474 1783 516 occurrunt,

159 518 264 565 quod
293 516 507 553 occidatur.
531 517 631 562 Ergo
662 516 709 552 de
730 515 856 561 primo
878 515 926 552 ad
946 516 1129 552 ultimum
1162 524 1326 553 necesse
1347 520 1406 553 est
1429 517 1534 554 hunc
1568 517 1778 555 comeden-

157 569 236 601 tem
277 564 383 601 salsa
415 572 437 600 a
468 563 690 600 latronibus
724 563 866 599 occidi.
890 562 1097 599 Concludit
1143 571 1236 609 ergo
1270 562 1540 609 Philosophus
1572 573 1652 602 non
1686 573 1778 602 esse

157 620 293 648 verum
315 610 435 657 quod,
469 609 599 656 posita
619 618 752 651 causa,
775 618 942 647 necesse
962 609 1015 646 sit
1034 608 1217 647 effectum
1237 610 1346 656 poni,
1369 611 1462 658 quia
1480 611 1624 658 aliquae
1645 620 1778 649 causae

160 662 252 696 sunt
274 667 360 704 quae
380 660 551 703 possunt
571 656 751 693 delicere.
772 658 904 703 Neque
931 657 1071 693 iterum
1103 666 1238 694 verum
1255 660 1320 694 ⁴est
1338 657 1443 703 quod
1461 658 1594 696 omnis
1613 657 1780 696 effectus

158 705 304 744 habeat
317 714 385 751 per
403 713 446 741 se
461 713 639 748 causam,
652 704 745 751 quia
764 704 868 750 quod
891 707 951 740 est
966 713 1035 750 per
1055 704 1254 748 accidens,
1268 703 1421 742 scilicet
1437 704 1560 742 istum
1580 705 1779 742 volentem

158 761 302 799 aquam
323 760 498 798 quaerere
516 760 722 788 occurrere
740 750 976 795 latronibus,
998 759 1076 787 non
1101 751 1219 787 habet
1242 751 1416 798 aliquam
1435 760 1612 788 causam.
1631 753 1685 788 Ex
1704 752 1780 789 hae

160 803 291 837 autem
325 798 477 835 ratione
504 802 678 844 apparet,
698 798 801 845 quod
836 807 976 835 omnes
998 797 1164 835 effectus
1187 798 1255 845 qui
1285 798 1529 835 reducuntur
1547 798 1589 835 in
1605 798 1780 845 aliquam

162 855 323 884 causam
346 854 415 891 per
444 854 486 881 se
518 849 752 890 praesentem
766 845 826 881 vel
840 845 1092 891 praeteritam,
1114 855 1191 892 qua
1206 845 1507 891 positanecesse
1526 845 1578 882 sit
1595 844 1779 882 effectum

159 893 269 940 poni,
290 902 337 928 ex
366 892 602 929 necessitate
617 892 867 939 contingunt.
890 892 955 928 Vel
978 901 1072 939 ergo
1086 892 1381 937 oportetdicere
1401 892 1505 938 quod
1534 901 1615 929 non
1639 900 1780 930 omnes

161 939 326 977 effectus
347 939 489 976 divinae
510 939 767 985 providentiae
787 938 1021 983 subdantur,
1044 942 1081 976 et
1101 939 1158 976 sic
1181 939 1313 976 divina
1342 939 1590 985 providentia
1615 948 1698 976 non
1718 943 1782 976 est

160 987 208 1024 de
228 986 429 1030 omnibus,
452 985 557 1032 quod
576 986 686 1032 prius
706 986 779 1023 fuit
797 990 1027 1030 ostensum
1049 986 1110 1023 vel
1125 986 1231 1033 quod
1253 995 1333 1023 non
1354 990 1415 1023 est
1429 986 1700 1024 necessarium
1719 990 1774 1026 ut,

160 1033 408 1080 providentia
420 1033 563 1078 posita,
587 1033 751 1070 effectus
764 1033 850 1079 ejus
871 1037 1082 1079 ponantur,
1104 1038 1142 1070 et
1162 1033 1221 1071 sic
1245 1033 1493 1079 providentia
1513 1042 1592 1070 non
1604 1036 1779 1071 estcerta

162 1085 229 1118 aut
250 1085 308 1117 est
343 1081 613 1117 necessarium
644 1081 749 1128 quod
784 1081 918 1117 omnia
938 1091 985 1117 ex
1004 1080 1240 1118 necessitate
1260 1080 1507 1128 contingant.
1529 1080 1782 1118 Providentia

162 1128 269 1165 enim
291 1136 371 1164 non
394 1127 522 1163 solum
544 1127 661 1165 estin
680 1128 864 1173 praesenti
887 1132 1076 1173 tempore,
1099 1127 1160 1164 vel
1179 1127 1392 1174 praeterito,
1412 1127 1482 1165 sed
1509 1131 1671 1172 aeternO,
1686 1127 1781 1174 quia

162 1175 263 1211 nihil
285 1178 414 1219 potest
438 1183 527 1211 esse
547 1174 589 1211 in
611 1175 691 1211 Deo
713 1184 792 1211 non
813 1178 1018 1211 aeternum.

208 1221 352 1261 Adhuc,
377 1221 409 1257 si
433 1221 566 1257 divina
581 1221 828 1267 providentia
849 1225 907 1258 est
921 1225 1039 1263 certa,
1062 1223 1216 1266 oportet
1234 1221 1336 1258 hanc
1356 1221 1666 1258 conditionalem
1688 1230 1779 1258 esse

160 1277 293 1305 veram
317 1279 324 1304 :
347 1268 381 1304 si
404 1269 507 1304 Deus
526 1268 698 1313 providit
718 1269 807 1312 hoc,
829 1268 905 1305 hoc
921 1268 1006 1304 erit.
1029 1268 1152 1314 Hujus
1170 1271 1301 1305 autem
1322 1268 1606 1306 conditionalis
1626 1272 1780 1305 antece-

164 1315 263 1352 dens
283 1318 341 1351 est
359 1315 645 1360 necessarium,
667 1316 760 1361 quia
779 1319 839 1352 est
865 1319 1071 1352 aeternum.
1093 1316 1194 1361 Ergo
1221 1323 1473 1362 consequens
1500 1319 1561 1353 est
1593 1324 1778 1353 necessa-

162 1362 278 1398 rium.
305 1363 463 1406 Oportet
484 1362 588 1398 enim
619 1362 750 1398 omnis
785 1362 1069 1399 conditionalis
1089 1370 1340 1408 consequens
1368 1371 1457 1399 esse
1491 1362 1776 1407 necessarium,

158 1409 274 1454 cujus
296 1408 534 1445 antecedens
555 1412 614 1445 est
628 1409 913 1453 necessarium,
936 1408 1074 1445 etideo
1095 1417 1347 1455 consequens
1366 1412 1428 1445 est
1447 1409 1553 1446 sicut
1567 1409 1777 1447 conclusio

162 1455 446 1491 antecedentis.
469 1455 661 1501 Quicquid
684 1459 816 1492 autem
836 1465 883 1492 ex
903 1455 1132 1492 necessario
1153 1455 1347 1502 sequitur,
1362 1459 1517 1502 oportet
1534 1465 1623 1493 esse
1645 1465 1780 1494 neces—

161 1502 325 1539 sarium.
343 1501 527 1547 Sequitur
545 1502 679 1548 igitur,
703 1502 737 1540 si
758 1502 892 1540 divina
924 1502 1170 1548 providentia
1201 1505 1261 1540 est
1291 1506 1410 1548 certa,
1445 1503 1550 1550 quod
1575 1503 1712 1540 omnia
1730 1512 1777 1540 ex

160 1549 399 1586 necessitate
422 1550 667 1594 proveniant.

205 1596 387 1641 Amplius,
408 1595 441 1632 si
463 1596 611 1642 aliquid
633 1599 695 1633 est
712 1596 915 1642 provisum
937 1606 961 1633 a
977 1598 1070 1640 Deo,
1091 1599 1187 1642 puta
1203 1596 1310 1644 quod
1332 1597 1424 1634 talis
1445 1597 1498 1634 sit
1520 1600 1774 1643 regnaturus,

159 1647 228 1680 aut
249 1651 342 1688 ergo
364 1643 554 1688 possibile
570 1644 749 1690 estquod
771 1652 852 1680 non
873 1647 1022 1690 regnet,
1043 1648 1112 1680 aut
1130 1652 1225 1681 non.
1247 1644 1285 1682 Si
1313 1644 1473 1691 quidem
1506 1653 1587 1681 non
1608 1648 1668 1682 est
1689 1653 1781 1690 pos-

160 1689 275 1727 sibile
298 1691 428 1735 ipsum
456 1698 537 1726 non
552 1699 731 1736 regnare,
753 1699 847 1738 ergo
871 1691 1121 1736 impossibile
1141 1694 1202 1728 est
1216 1690 1348 1737 ipsum
1369 1700 1450 1728 non
1471 1700 1638 1737 regnare
1656 1700 1775 1738 :ergo

158 1736 430 1773 necessarium
453 1741 513 1774 est
531 1746 621 1774 eum
637 1747 816 1784 regnare.
839 1737 877 1775 Si
895 1741 1024 1774 autem
1040 1738 1232 1784 possibile
1247 1741 1309 1775 est
1341 1748 1431 1775 eum
1444 1747 1610 1785 regnare
1632 1737 1778 1785 (possi-

157 1782 228 1820 bili
245 1787 375 1820 autem
390 1783 521 1829 posito
543 1793 623 1821 non
644 1785 824 1831 sequitur
840 1784 991 1831 aliquid
1011 1784 1290 1831 impossibile),
1323 1785 1504 1831 sequitur
1535 1789 1666 1822 autem
1681 1784 1780 1822 divi-

158 1839 250 1866 nam
272 1830 559 1875 providentiam
581 1830 772 1875 deficere;
800 1840 879 1868 non
914 1835 974 1868 est
1001 1831 1122 1877 igitur
1150 1831 1399 1877 impossibile
1436 1831 1609 1868 divinam
1643 1831 1778 1878 provi-

160 1876 333 1913 dentiam
356 1876 535 1914 deficere.
569 1881 643 1914 Aut
664 1878 787 1924 igitur
804 1882 970 1923 oportet,
993 1879 1026 1914 si
1049 1878 1185 1915 omnia
1210 1878 1292 1915 sint
1326 1879 1495 1924 praevisa
1513 1888 1537 1916 a
1556 1880 1650 1923 Deo,
1670 1878 1776 1926 quod

159 1923 293 1959 divina
310 1923 558 1969 providentia
576 1933 654 1962 non
678 1925 729 1961 sit
749 1929 868 1969 certa,
891 1929 958 1962 aut
978 1925 1082 1971 quod
1098 1925 1234 1962 omnia
1250 1934 1301 1962 ex
1319 1925 1558 1962 necessitate
1578 1927 1774 1963 eveniant.

202 1971 302 2021 Item,
322 1974 620 2015 argumentatur
633 1971 691 2008 sic
704 1971 853 2009 Tullius
873 1971 914 2008 in
931 1971 998 2008 lib.
1018 1974 1069 2008 Dc
1088 1972 1311 2008 divinatione
1330 1972 1507 2010 secundo
1527 1972 1626 2019 (cap.
1643 1972 1678 2020 8)
1702 1984 1710 2009 ε
1731 1973 1771 2009 Si

157 2025 292 2053 omma
311 2027 332 2053 a
354 2018 432 2053 Deo
452 2018 618 2062 praevisa
637 2022 744 2063 sunt,
763 2022 895 2055 certus
910 2023 970 2055 est
989 2019 1087 2056 ordo
1107 2027 1334 2056 causarum.
1349 2019 1389 2057 Si
1405 2023 1536 2056 autem
1551 2019 1627 2057 hoc
1637 2029 1775 2057 verum

157 2067 229 2104 est,
250 2064 383 2100 omnia
404 2064 483 2100 fato
500 2068 696 2111 aguntur;
718 2065 823 2112 quod
839 2065 872 2102 si
892 2065 1027 2102 omnia
1046 2066 1127 2103 fato
1148 2069 1332 2112 aguntur,
1355 2066 1455 2103 nihil
1473 2070 1535 2104 est
1562 2066 1604 2103 in
1634 2070 1776 2104 nostra

154 2114 363 2155 potestate.
389 2111 545 2147 Nullum
570 2115 631 2148 est
661 2121 755 2158 ergo
787 2113 1002 2149 voluntatis
1044 2112 1264 2149 arbitrium.
1294 2113 1478 2160 Sequitur
1512 2113 1635 2160 igitur
1664 2113 1771 2160 quod

154 2157 317 2194 tollatur
338 2157 504 2194 liberum
526 2158 730 2195 arbitrium
753 2159 786 2196 si
805 2159 938 2195 divina
952 2159 1212 2205 providentia,
1228 2160 1280 2197 sit
1300 2165 1418 2205 certa,
1441 2160 1629 2197 eteodem
1649 2160 1769 2197 modo

156 2208 344 2250 sequetur
364 2205 469 2251 quod
490 2214 630 2257 omnes
648 2215 779 2243 causae
801 2206 1080 2253 contingentes
1098 2207 1301 2244 tollantur.

202 2252 391 2296 Praeterea,
425 2251 557 2288 divina
588 2252 836 2298 providentia
873 2263 1016 2291 causas
1043 2253 1195 2291 medias
1232 2263 1314 2290 non
1349 2254 1533 2296 excludit,
1571 2258 1614 2291 ut
1652 2263 1776 2300 supra

154 2297 254 2343 (cap.
274 2298 334 2345 77)
357 2301 562 2335 ostensum
584 2303 656 2336 est.
678 2301 784 2337 Inter
802 2309 946 2338 causas
967 2306 1097 2338 autem
1117 2303 1213 2338 sunt
1231 2300 1376 2349 aliquae
1403 2301 1697 2348 contingentes,
1736 2305 1775 2338 et

154 2344 320 2382 deficere
341 2345 530 2397 valentes.
553 2345 726 2383 Deficere
749 2347 870 2394 igitur
886 2351 1015 2394 potest
1036 2347 1294 2394 providentiae
1311 2347 1491 2386 effectus.
1514 2350 1600 2385 Non
1620 2352 1682 2386 est
1702 2348 1773 2395 igi-

153 2394 218 2428 tur
235 2393 301 2428 Dei
330 2393 579 2438 providentia
598 2397 717 2431 certa.

199 2439 361 2484 Oportet
380 2444 511 2476 autem
531 2440 579 2477 ad
600 2441 742 2478 horum
772 2441 1014 2478 solutionem
1034 2441 1171 2489 aliqua
1187 2445 1364 2488 repetere
1387 2452 1435 2479 ex
1454 2442 1519 2479 his
1540 2451 1628 2489 quae
1649 2450 1772 2487 supra

150 2486 283 2531 posita
300 2490 406 2530 sunt,
428 2490 472 2523 ut
490 2487 747 2525 manifestum
766 2487 834 2525 fiat
855 2489 961 2536 quod
984 2489 1083 2526 nihil
1109 2488 1283 2526 divinam
1303 2489 1592 2536 providentiam
1614 2487 1767 2534 effugit,

151 2535 191 2569 et
209 2533 313 2579 quod
330 2533 426 2570 ordo
447 2534 590 2572 divinae
606 2535 863 2581 providentiae
883 2536 1048 2573 omnino
1068 2536 1270 2574 immutari
1286 2545 1367 2574 non
1385 2540 1536 2583 potest3
1550 2545 1623 2573 nec
1634 2538 1770 2572 tamen

153 2584 304 2624 oportet
324 2580 430 2633 quod
460 2591 507 2618 ea
535 2591 622 2629 quae
653 2592 700 2619 ex
731 2582 979 2629 providentia
1014 2583 1149 2621 divina
1180 2583 1420 2630 proveniunt
1450 2593 1501 2620 ex
1531 2581 1771 2620 necessitate

152 2631 293 2663 cuncta
312 2632 508 2665 evenlant.

200 2673 331 2724 Primo
354 2684 525 2722 namque
544 2676 878 2714 considerandum
906 2680 979 2722 est,
1000 2677 1121 2724 quod,
1143 2685 1234 2715 cum
1252 2678 1359 2715 Deus
1391 2677 1444 2714 sit
1465 2675 1645 2713 omnium
1666 2675 1770 2713 exis-

150 2719 318 2770 teatrum
339 2730 474 2766 causa,
493 2722 612 2760 rebus
632 2724 821 2762 omnibus
841 2725 1052 2762 conferens
1073 2733 1178 2770 esse,
1207 2726 1362 2771 oportet
1394 2723 1500 2770 quod
1530 2731 1614 2760 suae
1640 2723 1767 2770 provi-

151 2765 294 2803 dentiae
310 2767 405 2803 ordo
427 2778 567 2807 omnes
583 2779 650 2808 res
670 2771 1131 2819 complectatur3quihus
1149 2771 1256 2809 enim
1277 2769 1438 2808 esselar
1467 2769 1546 2807 itus
1560 2772 1635 2815 est,
1653 2778 1768 2816 opor-

149 2813 206 2849 tet
224 2813 328 2860 quod
351 2817 746 2854 etconservationem
768 2818 972 2865 largiatur,
994 2824 1032 2856 et
1045 2818 1328 2864 perfectionem
1361 2825 1434 2853 con
1457 2819 1538 2853 erat
1564 2816 1606 2853 in
1625 2816 1772 2854 ultimo

149 2857 240 2896 fine.
262 2860 356 2897 Cum
377 2865 507 2898 autem
529 2862 570 2898 in
590 2864 767 2909 quolibet
787 2865 1017 2911 providente
1036 2866 1115 2903 duo
1136 2863 1379 2902 considerari
1401 2867 1595 2909 oporteat,
1612 2863 1761 2902 scilice*
