1894 3223
82 133 127 168 38
682 130 768 164 LIB.
800 130 826 171 I,
856 129 958 164 CAP.
984 129 1115 164 XXXII.

81 212 265 261 quamvis
286 211 437 257 lapides
459 209 607 254 fecerit,
628 209 723 255 quia
738 209 779 245 in
807 209 968 246 nomine
993 209 1136 255 lapidis
1157 209 1393 256 intelligitur
1408 210 1551 246 modus
1582 209 1706 246 deter-

83 260 257 296 minatus
279 258 451 301 essendi,
476 256 694 294 secundum
715 265 830 302 quem
855 257 954 302 lapis
974 265 996 293 a
1026 258 1105 293 Deo
1141 256 1412 303 distinguitur.
1446 258 1622 294 Imitatur
1643 266 1708 293 au-

83 311 159 343 tem
182 306 282 351 lapis
304 307 425 341 Deum
448 308 684 346 nicensem,
708 303 928 339 secundum
951 312 1054 348 esse,
1077 303 1298 340 secundum
1320 304 1551 348 bonitatem,
1571 308 1608 340 et
1627 304 1706 340 alia

84 352 332 398 hujusmodi,
353 352 456 387 sicut
477 353 513 385 et
532 349 619 385 aliae
642 353 844 386 creaturae.
1550 397 1555 402 ἢ
1590 397 1596 402 j

131 398 363 445 Hujusmodi
387 401 516 433 autem
535 396 666 432 simile
694 397 863 432 inveniri
893 400 1024 442 potest
1048 397 1089 433 in
1115 397 1304 443 potentiis
1334 397 1622 443 cognoscitivis
1641 425 1649 441 ,
1671 401 1707 432 et

84 447 125 482 in
146 445 357 481 virtutihus
378 443 590 489 operativis
610 443 812 480 humanis.
834 444 1062 480 Intellectus
1078 444 1184 480 enim
1200 444 1319 480 unica
1333 445 1475 480 virtute
1499 444 1707 489 cognoscit

82 493 219 529 omnia
237 500 323 537 quae
359 499 450 535 pars
483 490 675 527 sensitiva
706 490 874 528 diversis
902 491 1091 536 potentiis
1124 491 1395 536 apprehendit,
1417 495 1454 527 et
1485 490 1604 527 etiam
1626 491 1705 527 alia

82 540 218 575 multa.
260 538 486 574 Intellectus
521 537 638 573 etiam
674 540 823 583 quanto
855 537 971 573 fuerit
1003 538 1133 578 altior,
1168 541 1277 574 tanto
1311 538 1446 584 aliquo
1478 546 1558 574 uno
1592 537 1707 582 plura

84 594 328 631 cognoscere
350 588 493 630 potest,
516 584 564 620 ad
583 593 671 630 quae
689 584 969 630 cognoscenda
983 584 1210 621 intellectus
1231 584 1397 621 inferior
1418 594 1498 621 non
1519 584 1709 630 pertingit

84 632 161 668 nisi
184 641 252 677 per
273 632 412 667 multa.
433 632 613 668 Potestas
645 634 777 667 autern
808 630 917 677 regia
952 630 1000 666 ad
1033 631 1168 667 omnia
1202 631 1269 667 illa
1288 632 1526 676 extenditur,
1549 631 1597 668 ad
1619 639 1708 678 quae

84 679 249 715 diversae
272 678 345 715 sub
365 678 454 724 ipsa
472 681 688 724 potestates
711 677 889 714 ordinem
913 677 1073 714 hahent.
1093 677 1155 714 Sic
1176 677 1298 724 igitur
1317 681 1355 714 et
1377 680 1481 715 Deus
1495 687 1564 724 per
1582 686 1704 714 unum

83 725 250 771 simplex
271 734 388 762 suum
410 734 512 770 esse,
535 725 806 762 omnimodam
846 724 1131 770 perfectionem
1162 724 1343 769 possidet
1375 735 1494 772 quam
1515 733 1580 761 res
1603 725 1705 768 aliae,

83 773 163 809 imo
186 772 310 809 multo
332 771 520 818 majorem
539 781 607 818 per
625 772 803 818 quaedam
822 772 978 808 diversa
996 771 1296 818 consequentia.

132 821 185 855 Ex
205 829 283 865 quo
306 823 409 865 patet
431 819 650 855 necessitas
665 819 835 864 plurium
853 819 1059 855 nominum
1079 818 1124 854 de
1146 820 1225 854 Deo
1246 818 1455 854 dictorum.
1476 818 1703 869 Quia—enim

83 875 174 903 eum
196 875 276 902 non
297 874 515 911 possumus
536 875 778 912 cognoscere
799 866 1031 902 naturaliter
1053 866 1128 902 nisi
1151 875 1197 901 ex
1219 863 1428 902 effectibus
1456 865 1704 902 deveniendo

83 913 124 948 in
145 913 290 958 ipsum,
311 916 464 958 oportet
493 913 598 959 quod
620 913 782 949 nomina
802 913 946 959 quibus
969 913 1255 958 perfectionem
1285 912 1414 957 ipsius
1432 912 1708 958 significamus

83 959 239 996 diversa
261 961 354 1002 sint,
377 960 480 996 sicut
499 963 536 995 et
556 959 819 1005 perfectiones
842 960 879 995 in
901 959 1018 995 rebus
1041 959 1299 995 inveniuntur
1319 959 1498 995 diversae.
1515 959 1553 995 Si
1575 963 1708 995 autem

85 1006 211 1051 ipsam
233 1007 462 1050 essentiam,
481 1009 598 1052 prout
619 1010 691 1050 est,
712 1016 926 1052 possemus
944 1006 1181 1052 intelligere,
1207 1005 1299 1042 etei
1322 1014 1469 1043 nomen
1504 1006 1708 1057 proprium

84 1053 282 1099 adaptare,
303 1063 382 1090 uno
405 1053 565 1090 nomine
586 1057 737 1090 tantum
769 1063 853 1089 eam
882 1053 1208 1099 exprimeremus,
1231 1052 1336 1099 quod
1368 1053 1611 1098 promittitur
1644 1053 1707 1090 his

85 1099 150 1146 qui
175 1109 264 1136 eum
286 1110 355 1146 per
378 1101 593 1137 essentiam
626 1100 828 1137 videbunt.
851 1101 965 1137 Zach.
991 1100 1131 1137 ultimo
1155 1101 1226 1136 :In
1254 1099 1313 1135 dic
1341 1100 1405 1136 illo
1435 1101 1505 1136 erit
1535 1101 1708 1136 Dominus

86 1156 197 1188 unus,
218 1149 252 1183 et
267 1157 394 1183 nomen
410 1147 488 1193 ejus
506 1157 631 1184 unum.

714 1293 882 1335 CAPUT
913 1294 1076 1335 XXXII.

281 1414 380 1447 QUOD
405 1413 516 1442 NIHIL
535 1414 586 1442 DE
604 1414 681 1442 DEO
705 1415 753 1441 ET
773 1414 895 1442 REBUS
926 1415 1030 1442 ALIIS
1055 1414 1226 1443 UNIVOCE
1251 1415 1516 1444 PRAEDIGATUR.

130 1523 184 1558 Ex
203 1521 266 1558 his
287 1525 416 1558 autem
439 1525 543 1567 patet
563 1521 668 1568 quod
687 1521 786 1558 nihil
808 1522 854 1558 de
875 1524 955 1558 Deo
976 1526 1012 1557 et
1034 1521 1151 1558 rebus
1172 1522 1262 1559 aliis
1278 1526 1409 1568 potest
1423 1523 1593 1560 univoce
1607 1532 1705 1568 prae-

80 1568 221 1606 dicari.
241 1570 337 1605 Nam
360 1567 524 1605 effectus
545 1569 611 1615 qui
634 1577 715 1605 non
735 1569 873 1614 recipit
894 1569 1062 1605 formam
1082 1569 1302 1606 secundum
1324 1570 1498 1615 speciem
1528 1570 1702 1608 similem

83 1625 151 1661 per
172 1625 289 1662 quam
310 1624 433 1661 agens
454 1616 547 1662 agit,
571 1625 715 1652 nomen
738 1615 785 1652 ab
807 1616 876 1652 illa
909 1616 1034 1652 forma
1069 1620 1269 1661 sumptum
1306 1617 1527 1653 secundum
1564 1618 1703 1654 univo-

85 1672 167 1698 cam
189 1662 510 1708 praedicationem
541 1663 714 1708 recipcre
748 1672 825 1698 non
848 1666 990 1708 potest.
1013 1665 1099 1699 Non
1121 1663 1224 1699 enim
1248 1664 1415 1700 univoce
1435 1663 1579 1700 dicitur
1608 1664 1704 1701 cali-

88 1709 160 1745 slus
181 1709 288 1755 ignis
309 1719 331 1745 a
351 1709 434 1745 sole
456 1714 668 1755 generatus
687 1713 724 1745 et
744 1710 818 1746 sol.
841 1711 982 1745 Rerum
1011 1714 1141 1746 autem
1163 1719 1327 1756 quarum
1352 1712 1455 1747 Deus
1477 1715 1537 1747 est
1565 1720 1701 1755 causa,

85 1758 221 1792 formae
244 1756 291 1792 ad
313 1756 485 1801 speciem
504 1756 646 1793 divinae
666 1757 823 1793 virtutis
844 1766 924 1792 non
946 1757 1192 1801 perventum,
1215 1766 1335 1803 quum
1353 1757 1511 1794 divisim
1535 1759 1706 1804 etparti-

95 1803 277 1839 culariter
296 1803 501 1847 recipiant,
525 1804 629 1849 quod
655 1803 695 1839 in
732 1805 811 1839 Deo
845 1804 1079 1848 simpliciter
1108 1807 1144 1839 ct
1176 1804 1452 1840 universaliter
1489 1805 1702 1842 invenitur.

94 1851 202 1886 Patet
222 1849 344 1895 igitur
363 1849 466 1895 quod
490 1849 536 1885 de
558 1851 637 1886 Deo
658 1850 699 1886 in
720 1849 839 1886 rebus
858 1850 948 1886 aliis
969 1850 1067 1886 nihil
1089 1850 1255 1887 univoce
1274 1851 1350 1887 dici
1372 1855 1514 1896 potest.

130 1897 314 1940 Amplius,
339 1896 374 1933 si
395 1896 541 1942 aliquis
575 1896 739 1933 effectus
768 1897 815 1933 ad
853 1897 1023 1942 speciem
1062 1906 1193 1934 causae
1223 1898 1434 1944 pertingat,
1456 1898 1704 1944 praedicatio-

84 1951 175 1979 nem
203 1943 379 1980 nominis
401 1943 567 1980 univoce
586 1953 667 1980 non
688 1944 958 1989 consequitur,
980 1944 1057 1980 nisi
1080 1945 1298 1981 secundum
1321 1945 1503 1982 eumdem
1543 1945 1704 1983 essendi

84 1990 247 2026 niodum
269 1990 446 2027 eamdem
469 1990 642 2037 speciem
662 1991 723 2027 vel
744 1990 909 2027 formam
927 1991 1132 2037 suscipiat.
1154 1993 1239 2028 Non
1259 1992 1363 2028 enim
1382 1993 1548 2030 univoce
1563 1992 1707 2030 dicitur

84 2037 229 2073 domus
248 2046 336 2083 quae
358 2040 417 2073 est
447 2037 487 2073 in
521 2041 602 2074 arte
624 2041 662 2074 et
690 2038 731 2074 in
765 2038 941 2082 materia,
962 2043 1121 2084 propter
1152 2038 1227 2075 hoc
1259 2039 1366 2086 quod
1399 2039 1527 2076 forma
1559 2039 1703 2077 domus

85 2083 204 2120 habet
225 2093 314 2120 esse
337 2083 532 2121 dissimile
554 2084 776 2131 utrobique.
806 2086 880 2121 Res
911 2090 1039 2121 autem
1061 2085 1148 2123 aliae
1169 2087 1324 2123 etiamsi
1345 2087 1510 2124 omnino
1532 2087 1706 2124 similem

87 2130 255 2166 formam
296 2135 650 2178 consequerentur,
672 2140 753 2168 non
785 2135 917 2168 tamen
937 2136 1236 2179 consequuntur
1262 2134 1481 2170 secundum
1523 2134 1706 2171 eumdem

85 2177 249 2214 modum
271 2178 446 2214 essendi.
467 2180 564 2215 Nam
597 2178 697 2215 nihil
718 2182 778 2215 est
798 2179 836 2214 in
849 2180 927 2216 Deo
948 2179 1051 2225 quod
1075 2188 1155 2216 non
1176 2180 1227 2216 sit
1247 2180 1378 2226 ipsum
1401 2190 1489 2218 esse
1510 2181 1704 2225 divinum,

83 2227 127 2261 ut
147 2234 194 2261 ex
215 2224 331 2261 dictis
353 2226 451 2270 (cap.
482 2225 540 2273 13)
567 2229 684 2271 patet.
707 2226 819 2269 Quod
839 2226 880 2262 in
907 2225 997 2263 aliis
1016 2226 1134 2263 rebus
1162 2235 1243 2263 non
1276 2227 1431 2264 accidit.
1454 2228 1708 2274 Impossibile

85 2274 145 2308 est
166 2271 288 2316 igitur
306 2271 456 2319 aliquid
477 2272 524 2309 de
547 2273 626 2309 Deo
646 2273 814 2309 univoce
833 2277 871 2310 et
888 2272 1005 2310 rebus
1026 2273 1116 2310 aliis
1137 2274 1357 2319 praedicari.

130 2319 278 2362 Adhuc,
301 2327 420 2355 omne
440 2319 546 2366 quod
567 2319 614 2356 de
631 2319 814 2365 pluribus
835 2320 1002 2357 univoce
1022 2320 1259 2366 praedicatur
1278 2321 1340 2358 vel
1372 2325 1432 2360 est
1466 2331 1609 2368 genus,
1642 2321 1706 2360 vel

85 2369 146 2402 est
165 2366 334 2411 species,
360 2366 422 2403 vel
455 2365 692 2412 differentia,
710 2367 771 2403 vel
802 2367 1001 2412 accidens,
1035 2371 1102 2404 aut
1134 2368 1350 2413 proprium.
1380 2370 1432 2406 De
1464 2371 1544 2406 Deo
1573 2373 1706 2406 autem

58 2412 184 2460 ,nihil
207 2413 446 2458 praedicatur
463 2416 507 2450 ut
525 2422 666 2460 genus,
688 2422 760 2451 nec
779 2416 824 2451 ut
843 2413 1078 2459 differentia,
1095 2417 1138 2452 ut
1157 2423 1277 2461 supra
1294 2414 1393 2461 (cap.
1414 2415 1474 2463 25)
1499 2419 1707 2454 ostensum

83 2463 156 2503 est,
179 2463 215 2495 et
236 2460 290 2496 ita
308 2460 409 2497 nihil
430 2459 478 2497 de
496 2462 577 2498 Deo
600 2460 836 2507 praedicatur
857 2465 897 2498 ut
915 2470 1044 2508 genus
1064 2471 1136 2499 nec
1158 2466 1200 2498 ut
1219 2461 1456 2508 differentIa,
1479 2472 1552 2500 nec
1587 2464 1706 2500 etiam

85 2509 127 2541 ut
148 2507 303 2551 species
324 2516 411 2553 quae
432 2517 479 2544 ex
499 2517 643 2555 genere
661 2512 699 2545 et
718 2507 941 2545 differentia
967 2508 1237 2550 constituitur,
1258 2519 1330 2547 nec
1351 2509 1502 2557 aliquid
1537 2509 1573 2546 ei
1602 2510 1706 2546 acci·

81 2551 175 2588 dere
204 2557 347 2598 potest,
367 2557 410 2590 ut
437 2563 559 2601 supra
578 2554 678 2601 (cap.
699 2555 759 2602 23)
781 2555 1095 2594 demonstratum
1127 2559 1200 2593 est.
1233 2558 1276 2594 Et
1311 2556 1367 2594 ita
1409 2556 1507 2594 nihil
1541 2556 1587 2593 de
1626 2557 1706 2594 Deo

82 2598 332 2643 praedicatur,
356 2609 483 2647 neque
512 2605 555 2638 ut
583 2602 782 2648 accidens,
810 2611 939 2650 neque
972 2606 1015 2640 ut
1047 2603 1266 2650 proprium.
1287 2605 1382 2640 Nam
1420 2603 1623 2650 proprium
1658 2603 1706 2640 de

80 2654 228 2697 genere
249 2646 514 2699 accidentium
533 2651 607 2685 est.
630 2648 880 2696 Relinquitur
904 2649 1028 2697 igitur
1059 2650 1160 2687 nihil
1190 2650 1238 2688 de
1272 2651 1352 2687 Deo
1384 2654 1424 2688 et
1456 2650 1577 2687 rebus
1614 2649 1706 2688 aliis

84 2700 251 2729 univoce
273 2693 493 2738 proedicari.

128 2740 229 2783 Item,
253 2740 357 2785 quod
379 2741 547 2778 univoce
567 2740 614 2778 de
632 2741 813 2787 pluribus
833 2744 1083 2789 praedicatur,
1104 2747 1272 2792 utroque
1290 2743 1465 2788 illorum,
1491 2743 1541 2781 ad
1569 2744 1704 2782 minus

80 2787 301 2823 secundum
321 2787 580 2833 intellectum,
603 2789 828 2834 simplicius
847 2795 919 2828 est.
942 2793 1020 2828 Deo
1041 2795 1171 2828 autem
1191 2800 1322 2837 neque
1342 2790 1563 2828 secundum
1584 2791 1705 2828 ratio—

83 2841 188 2885 nem,
211 2842 338 2880 neque
363 2834 584 2871 secundum
618 2835 864 2874 intellectum
886 2841 1015 2884 potest
1038 2847 1126 2876 esse
1147 2837 1300 2886 aliquid
1332 2837 1572 2885 simplicius.
1598 2838 1707 2877 Nihil

81 2883 204 2927 igitur
225 2881 394 2918 univoce
412 2880 460 2919 de
479 2883 559 2919 Deo
581 2885 618 2919 et
637 2882 757 2921 rebus
778 2884 869 2922 aliis
889 2885 1138 2931 praedicatur.
