1894 3223
115 136 185 171 218
499 140 502 143 ·
717 129 804 165 LlB.
833 127 879 172 11,
907 127 1007 164 CAP.
1035 127 1159 164 LXXX.

116 215 153 253 si
173 215 379 251 remanent
395 210 527 248 multae
548 209 691 247 animae
710 212 802 255 post
818 216 1029 254 corporum
1047 208 1358 255 corruptionem,
1380 210 1535 253 oportet
1553 216 1622 245 eas
1641 216 1732 246 esse

117 262 312 302 diversas;
338 257 442 294 sicut
463 256 570 293 enim
593 255 699 293 idem
718 259 780 293 est
798 255 905 302 quod
922 258 983 293 est
996 264 1120 293 unum
1135 254 1354 292 secundum
1374 254 1656 299 substantiam,
1677 255 1734 292 ita

118 308 277 346 diversa
298 306 393 356 sunt
412 312 500 350 quae
521 305 617 341 sunt
634 301 760 340 multa
777 301 997 340 secundum
1027 301 1304 340 substantiam.
1327 303 1414 338 Non
1445 304 1576 347 potest
1603 304 1734 338 autem
1765 341 1768 343 ,

119 363 222 397 esse,
252 351 294 388 in
320 350 531 388 animabus
562 349 859 387 remanentibus
879 352 970 396 post
1000 358 1160 395 corpus,
1191 348 1401 386 diversitas
1422 348 1502 384 nisi
1532 347 1732 393 formalis;

118 408 201 438 non
220 397 327 435 enim
347 400 442 434 sunt
467 397 699 443 compositae
718 406 766 433 ex
782 396 947 433 materia
961 398 1000 433 et
1016 396 1157 441 forma,
1177 399 1221 433 ut
1241 404 1363 442 supra
1381 393 1431 441 (c.
1448 394 1507 441 50)
1525 394 1734 440 probatum

118 450 180 485 est
196 445 244 483 de
264 444 374 482 omni
395 443 620 482 substantia
638 443 910 481 intellectuali.
925 442 1175 490 Relinquitur
1188 442 1311 490 igitur
1328 441 1435 490 quod
1452 445 1548 479 sunt
1567 441 1734 480 diversae

118 491 340 532 secundum
373 491 561 537 speciem.
597 492 684 528 Non
723 493 855 527 autem
892 500 962 536 per
986 491 1281 536 corruptionem
1315 488 1496 536 corporis
1527 492 1733 526 mutantur

118 540 262 579 animae
282 538 332 575 ad
345 538 463 575 aliam
482 537 676 585 speciem;
697 537 792 584 quia
810 546 928 574 omne
948 536 1055 584 quod
1068 539 1242 574 mutatur
1261 536 1309 574 de
1328 536 1461 584 specie
1479 535 1522 572 in
1542 535 1731 581 speciem,

118 585 399 632 corrumpitur.
422 585 673 632 Relinquitur
690 593 787 631 ergo
808 584 927 631 quod,
956 587 1167 631 antequam
1194 586 1332 622 essent
1357 593 1381 621 a
1410 582 1647 630 corporibus
1677 591 1738 619 se·

118 636 279 682 paratae,
298 635 409 669 erant
426 631 646 670 secundum
679 631 852 677 speciem
885 631 1064 682 diversae.
1097 630 1324 677 Composita
1350 633 1481 668 autem
1515 630 1738 667 sortiuntur

118 680 294 728 speciem
310 679 528 717 secundum
551 679 732 716 formam.
758 680 859 724 Ergo
881 681 918 714 et
936 677 1140 714 individua
1159 677 1366 715 hominum
1383 680 1495 715 erant
1515 676 1736 714 secundum

119 727 296 774 speciem
315 726 485 771 diversa,
506 726 614 773 quod
634 729 696 763 est
724 724 1028 762 inconveniens.
1053 725 1153 770 Ergo
1179 723 1429 771 impossibile
1455 723 1610 760 videtur
1631 722 1737 770 quod

119 775 265 814 animae
287 773 471 810 humanae
493 773 627 810 multae
650 775 882 810 remaneant
904 774 995 818 post
1013 779 1193 817 corpora.

169 821 314 861 Adhuc,
336 820 490 857 videtur
510 820 675 858 omnino
699 828 789 857 esse
814 818 1078 865 impossibile,
1109 817 1327 854 secundum
1354 820 1548 863 ponentes
1582 816 1739 854 aeterni-

121 873 241 906 tatem
263 867 414 912 mundi,
434 876 581 913 ponere
602 866 708 914 quod
722 866 865 904 animae
887 866 1070 902 humanae
1089 864 1131 901 in
1146 874 1220 902 sua
1234 864 1486 901 multitudine
1508 866 1745 900 remaneant

122 919 214 963 post
239 917 404 951 mortem
432 914 625 960 corporis.
648 913 687 951 Si
714 914 820 950 enim
852 912 1025 949 mundus
1055 915 1115 949 est
1145 911 1193 948 ab
1221 914 1382 956 aeterno,
1414 913 1546 947 motus
1580 910 1653 947 fuit
1690 910 1739 948 ab

123 967 291 1006 aeterno;
313 970 408 1008 ergo
429 965 467 998 et
486 961 691 1008 generatio
712 964 772 997 est
791 963 950 998 aeterna.
972 958 1047 997 Sed
1066 959 1101 996 si
1117 958 1320 1005 generatio
1336 961 1396 995 est
1411 961 1570 1001 aeterna,
1593 956 1740 994 infiniti

123 1010 308 1048 homines
329 1008 474 1045 mortui
496 1012 590 1045 sunt
605 1012 696 1045 ante
715 1017 804 1045 nos.
824 1007 862 1045 Si
884 1015 978 1053 ergo
999 1006 1141 1043 animae
1156 1009 1403 1042 mortuorum
1423 1008 1629 1042 remanent
1649 1007 1742 1050 post

123 1060 291 1095 mortem
312 1055 352 1091 in
375 1065 449 1092 sua
463 1055 731 1100 multitudine,
753 1057 908 1100 oportet
924 1054 1054 1091 dicere
1072 1053 1228 1090 animas
1256 1051 1434 1089 infinitas
1462 1060 1551 1089 esse
1573 1060 1679 1088 nunc
1697 1051 1740 1088 in

124 1108 215 1142 actu
235 1102 442 1140 hominum
464 1102 574 1148 prius
595 1105 857 1139 mortuorum.
883 1103 963 1138 Hoc
983 1104 1114 1137 autem
1132 1103 1192 1137 est
1208 1098 1477 1145 impossibile3
1501 1107 1592 1147 nam
1611 1097 1743 1134 infini-

123 1156 208 1187 tum
226 1153 315 1186 actu
337 1158 418 1186 non
439 1152 569 1195 potest
594 1158 684 1186 esse
714 1149 754 1185 in
785 1153 938 1185 natura.
972 1147 1223 1194 Relinquitur
1255 1146 1388 1192 igitur,
1409 1145 1443 1182 si
1476 1145 1649 1182 mundus
1680 1147 1741 1182 est

124 1201 311 1241 aeternus,
333 1196 439 1242 quod
456 1196 598 1233 animae
618 1204 699 1233 non
719 1198 951 1232 remaneant
974 1194 1106 1231 multae
1129 1197 1220 1240 post
1240 1196 1421 1229 mortem.

171 1246 270 1285 Item,
294 1243 397 1290 quod
423 1242 581 1280 advenit
600 1242 719 1279 alicui
741 1246 779 1279 et
799 1241 1026 1279 disceditab
1048 1250 1094 1277 eo
1113 1244 1254 1286 praeter
1269 1239 1331 1276 sui
1345 1239 1653 1285 corruptionem,
1672 1239 1738 1276 ad-

123 1291 232 1328 venit
252 1290 288 1327 ei
309 1290 622 1334 accidentaliter3
646 1290 728 1327 haec
750 1290 856 1326 enim
877 1292 937 1326 est
964 1287 1140 1325 definitio
1171 1286 1401 1324 accidentis.
1425 1286 1463 1323 Si
1485 1295 1579 1332 ergo
1607 1286 1740 1324 anima

125 1338 300 1376 humana
335 1346 414 1373 non
446 1336 725 1382 corrumpitur,
757 1345 922 1382 corpore
961 1335 1211 1378 abscedente,
1248 1336 1436 1379 sequetur
1473 1332 1578 1379 quod
1609 1332 1742 1370 anima

123 1385 301 1423 humana
322 1384 618 1421 accidentaliter
638 1383 792 1429 corpori
816 1383 987 1420 uniatur.
1010 1384 1110 1428 Ergo
1133 1381 1253 1417 homo
1275 1384 1334 1417 est
1353 1389 1424 1416 ens
1449 1389 1518 1425 per
1539 1380 1740 1424 accidenS,

125 1432 193 1478 qui
215 1435 274 1468 est
294 1430 541 1476 compositus
561 1440 607 1466 ex
638 1430 771 1467 anima
791 1433 829 1466 et
857 1438 1036 1475 corpore.
1072 1431 1115 1464 Et
1135 1430 1323 1474 sequetur
1343 1427 1510 1463 ulterius
1532 1426 1637 1472 quod
1659 1435 1741 1463 non

125 1479 179 1516 sit
195 1478 328 1524 aliqua
350 1478 504 1523 species
526 1477 718 1520 humana3
738 1485 819 1513 non
840 1477 945 1513 enim
970 1486 1017 1512 ex
1038 1476 1101 1512 his
1122 1484 1208 1521 quae
1229 1473 1527 1520 conjunguntur
1550 1482 1618 1519 per
1639 1473 1741 1511 acci·

125 1526 225 1563 dens
243 1524 286 1562 tit
306 1524 460 1571 species
481 1532 579 1569 una3
602 1533 695 1561 nam
715 1523 835 1561 homo
856 1523 969 1560 albus
989 1531 1070 1560 non
1097 1525 1158 1559 est
1176 1520 1310 1568 aliqua
1330 1520 1497 1572 species.

172 1572 356 1618 Amplius,
378 1571 628 1618 impossibile
647 1574 707 1608 est
732 1571 905 1617 aliquam
940 1568 1204 1607 substantiam
1223 1577 1326 1612 esse,
1348 1575 1463 1613 cujus
1494 1575 1577 1604 non
1598 1567 1649 1604 sit
1670 1567 1741 1604 ali-

125 1629 205 1666 qua
224 1619 414 1665 operatio.
436 1618 509 1656 Sed
530 1618 662 1655 omn1s
684 1618 862 1664 operatio
882 1618 1024 1654 animae
1048 1617 1185 1653 tinitur
1204 1624 1295 1652 cum
1318 1623 1507 1660 corpore;
1530 1614 1636 1660 quod
1661 1614 1745 1661 qui-

125 1667 215 1704 dem
233 1670 338 1712 patet
357 1675 426 1712 per
444 1665 717 1703 inductionem
736 1676 746 1702 2
767 1684 814 1691 —
830 1674 921 1702 nam
953 1664 1118 1701 virtutes
1138 1662 1281 1700 animae
1307 1662 1506 1698 nutritivae
1527 1665 1745 1707 operantur

124 1723 196 1761 per
214 1713 425 1760 qualitates
445 1721 658 1758 corporeas
685 1716 723 1749 et
750 1721 820 1758 per
850 1712 1160 1748 instrumentum
1189 1718 1439 1756 corporeum,
1468 1711 1507 1745 et
1536 1708 1578 1744 in
1611 1708 1744 1754 ipsum

123 1770 285 1806 corpus,
307 1760 414 1807 quod
434 1759 635 1806 perficitur
653 1769 722 1805 per
739 1759 926 1799 animam,
949 1759 1055 1805 quod
1078 1756 1250 1795 nutritur
1270 1760 1308 1793 et
1338 1759 1518 1802 augetur,
1541 1759 1579 1792 et
1597 1765 1645 1792 ex
1663 1764 1744 1803 quo

126 1808 322 1845 deciditur
341 1816 478 1844 semen
497 1807 546 1844 ad
567 1806 878 1853 generationem.
898 1805 1155 1851 operationes
1177 1804 1296 1841 etiam
1317 1811 1458 1840 omnes
1477 1803 1743 1849 potentiarum

126 1864 216 1900 quae
236 1854 434 1900 pertinent
453 1854 502 1892 ad
529 1854 704 1891 animam
736 1853 968 1891 sensitivam
999 1852 1248 1898 complentur
1277 1860 1347 1896 per
1378 1859 1529 1896 organa
1560 1858 1745 1896 corpora·

123 1902 195 1946 lia,
224 1904 262 1938 et
278 1901 459 1948 quaedam
480 1910 615 1938 earum
643 1899 893 1946 complentur
915 1908 1005 1937 cum
1026 1899 1159 1946 aliqua
1177 1897 1509 1935 transmutatione
1531 1896 1743 1942 corporali,

126 1948 233 1985 sicut
252 1957 339 1994 quae
359 1948 546 1984 dicuntur
566 1948 708 1985 animae
744 1946 970 1992 passiones,
991 1949 1035 1983 ut
1054 1955 1179 1990 amor,
1213 1944 1404 1991 gaudium
1433 1947 1472 1980 et
1499 1943 1743 1990 hujusmodi.

126 1995 352 2041 Intelligere
377 1998 523 2039 autem,
547 1994 620 2031 etsi
651 2003 733 2032 non
762 1993 814 2031 sit
834 1993 1011 2040 operatio
1030 2002 1100 2039 per
1128 1991 1290 2039 aliquod
1324 1999 1519 2037 organum
1539 1990 1746 2036 corporale

129 2042 315 2094 exercita,
349 2045 482 2078 tamen
514 2041 669 2088 objecta
699 2041 785 2088 ejus
812 2044 906 2077 sunt
938 2040 1230 2087 phantasmata,
1257 2047 1344 2085 quae
1378 2038 1429 2074 ita
1447 2047 1508 2090 'se
1532 2037 1677 2089 habent
1697 2037 1746 2075 ad

127 2098 256 2134 1psam
274 2092 318 2126 ut
336 2089 492 2126 colores
514 2089 561 2125 ad
581 2088 732 2133 visum;
757 2087 876 2132 unde,
898 2087 1003 2125 sicut
1020 2087 1133 2124 visus
1154 2095 1235 2123 non
1270 2088 1401 2131 potest
1419 2084 1551 2121 videre
1572 2093 1659 2121 sme
1680 2093 1745 2122 co-

127 2136 294 2180 loribus,
320 2135 373 2173 ita
392 2136 526 2172 anima
542 2135 780 2173 intellectiva
801 2144 879 2172 non
896 2134 1259 2180 potestintelligere
1277 2132 1364 2169 sine
1380 2131 1744 2177 phantasmatibus.

129 2183 281 2229 Indiget
301 2183 418 2220 etiam
444 2182 589 2226 anima,
615 2182 663 2219 ad
689 2182 1007 2227 intelligendum,
1034 2181 1246 2219 virtutibus
1275 2178 1588 2225 praeparantibus
1618 2179 1744 2224 phan-

128 2233 298 2267 tasmata
317 2230 366 2266 ad
390 2230 465 2267 hoc
485 2230 590 2276 quod
611 2229 707 2266 fiant
741 2229 1010 2275 intelligibilia
1036 2232 1140 2273 actu,
1174 2225 1328 2266 scilicet
1360 2226 1502 2264 virtute
1535 2226 1748 2272 cogitativa

127 2281 167 2314 et
186 2276 455 2318 memorativa,
485 2277 533 2314 de
560 2277 707 2324 quibus
739 2280 896 2314 constat
927 2276 1049 2323 quod,
1079 2284 1202 2323 quum
1235 2273 1317 2312 sint
1343 2277 1455 2310 actus
1484 2272 1747 2320 quorumdam

129 2333 372 2370 organorum
392 2324 572 2370 corporis
592 2334 661 2370 per
681 2333 768 2371 quae
792 2329 1007 2369 operantur
1036 2331 1117 2360 non
1137 2324 1308 2369 possunt
1328 2329 1531 2357 remanere
1551 2324 1642 2366 post
1661 2328 1747 2357 cor·

128 2380 217 2417 pus.
241 2371 348 2408 Unde
370 2374 408 2408 et
425 2371 658 2409 Aristoteles
676 2371 772 2408 dicit
793 2370 855 2416 (De
875 2372 1012 2412 anima,
1034 2379 1093 2416 111,
1114 2374 1207 2407 text.
1241 2377 1385 2406 comm.
1408 2368 1466 2414 30)
1486 2367 1591 2414 quod
1611 2377 1748 2412 nequa-

128 2428 238 2463 quam
253 2419 331 2454 sine
341 2419 618 2464 phanstasmate
636 2419 810 2462 intelliqit
829 2419 965 2460 anima,
988 2421 1026 2454 et
1045 2417 1151 2464 quod
1170 2416 1265 2453 nihil
1283 2416 1455 2459 intelliyit
1473 2416 1550 2450 sine
1569 2415 1750 2450 intellectu

127 2466 285 2510 passivo,
319 2474 438 2512 quem
467 2468 581 2502 vocat
609 2465 794 2504 virtutem
830 2465 1097 2511 cogitativam,
1117 2474 1204 2511 quae
1238 2467 1300 2501 est
1336 2461 1671 2508 incorruptibilis;
1711 2463 1750 2496 et

129 2515 288 2558 propter
307 2511 383 2550 hoc
400 2512 496 2550 dicit
524 2512 589 2560 (De
618 2515 757 2559 anima,
788 2522 816 2557 1,
847 2515 940 2549 text.
963 2520 1107 2549 comm.
1139 2511 1197 2558 63)
1227 2509 1335 2558 quod
1365 2510 1565 2554 intelliyere
1593 2508 1749 2559 hominis

129 2561 387 2609 corrumpitur,
420 2560 577 2606 quodam
603 2560 758 2596 interius
787 2562 968 2605 corrupto,
1005 2559 1159 2596 scilicet
1190 2558 1466 2604 phantasmate
1495 2556 1556 2592 vel
1587 2561 1747 2600 passwo

129 2605 353 2650 intellectu;
375 2609 411 2643 et
432 2606 497 2653 (De
518 2608 654 2648 anima,
676 2616 735 2652 111,
756 2610 849 2644 text.
866 2615 1009 2643 comm.
1026 2605 1086 2653 20)
1105 2605 1250 2643 dicitur
1266 2603 1373 2652 quod
1391 2614 1463 2640 non
1482 2602 1749 2638 reminiscimur

127 2653 374 2703 post-mortem
393 2663 514 2690 eorum
533 2663 613 2700 quae
631 2656 802 2691 scivimus
822 2655 862 2689 in
879 2655 970 2691 vita.

179 2698 242 2734 Sic
261 2699 382 2744 1gitur
398 2704 504 2745 patet
523 2701 629 2748 quod
656 2701 766 2739 nulla
786 2701 964 2746 operatio
986 2700 1129 2738 animae
1150 2703 1280 2746 potest
1311 2705 1515 2735 remanere
1535 2698 1626 2747 post
1648 2703 1750 2731 nior·

129 2746 230 2789 te1n;
254 2753 380 2791 neque
401 2747 522 2792 igitur
539 2748 764 2786 substantia
783 2748 868 2796 ejus
897 2751 1042 2793 manet,
1063 2756 1185 2795 quum
1219 2745 1330 2783 nulla
1361 2743 1583 2781 substantia
1621 2742 1751 2788 possit

132 2798 222 2830 esse
245 2791 394 2838 absque
410 2794 655 2838 operatione.
