1894 3223
221 148 286 182 138
823 140 912 176 LIB.
941 140 988 184 ΙΙ,
1016 141 1116 176 CAP.
1143 140 1277 176 XXXII.

219 226 325 263 enim
343 234 429 271 (1333
452 229 546 261 sunt
567 223 615 259 ad
635 221 769 267 finem,
791 221 1071 258 necessitatem
1091 230 1114 258 a
1145 220 1223 257 fine
1245 229 1325 258 non
1352 219 1562 265 recipiunt,
1595 218 1673 256 nisi
1706 227 1851 257 secun-

219 274 312 310 dum
331 271 435 318 quod
459 270 551 306 finis
572 270 660 306 3133
692 269 752 305 313
774 268 834 305 vel
855 277 936 305 non
956 271 1065 313 potet
1090 277 1194 313 csse,
1228 268 1333 305 sicut
1362 265 1613 303 conservatio
1640 266 1730 303 vitae
1763 266 1850 303 sine

220 319 323 362 cibo,
340 318 400 354 vel
424 326 505 354 non
526 317 581 353 ita
592 316 692 353 bene
713 324 816 360 esse,
839 315 943 352 sicut
959 316 1034 352 iter
1052 315 1138 352 sine
1152 323 1268 362 equo.
1286 314 1394 352 Finis
1415 317 1547 351 autem
1558 312 1702 350 divinae
1715 312 1853 350 volun-

220 366 312 402 tatis
337 374 385 401 ex
405 374 483 411 qua
503 363 626 400 resin
646 371 736 399 esse
766 366 1049 408 processerunt
1081 371 1163 399 non
1195 364 1326 408 potest
1357 360 1465 398 aliud
1502 369 1592 397 esse
1625 369 1745 407 quam
1778 369 1853 396 sua

219 412 393 456 bonitas,
416 415 458 447 31
478 414 685 447 ostensum
707 412 768 446 est
788 408 829 456 (l.
851 418 878 454 1,
900 419 934 446 c.
954 409 1014 456 75)
1032 421 1040 453 ;
1066 418 1153 456 quae
1173 409 1331 455 quidem
1353 417 1376 445 a
1397 407 1590 444 creaturis
1611 416 1692 444 non
1710 406 1854 453 depen-

221 459 285 495 det
305 467 376 494 nec
398 461 590 505 quantum
611 457 660 493 ad
678 465 782 500 esse,
804 465 927 502 quum
948 456 1000 492 sit
1021 465 1090 502 per
1110 465 1153 492 se
1169 464 1335 492 necesse
1360 463 1462 499 esse,
1481 463 1555 491 nec
1575 457 1768 501 quantum
1801 453 1851 490 ad

219 506 319 542 113113
341 514 444 548 3333,
469 513 589 552 quum
613 504 665 540 sit
686 502 906 540 secundum
941 511 984 540 33
1003 502 1177 548 perfecta
1198 502 1456 548 simpIIciter3
1477 511 1563 548 quae
1584 500 1719 538 omnia
1734 509 1854 546 supra

222 553 270 599 (c.
295 554 338 588 13
357 558 395 589 31
412 552 472 599 28)
495 555 659 589 ostensa
675 553 782 587 sunt.
801 551 887 586 Non
924 553 984 586 331
1010 549 1131 596 igitur
1159 553 1379 586 creaturam
1399 558 1488 586 esse
1507 548 1688 586 absolute
1716 556 1854 584 neces-

221 599 398 643 sarium3
421 608 493 636 nec
512 599 636 645 igitur
654 597 928 634 necessarium
962 600 1021 632 est
1041 604 1188 642 ponere
1222 599 1442 633 creaturam
1464 605 1621 641 semper
1641 595 1781 632 fuisse.

267 647 412 686 Adhuc,
434 646 540 692 quod
560 649 620 682 331
641 654 689 681 ex
708 644 910 681 voluntate
935 652 1017 680 non
1041 646 1102 680 est
1121 643 1303 680 absolute
1335 643 1623 687 necessarium,
1640 642 1719 679 nisi
1752 641 1854 678 forte

222 693 381 741 quando
402 693 645 730 voluntatem
668 692 743 729 hoc
764 691 863 727 velle
885 694 945 727 est
966 690 1252 727 necessarium.
1275 692 1380 727 Deus
1396 694 1526 727 autem
1544 698 1623 726 non
1638 698 1708 735 per
1719 697 1855 725 neces-

223 741 380 778 sitatem
402 744 566 782 naturae,
591 739 661 777 sed
681 748 751 785 per
767 738 1026 781 voluntatem,
1045 737 1228 783 producit
1242 740 1444 774 creaturas
1464 737 1506 773 in
1527 745 1630 776 3333,
1651 740 1695 772 ut
1714 735 1854 781 proba-

221 791 306 824 tum
340 790 400 824 est
432 787 480 834 (c.
501 787 589 833 23);
624 795 698 823 nec
731 785 970 822 necessitate
999 785 1083 821 vult
1115 787 1317 821 creaturas
1348 793 1450 828 esse,
1483 787 1526 820 ut
1554 785 1761 820 ostensum
1796 785 1858 819 est

225 835 266 880 (l.
288 844 314 874 1,
337 844 373 870 3.
396 834 468 880 ³³1).
491 835 579 871 Non
594 833 718 880 igitur
738 836 798 869 331
831 832 1012 869 3113011113
1045 831 1319 868 33333331133]
1353 834 1555 867 creaturas
1591 839 1695 875 3333,
1729 838 1859 876 neque

224 891 319 928 ergo
342 881 615 918 necessarium
639 884 700 917 331
721 889 788 916 333
808 886 963 924 semper
983 879 1122 915 fuisse.

271 929 453 974 Amplius,
478 932 686 965 ostensum
703 931 763 963 331
784 936 903 972 supra
926 928 972 972 (3.
995 926 1055 973 23)
1077 925 1183 972 quod
1204 927 1309 962 Deus
1330 934 1412 961 11011
1433 924 1514 971 agit
1534 924 1669 971 aliqua
1701 922 1858 960 actione

228 985 315 1023 quae
337 976 390 1012 sit
410 979 518 1012 extra
539 975 670 1021 ipsum
691 974 805 1021 (13331
826 973 873 1010 ab
894 974 982 1019 ipso
1003 973 1139 1009 exiens
1161 975 1198 1009 31
1218 973 1259 1008 in
1278 976 1499 1009 creaturam
1513 971 1737 1014 terminata,
1754 970 1859 1007 sicut

226 1022 434 1060 calefactio
453 1023 533 1059 exit
553 1021 600 1058 ab
623 1022 715 1068 igne
735 1025 774 1058 et
789 1020 1024 1057 terminatur
1042 1020 1083 1056 in
1098 1020 1208 1066 ligna
1222 1032 1229 1063 ;
1242 1019 1311 1056 sed
1325 1019 1410 1066 eJ'us
1429 1018 1529 1055 velle
1547 1022 1608 1055 est
1625 1017 1710 1065 ejus
1720 1026 1854 1064 agere;

226 1074 263 1106 et
284 1070 359 1106 hoc
380 1069 499 1106 modo
521 1073 615 1106 sunt
634 1077 698 1105 133
719 1068 939 1105 secundum
974 1067 1079 1114 quod
1107 1068 1211 1103 Deus
1232 1067 1316 1103 vult
1344 1075 1412 1103 eas
1438 1074 1542 1103 esse.
1564 1065 1638 1102 Sed
1672 1073 1857 1101 necessa-

226 1117 331 1153 rium
352 1125 433 1153 non
455 1120 515 1153 331
534 1116 638 1162 (1303
660 1117 765 1152 Ι)333
784 1115 876 1151 velit
898 1119 1117 1151 creaturam
1140 1123 1297 1160 semper
1316 1113 1456 1158 fuisse,
1479 1121 1601 1159 quum
1622 1112 1741 1149 etiam
1776 1119 1858 1148 non

227 1164 279 1201 311
297 1164 569 1200 necessarium
593 1165 715 1199 Deum
735 1162 835 1198 velle
857 1161 962 1208 quod
981 1165 1161 1198 creatura
1191 1161 1244 1197 sit
1281 1160 1460 1204 omnino,
1491 1163 1533 1196 31
1565 1163 1771 1196 0313113331
1797 1161 1858 1194 331

228 1211 266 1247 (l.
295 1219 321 1254 1,
344 1221 378 1247 c.
401 1211 474 1257 81).
491 1212 577 1247 Non
604 1210 725 1256 igitur
745 1214 805 1245 est
825 1208 1096 1246 necessarium
1118 1208 1224 1255 quod
1246 1211 1428 1245 creatura
1444 1216 1602 1252 semper
1618 1206 1750 1243 fuerit.

274 1259 375 1297 Item,
395 1258 443 1294 ab
463 1261 604 1304 agente
625 1266 693 1302 per
710 1257 953 1293 voluntatem
975 1265 1055 1292 non
1078 1254 1256 1301 procedit
1275 1254 1425 1301 aliquid
1443 1264 1491 1290 ex
1508 1253 1748 1290 necessitate
1778 1251 1858 1288 nisi

226 1314 296 1351 per
312 1305 505 1341 rationem
522 1304 691 1350 alicujus
706 1303 841 1340 debiti.
864 1305 918 1339 Ex
937 1303 1048 1339 113110
1069 1306 1200 1339 autem
1219 1301 1352 1339 debito
1373 1302 1478 1338 Deus
1516 1304 1738 1337 creaturam
1768 1307 1859 1344 pro-

229 1352 350 1395 ducit,
381 1352 414 1388 31
431 1351 613 1388 absolute
634 1349 874 1387 universalis
894 1354 1082 1387 creaturae
1100 1348 1307 1394 productio
1340 1348 1628 1392 consideretur,
1662 1351 1706 1383 ut
1738 1355 1860 1391 supra

229 1399 277 1444 (c.
299 1399 358 1444 28)
380 1403 584 1435 ostensum
609 1401 681 1434 est.
703 1399 788 1433 Non
810 1397 931 1443 igitur
952 1407 999 1433 ex
1014 1396 1252 1433 necessitate
1273 1397 1377 1432 Deus
1410 1399 1629 1432 creaturam
1661 1393 1857 1439 producit.

227 1447 305 1482 Nec
326 1445 448 1492 igitur
482 1444 754 1482 necessarium
775 1448 849 1488 est,
869 1444 903 1480 si
925 1445 1028 1480 Deus
1048 1443 1314 1489 sempiternus
1335 1443 1400 1486 sit,
1422 1442 1528 1488 (1303
1561 1445 1781 1478 3133131331
1810 1439 1858 1476 ab

229 1497 378 1529 aeterno
393 1492 634 1538 produxerit.

273 1541 464 1584 Praeterea,
487 1543 693 1576 ostensum
713 1541 775 1575 est
794 1547 915 1583 supra
935 1537 983 1584 (c.
1006 1537 1132 1583 29-30)
1151 1536 1259 1584 quod
1279 1536 1465 1574 absoluta
1483 1535 1706 1573 necessitas
1731 1534 1773 1571 in
1796 1542 1858 1570 re-

229 1587 304 1624 bus
325 1587 468 1623 creatis
486 1595 567 1623 non
603 1590 663 1623 est
684 1595 753 1631 per
782 1585 963 1622 ordinem
997 1585 1045 1621 ad
1071 1585 1245 1629 primum
1281 1583 1523 1630 principium
1560 1582 1667 1631 quod
1705 1591 1775 1628 per
1814 1589 1859 1618 33

230 1643 396 1670 necesse
418 1637 478 1670 est
498 1642 602 1678 3333,
625 1633 777 1670 33111331
798 1634 936 1675 Deum,
957 1632 1026 1668 sed
1046 1641 1116 1676 per
1145 1631 1325 1668 ordinem
1361 1630 1410 1667 ad
1446 1630 1546 1667 alias
1586 1638 1732 1667 causas
1768 1636 1857 1674 quae

229 1689 311 1718 non
330 1684 422 1718 sunt
445 1690 513 1726 per
537 1690 580 1717 33
602 1679 839 1718 necessariae
857 1688 1002 1716 causae.
1024 1679 1250 1715 Necessitas
1269 1681 1401 1715 autem
1421 1677 1575 1715 ordinis
1603 1677 1653 1714 ad
1684 1676 1725 1713 id
1753 1674 1860 1722 quod

229 1736 312 1764 non
329 1734 389 1764 est
403 1737 472 1774 per
492 1737 535 1764 33
559 1736 724 1764 necesse
745 1735 850 1771 esse,
871 1734 953 1763 non
972 1726 1080 1772 cogit
1110 1725 1262 1772 aliquid
1296 1734 1453 1771 semper
1478 1724 1634 1769 fuisse;
1675 1722 1860 1770 sequitur

231 1775 351 1819 enim,
374 1775 408 1812 si
435 1774 585 1821 aliquid
607 1774 745 1819 currit,
766 1773 873 1820 (1303
904 1776 1136 1816 31ον33131;
1176 1781 1259 1809 1103
1291 1776 1424 1808 tamen
1455 1780 1622 1809 necesse
1655 1774 1716 1808 est
1750 1768 1859 1822 quod

230 1830 387 1867 semper
403 1824 554 1858 motum
577 1821 709 1865 fuerit,
731 1821 825 1867 quia
852 1820 985 1865 ipsum
1018 1828 1177 1856 currere
1203 1827 1285 1856 non
1307 1823 1368 1856 est
1389 1827 1459 1865 per
1485 1827 1529 1856 se
1567 1824 1859 1855 necessarium.

231 1868 338 1904 Nihil
359 1877 454 1914 ergo
475 1867 582 1915 cogit
602 1871 806 1905 creaturas
827 1875 985 1912 semper
1006 1866 1146 1903 fuisse.
1225 1870 1228 1872 ’

879 2012 1047 2054 CAPUT
1075 2013 1236 2053 XXXII.

243 2122 434 2164 R'ATioNl-:s
450 2133 628 2163 PROBARE
649 2131 872 2163 VOLENTIUM
894 2132 1182 2162 AETERNITATEM
1199 2133 1337 2166 MUNDI,
1356 2133 1408 2162 EX
1426 2133 1553 2162 PARTE
1576 2133 1643 2161 DEI
1661 2130 1859 2162 ACCEPTAE.

282 2245 358 2283 Sed
380 2246 475 2292 quia
492 2245 711 2282 multorum
729 2245 878 2291 positio
899 2246 975 2283 suit
1001 2243 1107 2292 quod
1127 2243 1302 2281 mundus
1321 2252 1477 2289 semper
1496 2245 1600 2279 etex
1619 2241 1860 2278 necessitate

234 2293 353 2330 fuerit
375 2296 413 2329 et
432 2293 507 2330 hoc
527 2292 802 2330 demonstrare
823 2294 954 2330 conati
977 2296 1085 2336 sunt,
1107 2295 1229 2328 restat
1254 2290 1430 2328 rationes
1461 2298 1600 2327 eorum
1620 2297 1784 2335 ponere,
1817 2291 1860 2326 ut

235 2340 471 2377 ostendatur
488 2339 594 2387 (1303
615 2348 696 2376 non
718 2339 766 2376 de
787 2340 1025 2377 necessitate
1047 2338 1292 2375 concludunt
1321 2337 1460 2375 mundi
1485 2335 1858 2382 sempiternitatem.

279 2389 415 2430 Primo,
437 2392 569 2424 autem
590 2390 788 2433 ponentur
808 2387 985 2424 rationes
1007 2395 1094 2433 (1333
1114 2389 1328 2422 sumuntur
1344 2394 1393 2423 ex
1409 2387 1519 2432 parte
1539 2383 1634 2427 Dei,-

280 2434 455 2475 Secundo,
479 2443 566 2477 (1333
587 2437 801 2471 sumuntur
819 2444 867 2471 ex
882 2438 992 2480 parte
1014 2436 1204 2470 creaturae
1225 2432 1356 2479 (infra,
1372 2441 1407 2469 c.
1431 2430 1504 2477 33);

285 2483 414 2521 Tertio,
439 2491 526 2528 (1333
547 2484 760 2518 sumuntur
777 2490 800 2518 a
819 2481 938 2519 modo
957 2479 1144 2518 factionis
1161 2489 1309 2525 rerum,
1330 2479 1552 2517 secundum
1571 2485 1690 2524 quem
1706 2484 1861 2522 ponun-

236 2531 302 2564 tur
321 2528 368 2564 de
393 2537 496 2565 novo
518 2528 692 2577 incipere
713 2536 804 2565 3333
823 2528 871 2575 (3.
890 2528 964 2576 34).

285 2576 337 2625 Ex
358 2579 465 2620 parte
483 2579 611 2612 autem
640 2574 724 2620 Dei,
755 2574 805 2612 ad
835 2575 1095 2613 aeternitatem
1129 2573 1268 2611 mundi
1307 2571 1610 2614 ostendendam,
1647 2574 1860 2607 sumuntur

237 2624 415 2658 rationes
437 2622 682 2667 hujusmodi.

284 2668 407 2704 Omne
427 2677 550 2714 agens
569 2669 674 2715 (1303
696 2678 777 2706 non
798 2678 955 2716 semper
978 2669 1060 2716 agit
1080 2671 1263 2706 movetur
1289 2675 1359 2713 per
1377 2675 1422 2703 se
1442 2665 1504 2701 vel
1536 2673 1606 2711 per
1636 2664 1824 2702 accidens
1845 2676 1855 2702 :

236 2723 305 2759 per
325 2723 367 2751 sc
388 2714 562 2766 quidem,
583 2716 688 2752 sicut
705 2716 827 2763 ignis,
849 2716 916 2763 qui
934 2725 1015 2753 non
1037 2724 1193 2762 semper
1225 2712 1494 2756 comburebat,
1525 2711 1666 2758 incipit
1698 2712 1858 2749 combu-

237 2762 534 2812 re1·e,'velqu1a
553 2761 600 2798 de
621 2771 724 2799 novo
754 2763 998 2808 accenditur,
1019 2763 1081 2799 vel
1119 2762 1215 2809 quia
1248 2761 1296 2798 de
1325 2768 1430 2797 novo
1462 2758 1701 2796 transfertur
1735 2763 1780 2796 ut
1807 2759 1860 2796 sit

236 2816 504 2862 propinquum
543 2808 840 2854 combustibili;
872 2819 943 2856 per
980 2809 1167 2847 accidens
1205 2811 1351 2852 autem,
1373 2806 1478 2844 sicut
1504 2809 1635 2843 motor
1667 2805 1854 2843 animalis

237 2854 456 2906 1331111133
486 2863 589 2907 noro
619 2864 778 2907 movere
806 2857 968 2899 animal,
1005 2857 1139 2902 aliquo
1162 2863 1264 2891 novo
1291 2852 1537 2905 motuesacto
1569 2853 1672 2891 circa
1706 2853 1856 2900 ipsum,

237 2901 297 2938 vel
319 2911 366 2938 ex
385 2905 580 2948 interiori,
599 2905 704 2940 31031
728 2912 851 2950 (13331
883 2903 1030 2940 animal
1059 2900 1359 2948 expergiscitur,
1386 2900 1612 2947 digestione
1646 2900 1857 2947 completa,
