1894 3223
128 142 199 177 560
693 137 782 172 LIB.
808 136 868 179 IV,
895 135 996 171 CAP.
1022 135 1184 172 xxxvu.

130 218 263 256 anima
293 223 330 255 et
351 228 397 254 ex
417 218 493 253 1106
512 225 677 262 corpore
695 215 759 252 hic
781 215 900 252 homo
921 215 1057 262 (quod,
1079 218 1218 259 praeter
1255 216 1501 261 hypostasim
1523 215 1583 251 vel
1608 224 1745 260 perso-

130 276 235 308 nam,
254 263 499 310 hypostasim
519 266 557 299 et
576 270 787 308 personam
804 261 1015 307 designat),
1031 262 1210 299 volentes
1228 263 1371 299 evitare
1388 272 1436 299 116
1457 261 1748 309 cogerenturin

130 312 285 349 Christo
318 319 462 355 ponere
495 309 668 355 aliquam
690 308 936 355 hypostasim
966 308 1025 344 vel
1058 317 1270 353 personam
1289 309 1414 353 Verbi,
1438 309 1621 345 dixerunt
1640 307 1748 354 quod

129 358 261 395 anima
281 359 319 392 et
338 365 482 402 corpus
504 365 584 392 non
605 356 765 392 fuerunt
781 355 889 392 unita
906 355 946 391 111
968 354 1136 400 Christo,
1151 364 1223 391 nec
1241 364 1288 391 ex
1306 355 1362 392 eis
1377 356 1509 402 aliqua
1523 355 1749 393 substantia

129 405 232 441 facta
251 407 331 446 est;
357 407 394 439 et
423 412 490 447 per
510 403 585 439 hoc
618 402 788 439 Nestorii
809 402 991 438 haeresim
1013 401 1133 438 vitare
1154 401 1349 438 volebant.
1370 404 1535 447 Rursus,
1557 402 1650 448 quia
1671 402 1748 439 1106

127 450 372 496 impossibile
387 450 539 485 videtur
553 449 658 495 quod
673 449 821 495 aliquid
841 448 889 485 sit
907 448 1165 485 substantiale
1180 448 1297 486 alicui
1316 452 1353 484 et
1373 458 1452 485 non
1470 450 1522 486 sit
1541 449 1587 486 de
1607 453 1748 486 natura

128 497 214 543 ejus
234 506 351 543 quain
370 496 478 542 prius
498 496 648 539 habuit,
667 495 817 542 absque
837 495 1054 532 mutatione
1075 495 1217 541 ipsius,
1238 495 1406 532 Verbum
1429 499 1559 532 autem
1581 495 1746 533 omnino

127 543 371 581 immutabile
392 545 463 587 est,
488 551 536 579 ne
556 546 794 588 cogerentur
809 551 955 587 ponere
976 542 1146 579 animam
1168 545 1206 578 et
1222 551 1366 587 corpus
1390 547 1595 588 assumpta
1628 543 1747 588 perti-

128 600 221 628 nere
247 590 292 627 ad
314 593 494 627 naturam
515 589 641 630 Verbi,
665 598 783 636 quam
804 589 942 626 habuit
962 590 1009 626 ab
1027 591 1187 634 aeterno,
1206 593 1425 635 posuerunt
1450 590 1556 636 quod
1576 590 1747 627 Verbum

127 637 348 683 assumpsit
376 637 548 674 animam
580 637 796 674 humanam
826 638 864 673 et
891 645 1036 681 corpus
1066 636 1185 672 modo
1219 635 1465 679 accidentali,
1489 636 1589 673 sicut
1626 636 1748 674 homo

128 685 297 721 assumit
310 683 599 728 indumentum,
620 693 689 729 per
707 683 784 721 1106
803 692 975 720 errorem
994 682 1220 730 Eutychetis
1241 682 1448 719 excludere
1469 683 1749 722 volentes.Sed

127 731 211 768 haec
228 731 374 776 positio
396 730 560 767 omnino
582 730 773 768 doctrinae
792 730 883 767 fidei
905 734 1111 777 repugnat.

173 778 312 814 Anima
334 777 435 814 enim
457 780 494 814 et
512 786 657 823 corpus
678 786 751 814 sua
770 777 919 814 unione
939 777 1139 814 hominem
1170 777 1420 814 constituunt
1438 787 1447 820 ;
1470 776 1599 813 forma
1626 776 1746 822 enim,

127 825 300 862 materiae
333 825 562 869 adveniens,
591 824 765 870 speciem
785 824 1002 861 constituit.
1032 824 1070 861 Si
1103 823 1224 870 igitur
1259 824 1392 861 anima
1422 826 1458 859 et
1489 831 1635 869 corpus
1667 832 1749 860 non

129 872 274 909 suerint
304 871 344 908 in
375 872 529 908 Christo
568 871 690 915 unita,
726 871 905 908 Christus
934 880 1014 908 non
1054 871 1126 907 fuit
1159 871 1300 915 homo,
1339 873 1478 907 contra
1512 870 1748 916 Apostolum

128 919 323 956 dicentem
347 930 355 954 :
377 919 556 954 Mediator
571 920 636 954 Dei
654 921 688 953 et
702 918 887 955 hominum
904 918 1004 954 homo
1026 918 1189 955 Christus
1208 919 1323 954 Jesus.
1341 917 1373 963 (I
1393 919 1556 961 Tt'm.,11‚
1576 917 1626 963 5,)

174 967 275 1005 Item,
299 965 574 1011 unusquisque
595 968 776 1011 nostrum
796 975 843 1002 ea
874 966 1026 1002 ratione
1049 966 1169 1003 homo
1197 964 1339 1001 dicitur
1358 963 1450 1010 quia
1470 966 1592 1001 estex
1617 963 1751 1000 anima

128 1012 311 1050 rationali
331 1012 586 1049 constitutus.
602 1012 640 1049 Si
659 1012 779 1058 igitur
796 1012 975 1050 Christus
995 1021 1076 1049 non
1097 1022 1144 1049 ea
1172 1011 1322 1049 ratione
1342 1011 1486 1048 dicitur
1512 1010 1647 1055 homo,
1678 1009 1750 1048 sed

129 1060 260 1097 solum
282 1059 375 1106 quia
396 1059 534 1096 habuit
562 1059 734 1096 animam
768 1061 805 1096 et
824 1068 982 1105 corpus,
1005 1059 1096 1096 licet
1116 1068 1197 1096 non
1233 1058 1357 1099 unita,
1379 1057 1576 1104 aequivoce
1599 1057 1751 1095 dicetur

129 1106 264 1150 homo,
288 1110 325 1142 et
345 1115 424 1143 non
443 1106 517 1142 erit
536 1105 714 1151 ejusdem
735 1106 882 1152 speciei
902 1106 1124 1154 nobiscum,
1146 1110 1285 1143 contra
1297 1105 1531 1152 Apostolum
1553 1104 1749 1145 dicentem

128 1154 234 1201 quod
262 1154 384 1189 debuit
394 1163 461 1197 per
477 1154 597 1189 omnia
617 1152 798 1197 fratribus
817 1154 988 1189 similari.
1010 1153 1145 1200 (Heba,
1163 1162 1204 1198 Π,
1226 1152 1300 1201 17.)

175 1201 320 1243 Adhuc,
344 1209 422 1236 non
457 1209 574 1236 omne
595 1209 740 1246 corpus
766 1200 931 1245 pertinet
967 1200 1015 1237 ad
1043 1201 1256 1237 humanam
1289 1202 1486 1244 naturam,
1514 1199 1585 1237 sed
1615 1199 1748 1236 solum

128 1255 276 1292 corpus
307 1247 541 1283 humanum.
572 1248 659 1283 Non
690 1250 821 1284 autem
852 1250 911 1284 est
943 1256 1087 1293 corpus
1118 1247 1334 1284 humanum
1359 1246 1433 1283 nisi
1458 1246 1564 1292 quod
1598 1250 1658 1283 est
1679 1254 1749 1291 per

128 1294 318 1331 unionem
335 1294 475 1330 animae
497 1293 701 1331 rationalis
719 1293 956 1331 vivificatum
973 1306 982 1339 3
1006 1303 1133 1340 neque
1153 1294 1258 1330 enim
1274 1293 1415 1330 oculus
1430 1297 1497 1329 aut
1515 1302 1660 1329 manus
1674 1295 1749 1344 ‘aut

127 1350 212 1386 pes,
234 1341 295 1377 vel
325 1350 416 1377 caro
449 1345 487 1376 et
516 1349 576 1385 os,
599 1340 730 1378 anima
759 1344 953 1386 separata,
983 1340 1169 1377 dicuntur
1188 1340 1265 1377 nisi
1284 1340 1499 1386 aequivoce.
1521 1341 1608 1377 Non
1628 1339 1749 1386 igitur

127 1389 272 1434 poterit
291 1387 365 1424 dici
383 1387 487 1434 quod
508 1387 677 1424 Verbum
697 1388 915 1434 assumpsit
930 1391 1110 1425 naturam
1132 1388 1360 1432 humanam,
1381 1387 1415 1424 si
1437 1395 1582 1432 corpus
1602 1387 1746 1424 animae

127 1443 208 1472 non
226 1434 377 1471 unitum
399 1433 627 1479 assumpsit.

173 1482 356 1526 Amplius,
387 1481 519 1517 anima
546 1481 721 1517 humana
741 1480 974 1517 naturaliter
1002 1481 1166 1518 unibilis
1188 1484 1248 1518 est
1267 1480 1437 1526 corpori.
1462 1479 1602 1516 Anima
1627 1479 1750 1527 igitur

127 1538 214 1575 quae
251 1537 454 1574 nunquam
475 1528 630 1573 corpori
664 1527 797 1564 unitur
823 1528 872 1564 ad
893 1528 1042 1574 aliquid
1071 1528 1394 1565 constituendum
1421 1536 1499 1564 non
1523 1531 1584 1564 est
1615 1527 1749 1564 anima

127 1575 302 1612 humana
329 1575 422 1621 quia
442 1574 548 1620 quod
568 1578 628 1611 est
650 1576 789 1620 praeter
811 1577 992 1611 naturam
1013 1584 1094 1611 non
1115 1578 1245 1621 potest
1270 1583 1359 1612 esse
1379 1583 1547 1620 semper.
1570 1573 1607 1611 si
1629 1574 1749 1621 igitur

126 1623 261 1659 anima
278 1621 420 1659 Christi
440 1630 521 1658 non
542 1623 603 1658 est
623 1621 732 1658 unita
748 1622 904 1667 corpori
923 1622 1009 1667 ejus
1027 1622 1076 1658 ad
1102 1621 1250 1669 aliquid
1272 1621 1608 1665 constituendum,
1630 1620 1748 1657 relin-

126 1669 260 1716 quitur
280 1668 385 1717 quod
406 1677 487 1705 non
509 1668 561 1705 sit
587 1668 719 1705 anima
739 1669 938 1713 humana3
960 1673 999 1705 et
1029 1669 1088 1706 516
1113 1669 1155 1705 111
1177 1668 1331 1706 Christo
1362 1677 1441 1705 11011
1470 1668 1542 1705 fuit
1573 1668 1750 1705 humana

125 1719 280 1754 natura.

172 1765 365 1804 Praeterea,
388 1763 422 1800 si
451 1762 619 1800 Verbum
648 1762 800 1800 unitum
830 1766 890 1800 est
910 1763 1052 1800 animae
1085 1766 1123 1800 61
1142 1763 1297 1809 corpori
1317 1761 1622 1808 accidentaliter,
1645 1762 1750 1800 51661

124 1810 374 1854 indumento,
396 1813 537 1846 natura
570 1810 745 1846 humana
765 1819 844 1847 non
884 1810 958 1847 fuit
992 1813 1132 1847 natura
1151 1810 1279 1846 Verbi.
1304 1810 1471 1846 Verbum
1507 1810 1627 1855 igitur
1658 1812 1748 1855 post

125 1857 315 1894 unionem
353 1865 433 1893 non
469 1857 543 1893 fuit
577 1857 801 1894 subsistens
837 1857 876 1893 in
913 1857 1068 1894 duabus
1107 1857 1261 1894 naturis
1276 1885 1285 1901 ,
1321 1856 1424 1893 sicut
1458 1865 1587 1902 neque
1626 1856 1747 1892 homo

124 1903 289 1941 indutus
307 1903 448 1940 dicitur
466 1903 505 1939 in
522 1903 676 1940 duabus
698 1904 847 1940 naturis
869 1903 1111 1949 subsistere3
1133 1903 1239 1952 quod
1259 1903 1350 1950 quia
1369 1903 1563 1949 Eutyches
1584 1903 1748 1947 dixit‚in

125 1950 435 1988 chalcedonensi
454 1950 612 1996 Synodo
635 1954 694 1987 651
714 1950 938 1987 damnatus.

171 1998 273 2037 Item,
292 1997 513 2033 indumenti
535 1997 669 2042 passio
689 2006 768 2034 non
782 1998 948 2034 refertur
959 1997 1007 2034 ad
1022 1997 1228 2043 indutum3
1251 2006 1329 2034 11011
1348 1997 1448 2032 enim
1467 1996 1608 2033 dicitur
1626 1996 1747 2034 homo

125 2044 237 2080 nasci
285 2044 443 2090 quando
482 2043 684 2087 induitur,
724 2053 851 2090 neque
901 2044 1100 2081 vulnerari
1143 2045 1177 2081 si
1222 2044 1501 2082 vestimentum
1538 2043 1745 2080 laceretur.

124 2091 163 2128 Si
208 2090 329 2137 igitur
368 2090 537 2127 Verbum
572 2090 791 2136 assumpsit
827 2090 999 2127 animam
1047 2094 1085 2127 et
1129 2100 1275 2136 corpus
1318 2090 1418 2127 sicut
1460 2090 1580 2127 homo
1632 2090 1747 2127 indu-

124 2141 316 2181 mentum,
351 2146 432 2174 non
452 2136 592 2183 poterit
612 2138 686 2174 dici
705 2137 810 2184 quod
832 2139 936 2175 Deus
959 2138 1009 2175 sit
1029 2141 1146 2175 natus
1166 2141 1234 2175 aut
1258 2146 1403 2184 passus
1424 2140 1583 2183 propter
1602 2146 1748 2184 corpus

125 2188 389 2230 assumptum.

170 2232 316 2272 Adhuc,
336 2231 367 2267 si
389 2231 554 2268 Verbum
578 2231 798 2276 assumpsit
817 2231 1032 2269 humanam
1054 2235 1235 2269 naturam
1257 2231 1387 2269 solum
1410 2234 1452 2268 ut
1471 2231 1748 2269 indumentum

125 2287 204 2324 quo
224 2282 361 2323 posset
384 2278 590 2315 hominum
610 2278 737 2315 oculis
756 2288 958 2324 apparere,
981 2279 1127 2316 frustra
1144 2279 1319 2316 animam
1339 2278 1638 2325 assumpsisset,
1661 2287 1748 2326 quae

124 2325 346 2363 secundum
363 2334 476 2362 suam
493 2327 672 2362 naturam
693 2325 903 2363 invisibilis
923 2329 996 2363 est.

170 2373 355 2417 Amplius,
390 2372 610 2409 secundum
642 2372 718 2409 1106
750 2381 829 2410 non
864 2372 979 2410 aliter
1016 2373 1304 2419 assumpsisset
1335 2373 1459 2410 Filius
1488 2382 1647 2410 carnem
1673 2371 1747 2410 116-

123 2428 282 2456 manam
305 2428 422 2466 quam
445 2419 610 2465 Spiritus
632 2423 795 2456 sanctus
816 2420 1010 2457 columbae
1029 2420 1203 2466 speciem
1223 2420 1266 2456 in
1298 2429 1377 2466 qua
1409 2420 1617 2466 apparuit;
1639 2419 1746 2466 quod

123 2470 230 2512 patet
258 2475 348 2503 esse
381 2466 552 2510 falsum;
579 2475 670 2503 nam
697 2466 865 2512 Spiritus
895 2470 1060 2504 sanctus
1092 2476 1173 2504 non
1213 2466 1356 2504 dicitur
1394 2467 1523 2504 sactus
1562 2466 1749 2504 columba

123 2521 252 2559 neque
268 2513 400 2550 minor
419 2515 530 2550 Patre
552 2513 771 2550 secundum
793 2517 973 2551 naturam
995 2517 1257 2561 assumptam.

170 2561 270 2600 Item,
299 2560 334 2597 si
360 2559 448 2606 quis
468 2560 674 2607 diligenter
693 2560 930 2602 consideret,
949 2561 997 2598 ad
1019 2561 1121 2598 hanc
1143 2561 1381 2606 positionem
1402 2561 1647 2598 diversarum
1667 2560 1746 2597 1116-

123 2607 273 2658 resium
310 2607 629 2644 inconvenientia
661 2611 896 2654 sequuntur.
933 2610 985 2644 Ex
1013 2617 1061 2645 eo
1091 2608 1195 2645 enim
1228 2609 1335 2655 quod
1373 2608 1466 2645 dicit
1505 2608 1641 2645 Filium
1680 2606 1748 2643 Dei

124 2656 277 2690 unitum
315 2654 455 2691 animae
489 2657 526 2691 et
552 2654 662 2691 carni
694 2654 929 2692 accidentali
964 2655 1096 2699 modo,
1123 2655 1228 2692 sicut
1258 2656 1461 2692 hominem
1494 2655 1744 2697 vestimento,

123 2700 310 2751 convenit
330 2701 510 2746 opinioni
531 2701 717 2746 Nestorii,
739 2701 806 2748 qui
826 2702 1046 2739 secundum
1067 2701 1396 2740 inhabitationem
1415 2701 1529 2738 Verbi
1553 2701 1619 2737 Dei
1645 2701 1746 2736 hanc

122 2754 163 2782 111
187 2745 348 2797 homine
370 2748 560 2785 unionem
592 2756 682 2786 esse
703 2748 846 2786 factam
867 2749 1062 2794 asseruit;
1084 2758 1166 2786 non
1185 2749 1292 2786 enim
1314 2751 1437 2786 Deum
1459 2757 1547 2785 esse
1563 2746 1746 2784 indutum

122 2794 251 2838 potest
276 2793 445 2840 intelligi
473 2804 541 2840 per
571 2798 719 2833 tactum
750 2804 1000 2841 corporeum,
1032 2796 1102 2834 sed
1134 2796 1265 2834 solum
1296 2806 1365 2842 per
1402 2795 1568 2842 gratiam
1591 2793 1746 2831 inhabi-

121 2841 286 2876 tantem.
307 2841 360 2875 Ex
381 2840 456 2876 1106
478 2841 592 2877 etiam
608 2842 714 2888 quod
735 2842 834 2879 dixit
855 2843 1139 2880 accidentalem
1158 2843 1349 2880 unionem
1369 2841 1481 2877 Verbi
1503 2840 1551 2877 ad
1571 2840 1746 2877 animam

123 2889 163 2923 et
199 2895 359 2924 carnem
398 2886 628 2933 humanam,
664 2889 845 2936 sequitur
881 2890 988 2936 quod
1018 2890 1187 2927 Verbum
1217 2893 1309 2936 post
1341 2888 1530 2926 unione-m
1561 2896 1642 2924 non
1675 2887 1749 2926 suit
