1894 3223
119 139 190 197 42'2
703 153 794 187 LtB.
822 152 887 194 iii,
915 151 1015 186 CAP.
1041 151 1139 187 cxx.

122 249 193 288 per
214 234 443 284 hujusmodi
467 237 580 271 aetus
598 231 830 278 proficimus
863 230 903 268 in
936 232 1072 270 Deum.
1095 231 1140 271 Et
1169 230 1264 278 quia
1300 240 1370 278 per
1392 229 1602 268 interiores
1630 232 1742 267 actus

125 287 272 324 directe
291 284 328 320 in
353 284 476 318 Deum
499 280 712 323 tendimus,
733 278 823 315 ideo
844 277 1103 315 interioribus
1131 277 1285 315 actibus
1317 278 1473 324 proprie
1507 278 1631 314 Deum
1651 276 1746 314 eoli-

123 341 212 370 mus
232 342 239 374 ;
262 329 331 366 sed
351 332 483 364 tamen
504 330 542 363 et
560 326 775 363 exteriores
795 328 906 362 actus
928 324 976 361 ad
997 324 1146 361 cultum
1168 324 1237 361 Dei
1256 325 1468 370 pertinent,
1488 324 1529 360 in
1550 328 1743 370 quantum

123 387 193 426 per
213 375 441 422 hujusmodi
464 377 576 411 actus
597 381 711 409 mens
732 375 870 408 nostra
890 371 1064 408 elevatur
1082 372 1125 407 in
1145 372 1281 414 Deum,
1300 374 1344 408 ut
1363 371 1510 409 dictum
1534 375 1606 408 est.

173 423 269 460 Hinc
291 422 408 459 etiam
430 421 499 458 Dei
519 420 651 458 cultus
670 419 812 466 religio
836 418 1078 459 nominatur,
1101 418 1196 465 quia
1214 418 1443 464 huiusmodi
1469 417 1623 455 actibus
1645 425 1744 464 quo-

123 469 337 508 dammodo
355 478 397 506 se
419 469 541 505 homo
560 467 670 513 ligat,
692 469 735 503 ut
752 466 800 503 ab
822 474 869 503 eo
896 474 976 502 non
1008 468 1208 511 evagetur,
1229 469 1269 501 et
1297 465 1391 511 quia
1420 465 1538 502 etiam
1573 464 1746 511 quodam

124 516 296 554 naturali
317 515 510 553 instinctu
531 523 574 551 se
595 513 814 560 obligatum
835 512 956 550 sentit
972 513 1067 555 Deo,
1089 515 1233 563 utsuo
1265 512 1383 549 modo
1416 512 1676 548 reverentiam
1710 510 1746 547 ei

123 563 326 608 impendat
347 572 370 599 a
392 570 472 608 quo
492 564 553 598 est
571 561 635 598 sui
654 569 746 597 esse
767 563 806 596 et
825 559 958 597 omnis
978 559 1072 595 boni
1093 558 1345 604 prineipium.

172 611 270 647 Hinc
293 610 410 646 ctiam
433 612 493 645 est
513 608 619 655 quod
657 607 799 653 religio
827 615 973 643 nomen
1006 605 1156 651 accepit
1182 605 1367 650 pietatis;
1406 614 1496 642 nam
1529 604 1656 651 pietas
1688 606 1749 642 est

123 667 194 704 per
215 666 331 703 quam
354 657 545 692 honorem
570 654 745 691 debitum
771 653 1002 699 parentibus
1019 651 1288 698 impendimus
1308 664 1316 688 :
1339 652 1444 689 unde
1466 652 1749 688 convenienter

125 704 233 751 quod
254 706 333 739 Deo
357 702 507 748 parenti
530 702 709 738 omnium
732 701 862 737 bonor
881 699 1113 736 exhibeatur
1130 699 1290 745 pietatis
1310 708 1399 736 esse
1431 698 1612 743 videtur3
1631 707 1747 744 prop-

125 755 186 787 ter
208 750 312 797 quod
335 750 398 787 his
419 759 506 796 quae
522 749 570 785 ad
591 748 768 784 divinum
791 747 940 784 cultum
959 746 1159 792 pertinent
1178 745 1437 783 adversantur
1469 745 1581 790 impii
1616 745 1750 782 dicun·

125 801 204 834 tur.

176 843 278 888 Quia
297 852 390 879 vero
410 844 513 880 Deus
534 851 615 879 non
637 841 766 879 solum
789 845 848 878 est
878 840 1004 878 nostri
1041 849 1130 877 esse
1165 848 1288 877 eausa
1320 842 1356 876 et
1387 838 1642 885 principium,
1681 838 1750 875 sed

126 894 253 928 totum
275 893 454 926 nostrum
477 898 566 927 esse
587 890 628 926 in
648 891 842 935 potestate
862 887 991 934 ipsius
1022 890 1095 931 est,
1117 888 1156 923 et
1179 890 1305 923 totum
1341 885 1447 932 quod
1479 885 1520 922 in
1555 884 1672 922 nobis
1693 889 1752 921 est

126 938 205 984 ipsi
227 936 431 981 debemus,
453 945 499 973 ac
516 945 587 982 per
607 936 683 972 hoc
703 935 808 982 quod
825 944 914 971 vere
934 935 1121 971 dominus
1141 938 1280 970 noster
1299 937 1372 975 est,
1397 932 1434 968 id
1470 932 1574 984 quod
1608 932 1650 968 in
1685 931 1753 968 bo—

128 993 268 1021 norem
289 984 356 1020 Dei
378 983 625 1026 exhibemus,
649 983 852 1019 servitium
878 982 1034 1018 dieitur.
1055 982 1119 1017 Est
1156 984 1286 1017 autem
1314 982 1417 1016 Deus
1450 979 1638 1016 dominus
1670 987 1752 1015 non

129 1041 198 1078 per
220 1030 418 1074 accidens,
442 1031 546 1067 sieut
565 1029 742 1066 hominis
770 1029 904 1081 bomo²
928 1028 1000 1065 sed
1018 1037 1087 1073 per
1107 1031 1313 1071 naturam3
1337 1030 1374 1063 et
1390 1026 1480 1062 ideo
1511 1025 1624 1062 aliter
1641 1024 1753 1077 debe5

127 1083 194 1115 tur
212 1077 416 1115 servitium
439 1079 534 1121 Deo,
555 1080 593 1113 et
621 1077 734 1113 aliter
750 1076 919 1120 homini,
943 1075 1006 1112 eui
1042 1084 1113 1120 per
1143 1074 1329 1111 accidens
1369 1073 1577 1110 subdimur
1610 1076 1647 1109 et
1684 1081 1751 1118 qui

128 1124 248 1161 habet
267 1123 427 1170 aliquod
449 1123 686 1169 particulare
707 1123 748 1160 in
784 1122 904 1160 rebus
933 1122 1169 1161 dominium,
1193 1125 1230 1157 et
1263 1120 1303 1157 id
1336 1130 1358 1156 a
1391 1122 1470 1156 Deo
1503 1119 1749 1156 derivatum:

129 1171 236 1207 unde
257 1171 461 1207 servitium
482 1170 589 1217 quod
608 1172 689 1207 Deo
709 1169 874 1207 debetur
908 1168 1135 1215 specialiter
1153 1166 1259 1213 apud
1275 1176 1428 1214 graecos
1445 1167 1561 1203 latria
1573 1169 1750 1202 vocatur.

789 1290 959 1356 CAPUT
985 1313 1103 1354 cxx.

417 1433 517 1469 QUOD
543 1434 699 1463 LATRIAE
724 1434 866 1462 CULTU-s
893 1433 977 1461 SOLI
1003 1433 1079 1461 DEO
1103 1433 1176 1462 EST
1197 1432 1460 1462 EXHtBENDth.

180 1547 351 1582 Fuerunt
372 1547 503 1580 autem
525 1543 646 1590 aliqui
668 1544 735 1590 qui
756 1542 880 1580 latriae
899 1543 1049 1579 cultum
1071 1551 1152 1578 non
1171 1542 1301 1578 solum
1323 1541 1450 1587 primo
1485 1550 1616 1577 rerum
1650 1542 1755 1587 prin-

133 1591 238 1638 cipio
261 1590 527 1628 exhibendum
548 1590 886 1633 existimaverunt,
904 1590 971 1626 sed
988 1589 1175 1626 omnibus
1191 1589 1307 1625 etiam
1323 1588 1514 1625 creaturis
1533 1597 1619 1634 quae
1635 1597 1755 1634 supra

131 1638 317 1675 homines
337 1641 443 1674 sunt.
464 1637 572 1673 Unde
593 1637 768 1684 quidam,
789 1636 882 1673 licet
903 1637 1160 1682 opinarentur
1180 1637 1303 1673 Deum
1323 1644 1412 1672 esse
1431 1644 1553 1672 unum
1582 1635 1754 1682 primum

131 1690 169 1722 et
208 1684 432 1722 universate
471 1693 602 1721 rerum
634 1684 888 1731 principium,
927 1684 1080 1720 latriam
1110 1687 1243 1720 tamen
1283 1682 1544 1719 exhibendam
1583 1682 1755 1719 aestima-

131 1735 272 1769 verunt
291 1732 418 1777 primo
439 1731 613 1778 quidem,
635 1734 727 1778 post
744 1732 881 1771 Deum,
904 1730 1140 1768 substantiis
1155 1729 1490 1766 intellectualibus
1509 1728 1754 1774 coelestibus,

134 1788 235 1826 quas
259 1779 355 1815 deos
378 1779 495 1814 etiam
515 1778 723 1819 vocabant,
743 1778 825 1814 sive
845 1781 979 1814 essent
1009 1777 1242 1814 substantiae
1269 1777 1434 1813 omnino
1467 1786 1490 1812 a
1521 1775 1754 1822 corporibus

135 1830 340 1871 separatae,
382 1826 464 1861 sive
504 1829 638 1862 essent
690 1825 832 1862 animae
863 1824 1018 1861 orbium
1057 1827 1123 1860 aut
1157 1823 1359 1860 stellarum
1382 1835 1390 1867 ;
1427 1822 1604 1859 5601111ᾰο
1635 1823 1752 1860 etiam

134 1872 373 1919 quibusdam
396 1871 633 1909 substantiis
651 1871 1000 1915 intellectualibus,
1021 1879 1120 1917 quas
1141 1871 1274 1907 unitas
1289 1870 1500 1907 credebant
1519 1869 1754 1914 corporibus

133 1919 276 1963 aereis,
301 1918 451 1954 scilicet
473 1927 573 1965 quos
595 1918 796 1956 daemones
820 1927 909 1955 esse
932 1917 1141 1962 dicebant3
1165 1921 1203 1954 et
1222 1921 1353 1954 tamen
1375 1917 1468 1963 quia
1493 1924 1614 1962 supra
1631 1916 1755 1954 homi-

132 1974 207 2002 nes
230 1974 299 2002 eos
321 1973 410 2001 esse
429 1965 653 2010 credebant,
673 1965 776 2002 sicut
796 1973 942 2010 corpus
974 1973 1133 2001 aereum
1166 1967 1226 2001 est
1246 1972 1366 2010 supra
1385 1966 1584 2007 terrestre,
1618 1963 1755 2009 hujus-

130 2012 241 2049 modi
262 2012 379 2048 etiam
404 2011 650 2048 substantias
670 2011 857 2048 colendas
880 2011 1013 2048 divino
1036 2011 1141 2048 cultu
1165 2009 1212 2047 ab
1233 2009 1464 2048 hominibus
1485 2009 1699 2056 ponebant,
1719 2014 1756 2047 et

131 2059 177 2096 in
197 2059 492 2104 comparatione
516 2059 563 2095 ad
586 2058 771 2095 homines
791 2059 886 2095 deos
908 2058 1001 2095 ilios
1022 2067 1111 2095 esse
1132 2057 1327 2102 dicebant,
1343 2057 1457 2104 quasi
1480 2057 1633 2094 medios
1654 2057 1757 2095 inter

131 2106 318 2156 homines
344 2109 380 2141 et
401 2105 510 2142 deos.
535 2107 577 2141 Et
597 2106 690 2152 quia
710 2106 863 2142 animas
879 2105 1090 2149 bonorum,
1109 2113 1180 2151 per
1197 2104 1273 2142 hoc
1294 2104 1398 2152 quod
1427 2114 1449 2141 a
1469 2112 1633 2150 corpore
1648 2112 1757 2150 sepa-

132 2157 284 2196 rantur,
307 2153 349 2188 in
371 2155 513 2189 statum
538 2152 716 2190 altiorem
737 2161 854 2197 quam
876 2152 929 2189 sit
949 2155 1076 2189 status
1090 2151 1298 2198 praesentis
1317 2151 1420 2195 vitae,
1438 2151 1608 2187 transire
1628 2151 1758 2188 crede·

127 2198 240 2243 bant,
264 2199 379 2235 etiam
400 2199 610 2236 animabus
633 2203 895 2243 mortuorum,
918 2209 1018 2246 quas
1038 2199 1183 2236 heroas
1203 2201 1272 2236 aut
1289 2207 1429 2236 manes
1440 2197 1648 2244 vocabant,
1663 2197 1759 2235 divi·

130 2254 229 2283 num
246 2246 393 2298 cultum
418 2245 683 2284 exhibendum
704 2255 794 2284 esse
815 2247 1094 2293 opinabantur.

181 2293 347 2337 Quidam
369 2301 477 2336 vero,
500 2294 622 2330 Deum
642 2302 733 2330 esse
753 2294 926 2331 animam
948 2293 1086 2332 mundi
1105 2292 1364 2338 aestimantes,
1385 2292 1638 2331 crediderunt
1679 2293 1757 2331 uod

133 2340 210 2377 soli
229 2340 379 2376 mundo
399 2345 434 2375 et
457 2340 629 2387 singulis
650 2341 736 2387 ejus
753 2341 932 2387 partibus
953 2344 1060 2378 esset
1078 2340 1212 2378 cultus
1230 2340 1448 2378 divinitatis
1483 2340 1653 2378 exhiben
1684 2349 1756 2384 us3

131 2395 216 2423 non
237 2390 370 2424 tamen
390 2390 550 2434 propter
568 2395 727 2434 eorpus,
751 2388 821 2424 sed
843 2392 1002 2434 propter
1020 2387 1208 2433 animam,
1229 2396 1347 2435 quain
1380 2389 1504 2424 Deum
1534 2396 1623 2425 esse
1658 2387 1759 2425 dice-

131 2433 250 2516 111111ῐέ
276 2435 379 2486 sicut
400 2437 434 2470 et
456 2433 610 2472 homini
631 2435 802 2482 sapienti
826 2434 956 2472 bonor
975 2433 1196 2481 exhibetur,
1217 2443 1299 2472 non
1318 2439 1479 2481 propter
1506 2443 1666 2482 corpus,
1687 2434 1757 2472 sed

130 2489 229 2527 prop
249 2490 292 2517 er
309 2489 498 2518 animam.

180 2527 347 2571 Quidam
367 2537 460 2565 vero
481 2528 598 2565 etiam
618 2538 666 2566 ea
691 2538 779 2576 quae
808 2528 912 2566 infra
945 2528 1148 2566 hominem
1179 2531 1273 2567 sunt
1302 2528 1524 2567 secundum
1556 2532 1750 2574 naturam,

128 2572 286 2625 bomini
305 2578 438 2612 tamen
457 2575 624 2613 colenda
645 2584 734 2614 esse
755 2574 939 2614 dicebant
957 2575 1093 2614 divino
1114 2576 1237 2621 cultu,
1258 2576 1301 2613 in
1321 2580 1511 2624 quantum
1535 2576 1576 2613 in
1597 2575 1656 2612 eis
1668 2584 1754 2622 pai·-

128 2621 481 2674 tieipaturtaliquid
500 2622 658 2660 virtutis
679 2622 898 2670 superioris
918 2626 1082 2660 naturae.
1103 2622 1226 2668 Unde,
1247 2632 1338 2661 cum
1353 2622 1753 2671 quasdamimagi'nes

128 2674 204 2713 per
227 2666 410 2719 homines
430 2669 555 2706 saetas
576 2670 710 2707 sortiri
742 2670 948 2707 crederent
973 2669 1025 2708 ali
1057 2679 1148 2707 uam
1178 2670 1363 2708 virtutem
1395 2667 1752 2716 supernaturalem,

127 2712 195 2749 vel
215 2721 263 2749 ex
282 2714 487 2766 influentia
505 2716 727 2755 coelestium
747 2725 972 2764 corporum,
993 2725 1039 2754 ve
1073 2726 1122 2755 ex
1142 2717 1355 2765 praesentia
1389 2717 1610 2764 aliquorum
1640 2716 1755 2762 spiri-

129 2762 260 2804 tuum,
282 2759 466 2813 dicebant
484 2763 714 2810 hujusmodi
750 2764 829 2801 ima
859 2763 995 2802 inibus
1008 2763 1186 2811 divinum
1204 2764 1352 2802 cultum
1365 2772 1455 2801 esse
1471 2761 1750 2809 exhibendum,

131 2814 234 2859 quas
255 2810 372 2859 6116111
404 2809 600 2863 imagines
615 2810 714 2849 deos
733 2773 942 2855 werigant,
961 2815 1123 2859 propter
1139 2811 1245 2860 quod
1256 2810 1525 2849 etidololatrae
1537 2809 1749 2852 suntdicti,

130 2861 228 2900 quia
248 2852 373 2891 latriae
393 2854 544 2908 cultum
563 2857 684 2895 idolis
704 2861 743 2895 et
762 2858 1006 2906 imaginibus
1025 2857 1320 2906 impendebant.

182 2900 250 2937 Est
267 2903 400 2939 autem
429 2902 702 2942 irrationabile
719 2905 963 2949 ponentibus
982 2913 1107 2943 unum
1142 2907 1296 2943 tantum
1314 2902 1487 2951 primum
1512 2904 1752 2952 principium
