1894 3223
704 143 789 178 LlB.
818 143 884 187 111,
912 143 1012 179 CAP.
1041 144 1108 180 CX.
1645 148 1712 183 413

99 231 187 260 rnen
209 231 342 259 earum
363 225 423 258 cst
443 225 523 258 sub·
540 222 675 259 altera.
698 224 904 260 Peccatum
925 228 1053 260 autc-tn
1077 225 1115 260 in
1136 226 1337 263 voluntate
1361 234 1569 273 contingit,
1589 227 1716 274 quali·

99 274 327 316 tercumque
363 269 560 314 appetitus
582 269 747 306 inferior
780 270 1020 307 deflectatur.
1044 271 1151 308 Sicut
1181 273 1302 318 igitur
1329 277 1531 320 peccatum
1550 273 1591 310 in
1623 273 1715 311 sub-

100 316 257 353 stantiis
287 315 481 361 separatis
502 320 608 353 essct
630 325 697 362 por
720 317 794 354 hoc
816 318 919 363 quod
942 318 1072 364 aliqua
1098 328 1230 356 earum
1257 320 1420 357 inferior
1446 320 1717 358 deflecteretur

100 363 146 399 ab
171 362 309 399 ordine
331 362 501 408 alicujus
523 363 742 409 superioris
762 364 836 400 sub
856 365 993 401 ordine
1014 366 1148 403 divino
1168 368 1380 412 manentis,
1402 368 1467 411 ita,
1491 367 1529 404 in
1554 368 1716 406 homine

101 418 179 446 uno
200 409 398 456 contingit
428 413 631 455 peccatum
665 410 876 456 dupliciter
898 424 907 448 :
929 421 1009 449 uno
1043 413 1174 458 modo,
1193 423 1263 459 per
1295 414 1369 451 hoc
1398 414 1503 460 quod
1532 416 1717 453 voluntas

101 456 273 493 humana
294 456 440 493 bonum
461 457 663 503 proprium
700 467 779 494 non
805 458 962 496 ordinat
982 459 1020 495 in
1044 461 1180 505 Deum,
1196 460 1300 506 quod
1323 461 1480 507 quidem
1512 467 1716 507 peccatum

98 506 156 541 est
172 511 386 540 commune
407 503 535 540 sibiet
555 504 787 542 substantiae
803 509 992 551 separatae
1010 519 1017 549 3
1038 507 1115 544 alio
1133 507 1346 552 modo,pcr
1359 508 1433 545 hoc
1451 508 1555 555 quod
1570 508 1718 546 bonum

97 549 300 587 inferioris
333 551 530 597 appetitus
554 560 634 588 non
670 552 870 598 regulatur
904 553 1123 591 secundum
1157 556 1416 600 superiorem,
1446 560 1538 601 puta
1558 556 1716 603 quando

96 596 346 634 delectabilia
366 597 513 642 carnis,
533 598 572 634 in
595 607 681 645 quse
702 599 1028 645 concupiscibilis
1045 600 1381 645 tendit,volumus
1400 611 1479 639 non
1496 603 1717 640 secundum

97 643 276 681 ordinem
311 644 502 690 rationis;
525 645 754 692 hujusmodi
773 651 904 684 autem
934 651 1138 693 peccatum
1160 656 1239 684 non
1258 648 1452 695 contingit
1473 649 1514 686 in
1536 650 1719 688 substan-

97 691 163 728 tiis
184 692 378 738 separatis
396 701 500 729 esse.

771 837 939 880 CAPUT
989 838 1072 880 CX.

548 957 705 988 SOLUTIO
736 958 1022 988 PRAEMISSARUM
1053 957 1267 989 RATIONUM.

145 1064 208 1101 Sic
225 1073 320 1111 ergo
357 1064 441 1101 haec
475 1075 563 1112 quae
583 1065 736 1112 objecta
767 1070 860 1103 sunt
886 1076 968 1104 non
999 1066 1161 1104 difficile
1195 1071 1256 1105 est
1285 1069 1453 1105 solvere.
1488 1071 1574 1106 Non
1609 1070 1714 1108 enim

96 1119 143 1148 co
173 1110 277 1149 imur
311 1110 442 1148 dicere
477 1112 584 1158 quod
622 1121 732 1150 error
767 1113 842 1150 fuit
890 1114 931 1150 in
974 1113 1176 1152 intellectu
1223 1113 1457 1153 substantiae
1494 1121 1684 1162 separat-<e
1703 1144 1713 1161 ,

91 1157 134 1205 ju
166 1157 307 1195 icando
328 1157 476 1206 aliquid
497 1159 646 1196 bonum
668 1159 773 1207 quod
793 1160 940 1198 bonum
962 1169 1043 1198 non
1068 1161 1144 1205 sit;
1166 1161 1237 1198 sed
1251 1162 1544 1200 considerando
1563 1162 1713 1200 bonum

97 1205 294 1250 superius,
325 1205 374 1242 ad
409 1206 515 1252 quod
550 1207 753 1253 proprium
788 1206 937 1244 bonum
974 1207 1228 1246 referundum
1263 1212 1372 1254 erat;
1411 1210 1526 1257 cujus
1553 1210 1713 1257 quidem

95 1252 429 1290 considerationis
449 1252 549 1290 ratio
570 1263 660 1291 esse
675 1253 803 1300 potuit
821 1254 1007 1292 voluntas
1026 1254 1068 1291 in
1087 1255 1292 1302 proprium
1311 1255 1461 1294 bonum
1496 1257 1713 1294 intrinsece

95 1307 287 1382 conversa
308 1311 318 1344 ;
340 1303 401 1337 est
419 1300 524 1338 enim
545 1300 714 1338 liberum
733 1301 926 1339 voluntati
945 1301 986 1338 in
1007 1302 1083 1340 hoc
1096 1302 1213 1340 velin
1231 1302 1328 1341 illud
1350 1304 1480 1351 magis
1499 1303 1561 1342 vel
1579 1304 1713 1342 minus

95 1354 241 1384 conver
260 1356 287 1384 1.

145 1394 252 1430 Patet
270 1393 388 1431 etiam
407 1394 514 1441 quod
535 1403 615 1432 non
636 1395 800 1441 appetiit
820 1395 981 1442 aliquod
1001 1396 1151 1433 bonum
1172 1397 1250 1433 nisi
1271 1407 1394 1434 unum
1428 1397 1534 1445 quod
1554 1402 1616 1436 est
1635 1399 1711 1437 sibi

97 1442 298 1486 proprium
316 1453 324 1485 ;
345 1441 415 1478 sed
433 1442 475 1478 in
495 1441 571 1479 hoc
588 1441 662 1479 fuit
689 1446 891 1488 peccatum
921 1443 1026 1489 quod
1058 1444 1308 1489 praetermisit
1337 1446 1524 1490 superius
1546 1444 1711 1490 bonum,

97 1486 137 1523 in
159 1487 264 1533 quod
285 1487 419 1525 debuit
436 1488 637 1533 ordinari;
659 1490 764 1527 sicut
783 1490 889 1527 enim
909 1490 950 1526 in
971 1489 1088 1527 nobis
1107 1494 1312 1536 peccatum
1342 1495 1403 1528 est
1434 1501 1481 1529 ex
1510 1493 1586 1529 hoc
1607 1493 1713 1540 quod

97 1532 202 1571 bona
224 1534 426 1579 inferiora,
449 1535 603 1572 scilicet
622 1536 814 1582 corporis,
835 1536 1058 1583 appetimus
1090 1537 1241 1584 absque
1273 1537 1413 1576 ordine
1445 1539 1627 1583 rationis,
1658 1540 1713 1577 ita

97 1581 214 1664 gtiam
227 1581 386 1665 diaffiolo
406 1587 609 1628 peccatum
630 1583 705 1620 fuit
725 1583 766 1620 in
786 1583 862 1622 hoc
882 1584 988 1631 quod
1001 1584 1205 1631 proprium
1223 1583 1372 1622 bonum
1401 1594 1482 1623 non
1497 1587 1631 1623 retulit
1663 1587 1711 1624 ad

126 1637 280 1665 ivinum
330 1637 467 1666 onum.

144 1676 252 1712 Patet
270 1676 388 1713 etiam
408 1676 514 1722 quod
531 1676 704 1713 medium
725 1677 881 1723 yirtutis
902 1678 1166 1723 praetermisit,
1189 1678 1231 1715 in
1251 1683 1439 1725 quantum
1455 1690 1497 1716 se
1514 1680 1711 1726 superiori

98 1721 227 1759 ordini
246 1730 325 1760 non
347 1723 547 1768 subdidit;
570 1727 607 1760 ct
625 1724 683 1761 sic
704 1724 779 1760 sibi
801 1724 890 1770 pius
909 1724 1014 1761 dedit
1032 1734 1150 1772 quam
1171 1725 1319 1771 debuit,
1339 1728 1417 1763 Dco
1432 1730 1561 1764 autem
1577 1727 1711 1765 minus

97 1777 215 1815 quam
247 1769 282 1806 ei
313 1769 532 1814 deberetur,
555 1769 618 1807 cui
650 1771 785 1807 omnia
819 1771 963 1808 debent
992 1779 1082 1809 esse
1115 1771 1292 1818 subjecta
1327 1776 1370 1810 ut
1403 1774 1539 1819 primae
1565 1775 1712 1820 regulae

96 1815 309 1853 ordinanti.
334 1816 583 1854 Manifestum
605 1817 709 1854 enim
727 1821 787 1854 est
807 1818 912 1864 quod
933 1819 974 1854 in
994 1823 1154 1864 peccato
1175 1819 1245 1857 illo
1266 1827 1347 1856 non
1380 1824 1439 1857 est
1471 1821 1710 1866 praetermis

96 1871 184 1900 sum
205 1863 380 1900 medium
405 1873 472 1910 per
491 1864 892 1910 superabundantiam
913 1866 1129 1911 passionis,
1154 1866 1224 1903 sed
1244 1867 1376 1904 solum
1404 1876 1473 1914 per
1504 1867 1710 1914 inaequali-

94 1912 214 1947 tatem
231 1910 410 1956 justitiae,
439 1920 526 1959 quae
546 1913 606 1948 est
640 1911 745 1948 circa
766 1912 1031 1958 operationes.
1055 1915 1094 1950 ln
1121 1913 1357 1951 substantiis
1381 1914 1486 1951 enim
1518 1915 1712 1961 separatis

95 1958 347 2003 operationes
364 1966 453 1995 esse
471 1961 655 2004 possunt,
675 1958 887 2005 passiones
908 1969 998 1996 vero
1020 1969 1283 2007 nequaquam.

141 2005 218 2041 Nec
241 2004 358 2043 etiam
380 2009 534 2052 oportet
562 2005 682 2052 quod,
707 2006 741 2043 si
774 2005 815 2042 in
853 2007 1127 2052 superioribus
1158 2007 1393 2054 corporibus
1413 2008 1548 2046 nullus
1581 2013 1712 2055 potest

95 2059 185 2088 esse
223 2051 402 2090 defectus
422 2079 433 2096 ‚
469 2056 629 2098 propter
665 2052 741 2090 hoc
779 2052 821 2089 in
863 2053 1100 2092 substantiis
1132 2055 1327 2100 separatis
1371 2059 1577 2101 peccatum
1621 2065 1710 2094 esse

94 2106 176 2134 non
196 2098 338 2143 possit.
360 2099 534 2144 Corpora
552 2099 658 2135 enim
672 2102 712 2136 et
730 2099 864 2137 omnia
883 2110 971 2147 quae
989 2101 1142 2138 ratione
1163 2105 1313 2146 carent,
1333 2105 1508 2149 aguntur
1542 2107 1710 2148 tantum,

94 2147 133 2181 et
152 2152 234 2181 non
254 2148 378 2192 agunt
395 2146 547 2191 seipsa3
572 2154 652 2182 non
673 2146 780 2183 enim
800 2147 862 2183 sui
887 2151 999 2185 actus
1017 2148 1238 2186 dominium
1264 2148 1410 2186 habent
1442 2161 1451 2186 :
1492 2150 1598 2187 unde
1630 2159 1711 2187 non

94 2195 267 2238 possunt
284 2191 391 2228 exire
411 2201 435 2228 a
452 2191 591 2239 regula
611 2192 725 2238 primi
746 2193 833 2238 ipsa
849 2195 1005 2240 agentis
1023 2198 1063 2232 et
1080 2196 1291 2241 moventis,
1312 2196 1391 2233 nisi
1412 2205 1482 2243 per
1498 2197 1574 2234 hoc
1606 2197 1712 2244 quod

94 2237 372 2276 rectitudinem
392 2239 528 2285 primae
544 2239 691 2285 regulae
709 2239 954 2277 sufficienter
973 2242 1176 2289 suscipere
1195 2251 1279 2280 non
1291 2247 1488 2290 possunt3
1508 2244 1615 2290 quod
1630 2245 1713 2290 qui—

93 2284 183 2322 dem
204 2285 402 2331 contingit
421 2295 469 2323 ex
487 2285 796 2332 indispositione
817 2288 1015 2334 materiae3
1035 2292 1073 2326 et
1094 2292 1253 2336 propter
1278 2289 1354 2328 hoc
1386 2290 1592 2336 superiora
1623 2300 1708 2327 cor-

91 2339 203 2378 pora,
224 2331 264 2369 in
283 2333 429 2379 quibus
444 2333 699 2379 indispositio
719 2334 894 2371 materiae
924 2335 1056 2373 locum
1077 2345 1157 2374 non
1179 2336 1310 2382 habet,
1331 2345 1534 2383 nunquam
1553 2346 1576 2373 a
1595 2337 1708 2374 recti-

91 2378 229 2416 tudine
249 2380 385 2424 primae
408 2379 557 2426 regulae
587 2379 753 2418 deficere
786 2385 967 2427 possunt.
989 2382 1228 2422 substantiae
1253 2392 1347 2421 vero
1375 2383 1590 2421 rationales
1627 2384 1710 2422 sive

91 2425 381 2464 intellectuales
401 2435 482 2464 non
502 2430 655 2464 tantum
672 2432 858 2474 aguntur,
879 2429 947 2466 sed
969 2429 1089 2467 etiam
1108 2433 1231 2476 agunt
1251 2439 1295 2468 se
1316 2429 1364 2467 ad
1377 2430 1560 2477 proprios
1575 2433 1708 2477 actus3

92 2472 198 2519 quod
218 2473 377 2520 quidem
396 2476 507 2512 tanto
526 2475 656 2521 magis
673 2473 873 2511 invenitur
892 2475 933 2512 in
953 2476 1028 2521 eis,
1048 2480 1196 2523 quanto
1215 2476 1428 2523 perfectior
1444 2480 1505 2514 est
1533 2477 1710 2523 ipsarum

90 2523 234 2558 natura
252 2532 264 2556 :
282 2529 451 2568 quorum
473 2520 578 2557 enim
599 2521 959 2567 naturaperfectior
977 2526 1037 2560 est
1049 2528 1086 2560 et
1098 2523 1309 2569 perfectior
1321 2523 1447 2561 virtus
1463 2524 1505 2560 in
1520 2523 1676 2572 agendo
1698 2537 1706 2562 :

91 2566 196 2604 unde
218 2570 368 2605 naturae
388 2567 577 2613 perfectio
598 2576 679 2605 non
697 2568 861 2614 impedit
882 2570 976 2615 quin
998 2574 1202 2616 peccatum
1223 2570 1264 2607 in
1283 2570 1343 2608 eis
1370 2571 1548 2608 accidere
1580 2571 1711 2618 possit

89 2613 209 2652 modo
229 2615 430 2661 praedicto,
454 2624 501 2651 ex
521 2615 595 2651 hoc
616 2615 769 2653 scilicet
789 2615 894 2663 quod
915 2616 1062 2663 seipsis
1083 2617 1277 2655 inhaerent
1290 2617 1470 2655 ordinem
1489 2618 1709 2666 superioris

51 2687 54 2690 -
89 2661 246 2709 agentis
266 2670 350 2699 non
367 2661 630 2700 attendentes.
