1894 3223
604 85 692 121 Lis.
719 76 767 129 1'1,
795 85 895 138 ciii),
924 84 1065 120 tnui,
1575 85 1644 121 215

32 172 208 207 mutatur
225 167 273 205 de
293 166 469 214 potentia
488 166 529 203 in
558 169 704 210 actum,
736 169 799 202 est
825 165 934 212 prior
965 164 1140 211 potentia
1163 167 1279 209 actu3
1298 163 1532 210 simpliciter
1551 173 1645 202 verc

32 215 248 263 loquendo,
279 223 360 252 non
391 217 453 251 est
484 213 659 258 potentia
692 212 809 250 etiam
847 217 1021 258 tempore
1056 212 1165 258 prior
1201 214 1305 256 actu,
1339 211 1434 258 quia
1469 211 1648 257 potentia

33 271 116 300 non
138 261 339 299 reducitur
358 260 398 298 in
432 263 562 297 actum
595 259 673 296 nisi
705 269 772 305 per
806 263 950 296 actum.
972 259 1073 296 Dicit
1100 267 1194 305 ergo
1228 257 1333 305 quod
1365 257 1563 294 intellectus
1584 259 1649 304 qui

27 312 80 346 est
94 308 289 346 secundum
304 309 505 354 potentiam
524 306 692 354 (scilicet
709 306 930 352 possibilis)
953 309 1061 351 prout
1079 309 1131 341 est
1149 307 1188 340 in
1198 306 1478 350 potentia,pri0r
1493 307 1544 341 est
1561 307 1648 341 tem-

25 355 532 455 }iffseeqs‘taffin'iissrlssffi‘ffssri'f
553 352 1349 453 ⁶3⁶5?ae3135505520333333152efflatam
1369 353 1650 445 fflisstt'ssnssssss

525 429 533 445 ἱ

28 449 275 487 intellectum
294 451 490 495 agentem,
512 457 580 494 qui
601 450 661 485 est
680 446 721 483 in
739 450 841 489 actu,
864 450 906 483 ut
927 446 1037 489 dixit,
1060 446 1249 482 etiterum
1270 455 1338 492 per
1352 445 1524 492 aliquem
1538 445 1650 483 intel·

27 495 177 534 lectum
198 495 431 542 possibilem
452 495 597 531 sactum
619 497 731 537 actu;
756 493 859 531 unde
893 493 987 530 dicit
1008 492 1181 539 (Mysia,
1202 501 1260 537 111,
1295 496 1386 529 text.
1410 501 1553 529 comm.
1587 491 1647 539 20)

57 543 135 580 uod
155 545 238 579 ante
251 542 448 583 addiscere,
464 541 605 586 indiget
624 542 759 586 aliquis
783 540 926 576 docente
951 542 992 576 ut
1011 539 1208 576 reducatur
1221 540 1436 585 depotentz'a
1451 541 1490 574 in
1514 542 1646 576 actum.

61 589 97 628 ic
117 589 238 637 igitur
258 589 297 626 in
319 589 450 627 verbis
467 588 556 626 istis
575 587 749 625 ostendit
769 587 947 625 ordinem
970 586 1195 624 intellectus
1212 586 1432 632 possibilis,
1455 590 1571 632 prout
1589 590 1650 624 est

30 636 74 675 in
96 636 285 683 potentia,
307 635 356 674 ad
374 635 618 674 intellectum
639 635 679 671 in
697 638 799 671 actu.
1390 641 1399 651 ’

77 683 225 721 Deinde
246 683 341 720 dicit
358 682 420 729 (De
439 684 576 724 anima,
598 686 691 718 text.
714 690 857 718 comm.
880 681 938 727 20)
962 692 971 718 :
993 680 1066 718 Sed
1084 688 1155 728 non
1172 679 1370 724 aliquando
1390 680 1535 724 quidem
1546 681 1648 717 intel-

26 730 124 776 liqit,
146 733 180 766 et
201 730 400 776 aliquando
419 740 489 765 non
506 730 680 773 intellegit
700 740 710 771 ;
732 729 772 765 in
793 736 871 775 quo
893 727 1067 764 ostendit
1088 725 1351 763 differentiam
1369 726 1593 764 intellectus
1608 728 1649 764 in

29 780 118 814 actu
144 781 182 814 et
201 777 426 814 intellectus
447 776 666 822 possibilis.
688 777 812 821 Supra
832 774 936 811 enim
968 774 1075 820 (text.
1095 782 1237 810 comm.
1263 772 1319 819 14)
1339 772 1436 809 dixit
1467 773 1513 810 de
1534 774 1649 810 intel-

29 823 136 861 lectu
171 824 355 869 possibili
389 824 495 871 quod
531 834 602 859 non
637 832 775 868 semper
805 822 988 865 intetttqit,
1022 820 1085 856 sed
1123 819 1337 865 quandoque
1373 829 1445 855 non
1478 822 1649 865 intelligit

47 870 206 918 quando
246 870 401 908 scilicet
439 874 500 908 est
535 870 576 907 in
612 869 787 915 potentia
820 868 868 905 ad
903 866 1201 913 intelligibilia),
1236 865 1448 912 quandoque
1478 868 1651 912 intelligit

47 917 206 964 quando
228 917 382 955 scilicet
403 920 464 954 est
479 917 520 954 in
540 920 626 954 actu
650 916 765 962 ipsa).
787 915 1012 952 Intellectus
1033 917 1164 951 autem
1186 923 1255 958 per
1274 913 1350 951 hoc
1370 913 1413 949 fit
1430 917 1518 950 actu
1543 914 1650 961 quod

31 968 92 1001 est
113 965 200 1010 ipsa
217 964 498 1011 intelligibilia,
522 967 564 1000 ut
580 963 660 1009 jam
685 962 782 999 dixit
802 962 909 1009 (text.
931 970 1074 998 comm.
1097 960 1147 1007 8).
1170 960 1277 998 Unde
1304 969 1384 997 non
1407 962 1594 1007 competit
1613 960 1649 998 ei

33 1011 271 1059 quandoque
291 1010 511 1056 intelligere
529 1014 568 1047 et
590 1009 827 1056 quandoque
847 1018 927 1045 non
946 1007 1182 1054 intelligere.

78 1057 225 1095 Deinde
243 1057 448 1103 subjungit
467 1056 574 1103 (text.
597 1065 742 1093 comm.
764 1055 823 1102 20)
844 1068 852 1091 :
874 1056 1092 1100 Separatum
1110 1058 1230 1090 autem
1248 1054 1311 1091 hoc
1330 1055 1445 1090 solum
1458 1055 1554 1099 quod
1569 1066 1650 1092 vere

30 1107 109 1148 est;
129 1104 235 1152 quod
251 1112 331 1141 non
349 1107 478 1150 potest
498 1103 667 1150 intelligi
685 1103 732 1140 de
751 1105 890 1148 agente
913 1113 922 1146 3
945 1111 1026 1138 non
1046 1101 1153 1138 enim
1182 1101 1269 1146 ipse
1302 1101 1414 1138 solus
1445 1105 1504 1138 est
1536 1111 1649 1147 sepa·

32 1154 158 1196 ratus,
181 1151 275 1198 quia
290 1150 372 1197 jam
393 1150 497 1188 idem
518 1150 670 1187 dixerat
690 1149 799 1196 (text.
821 1158 964 1201 comm.
988 1148 1022 1195 6)
1044 1148 1092 1200 de
1113 1148 1318 1185 intellectu
1338 1148 1522 1193 possibili
1544 1160 1553 1192 ;
1575 1158 1649 1187 nec

29 1201 162 1245 potest
181 1197 348 1245 intelligi
370 1197 418 1235 de
445 1196 645 1244 possibili,
678 1195 869 1244 quiajam
899 1195 1003 1233 idem
1025 1195 1176 1232 dixerat
1200 1195 1308 1242 (text.
1333 1203 1476 1232 comni.
1511 1195 1567 1242 19)
1601 1195 1649 1233 de

29 1248 186 1292 agente.
203 1244 453 1292 Relinquitur
463 1253 558 1291 ergo
575 1243 680 1290 quod
695 1243 849 1281 dicatur
865 1242 912 1280 de
928 1252 974 1280 eo
990 1242 1095 1289 quod
1110 1241 1411 1288 comprehendit
1423 1245 1647 1289 utrumque,

30 1291 184 1329 seilicet
204 1291 251 1329 de
271 1291 475 1329 intellectu
495 1291 536 1328 in
552 1294 655 1336 actu,
673 1290 720 1328 de
732 1299 812 1339 quo
827 1290 1063 1337 loquebatur
1079 1301 1088 1334 ;
1111 1289 1205 1336 quia
1224 1289 1299 1326 hoc
1312 1288 1442 1326 solum
1459 1289 1500 1325 in
1517 1290 1650 1327 anima

30 1342 169 1376 nostra
188 1342 249 1376 est
268 1342 507 1384 separatum,
529 1347 611 1376 non
630 1341 747 1376 utens
767 1346 933 1384 organo,
956 1336 1062 1384 quod
1083 1336 1252 1382 pertinet
1270 1335 1318 1373 ad
1339 1336 1583 1374 intellectum
1605 1337 1646 1374 in

31 1388 136 1430 actu,
156 1385 196 1423 id
216 1389 277 1424 est
292 1386 360 1423 illa
378 1395 470 1432 pars
490 1386 633 1423 animae
682 1394 733 1422 ua
752 1384 1014 1431 intelligimus
1033 1387 1138 1427 actu,
1159 1383 1502 1428 comprehendens
1523 1384 1650 1429 possi-

32 1429 154 1470 bilem
174 1435 212 1470 et
231 1436 429 1480 agentem.
452 1434 496 1470 Et
515 1432 604 1470 ideo
622 1440 670 1470 su
696 1432 829 1479 jungit
851 1431 957 1478 quod
988 1431 1052 1466 hoc
1082 1431 1197 1466 solum
1229 1431 1360 1468 animae
1389 1431 1590 1468 immortale
1617 1433 1651 1468 ec

32 1481 246 1526 perpetuum
263 1481 328 1525 est,
351 1479 464 1527 quasi
480 1488 503 1517 a
525 1488 690 1527 corpore
710 1488 791 1515 non
809 1478 1051 1524 dependens,
1073 1486 1197 1524 quum
1218 1477 1271 1514 sit
1289 1480 1529 1524 separatum.

657 1606 825 1647 CAPUT
851 1605 1024 1647 LXXIX.

193 1705 292 1745 QUOD
317 1708 446 1738 ANfflA
467 1706 647 1745 HUMANA,
667 1707 862 1738 GORRUPTO
887 1706 1073 1744 CORPORE,
1097 1705 1177 1736 NON
1201 1705 1483 1737 CORRUMPITUR·

82 1808 137 1844 Ex
154 1805 374 1853 praemissis
394 1805 516 1852 igitur
535 1804 746 1842 manifeste
765 1803 922 1842 ostendi
951 1806 1083 1851 potest
1115 1803 1291 1841 animam
1321 1803 1538 1842 humanam
1570 1813 1652 1843 non

35 1853 251 1900 corrumpi,
272 1856 458 1899 corrupto
479 1860 657 1899 corpore.

83 1901 296 1938 ostensum
326 1903 387 1936 est
417 1898 524 1936 enim
553 1907 674 1944 supra
693 1897 743 1945 (c.
764 1897 822 1944 55)
856 1906 1017 1934 omnem
1045 1896 1311 1936 substantiam
1340 1897 1652 1936 intellectualem

32 1955 126 1993 ,esse
144 1946 498 1993 incorruptibilem.
518 1945 660 1983 Anima
679 1948 810 1982 autem
831 1943 1008 1981 hominis
1025 1948 1086 1981 est
1103 1944 1281 1991 quaedam
1295 1944 1521 1982 substantia
1538 1945 1653 1982 intel-

32 1993 234 2079 }etlztualis,
253 1997 298 2032 ut
316 1997 524 2031 ostensum
544 1995 618 2031 est.
637 1993 796 2038 Oportet
814 1990 937 2038 igitur
964 1991 1138 2029 animam
1168 1992 1381 2030 humanam
1414 1992 1654 2039 incorrupti-

65 2051 77 2079 1
97 2050 158 2078 em
175 2049 280 2078 esse.

84 2088 230 2132 Adhuc,
252 2086 362 2124 nulla
381 2095 445 2124 res
461 2085 726 2138 corrumpitur
743 2094 790 2122 ex
810 2084 921 2138 eoin
940 2094 1019 2132 quo
1038 2085 1224 2124 consistit
1245 2094 1319 2124 sua
1336 2085 1548 2132 perfectio;
1571 2085 1654 2123 haec

37 2134 144 2172 enim
165 2133 406 2172 mutationes
427 2136 522 2171 sunt
539 2138 762 2176 contrariae,
784 2132 937 2169 scilicet
963 2132 1013 2170 ad
1043 2133 1327 2178 perfectionem
1345 2135 1383 2170 et
1411 2133 1460 2170 ad
1490 2141 1653 2178 corrup-

35 2182 203 2219 tionem.
225 2180 418 2218 Perfectio
439 2183 570 2218 autem
585 2180 727 2217 animae
743 2179 927 2217 humanae
942 2180 1129 2217 consistit
1142 2180 1183 2217 in
1204 2179 1470 2218 abstractione
1482 2179 1652 2226 quadam

40 2237 64 2266 a
81 2237 246 2274 corpore
264 2239 274 2273 3
295 2227 498 2274 perficitur
517 2227 624 2265 enim
644 2226 778 2264 anima
791 2226 958 2264 scientia
969 2229 1007 2263 et
1020 2226 1162 2264 virtute
1179 2237 1189 2271 3
1210 2226 1430 2264 secundum
1445 2226 1654 2264 scientiam

40 2279 173 2312 autem
212 2278 323 2312 tanto
361 2274 491 2321 magis
528 2273 741 2321 perficitur,
775 2276 924 2320 quanto
944 2273 1074 2320 magis
1094 2273 1376 2312 immaterialia
1396 2273 1624 2311 considerat
1645 2284 1654 2316 ;

39 2321 198 2358 virtutis
218 2325 350 2358 autem
365 2320 556 2368 perfectio
577 2321 763 2358 consistit
779 2321 817 2356 in
840 2320 915 2357 hoc
943 2320 1048 2367 quod
1081 2320 1201 2358 homo
1236 2320 1415 2365 corporis
1444 2319 1655 2366 passiones

41 2376 125 2406 non
145 2371 347 2420 sequatur,
369 2368 440 2405 sed
454 2376 522 2405 eas
542 2368 762 2405 secundum
779 2367 974 2404 rationem
994 2370 1183 2412 temperet
1200 2370 1238 2403 et
1257 2367 1439 2403 refrenet.
1459 2368 1545 2402 Non
1560 2373 1654 2412 ergo

6 2420 13 2422 “
42 2417 245 2460 corruptio
265 2422 408 2451 animae
429 2412 614 2451 consistit
640 2414 679 2451 in
706 2414 781 2450 hoc
801 2414 907 2461 quod
929 2424 951 2450 a
970 2423 1134 2459 corpore
1156 2416 1372 2459 separetur.

91 2461 132 2498 Si
153 2464 284 2498 autem
305 2459 457 2497 dicatur
478 2461 584 2507 quod
605 2460 793 2506 perfectio
820 2461 963 2497 animae
995 2460 1180 2497 consistit
1213 2460 1254 2495 in
1287 2459 1536 2504 separatione
1569 2458 1655 2505 ejus

43 2517 68 2545 a
86 2516 253 2554 corpore
273 2506 494 2545 secundum
512 2507 795 2553 operationem,
816 2506 1017 2552 corruptio
1038 2509 1169 2543 autem
1189 2505 1228 2541 in
1251 2505 1500 2551 separatione
1518 2514 1657 2542 secun-

43 2555 140 2592 dum
174 2563 278 2598 esse,
311 2561 393 2590 non
422 2553 703 2591 convenienter
730 2552 924 2590 obviatur.
959 2552 1141 2598 Operatio
1180 2552 1286 2588 enim
1321 2552 1376 2588 rei
1412 2551 1658 2589 demonstrat

43 2601 312 2640 substantiam
329 2603 476 2640 etesse
494 2599 622 2646 ipsius
639 2611 648 2644 ;
668 2600 762 2646 quia
779 2599 1089 2651 unumquodque
1110 2602 1294 2644 operatur
1314 2598 1534 2636 secundum
1549 2598 1657 2646 quod

5 2676 8 2679 -
45 2652 108 2686 est
127 2657 213 2693 ens,
234 2651 273 2685 et
290 2647 450 2694 propria
469 2646 645 2693 operatio
665 2646 721 2683 rei
755 2649 934 2692 sequitur
961 2645 1159 2692 propriam
1191 2645 1319 2691 ipsius
1353 2649 1546 2682 naturam.
1569 2648 1657 2683 Non

43 2699 178 2742 potest
196 2695 318 2742 igitur
331 2693 464 2740 perfici
482 2693 658 2740 operatio
680 2692 847 2739 alicujus
868 2692 938 2733 rei,
969 2692 1047 2729 nisi
1068 2693 1287 2729 secundum
1320 2692 1425 2739 quod
1456 2692 1657 2738 perficitur

47 2741 134 2788 ejus
151 2742 387 2779 substantia.
406 2741 443 2778 Si
464 2741 585 2787 igitur
611 2739 743 2777 anima
763 2739 983 2776 secundum
1013 2739 1284 2786 operationem
1312 2749 1425 2777 suam
1456 2739 1657 2785 perficitur

46 2788 91 2826 in
109 2788 369 2836 relinquendo
390 2796 534 2834 corpus
554 2791 591 2824 et
609 2796 810 2832 corporea,
831 2786 1054 2825 substantia
1073 2795 1147 2825 sua
1159 2786 1202 2825 in
1216 2795 1306 2825 esse
1322 2795 1397 2824 suo
1409 2795 1490 2824 non
1502 2786 1658 2824 deficiet

47 2843 119 2882 per
138 2835 214 2873 hoc
234 2835 340 2882 quod
360 2845 383 2874 a
402 2843 567 2883 corpore
586 2837 803 2881 separatur.
