1894 3223
724 191 810 226 ΗΒ.
841 191 868 234 Ι,
897 191 994 226 (ᾺΡ.
1022 191 1090 226 ΧΧ.
1669 193 1715 228 25

101 282 180 312 non
202 273 364 318 moveri,
385 272 562 320 acquirat
582 272 630 310 ab
651 272 730 309 alio
751 273 1046 318 perpetuitatem
1069 275 1201 310 motus
1223 284 1231 315 ;
1254 272 1356 310 sicut
1387 272 1606 318 ponebatur
1623 283 1712 312 csse

103 321 349 367 impossibile
370 320 416 357 de
439 320 694 366 perpetuitate
716 320 889 356 essendi.
914 322 1006 355 Num
1029 324 1160 356 motus
1193 325 1252 355 est
1286 320 1447 366 quidam
1480 321 1659 358 defluxus
1692 331 1716 359 a

100 371 280 405 movente
298 367 337 404 in
357 367 500 404 mobile
519 379 528 410 3
549 371 586 403 et
607 367 694 404 ideo
718 370 846 412 potest
866 366 1024 412 aliquod
1048 367 1191 403 motiile
1213 367 1415 414 acquirere
1437 367 1484 404 ab
1519 368 1599 405 ulio
1632 378 1717 414 per-

99 415 328 461 petuitatem
349 418 494 457 motus,
516 424 633 461 quam
657 423 736 450 ωοω
759 414 875 450 habet
895 414 941 450 de
962 423 1018 451 se.
1044 416 1138 451 Esse
1159 418 1289 450 autem
1322 418 1382 450 cst
1412 415 1559 461 aliquid
1593 414 1714 454 fixum

101 465 138 498 et
155 462 332 509 quietum
352 462 391 498 in
415 465 503 498 ente
524 473 532 505 ;
555 465 592 498 et
614 461 715 503 ideo,
739 461 844 507 quod
864 461 911 497 de
935 470 977 498 se
999 465 1058 498 est
1079 462 1119 498 in
1140 461 1315 506 potentia
1335 461 1383 498 ad
1406 470 1486 498 non
1507 471 1610 506 csse,
1633 471 1714 500 non

84 513 242 555 potest,
265 512 308 546 ut
326 509 410 593 ipge
431 508 539 552 dicit,
561 509 782 545 secundum
804 509 907 546 viam
929 511 1092 549 naturae,
1110 509 1313 555 acquirere
1333 509 1381 546 ab
1403 509 1482 546 alio
1515 510 1712 556 perpetui-

101 559 220 594 tatem
240 565 357 594 essen
390 556 414 592 i.

148 603 291 647 Quinta
312 603 482 649 objectio
503 606 563 640 est
585 615 592 639 :
616 603 726 647 Quod
749 613 816 648 per
837 603 1065 648 praedictum
1092 612 1323 648 processum
1348 612 1426 639 non
1454 604 1607 642 videtur
1631 614 1714 642 ma-

97 650 160 697 jor
177 650 290 695 ratio,
312 660 432 697 quare
454 659 534 687 ωοω
554 649 605 687 sit
625 651 798 696 potentia
820 650 972 686 infinita
996 650 1035 686 in
1056 650 1342 695 magnitudine,
1360 660 1475 696 quum
1502 656 1610 689 extra
1629 661 1713 689 ma-

99 697 476 744 gnitudine1n;nam
497 697 705 744 utrobique
723 698 914 744 sequitur,
937 697 1041 743 quod
1062 700 1217 734 movent
1238 698 1372 733 nonin
1396 702 1582 744 tempore.

150 746 190 781 Et
222 745 270 782 ad
295 745 370 782 hoc
397 744 606 781 dicendum
637 757 644 781 :
675 745 785 788 Quod
819 744 974 790 linitum
1013 748 1050 780 et
1084 743 1294 785 infinitum,
1319 744 1358 779 in
1378 746 1649 791 magnitudine
1674 750 1712 784 et

99 796 275 838 tempore
295 796 333 828 et
350 796 459 829 motu
481 792 737 828 inveniuntur
758 795 976 828 secundum
999 800 1116 827 unam
1148 791 1364 835 rationem,
1388 792 1490 828 sicut
1527 794 1715 838 probatur

101 839 141 875 in
159 839 275 876 tertio
295 843 333 876 et
352 839 393 876 in
453 839 563 875 uinto
583 840 831 882 Pliysz’corum.
855 834 897 875 Et
916 839 1004 874 ideo
1026 837 1224 873 infinitum
1247 838 1286 873 iu
1307 847 1386 874 uno
1408 848 1558 883 eorum,
1586 842 1712 878 aufert

100 886 395 932 proportionem
445 886 581 923 initam
609 886 647 921 in
669 886 774 922 aliis.
796 887 839 921 In
875 885 936 921 his
965 888 1093 921 autem
1111 912 1120 928 ‚
1147 894 1233 930 quae
1273 889 1405 921 carent
1427 888 1713 935 magnitudine,

103 942 183 970 non
215 937 276 970 est
293 933 447 970 finitum
481 937 517 969 et
539 932 750 974 infinitum,
772 932 850 968 nisi
884 932 1097 978 aequivoce.
1123 932 1229 968 Unde
1249 932 1461 978 praedictus
1481 935 1625 972 modus
1645 936 1712 972 de·
1743 960 1745 973 i

101 980 350 1018 monstrandi
372 980 412 1016 in
433 980 579 1016 talibus
599 979 784 1024 potentiis
806 979 937 1016 locum
957 987 1038 1015 non
1054 978 1183 1015 habet.

146 1027 269 1064 Aliter
299 1031 429 1064 autem
468 1027 730 1072 respondetur
759 1025 903 1062 melius
932 1025 1038 1072 quod
1073 1025 1216 1062 coelum
1246 1025 1363 1062 habet
1394 1027 1494 1065 duos
1523 1032 1713 1076 motores,

101 1083 225 1111 unum
246 1073 483 1119 proximum,
505 1073 573 1120 qui
595 1077 656 1110 est
674 1073 795 1110 finitae
812 1073 982 1112 virtutis,
1004 1077 1039 1109 et
1055 1073 1102 1110 ab
1116 1073 1190 1109 hoc
1212 1073 1329 1109 habet
1349 1075 1454 1120 quod
1475 1080 1607 1114 motus
1628 1077 1714 1123 eJ'us

101 1121 154 1158 sit
177 1120 298 1158 finitae
318 1120 556 1162 velocitatis,
577 1123 615 1157 et
635 1120 755 1157 alium
793 1125 1002 1164 remotum,
1025 1120 1091 1166 qui
1125 1124 1185 1157 est
1204 1119 1368 1157 infinitae
1399 1122 1569 1168 virtutis,
1593 1134 1615 1160 a
1634 1134 1713 1171 quo

100 1167 219 1205 habet
236 1167 341 1214 quod
363 1171 496 1204 motus
517 1167 603 1214 ejus
624 1167 751 1213 possit
781 1176 870 1205 csse
891 1166 1055 1203 infinitae
1086 1167 1322 1204 durationis.
1344 1170 1388 1204 Et
1405 1169 1464 1206 sic
1484 1174 1589 1215 patet
1608 1172 1714 1218 quod

99 1215 276 1261 potentia
294 1214 463 1259 infinita,
484 1223 571 1261 quae
590 1223 668 1252 non
684 1218 744 1251 est
759 1215 800 1251 in
822 1214 1109 1261 magnitudine,
1127 1218 1257 1260 potest
1276 1223 1433 1252 movere
1452 1226 1610 1263 corpus,
1633 1227 1714 1255 non

100 1261 326 1299 immediate
362 1263 403 1298 in
430 1265 636 1308 tempore;
665 1262 734 1299 sed
754 1264 931 1308 potentia
969 1271 1055 1308 quae
1093 1262 1212 1298 estin
1251 1263 1538 1309 magnitudine,
1561 1270 1715 1312 oportet

100 1309 205 1356 quod
231 1313 387 1347 moveat
412 1308 652 1353 immediate,
677 1318 798 1356 quum
813 1309 965 1346 nullum
987 1317 1132 1354 corpus
1152 1312 1308 1346 moveat
1326 1310 1404 1348 nisi
1425 1315 1590 1358 motum,
1610 1313 1714 1350 unde

101 1357 135 1393 si
157 1361 343 1399 moveret,
366 1360 597 1403 sequeretur
619 1356 724 1403 quod
748 1360 924 1393 moveret
944 1357 1081 1392 nonin
1101 1360 1290 1401 tempore.

147 1405 280 1440 Potest
300 1403 429 1440 adhuc
451 1403 594 1440 melius
614 1404 690 1440 dici
726 1404 831 1451 quod
855 1403 1044 1449 potentia,
1064 1413 1151 1450 quae
1173 1412 1251 1440 non
1274 1407 1334 1441 est
1364 1405 1403 1441 in
1423 1407 1710 1453 magnitudine,

100 1454 162 1487 est
188 1451 430 1495 intellectus,
452 1455 489 1487 et
511 1455 637 1487 movet
670 1460 739 1496 per
755 1451 1013 1487 voluntatem.
1038 1451 1144 1487 Unde
1165 1456 1296 1487 movet
1316 1453 1533 1490 secundum
1557 1456 1714 1501 exigen-

100 1498 193 1534 tiam
234 1498 409 1541 mobilis‚
441 1501 478 1534 et
510 1507 590 1535 non
629 1498 847 1535 secundum
880 1498 1175 1544 proportionem
1209 1507 1290 1535 suae
1328 1499 1484 1537 virtutis
1508 1513 1516 1537 ε
1538 1503 1714 1546 potentia

102 1549 232 1581 autem
253 1555 340 1592 quae
361 1548 421 1582 est
441 1545 481 1580 in
504 1545 792 1592 magnitudine,
814 1554 894 1582 non
915 1549 1044 1590 potest
1064 1554 1219 1582 movere
1242 1546 1318 1582 nisi
1338 1556 1406 1591 per
1435 1549 1712 1586 necessitatem

102 1596 266 1634 naturae,
287 1592 380 1638 quia
417 1592 623 1637 probatum
645 1596 704 1628 est
725 1592 830 1638 quod
851 1592 1076 1628 intellectus
1109 1601 1187 1628 non
1222 1596 1281 1628 est
1301 1593 1425 1630 virtus
1457 1595 1498 1630 in
1520 1604 1710 1642 corpore3

102 1642 141 1674 et
160 1638 218 1676 sic
238 1643 368 1675 movet
386 1639 432 1675 de
462 1639 698 1676 necessitate
719 1639 937 1675 secundum
960 1639 1253 1684 proportionem
1273 1648 1354 1676 suae
1373 1641 1619 1688 quantitatis,
1639 1652 1712 1680 un-

103 1685 150 1722 de
172 1686 365 1733 sequitur,
387 1686 421 1723 si
450 1689 593 1729 movet,
615 1686 719 1732 quod
741 1690 895 1722 moveat
915 1686 955 1722 in
991 1686 1168 1723 instanti.
1191 1687 1412 1724 Secundum
1430 1689 1504 1725 hoc
1523 1699 1630 1737 ergo,
1652 1700 1712 1728 re-

103 1733 224 1770 motis
246 1732 443 1778 praedictis
470 1732 775 1778 objectionibus,
797 1733 974 1778 procedit
993 1733 1278 1770 demonstratio
1298 1735 1535 1773 Aristotelis.

151 1780 336 1826 Amplius,
357 1780 493 1816 nullus
529 1783 661 1817 motus
691 1780 758 1826 qui
780 1783 840 1816 est
858 1789 880 1816 a
900 1784 1080 1816 movente
1101 1790 1290 1826 corporeo
1311 1786 1440 1827 potest
1465 1792 1554 1821 esse
1586 1785 1711 1822 conti-

106 1835 213 1864 nuus
245 1830 283 1863 et
321 1827 530 1873 regularis,
549 1835 596 1863 eo
634 1827 739 1873 quod
776 1836 940 1864 movens
979 1827 1182 1873 corporale
1214 1828 1252 1864 in
1287 1833 1397 1866 motu
1417 1830 1533 1867 locali
1566 1836 1710 1876 movet,

101 1873 333 1911 attrahendo
350 1874 408 1910 vel
441 1873 688 1919 expellendo.
711 1874 752 1910 ld
774 1878 906 1911 autem
946 1874 1052 1920 quod
1072 1874 1281 1911 attrahitur
1301 1876 1361 1912 vel
1389 1878 1598 1923 expellitur
1629 1888 1710 1916 non

101 1921 141 1957 in
161 1920 296 1958 eadem
314 1921 578 1967 dispositione
599 1929 642 1957 se
673 1921 790 1958 habet
811 1922 858 1958 ad
881 1925 1118 1966 moventem,
1138 1931 1160 1958 a
1192 1922 1389 1969 principio
1411 1929 1543 1963 motus
1583 1936 1709 1973 usque

100 1967 149 2004 ad
168 1967 287 2004 finem
309 1980 317 2004 :
339 1977 460 2014 quum
478 1968 715 2014 quandoque
732 1969 784 2004 sit
805 1969 1081 2015 propinquius,
1103 1969 1342 2017 quandoque
1363 1973 1569 2010 remotius.
1592 1975 1636 2009 Et
1651 1974 1709 2010 sic

100 2015 252 2052 nullum
286 2023 430 2061 corpus
450 2018 581 2061 potest
613 2024 771 2052 movere
793 2020 902 2052 motu
937 2016 1127 2052 continuo
1148 2020 1185 2052 et
1214 2018 1398 2064 regulari.
1421 2020 1546 2056 Motus
1578 2024 1708 2057 autem

99 2061 252 2108 primus
277 2065 338 2100 est
357 2063 572 2099 continuus
593 2067 630 2098 et
644 2063 852 2109 regularis,
874 2067 916 2099 ut
934 2063 1121 2109 probatur
1141 2063 1181 2099 in
1198 2068 1335 2101 octavo
1349 2066 1584 2110 Physicorum
1600 2068 1707 2115 (text.

99 2117 244 2146 comm.
260 2109 403 2155 73-77).
425 2109 549 2155 Igitur
559 2118 724 2146 movens
745 2110 916 2155 primum
938 2115 1087 2147 motum
1109 2119 1189 2147 non
1211 2115 1270 2148 est
1290 2122 1447 2158 corpus.

152 2157 254 2201 Item,
276 2156 412 2193 nullus
450 2160 596 2200 motus,
625 2157 690 2203 qui
710 2161 768 2193 est
806 2157 854 2193 ad
874 2156 992 2193 finem
1028 2157 1095 2204 qui
1116 2159 1196 2194 exit
1214 2158 1261 2194 de
1291 2161 1467 2205 potentia
1486 2161 1534 2198 ad
1563 2166 1707 2207 actum,

98 2206 229 2249 potest
259 2211 348 2240 esse
384 2206 618 2250 perpetuus;
637 2204 743 2250 quia,
764 2213 885 2251 quum
921 2208 1148 2250 perventum
1182 2205 1298 2242 fuerit
1329 2207 1378 2243 ad
1410 2212 1554 2252 actum,
1575 2214 1708 2247 motus

98 2249 282 2297 quiescit.
302 2250 340 2287 Si
360 2259 455 2297 ergo
473 2255 606 2288 motus
628 2251 779 2296 primus
799 2255 860 2288 est
877 2255 1104 2297 perpetuus,
1125 2256 1279 2297 oportet
1300 2254 1405 2300 quod
1427 2255 1479 2291 sit
1510 2256 1557 2292 ad
1589 2256 1708 2294 finem

97 2297 165 2344 qui
191 2297 244 2335 sit
280 2306 437 2343 semper
453 2302 491 2334 et
527 2298 713 2335 omnibus
735 2298 864 2335 modis
884 2299 926 2334 in
958 2302 1061 2335 actu.
1083 2299 1173 2335 Tale
1193 2303 1324 2337 autem
1356 2309 1436 2339 non
1456 2306 1516 2339 est
1547 2303 1708 2351 aliquod

98 2352 258 2389 corpus,
273 2353 401 2392 neque
421 2344 553 2391 aliqua
575 2345 701 2382 virtus
719 2345 760 2381 in
782 2354 960 2391 corpore,
982 2355 1101 2392 quum
1124 2347 1259 2384 omnia
1279 2347 1507 2395 huJ'usmodi
1529 2350 1609 2387 sint
1628 2360 1709 2388 mo-

97 2390 194 2427 bilia
209 2399 280 2443 per
296 2399 340 2428 se
373 2391 435 2444 vel
453 2401 524 2438 per
559 2392 758 2429 accidens.
781 2392 905 2439 Igitur
931 2392 1024 2429 finis
1046 2393 1161 2438 primi
1196 2397 1329 2431 motus
1349 2403 1429 2432 non
1469 2400 1530 2433 est
1562 2406 1707 2443 corpus

98 2445 226 2483 neque
244 2440 370 2475 virtus
396 2447 438 2474 m
457 2447 635 2485 corpore.
658 2439 766 2476 Finis
785 2443 917 2476 autem
937 2440 1053 2486 primi
1074 2444 1207 2476 motus
1244 2444 1304 2478 est
1323 2442 1493 2487 primum
1526 2452 1705 2490 movens,

98 2483 204 2530 quod
223 2487 354 2521 movet
384 2484 489 2522 sicut
506 2485 794 2531 desideratum;
816 2486 892 2523 hoc
924 2490 1055 2524 autem
1079 2490 1139 2523 est
1166 2488 1284 2524 Deus.
1306 2489 1410 2526 Deus
1439 2489 1560 2536 igitur
1579 2499 1706 2538 neque

99 2534 160 2567 est
179 2539 337 2576 corpus,
358 2539 487 2577 neque
517 2532 643 2569 virtus
662 2533 702 2568 in
724 2541 903 2579 corpore.
928 2533 1116 2576 Quamvis
1147 2537 1279 2570 autem
1299 2534 1444 2572 falsum
1478 2537 1542 2577 sit,
1565 2546 1706 2575 secun—

96 2577 190 2614 dum
215 2577 332 2614 tidem
349 2582 540 2623 nostram,
564 2579 670 2625 quod
685 2583 818 2617 motus
838 2580 925 2617 coeli
948 2580 1000 2616 sit
1017 2584 1246 2626 perpetuus,
1266 2585 1310 2618 ut.
1328 2582 1431 2619 infra
1447 2584 1594 2629 patebit
1607 2585 1648 2632 (l.
1662 2594 1704 2630 11,

95 2633 135 2662 c.
152 2626 211 2675 36,
233 2624 310 2661 etl.
327 2633 383 2665 lv,
405 2635 438 2661 c.
461 2626 535 2671 37),
551 2629 691 2664 tamen
708 2635 843 2663 verum
865 2630 925 2663 est
943 2626 1048 2673 quod
1067 2630 1199 2664 motus
1216 2627 1283 2664 ille
1304 2637 1384 2666 non
1411 2629 1555 2676 deficit,
1578 2641 1705 2679 neque

95 2675 255 2717 propter
292 2672 564 2717 impotentiam
599 2673 779 2718 motoris,
796 2682 923 2719 neque
958 2677 1130 2719 propter.
1146 2675 1439 2721 corruptionem
1472 2678 1704 2717 substantiae

97 2718 272 2760 mobilis,
294 2728 420 2765 quum
438 2727 516 2756 non
542 2719 721 2756 videatur
739 2723 872 2756 motus
889 2720 978 2756 coeli
998 2729 1068 2766 per
1087 2720 1383 2760 diuturnitatem
1410 2726 1600 2770 temporis
1621 2726 1704 2762 len-

94 2769 260 2802 tescere.
282 2766 390 2802 Unde
410 2765 770 2803 demonstrationes
791 2766 985 2812 praedictae
1005 2776 1117 2804 suam
1137 2767 1352 2807 efficaciam
1373 2780 1452 2808 non
1474 2773 1655 2818 perdunt.

144 2812 242 2848 Huic
261 2815 392 2849 autem
412 2814 564 2849 veritati
597 2816 874 2850 demonstratae
903 2814 1117 2851 concordat
1144 2815 1277 2852 divina
1299 2819 1527 2855 auctoritas.
1554 2820 1703 2857 Dicitur

95 2859 202 2895 enim
224 2871 232 2895 ε
252 2860 414 2904 Spiritus
443 2863 495 2895 est
513 2863 617 2901 Deus,
639 2864 672 2896 et
690 2870 744 2895 eos
760 2861 822 2905 qui
841 2871 918 2895 eum
942 2861 1109 2901 adorant,
1128 2863 1169 2897 in
1191 2864 1328 2908 spiritu
1347 2868 1381 2900 et
1398 2868 1548 2901 veritate
1567 2870 1705 2911 oportet

94 2905 248 2941 adorare
267 2906 437 2952 (Joann.,
456 2915 515 2952 IV,
534 2908 608 2954 24).
632 2907 780 2944 Dicitur
805 2907 919 2944 etiam
939 2919 946 2944 :
968 2909 1057 2953 Re9i
1070 2910 1278 2946 saecuLorum
1289 2913 1496 2953 immortali,
1509 2914 1699 2955 invisibili,

95 2953 164 2989 solz·
183 2954 254 2990 Deo
271 2953 301 3000 (Ι
328 2953 441 2999 Tim„
459 2963 489 3000 1,
519 2955 591 3001 17).
614 2956 660 2992 Et
679 2966 690 2990 .·
710 2954 913 2991 Invisibilia
933 2957 1010 2997 Dei,
1024 2965 1091 3002 per
1116 2966 1158 2992 ea
1176 2967 1255 3003 quae
1276 2959 1379 3003 facta
1406 2962 1501 3003 sunt,
1523 2961 1702 2997 intellecta
