1894 3223
141 186 210 224 650

142 273 274 307 felicitas
287 270 427 304 consistit
446 270 478 302 in
496 269 753 311 contemplatione
774 267 837 300 Dei.
853 268 912 300 299

182 321 264 354 ΠΛΡ.
284 326 434 353 xxxviii.
454 335 491 343 -—
518 317 605 356 Quod
630 316 765 349 felicitas
781 316 913 348 humana

141 377 203 401 non
221 367 363 400 consistit
377 367 409 399 in
426 366 602 406 cognitione
623 364 676 396 Dei
697 371 764 405 quae
779 371 913 396 commu-

142 415 221 447 niter
238 413 367 446 liabetur
385 422 402 445 a
415 413 567 454 pluribus.
853 410 912 441 300

183 463 264 495 CAP.
295 468 415 494 mtx.
442 479 481 484 -
507 460 592 497 Quod
618 459 752 492 felicitas
782 459 913 490 bumana

143 518 203 542 non
222 508 364 542 consistit
387 507 419 540 in
434 507 609 548 cognitione
628 506 683 539 Dei
702 515 769 547 quae
785 504 914 537 habetur

143 565 198 598 per
217 555 521 588 demonstrationem.
739 589 742 592 .
856 553 914 584 301

185 603 265 634 CAP.
292 609 348 635 XL.
376 619 415 625 —
440 601 526 639 Quod
546 600 678 633 felicitas
703 600 834 631 humana
857 606 917 630 non

144 650 287 683 consistit
317 650 348 682 in
387 648 564 690 cognitione
597 648 649 680 Dei
689 655 756 688 quae
789 648 836 678 est
863 654 919 687 per

146 697 248 730 sidem.
858 693 917 725 303

162 745 266 778 ‘CAP.
294 752 366 778 xm.
391 763 430 768 —-
453 742 540 782 Quod
567 743 660 775 homo
680 750 741 774 non
759 743 863 782 potest
888 740 918 772 in

145 794 201 826 1130
218 793 282 825 vita
293 799 480 833 cognoscere
494 789 682 824 substantias
694 790 851 830 separatas
864 796 920 829 per

146 839 279 873 studium
307 842 338 872 et
364 838 597 880 inquisitionem
626 836 823 869 scientiarum
848 843 919 876 spe-

146 887 358 926 culativarum,
375 889 410 919 ut
428 886 529 918 voluit
547 886 733 926 Avempace.
861 884 919 915 304

187 934 264 967 CAP.
287 942 373 967 xm.
394 950 433 958 -
450 931 536 971 Quod
557 940 617 964 non
632 940 795 973 possumus
813 930 845 963 in
865 930 921 962 hac

147 982 209 1015 vita
228 989 415 1022 cognoscere
430 979 616 1013 substantias
631 981 800 1020 separatas,
821 980 854 1010 ut
866 986 922 1019 po-

147 1028 208 1061 suit
226 1028 406 1061 Alexander.
861 1026 920 1057 306

189 1076 269 1109 Car.
292 1083 392 1108 XLIII.
412 1092 452 1101 --
471 1075 557 1113 Quod
570 1083 631 1107 non
651 1082 815 1115 possumus
834 1072 922 1106 intel-

147 1124 242 1165 ligere
262 1124 292 1156 in
312 1124 370 1156 hac
383 1123 446 1156 vita
458 1122 647 1155 substantias
661 1124 831 1162 separatas,
843 1120 923 1153 sicut

148 1170 251 1212 posuit
270 1170 451 1203 Averrboes.
863 1169 922 1200 308

190 1218 272 1251 ΟΑΡ.
299 1226 394 1251 xciv.
415 1236 454 1243 --
474 1218 561 1257 Quod
581 1218 688 1249 ultima
708 1216 844 1249 felicitas
865 1216 922 1248 ho-

149 1266 239 1299 minis
264 1274 326 1299 non
351 1265 491 1298 consistit
516 1266 546 1297 in
576 1264 753 1304 cognitione
786 1263 924 1295 substan-

149 1313 260 1345 tiarum
290 1314 512 1354 separatarum,
547 1311 668 1352 qualem
690 1309 841 1352 praedictae
860 1309 926 1350 opi-

150 1360 258 1393 niones
272 1359 402 1400 fingunt.
866 1358 921 1388 311

192 1407 271 1439 CAP.
293 1414 373 1438 xcv.
396 1424 434 1429 —
455 1405 540 1443 Quod
560 1414 620 1437 non
641 1413 805 1446 possumus
825 1404 855 1434 in
870 1404 925 1434 bac

150 1454 213 1486 vita
225 1453 398 1494 intelligere
418 1452 605 1486 substantias
623 1454 789 1493 separatas.
867 1450 925 1483 313

192 1502 272 1534 CAP.
300 1508 396 1534 XLVI.
427 1518 465 1523 ——
493 1499 579 1538 Quod
608 1499 707 1531 anima
731 1499 762 1530 in
788 1499 845 1530 1130
864 1497 927 1529 vita

151 1558 210 1582 non
232 1548 384 1590 intelligat
403 1549 548 1590 seipsam.
867 1546 927 1577 312

194 1596 274 1629 CAP.
295 1603 406 1628 XLvu.
422 1613 460 1619 ·—
473 1594 559 1633 Quod
573 1602 634 1626 non
652 1601 814 1634 possumus
829 1593 860 1625 in
871 1592 928 1624 hac

151 1643 215 1674 vita
234 1642 338 1675 videre
357 1642 451 1675 Deum
471 1650 525 1683 per
546 1640 725 1673 essentiam.
868 1641 927 1672 315

194 1689 277 1722 CAP.
298 1696 421 1722 xcviii.
449 1706 486 1711 —
507 1687 593 1726 Quod
612 1687 719 1719 ultima
739 1685 873 1719 bominis
884 1686 929 1718 fe-

154 1736 253 1768 licitas
273 1743 335 1767 non
351 1735 391 1767 sit
410 1735 440 1766 in
461 1735 518 1766 hac
534 1734 608 1766 vita.
869 1734 927 1766 317

194 1783 275 1816 CAP.
298 1790 393 1814 XLIX.
416 1799 454 1805 —
479 1780 566 1820 Quod
585 1781 764 1814 substantiae
784 1782 930 1822 separatae

154 1839 214 1864 non
233 1829 339 1862 vident
359 1830 452 1861 Deum
467 1837 520 1870 per
540 1828 705 1861 essentiam
722 1836 759 1860 ex
778 1827 837 1860 hoc
849 1825 930 1868 quod

154 1879 341 1918 cognoscant
360 1885 427 1909 eum
451 1885 505 1918 per
524 1875 688 1909 essentiam
708 1883 805 1907 sunm.
871 1875 930 1907 319

196 1925 275 1958 CAP.
300 1932 332 1957 L.
360 1942 398 1948 —
426 1923 512 1962 Quod
537 1923 569 1956 in
595 1921 726 1955 naturali
754 1921 930 1961 cognitione

156 1981 246 2014 quam
269 1972 386 2005 habent
413 1969 592 2003 substantiae
623 1971 772 2010 separatae
794 1968 831 2000 de
857 1969 930 2005 Deo,

155 2027 217 2051 non
233 2018 364 2059 quiescit
383 2025 488 2049 eorum
507 2016 703 2048 desiderium.
872 2016 929 2048 321

197 2066 279 2098 CAP.
300 2072 399 2097 L1.—
415 2062 573 2101 Quomodo
594 2062 672 2094 Deus
692 2071 746 2103 per
769 2061 931 2094 essentiam

156 2112 306 2145 videatur.
873 2110 932 2142 323

198 2159 276 2192 CAP.
309 2166 370 2191 L11.
399 2175 437 2181 —
458 2158 545 2196 Quod
563 2157 646 2190 nulla
666 2161 766 2190 creata
794 2157 933 2190 substan-

157 2207 199 2239 tia
221 2208 326 2248 potest
347 2214 402 2239 sua
427 2205 560 2238 naturali
583 2205 697 2237 virtute
715 2205 876 2246 pervenire
896 2204 932 2236 ad

156 2252 320 2286 videndum
339 2253 434 2286 Deum
451 2260 506 2294 per
525 2252 704 2285 essentiam.
873 2252 932 2285 324

197 2300 278 2333 CAP.
314 2307 390 2332 Lm.
419 2317 457 2323 -—
490 2299 576 2338 Quod
606 2299 782 2331 intellectus
813 2301 933 2332 creatus

157 2347 275 2388 indiget
287 2347 388 2388 aliqua
403 2346 562 2379 influentia
575 2346 670 2379 divini
686 2346 810 2379 luminis
824 2346 860 2379 ad
875 2347 932 2379 hoc

159 2395 239 2436 quod
261 2395 356 2428 Deum
374 2403 429 2437 per
447 2394 612 2427 essentiam
630 2393 743 2426 videat.
873 2395 932 2427 325

199 2442 278 2475 Cae.
307 2449 378 2475 mv.
408 2459 446 2465 —
467 2441 613 2475 Rationes
631 2444 736 2474 contra
755 2441 931 2483 proedictam

158 2489 454 2526 determinationem,
479 2490 512 2521 et
531 2496 634 2521 earum
655 2488 779 2521 solutio.
873 2490 932 2522 326

198 2537 281 2568 CAP.
299 2543 356 2569 Lv.
378 2554 416 2559 —
437 2534 524 2573 Quod
542 2535 719 2568 intellectus
731 2539 851 2568 creatus
871 2545 932 2569 non

159 2584 393 2625 comprehendit
415 2583 549 2616 divinam
572 2583 787 2616 substantiam.
873 2584 932 2617 328

201 2631 282 2663 CAP.
303 2638 374 2664 Lvi.
394 2648 432 2654 —
453 2631 540 2669 Quod
559 2630 663 2663 nullus
681 2631 857 2664 intellectus
871 2640 932 2664 cre-

161 2680 242 2716 atus,
266 2677 398 2710 videndo
421 2676 625 2716 Deum,videt
642 2677 744 2710 omnia
763 2686 832 2718 quae
846 2678 878 2710 in
897 2687 933 2711 eo

159 2724 255 2756 videri
275 2727 417 2765 possunt.
872 2727 934 2759 329

201 2771 283 2803 CAP.
304 2777 471 2803 LXV11.-
509 2771 595 2809 Quod
629 2771 728 2804 omnis
760 2772 934 2806 intellectus

160 2817 370 2858 cujuscunque
393 2816 502 2857 gradus
541 2818 693 2860 particeps
726 2828 792 2851 esse
832 2823 935 2860 potest

160 2864 270 2896 divinat
288 2863 428 2896 visionis.
874 2869 932 2900 330

201 2911 281 2942 CAP.
303 2917 405 2943 cvm.
427 2928 466 2935 —
480 2911 567 2950 Quod
590 2920 668 2944 uuus
688 2913 748 2944 alio
769 2913 935 2952 perfectius

155 2957 248 2989 Deum
269 2957 374 2990 videre
394 2960 508 2998 potest.
873 2961 929 2991 331

788 177 916 218 ORDO
943 179 1116 216 RERUM.

1028 266 1109 299 CAP.
1133 272 1203 298 mx.
1228 282 1267 290 -—
1286 266 1442 304 Quomodo
1465 266 1604 299 videntes
1628 265 1761 298 divinam

986 312 1188 346 substantiam
1208 313 1310 346 omnia
1329 314 1463 346 videant.
1704 313 1763 346 332

1027 361 1108 394 CAP.
1138 368 1193 393 Lx.
1220 379 1260 385 -
1283 360 1369 399 Quod
1388 361 1527 394 videntes
1543 361 1636 393 Deum
1659 361 1764 393 omnia

985 408 1076 442 simul
1099 408 1203 441 vident
1218 409 1251 441 in
1273 409 1354 448 ipso.
1704 409 1764 440 333

1027 456 1107 488 CAP.
1130 463 1202 489 Lxr.
1223 473 1261 479 —
1276 455 1363 493 Quod
1383 465 1438 498 per
1456 455 1606 489 visionem
1628 456 1682 488 Dei
1705 456 1763 487 ali-

992 503 1060 543 quis
1079 502 1118 535 sit
1139 503 1293 545 particeps
1314 504 1384 536 vitae
1404 506 1537 536 aeternae.
1705 503 1764 536 334

1032 550 1112 582 CAP.
1145 557 1229 582 an.
1266 567 1303 574 ·-
1335 550 1420 588 Quod
1442 550 1581 583 videntes
1610 551 1704 584 Deum
1734 551 1766 583 in

991 599 1173 638 perpetuum
1191 605 1259 628 eum
1278 597 1436 630 videbunt.
1707 597 1766 631 335

1033 645 1112 677 CAP.
1134 652 1232 676 Lxm.
1249 663 1288 668 —-
1307 645 1443 682 Qualiter
1462 645 1494 677 in
1518 644 1572 677 illa
1598 645 1705 678 ultima
1725 645 1767 678 fe·

992 691 1108 723 licitate
1138 699 1227 723 omne
1258 690 1442 724 desiderium
1473 691 1606 724 hominis
1628 691 1765 733 comple-

992 742 1054 770 tur.
1708 740 1766 772 337

1034 786 1115 819 CAP.
1133 794 1225 819 cxiv.
1250 805 1287 810 —-
1308 786 1393 825 Quod
1409 787 1488 820 Deus
1503 795 1558 819 sua
1578 785 1770 828 providentia

994 832 1210 872 gubernatres.
1710 835 1769 867 338

1035 880 1116 914 CAP.
1136 888 1214 914 va.
1238 901 1276 907 —
1290 883 1375 920 Quod
1397 884 1475 918 Deus
1489 884 1653 915 conservat
1667 890 1718 915 res
1738 881 1769 914 in

994 936 1072 961 esse.
1710 930 1770 961 340

1036 976 1116 1008 CAP.
1138 983 1232 1011 van
1252 995 1290 1001 —
1314 978 1399 1016 Quod
1418 977 1496 1011 nihil
1515 976 1567 1010 dat
1585 985 1653 1010 esse
1667 975 1726 1011 nisi
1741 975 1770 1007 iu

996 1025 1141 1063 quantum
1162 1023 1226 1064 agit
1245 1024 1277 1057 in
1290 1024 1404 1057 virtute
1423 1024 1538 1058 divina.
1711 1023 1770 1055 342

1037 1070 1116 1103 CAP.
1134 1076 1243 1104 vaii.
1266 1089 1305 1095 —
1322 1072 1407 1110 Quod
1428 1072 1508 1104 Deus
1528 1073 1576 1106 est
1594 1077 1684 1104 causa
1701 1078 1773 1111 ope-

998 1117 1082 1149 randi
1101 1118 1243 1152 omnibns
1262 1118 1474 1161 operantibus.
1713 1120 1773 1152 343

1038 1163 1118 1196 CAP.
1141 1172 1266 1198 vam.
1285 1183 1324 1191 -
1344 1166 1431 1204 Quod
1446 1167 1525 1199 Deus
1542 1168 1589 1199 est
1607 1166 1723 1207 ubique
1743 1167 1774 1198 et

997 1211 1028 1242 in
1041 1212 1181 1244 omnibus
1193 1212 1293 1245 rebus.
1714 1213 1773 1245 344

1038 1258 1118 1291 CAP.
1140 1267 1232 1292 Linx.
1255 1277 1294 1283 ——
1325 1260 1366 1292 De
1404 1261 1549 1303 opinione
1581 1269 1687 1293 eorum
1723 1259 1775 1301 qui

997 1305 1086 1338 rebus
1151 1307 1338 1340 naturalibus
1400 1308 1538 1349 proprias
1593 1306 1776 1341 subtrahunt

999 1353 1146 1387 actiones.
1716 1355 1774 1388 345

1040 1400 1121 1433 CAP.
1142 1409 1220 1435 Lxx.
1244 1420 1282 1425 —
1313 1403 1471 1440 Quomodo
1490 1402 1570 1436 idem
1591 1402 1717 1436 effectus
1736 1401 1777 1434 sit

1001 1456 1015 1479 a
1038 1447 1112 1487 Deo,
1133 1451 1164 1482 et
1183 1457 1199 1481 a
1213 1449 1345 1483 naturali
1365 1451 1486 1491 agente.
1715 1451 1776 1483 349

1042 1495 1122 1528 Car.
1155 1503 1251 1529 Lxxi.
1281 1515 1320 1522 --
1349 1497 1435 1536 Quod
1463 1496 1565 1530 divina
1584 1496 1777 1539 providentia

1002 1551 1061 1575 non
1080 1542 1215 1575 excludit
1233 1543 1372 1577 totaliter
1389 1543 1502 1578 malum
1523 1553 1540 1577 a
1561 1544 1665 1576 rebus.
1717 1545 1777 1577 350

1043 1589 1123 1622 CAP.
1148 1597 1259 1623 Lxxn.
1285 1609 1323 1615 -
1349 1591 1436 1631 Quod
1455 1590 1558 1624 divina
1585 1589 1778 1632 providentia

1003 1645 1064 1670 non
1084 1637 1215 1670 excludit
1236 1637 1478 1680 contingentiam
1493 1647 1510 1671 a
1529 1638 1630 1671 rebus.
1717 1639 1778 1672 352

1044 1683 1125 1717 CAP.
1146 1691 1270 1719 Lxxm.
1291 1703 1331 1709 —
1356 1685 1443 1724 Quod
1463 1685 1566 1718 divina
1587 1684 1779 1727 providentia

1004 1740 1064 1764 non
1080 1732 1215 1765 excludit
1233 1732 1351 1766 arbitrii
1365 1732 1550 1766 libertatem.
1719 1734 1778 1766 353

1045 1780 1124 1813 CAP.
1153 1788 1272 1813 Lxxlv.
1296 1799 1334 1804 —
1354 1780 1440 1819 Quod
1465 1779 1567 1813 divina
1587 1780 1779 1823 providentia

1005 1836 1065 1860 non
1085 1827 1220 1860 excludit
1243 1828 1395 1861 fortunam
1415 1830 1446 1861 et
1464 1837 1581 1862 casum.
1720 1830 1779 1862 354

1046 1874 1125 1907 CAP.
1149 1882 1251 1908 cxxv.
1277 1893 1316 1899 —
1342 1875 1428 1913 Quod
1447 1875 1640 1917 providentia
1668 1874 1722 1909 Dei
1741 1876 1782 1909 sit.

1006 1922 1206 1961 singularium
1226 1921 1480 1963 contingentium.
1719 1924 1777 1956 355

1045 1968 1114 2002 CAP
1148 1976 1265 2002 Lxxvr.
1285 1986 1325 1993 —
1351 1969 1437 2008 Quod
1458 1969 1649 2010 providentia
1670 1968 1724 2003 Dei
1740 1970 1782 2002 sit

1006 2016 1140 2049 omnium
1159 2016 1361 2058 singularium
1380 2015 1566 2050 immediate.
1720 2018 1780 2050 358

1047 2063 1129 2097 CAP.
1145 2070 1328 2097 Lxxv11.—
1343 2064 1429 2101 Quod
1440 2063 1580 2097 executio
1591 2064 1701 2098 divinae
1712 2074 1781 2106 pro-

1006 2109 1148 2144 videntiae
1167 2110 1200 2144 fit
1214 2110 1417 2143 mediantibus
1431 2111 1533 2144 causis
1547 2112 1703 2144 secundis.
1720 2113 1779 2145 360

1047 2157 1127 2190 CAP.
1151 2165 1300 2190 Lxxvm.
1320 2174 1360 2181 —
1379 2157 1466 2194 Quod
1483 2158 1687 2191 mediantibus
1700 2168 1783 2192 crea-

1006 2204 1082 2237 turis
1105 2204 1364 2238 intellectualibus
1381 2204 1448 2236 3113)
1466 2207 1613 2238 creaturae
1635 2209 1782 2247 reguntur

1007 2262 1020 2284 3
1037 2253 1108 2285 Deo.
1721 2256 1779 2288 361

1046 2299 1128 2332 CAP.
1144 2306 1262 2332 Lxmx.
1284 2317 1323 2323 -
1343 2300 1429 2338 Quod
1449 2300 1627 2334 substantiae
1643 2301 1783 2335 intellec-

1006 2347 1103 2380 tuales
1126 2346 1288 2381 inferiores
1306 2349 1516 2388 reguntur-per
1525 2348 1711 2389 superiores.
1722 2350 1781 2382 362

1046 2396 1124 2430 CAP.
1149 2404 1252 2429 Lxxx.
1275 2415 1314 2420 -—
1333 2397 1374 2429 De
1394 2396 1586 2430 ordinatione
1605 2397 1782 2438 angelorum

1006 2443 1044 2476 ad
1062 2443 1203 2476 invicem.
1722 2444 1781 2478 362

1047 2490 1126 2523 CAP.
1152 2499 1269 2523 Lxxm.
1290 2508 1327 2514 -
1347 2491 1390 2523 De
1410 2490 1602 2524 ordinatione
1625 2490 1781 2525 hominum

1007 2537 1044 2569 ad
1060 2537 1193 2569 invicem
1214 2538 1245 2569 et
1264 2536 1301 2569 ad
1321 2536 1394 2570 alia.
1723 2540 1783 2571 366

1048 2584 1128 2617 CAP.
1159 2591 1292 2616 Lxxxu.
1316 2601 1356 2607 -
1375 2583 1462 2621 Quod
1486 2582 1634 2616 inferiora
1653 2593 1783 2627 corpora

1007 2634 1153 2673 reguntur
1172 2639 1189 2664 a
1208 2631 1270 2663 Deo
1291 2639 1348 2672 per
1365 2638 1495 2672 corpora
1518 2630 1668 2664 coelestia.
1723 2633 1781 2665 367

1049 2678 1130 2710 ΟΑΡ.
1162 2685 1310 2709 Lxxxm.
1349 2695 1388 2700 —
1427 2677 1574 2718 Epilogus
1617 2677 1780 2719 praedicto-

1007 2734 1085 2758 rum.
1723 2724 1781 2756 368

1048 2773 1128 2806 CAP.
1153 2780 1296 2806 Lxxxiv.
1319 2790 1358 2795 —
1381 2772 1468 2810 Quod
1494 2780 1622 2814 corpora
1644 2772 1781 2805 coelestia

1008 2828 1068 2852 non
1087 2819 1262 2861 imprimant
1276 2819 1308 2851 in
1327 2819 1501 2851 intellectus
1520 2822 1652 2852 nostros.
1719 2820 1780 2851 369

1049 2866 1128 2899 CAP.
1153 2872 1282 2898 Lxxxv.
1311 2882 1350 2888 —
1376 2865 1462 2903 Quod
1491 2872 1618 2906 corpora
1643 2864 1780 2897 coelcslia

1008 2921 1068 2946 non
1107 2915 1178 2945 sunt
1212 2919 1312 2944 causa:
1337 2911 1528 2944 voluntatum
1563 2913 1593 2942 et
1627 2912 1780 2943 actionum

1008 2961 1190 2992 nostrarum.
1722 2959 1776 2989 371
