1894 3223
733 133 820 170 LIB.
848 134 912 175 ΙΙΙ,
941 133 1041 170 CAP.
1070 132 1185 170 CLIV.
1699 135 1768 170 475

147 215 339 254 miracula
357 214 450 252 talia
470 217 563 252 sunt
583 213 689 261 quod
711 215 822 251 solus
846 217 948 252 Deus
968 225 1015 252 ea
1037 218 1167 261 potest
1189 214 1359 261 operari.
1381 213 1614 259 Hujusmodi
1637 217 1768 251 autem

148 263 340 310 praecipue
373 264 466 299 sunt
496 261 537 297 in
571 261 690 298 rebus
723 261 979 299 inferioribus
1013 262 1169 299 occulta
1196 261 1389 301 cordium,
1424 270 1510 308 quae
1531 261 1643 298 solus
1665 262 1769 298 Deus

148 318 390 357 cognoscere
409 311 552 354 potest,
574 312 617 344 ut
636 317 757 354 supra
775 307 814 353 (l.
837 318 864 353 1,
887 309 944 355 68)
967 313 1173 346 ostensum
1194 312 1269 353 est,
1286 312 1324 345 et
1338 309 1468 345 sutura
1482 308 1768 355 contingentia,

149 366 234 404 quae
255 356 371 392 etiam
394 355 469 392 soli
492 354 634 392 divinae
660 355 879 402 cognitioni
903 355 1194 402 subsunt,quia
1214 365 1261 392 ea
1275 355 1315 392 in
1337 355 1482 401 seipsis
1506 355 1623 398 videt,
1646 363 1768 401 quum

146 404 227 440 sint
247 402 281 438 ei
305 402 515 448 praesentia
546 403 698 438 ratione
728 411 810 439 suae
829 403 1074 446 aeternitatis,
1111 406 1152 439 ut
1182 411 1303 448 supra
1321 402 1359 448 (l.
1379 411 1406 447 1,
1425 411 1459 439 c.
1482 402 1540 449 67)
1564 407 1770 439 ostensum

147 454 220 487 est.
243 451 417 486 Possunt
436 452 565 485 tamen
586 449 719 501 aliqua
741 449 871 486 futura
891 449 1163 495 contingentia
1190 449 1307 486 etiam
1339 449 1387 485 ab
1419 449 1649 486 homiuibus
1669 457 1766 495 prae-

146 497 352 543 cognosci,
374 505 452 532 non
474 496 631 542 quidem
656 505 695 532 1n
719 500 910 543 quantum
933 498 1065 533 sutura
1084 499 1190 540 sunt,
1212 496 1281 533 sed
1305 496 1342 532 in
1366 500 1554 542 quantum
1576 497 1614 532 in
1635 495 1770 533 causis

147 545 233 581 suis
261 543 545 589 praeexistunt3
581 543 726 590 quibus
756 543 928 590 cognitis
959 543 1019 579 vel
1050 543 1269 580 secundum
1290 543 1422 587 seipsa
1443 544 1502 580 vel
1523 553 1591 589 per
1612 542 1770 595 aliquos

146 589 312 627 effectus
329 599 462 627 earum
486 590 736 635 manifestos,
767 599 854 637 quae
887 591 1003 636 signa
1021 590 1220 634 dicuntur,
1251 589 1298 627 de
1332 589 1531 636 aliquibus
1561 589 1770 628 ,effecubus

147 637 291 675 suturis
324 640 454 683 potest
482 638 530 674 ab
553 637 712 674 homine
742 637 1001 684 praecognitio
1024 637 1180 680 haberi3
1205 636 1309 673 sicut
1339 637 1517 682 medicus
1538 645 1770 683 praecogno-

146 685 222 722 scit
260 689 425 721 mortem
465 684 526 721 vel
559 685 766 721 sanitatem
802 684 973 721 suturam
1006 693 1054 720 ex
1083 687 1186 720 statu
1212 683 1369 720 virtutis
1403 684 1610 728 naturalis,
1652 692 1770 730 quarn

146 732 354 779 cognoscit
384 731 516 778 pulsu,
550 732 665 768 urina
696 735 732 768 et
764 731 991 777 hujusmodi
1023 731 1164 777 siguis.
1188 730 1421 777 Hujusmodi
1443 735 1573 767 autem
1592 730 1770 777 cognitio

147 778 372 816 futurorum
404 779 545 824 partim
575 778 731 825 quidem
770 782 877 815 certa
910 782 983 822 est,
1014 778 1155 824 partim
1176 777 1332 823 quidem
1359 778 1528 822 incerta;
1551 781 1642 814 sunt
1664 777 1772 814 enim

148 825 327 872 quaedam
361 834 492 862 causae
527 826 824 871 praeexistentes
851 835 897 861 ex
929 824 1074 872 quibus
1104 825 1223 862 futuri
1252 823 1417 862 effectus
1450 834 1498 861 ex
1532 824 1771 862 necessitate

147 876 462 919 consequuntur,
491 872 608 917 sicut,
639 873 912 918 praeexistente
940 872 1229 917 compositione
1241 882 1288 909 ex
1303 871 1514 909 contrariis
1535 871 1574 908 in
1593 870 1771 916 animali,

148 928 195 956 ex
219 920 455 956 necessitate
488 919 667 965 sequitur
696 928 827 962 mors;
866 919 1103 966 quibusdam
1134 928 1226 956 vero
1258 919 1392 956 causis
1412 918 1770 964 praeexistentibus,

148 970 370 1012 sequuntur
390 966 509 1003 futuri
532 965 710 1009 effectus,
731 975 809 1003 non
829 976 875 1003 ex
896 967 1146 1009 necessitate,
1166 965 1235 1003 sed
1264 970 1305 1002 ut
1326 966 1562 1012 frequenter,
1600 965 1704 1002 sicut
1724 974 1773 1002 ex

149 1014 302 1050 semiue
324 1013 498 1049 hominis
516 1013 557 1049 in
579 1014 779 1049 matricem
798 1013 973 1059 proJecto
994 1016 1034 1049 ut
1058 1013 1099 1049 in
1120 1012 1300 1058 pluribus
1332 1013 1510 1059 sequitur
1536 1011 1656 1049 homo
1686 1021 1773 1058 per-

149 1060 289 1098 fectus,
322 1059 560 1106 quandoque
593 1064 722 1096 tamen
759 1064 933 1096 monstra
968 1063 1220 1106 generantur,
1242 1062 1400 1105 propter
1417 1059 1575 1105 aliquod
1605 1058 1771 1104 impedi-

150 1111 325 1143 mentum
359 1106 643 1151 superveniens
673 1107 893 1151 operationi
926 1106 1118 1143 naturalis
1158 1106 1351 1149 virtutis;
1392 1106 1609 1151 primorum
1650 1105 1773 1152 igitur

149 1152 358 1190 effectuum
399 1153 656 1199 praecognitio
692 1153 953 1189 infallibiliter
991 1157 1098 1189 certa
1128 1152 1307 1196 habetur,
1345 1152 1485 1189 horum
1520 1156 1650 1189 autem
1685 1160 1773 1198 quae

148 1200 349 1246 posterius
381 1199 482 1236 dicta
516 1203 609 1236 sunt
643 1209 722 1235 non
753 1203 812 1236 est
844 1200 1102 1246 praecognitio
1136 1199 1398 1235 infallibiliter
1442 1203 1560 1236 certa.
1592 1199 1774 1246 Cognitio

149 1252 280 1284 autem
314 1256 400 1293 quae
433 1246 479 1283 de
517 1247 660 1283 suturis
685 1246 848 1283 habetur
880 1257 926 1282 ex
948 1247 1186 1283 revelatione
1208 1246 1342 1282 divina
1362 1246 1584 1283 secundum
1605 1246 1773 1293 gratiam

148 1294 417 1340 prophetalem
442 1297 501 1330 est
521 1294 685 1330 omnino
707 1298 826 1336 certa,
849 1294 950 1330 sicut
971 1298 1010 1330 et
1029 1294 1162 1330 divina
1182 1294 1439 1339 praecognitio
1461 1297 1521 1330 est
1541 1298 1671 1338 certa3
1694 1302 1774 1329 non

149 1342 254 1378 enim
290 1342 393 1378 Deus
429 1341 719 1387 praecognoscit
756 1341 886 1377 futura
924 1341 1054 1377 solum
1089 1344 1204 1386 prout
1233 1344 1326 1377 sunt
1355 1341 1394 1376 in
1429 1341 1514 1377 suis
1535 1340 1684 1384 causis,
1706 1339 1777 1376 sed

149 1387 410 1424 infallibiliter
443 1388 660 1424 secundum
681 1387 785 1434 quod
807 1388 955 1424 suntin
979 1388 1137 1433 seipsis,
1161 1388 1264 1423 sicut
1284 1388 1469 1432 superius
1491 1388 1538 1433 (c.
1565 1387 1622 1433 67)
1642 1391 1776 1424 osten-

151 1443 239 1471 sum
261 1438 340 1477 est;
363 1434 465 1471 unde
487 1438 524 1470 et
544 1435 720 1481 cognitio
743 1435 972 1480 prophetica
991 1444 1060 1480 per
1079 1434 1258 1470 eumdem
1283 1434 1442 1471 modum
1477 1434 1590 1471 datur
1623 1433 1776 1470 homini

152 1482 199 1518 de
235 1482 379 1518 suturis
408 1491 497 1518 cum
537 1481 770 1517 certitudine
802 1482 992 1526 pe1·l'ecta;
1016 1490 1088 1517 nec
1108 1484 1238 1517 tamen
1267 1481 1349 1517 haec
1369 1481 1564 1518 certitudo
1584 1483 1779 1528 repugnat

151 1528 434 1575 contingentiae
473 1528 708 1572 futurorum,
746 1528 848 1565 sicut
882 1537 952 1564 nec
982 1528 1174 1564 certitudo
1196 1528 1372 1564 scientiae
1389 1528 1543 1572 divinae,
1579 1532 1620 1564 ut
1658 1536 1780 1572 supra

153 1576 201 1621 (c.
221 1575 282 1621 72)
316 1579 520 1612 ostensum
553 1579 625 1611 est.
660 1595 704 1600 —
740 1575 974 1611 Revelantur
1006 1578 1137 1610 tamen
1158 1574 1370 1620 aliquando
1392 1575 1513 1620 aliqui
1536 1575 1655 1611 futuri
1686 1573 1778 1610 etse-

153 1626 242 1659 ctus
270 1622 486 1667 prophetis,
509 1630 588 1658 non
610 1622 828 1658 secundum
851 1621 955 1667 quod
977 1625 1069 1658 sunt
1090 1622 1130 1657 iu
1163 1621 1316 1666 seipsis,
1335 1621 1403 1658 scd
1425 1622 1644 1658 secundum
1672 1620 1779 1668 quod

153 1669 307 1706 suntin
322 1669 455 1706 causis
475 1669 560 1705 suis
579 1680 586 1711 ;
610 1672 646 1705 et
666 1673 759 1717 tunc
781 1669 879 1704 nihil
903 1668 1095 1714 prohibet,
1118 1668 1151 1704 si
1174 1678 1304 1705 causa}
1337 1669 1602 1713 impediantur
1622 1677 1670 1704 ne
1689 1677 1776 1713 per-

153 1716 316 1753 veniant
347 1716 393 1752 ad
419 1724 516 1752 suos
537 1715 715 1758 effectus,
738 1715 842 1761 quod
865 1717 979 1752 ctiam
1003 1715 1203 1761 prophetae
1224 1716 1501 1760 praenuntiatio
1521 1716 1777 1759 immutetur3

153 1763 258 1800 Sicut
273 1762 397 1800 lsa‘ias
413 1762 657 1808 prophetavit
680 1763 851 1799 Ezechiae
872 1764 1076 1809 aegrotanti
1094 1774 1102 1798 :
1125 1764 1278 1807 Hispone
1290 1763 1779 1808 domm·tuae‚quz'a⁷norieris

153 1813 206 1853 tu,
233 1812 268 1845 et
281 1819 352 1845 non
366 1811 462 1844 vives
478 1809 592 1856 (isat,
611 1817 750 1852 xxwu,
776 1808 822 1855 1),
858 1811 923 1854 qui
945 1814 1074 1845 tamen
1098 1813 1261 1846 sanatus
1281 1814 1362 1853 est;
1385 1813 1422 1845 et
1441 1812 1561 1846 Jonas
1587 1809 1780 1855 propheta

152 1856 433 1903 praenuntiavit
451 1856 556 1902 quod
579 1860 665 1901 post
682 1856 944 1903 quadraginta
964 1856 1048 1893 dies
1077 1856 1214 1892 Ninive
1248 1856 1539 1892 subverteretur
1565 1856 1673 1902 (J02t.,
1701 1855 1777 1901 111),

154 1913 227 1940 nec
258 1907 390 1940 tamen
427 1906 487 1940 est
515 1902 730 1947 subversa;
752 1902 1031 1948 praenuntiavit
1050 1904 1175 1940 Isaias
1203 1907 1368 1940 mortem
1404 1903 1574 1940 suturam
1605 1903 1779 1941 Ezechiae

155 1951 376 1988 secundum
409 1949 590 1987 ordinem
623 1949 901 1996 dispositionis
931 1950 1110 1995 corporis
1138 1953 1174 1986 et
1195 1950 1361 1987 aliarum
1384 1959 1594 1987 causarum
1615 1950 1777 1986 inferio-

153 2006 244 2035 rum
262 1997 311 2034 ad
330 1997 450 2034 istum
471 1995 668 2041 effectum,
691 2000 729 2033 et
748 1998 869 2034 Jonas
891 1997 1192 2034 subversionem
1214 1998 1352 2033 Ninive
1375 1997 1593 2034 secundum
1617 1997 1778 2044 exigen-

153 2045 251 2081 tiam
272 2044 528 2089 meritorum;
550 2044 760 2091 utrobique
778 2047 908 2080 tamen
942 2044 1056 2080 aliter
1084 2044 1214 2080 evenit
1248 2044 1467 2081 secundum
1506 2044 1779 2090 operationem

154 2091 223 2127 Dei
244 2090 448 2128 liberantis
470 2093 508 2127 et
528 2091 721 2127 sanantis.
737 2091 800 2127 Sic
815 2091 936 2138 igitur
956 2091 1186 2137 prophetica
1205 2091 1451 2128 denuntiatio
1467 2091 1514 2128 de
1535 2091 1680 2128 suturis
1700 2090 1780 2128 suf-

155 2137 296 2174 ficiens
310 2140 370 2174 est
385 2136 475 2173 fidei
496 2140 786 2184 argumentum,
804 2138 909 2183 quia,
927 2137 1018 2174 licet
1034 2138 1217 2175 homines
1238 2138 1371 2185 aliqua
1397 2138 1443 2175 de
1468 2138 1611 2175 futuris
1632 2146 1780 2184 praeco-

156 2187 365 2236 gnoscant‚
380 2192 459 2220 non
475 2187 605 2220 tamen
625 2183 671 2220 de
688 2184 831 2220 suturis
852 2185 1177 2231 contingentibus
1198 2189 1257 2222 est
1278 2185 1536 2232 praecognitio
1558 2194 1647 2222 cum
1663 2184 1780 2221 certi-

155 2230 308 2274 tudine,
341 2231 446 2267 sicut
481 2233 542 2267 est
573 2231 831 2277 praecognitio
862 2232 1100 2276 prophetiae;
1134 2231 1207 2269 etsi
1241 2232 1346 2268 enim
1370 2231 1583 2278 aliquando
1604 2231 1670 2268 fiat
1690 2240 1781 2277 pro-

155 2277 284 2324 phetae
302 2277 488 2314 revelatio
511 2277 729 2314 secundum
753 2277 931 2314 ordinem
950 2287 1160 2314 causarum
1179 2277 1228 2314 ad
1249 2278 1421 2324 aliquem
1442 2277 1640 2322 effectum,
1660 2277 1782 2315 simul

156 2328 290 2360 tamen
311 2324 370 2360 vel
393 2328 531 2370 postea
550 2323 593 2360 fit
613 2324 739 2360 eidem
760 2324 946 2360 revelatio
974 2324 1020 2361 de
1040 2328 1181 2361 eventu
1210 2325 1331 2361 futuri
1352 2324 1516 2361 effectus
1535 2324 1702 2371 qualiter
1729 2324 1782 2361 sit

156 2371 453 2456 {qmmutandus3
476 2370 579 2408 sicut
599 2371 710 2408 Isaiae
735 2371 905 2408 revelata
933 2371 1007 2407 fuit
1033 2372 1188 2409 sanatio
1211 2372 1382 2409 Ezechiae
1413 2376 1450 2408 et
1469 2373 1577 2408 Jonae
1598 2371 1779 2408 liberatio

194 2417 434 2454 inivitarum.

205 2464 366 2511 Maligui
405 2467 536 2501 autem
575 2465 752 2510 spiritus,
787 2465 990 2502 veritatem
1022 2464 1112 2501 fidei
1139 2474 1390 2510 corrumpere
1421 2465 1646 2510 molientes,
1679 2464 1785 2502 sicut

161 2510 378 2549 abutuntur
397 2511 626 2557 operatione
657 2511 940 2549 miraculorum
971 2513 1015 2548 ut
1041 2520 1211 2548 errorem
1235 2512 1425 2549 inducant
1447 2515 1485 2548 et
1504 2515 1783 2559 argumentum

160 2567 262 2595 verae
294 2558 387 2595 fidei
421 2558 639 2602 debilitent,
669 2562 797 2595 tamen
833 2567 914 2595 non
948 2567 1037 2595 vere
1068 2558 1259 2595 miracula
1292 2558 1486 2599 faciendo,
1513 2559 1584 2596 sed
1615 2569 1661 2596 ea
1695 2568 1784 2605 quae

161 2605 394 2643 hominibus
415 2605 656 2641 miraculosa
676 2608 863 2651 apparent
883 2607 925 2641 ut
956 2614 1077 2651 supra
1096 2604 1144 2651 (c.
1169 2606 1249 2652 103)
1271 2609 1476 2644 ostensum
1497 2609 1570 2646 est,
1591 2605 1646 2643 ita
1665 2607 1783 2644 etiam

161 2651 379 2689 abutuntur
402 2652 632 2698 prophetica
651 2652 994 2698 praenuntiatione,
1018 2661 1098 2688 non
1118 2652 1277 2698 quidem
1296 2662 1386 2689 vere
1404 2653 1690 2698 prophetando,
1713 2653 1784 2691 sed

160 2700 465 2745 praenuntiando
495 2699 628 2745 aliqua
660 2699 877 2735 secundum
899 2698 1077 2735 ordinem
1099 2708 1308 2736 causarum
1341 2700 1492 2736 homini
1520 2700 1780 2742 occultarum,

164 2749 208 2782 ut
225 2746 433 2783 videantur
459 2746 590 2782 futura
610 2754 933 2791 praecognoscere
953 2746 995 2781 in
1016 2746 1160 2791 seipsis
1178 2757 1186 2790 ;
1209 2749 1260 2791 et,
1279 2746 1371 2783 licet
1391 2747 1579 2784 excausis
1594 2747 1784 2784 naturali-

164 2792 240 2829 bus
259 2792 423 2830 efl'ectus
445 2794 721 2839 contingentes
742 2793 988 2838 proveniant,
1012 2792 1185 2838 praedicti
1212 2796 1344 2830 tamen
1377 2793 1542 2840 spiritus
1564 2794 1782 2831 subtilitate

163 2839 390 2877 intellectus
423 2841 485 2877 sui
517 2841 645 2885 magis
678 2843 848 2885 possunt
879 2848 1120 2885 cognoscere
1152 2849 1270 2887 quam
1290 2840 1487 2886 homines,
1522 2841 1615 2888 quia
1635 2849 1784 2887 cogno·

167 2890 284 2923 scunt
304 2887 462 2934 quando
479 2892 517 2925 et
536 2887 704 2933 qualiter
729 2886 892 2924 effectus
913 2886 1151 2924 naturalium
1172 2896 1381 2925 causarum
1399 2887 1580 2936 impediri
1600 2888 1782 2934 possint;
