1894 3223
688 113 773 148 ΗΒ.
801 113 847 157 11,
876 113 975 149 CAP.
1006 114 1153 149 Lxxltt.
1660 117 1725 153 201

110 191 213 238 quod
243 192 295 228 sit
328 191 455 238 magis
488 192 623 236 unita;
645 195 682 228 et
712 200 758 227 ex
791 191 866 228 hoc
901 192 1081 229 videmus
1101 192 1207 239 quod
1236 201 1340 230 unus
1361 193 1587 230 Intellectus
1609 193 1727 231 habet

106 238 299 285 J'udicium
332 239 378 275 de
411 238 579 275 diversis
612 237 826 284 generibus
858 239 1108 276 sensibilium
1129 249 1216 286 quae
1248 240 1295 277 ad
1317 240 1494 277 diversas
1527 242 1728 286 potentias

109 286 322 322 sensitivas
359 285 583 331 pertinent;
618 284 723 322 unde
757 284 934 330 accipere
956 295 1171 331 possumus
1206 287 1311 333 quod
1334 287 1585 332 operationes
1609 288 1728 333 perti-

109 337 248 369 nentes
286 331 333 370 ad
370 332 547 369 diversas
581 331 780 378 potentias
821 332 1033 369 sensitivas
1072 333 1110 369 in
1145 342 1224 370 uno
1256 333 1458 370 intellectu
1487 334 1726 372 adunantur.

108 379 376 416 potentiarum
412 382 541 416 autem
577 378 856 416 sensitivarum
878 379 1057 425 quaedam
1081 380 1276 425 recipiunt
1294 384 1462 425 tantum,
1483 384 1527 417 ut
1554 390 1728 426 sensus;

136 426 288 463 uaedam
328 430 458 463 autem
493 426 677 470 retinent,
699 429 743 461 ut
773 425 1006 471 imaginatio
1044 430 1082 462 et
1109 428 1323 463 memoria:
1347 428 1450 464 unde
1482 431 1520 464 et
1549 428 1728 466 thesauri

137 473 308 510 icuntur.
331 474 492 520 Oportet
511 473 632 520 igitur
653 472 757 520 quod
780 473 1006 510 intellectus
1027 474 1233 519 possibilis
1256 478 1293 510 et
1312 474 1476 520 recipiat
1504 478 1542 511 et
1561 475 1728 513 retineat

110 519 185 556 'am
210 529 297 557 rece
328 523 379 557 ta.

103 528 117 566 J
153 529 336 612 Ampttug,
358 567 400 604 in
420 566 539 604 rebus
558 565 806 603 naturalibus
826 575 969 603 vanum
992 570 1051 603 est
1071 567 1200 604 dicere
1222 568 1326 614 quod
1348 568 1386 605 id
1408 568 1456 605 ad
1471 569 1576 616 quod
1596 577 1729 615 perve-

105 613 215 650 nitur
236 623 304 660 per
323 617 473 650 motum
497 622 578 650 non
599 617 840 660 permaneat,
863 613 931 650 sed
967 614 1098 650 statim
1128 623 1217 652 esse
1245 614 1421 659 desinat3
1444 620 1602 661 propter
1621 615 1729 663 quod

105 660 336 707 repudiatur
356 661 504 707 positio
526 661 741 697 dicentium
763 661 897 697 omnia
911 669 1067 706 semper
1087 661 1234 698 moveri
1253 672 1261 705 ;
1285 666 1437 707 oportet
1455 663 1557 699 enim
1575 666 1728 700 motum

106 707 155 744 ad
185 708 357 754 quietem
389 708 606 744 terminari.
641 708 758 744 Multo
791 708 912 753 igitur
931 709 1064 744 minus
1082 708 1159 745 dici
1191 712 1319 754 potest
1339 709 1444 755 quod
1467 714 1666 755 receptum
1683 710 1727 747 in

105 754 310 792 intellectu
331 755 516 801 possibili
539 763 619 791 non
643 758 913 791 conservetur.

152 802 295 845 Adhuc,
321 802 370 846 si,
393 811 439 838 ex
458 801 802 847 phantasmatibus
821 810 908 847 quae
931 804 1023 837 sunt
1042 801 1080 836 in
1107 801 1237 845 nobis,
1258 801 1482 839 intellectus
1522 803 1727 849 possibilis

106 857 187 884 non
209 849 348 894 recipit
374 849 528 901 aliquas
550 849 704 894 species
738 848 1024 900 intelligibiles,
1046 848 1138 894 quia
1162 848 1242 895 jam
1265 850 1411 895 recepit
1432 859 1454 886 a
1472 850 1726 896 phantasma·

105 894 212 932 tibus
234 904 370 932 eorum
389 905 455 942 qui
474 896 632 932 fuerunt
648 898 736 931 ante
749 903 837 937 nos,
850 903 933 940 pari
956 895 1108 931 ratione
1124 905 1146 932 a
1164 895 1365 933 nullorum
1382 897 1728 942 phantasmatibus

106 942 260 988 recipit,
283 951 384 989 quos
409 942 475 979 alii
500 944 802 988 praecesserunt.
825 941 897 978 Sed
919 941 1119 988 quoslibet
1141 942 1263 989 aliqui
1283 943 1350 980 alii
1373 948 1675 990 praecesserunt,
1692 945 1727 981 si

107 989 282 1026 mundus
306 993 477 1026 aeternus
509 991 583 1033 est,
606 991 648 1025 ut
677 991 843 1035 ponunt.
866 990 1075 1034 Nunquam
1110 989 1232 1036 igitur
1264 989 1491 1028 intellectus
1519 991 1727 1037 possibilis

106 1036 248 1081 recipit
279 1035 434 1082 aliquas
466 1035 622 1081 species
654 1044 677 1071 a
708 1035 1080 1081 phantasmatibus3
1115 1036 1262 1074 frustra
1291 1037 1302 1073 i
1336 1038 1414 1074 itur
1432 1039 1593 1084 ponitur
1613 1039 1727 1075 intel·

107 1082 234 1119 lectus
262 1082 310 1119 ab
333 1082 543 1120 Aristotele
563 1081 629 1128 (De
648 1084 784 1127 anima,
803 1091 862 1126 111,
885 1085 977 1119 text.
1000 1092 1144 1120 comm.
1169 1083 1224 1130 18)
1244 1087 1287 1120 ut
1328 1085 1429 1121 aciat
1448 1085 1727 1131 phantasmata

105 1137 195 1166 esse
216 1128 489 1176 intelligibilia
509 1133 613 1166 actu.

149 1177 340 1221 Praeterea,
362 1186 409 1213 ex
440 1176 517 1213 hoc
535 1176 691 1213 videtur
710 1175 824 1222 sequi
846 1176 952 1223 quod
974 1176 1199 1215 intellectus
1219 1178 1428 1224 possibilis
1449 1187 1528 1216 non
1552 1178 1729 1226 indigeat

103 1222 451 1270 phantasmatibus
471 1223 520 1260 ad
538 1223 856 1270 intelligendum.
880 1225 967 1260 Non
988 1228 1117 1261 autem
1138 1233 1208 1270 per
1228 1225 1471 1265 intellectum
1491 1225 1728 1272 possibilem

103 1270 383 1317 intelligimus.
401 1272 535 1318 Neque
554 1270 677 1317 igitur
687 1279 762 1307 nos
780 1279 900 1308 sensu
917 1274 954 1307 et
971 1271 1245 1317 phantasmate
1261 1272 1530 1319 indigebimus
1551 1273 1599 1310 ad
1617 1273 1729 1310 intel-

102 1316 332 1364 ligendum;
363 1317 468 1365 quod
499 1321 559 1355 est
591 1317 802 1355 manifeste
835 1318 980 1355 falsum
1012 1322 1050 1355 et
1070 1322 1208 1356 contra
1242 1321 1482 1357 sententiam
1501 1320 1727 1358 Aristotelis

103 1363 166 1411 (De
183 1366 320 1410 anima,
340 1373 398 1406 111,
420 1368 514 1402 text.
532 1373 676 1402 comm.
697 1364 772 1411 39).

150 1411 189 1448 Si
220 1415 350 1449 autem
374 1412 526 1449 dicatur
546 1411 653 1459 quod
684 1411 769 1457 pari
789 1411 942 1449 ratione
963 1421 1043 1449 non
1077 1412 1349 1460 indigeremus
1371 1415 1648 1461 phantasmate
1676 1414 1726 1452 ad

104 1458 440 1496 considerandum
461 1468 507 1496 ea
527 1467 696 1505 quorum
727 1459 881 1505 species
914 1459 1188 1506 intelligibiles
1209 1465 1303 1498 sunt
1337 1462 1375 1497 in
1405 1462 1608 1498 intellectu
1631 1470 1726 1498 eon·

104 1509 284 1550 servatae,
307 1505 462 1543 etiamsi
496 1506 720 1542 intellectus
747 1506 962 1551 possibiles
983 1506 1061 1543 sint
1093 1507 1228 1553 plures
1260 1509 1302 1544 in
1323 1508 1490 1546 diversis
1510 1507 1630 1554 (quod
1664 1511 1725 1546 est

104 1539 245 1589 corstra
280 1552 529 1590 Aristotelem
548 1581 556 1597 ,
595 1553 661 1599 qui
693 1552 788 1589 dicit
826 1552 890 1598 (De
926 1555 1049 1589 anima
1065 1581 1074 1598 ,
1111 1563 1170 1598 111,
1206 1557 1299 1591 text.
1334 1564 1478 1592 comm.
1518 1556 1577 1601 30)
1618 1555 1725 1602 quod

103 1609 333 1683 nngcaquam
353 1601 429 1636 sine
444 1600 700 1645 phantasmate
712 1600 1053 1647 ἳιιῖεῖὶῖρῑεαγιῖηια),
1066 1604 1171 1646 patet
1187 1601 1292 1649 quod
1305 1611 1385 1639 non
1405 1606 1465 1640 est
1482 1603 1726 1640 conveniens

103 1654 127 1684 ο
157 1647 290 1683 viatio.
815 1667 817 1670 ⁴

150 1693 380 1730 Intellectus
416 1693 522 1730 enim
560 1692 782 1739 possibilis,
819 1694 922 1731 sicut
957 1697 996 1730 et
1030 1694 1216 1741 quaelibet
1253 1696 1498 1741 substantia,
1539 1699 1725 1743 operatur

104 1740 322 1778 secundum
339 1739 501 1777 modum
520 1748 603 1777 suae
617 1744 781 1777 naturae.
799 1741 1022 1778 Secundum
1039 1746 1169 1778 autem
1189 1746 1370 1780 naturam
1387 1752 1500 1780 suam
1517 1748 1578 1780 est
1597 1743 1725 1780 forma

102 1787 307 1834 corporis;
332 1787 434 1824 unde
454 1787 641 1834 intelligit
660 1788 819 1834 quidem
841 1788 1131 1833 immaterialia,
1163 1790 1234 1826 sed
1260 1790 1423 1836 inspicit
1452 1800 1498 1827 ea
1518 1791 1560 1827 in
1588 1790 1723 1837 aliquo

101 1834 322 1879 materiali3
345 1833 459 1881 cujus
490 1834 651 1881 signum
672 1838 732 1871 est
756 1835 875 1881 quod,
912 1835 951 1872 in
974 1835 1167 1873 doctrinis
1200 1837 1508 1878 universalibus,
1542 1838 1724 1883 exempla

99 1881 355 1928 particularia
374 1885 590 1928 ponuntur,
612 1882 651 1918 in
674 1881 819 1928 quibus
869 1882 945 1919 uod
963 1882 1107 1919 dicitur
1126 1883 1373 1930 inspiciatur.
1388 1884 1475 1922 Alio
1493 1894 1588 1932 ergo
1603 1885 1722 1922 modo

101 1937 145 1966 se
166 1929 285 1966 habet
315 1929 542 1966 intellectus
576 1929 784 1974 possibilis
818 1939 840 1966 a
886 1930 1123 1975 phantasma
1144 1940 1222 1978 quo
1243 1931 1409 1978 indiget,
1431 1935 1522 1969 ante
1548 1931 1722 1978 speciem

76 1974 81 1978 “
99 1975 408 2022 intelligibilem,
422 1978 458 2013 et
477 1975 555 2013 alio
573 1975 692 2013 modo
707 1979 918 2023 postquam
937 1977 1084 2023 recepit
1103 1978 1275 2023 speciem
1291 1978 1610 2025 intelligibilem;
1631 1983 1722 2016 ante

100 2023 206 2058 enim
228 2022 380 2069 indiget
399 2031 446 2059 eo
465 2026 510 2059 ut
533 2022 581 2059 ab
602 2032 650 2059 eo
670 2023 837 2069 accipiat
857 2024 1030 2069 speciem
1051 2024 1342 2072 intelligibilem
1361 2038 1370 2070 ;
1392 2025 1497 2062 unde
1527 2035 1571 2063 se
1604 2025 1722 2062 habet

101 2068 150 2105 ad
184 2069 425 2106 intellectum
446 2069 680 2116 possibilem
707 2074 750 2107 ut
771 2070 967 2117 objectum
992 2080 1181 2116 movens3
1201 2072 1286 2117 sed,
1308 2076 1399 2119 post
1421 2073 1594 2119 speciem
1612 2072 1655 2109 in
1674 2081 1721 2109 eo

100 2119 313 2161 receptam,
335 2115 488 2163 indiget
518 2125 565 2153 eo
585 2117 700 2163 quasi
727 2117 992 2155 instrumento
1027 2118 1110 2156 sive
1141 2119 1399 2156 fundamento
1431 2129 1514 2157 suae
1544 2119 1720 2166 speciei;

100 2161 206 2214 unde
234 2171 277 2199 se
308 2162 426 2200 habet
453 2162 501 2200 ad
531 2163 808 2209 phantasmata
837 2165 942 2202 sicut
973 2174 1095 2202 causa
1125 2165 1327 2212 efficiens3
1361 2167 1583 2204 secundum
1614 2167 1720 2204 enim

100 2209 311 2254 imperium
337 2208 578 2255 intellectus,
600 2210 792 2248 formatur
818 2212 860 2248 in
887 2212 1174 2259 imaginatione
1205 2214 1443 2259 phantasma
1476 2213 1721 2251 conveniens

100 2255 168 2292 tali
199 2256 346 2302 speciei
375 2256 632 2304 intelligibili,
664 2258 707 2295 in
739 2267 818 2305 quo
851 2259 1078 2305 resplendet
1115 2261 1270 2306 species
1308 2261 1577 2307 intelligibilis
1617 2260 1722 2297 sicut

100 2303 302 2349 exemplar
331 2302 375 2339 in
405 2304 627 2350 exemplato
662 2304 745 2342 sive
779 2305 822 2342 in
855 2306 1043 2353 imagine.
1065 2306 1104 2344 Si
1133 2316 1227 2354 ergo
1256 2308 1482 2344 intellectus
1513 2306 1720 2353 possibilis

101 2357 258 2395 semper
277 2349 486 2388 habuisset
505 2351 672 2397 speeies,
691 2361 894 2399 nunquam
920 2357 1215 2399 compararetur
1235 2354 1283 2390 ad
1303 2355 1580 2400 phantasmata
1617 2353 1720 2390 sicut

100 2397 299 2442 recipiens
318 2396 366 2433 ad
385 2397 580 2444 objectum
599 2399 804 2436 motivum.

145 2444 246 2487 Item,
278 2443 503 2481 intellectus
522 2445 730 2490 possibilis
751 2449 811 2482 est
831 2454 909 2492 quo
933 2446 1066 2483 anima
1082 2449 1120 2483 et
1133 2446 1253 2484 homo
1274 2446 1474 2493 intelligit,
1496 2446 1717 2484 secundum

98 2490 362 2528 Aristotelem.
382 2490 419 2528 Si
438 2494 569 2527 autem
588 2491 814 2529 intellectus
834 2492 1042 2538 possibilis
1059 2496 1120 2530 est
1141 2502 1247 2530 unus
1268 2494 1445 2531 omnium
1465 2503 1509 2530 ac
1529 2498 1716 2538 aeternus,

100 2541 255 2584 oportet
274 2537 379 2584 quod
399 2537 440 2574 in
460 2537 549 2583 ipso
564 2537 646 2584 jam
667 2538 749 2575 sint
767 2542 933 2584 receptae
954 2548 1095 2577 omnes
1114 2540 1269 2586 species
1284 2540 1558 2587 intelligibiles
1579 2547 1716 2578 eorum

99 2593 186 2632 quae
219 2594 242 2621 a
272 2583 516 2632 quibuslibet
552 2584 783 2622 hominibus
816 2589 910 2622 sunt
939 2586 1041 2623 scita
1076 2586 1137 2623 vel
1173 2586 1346 2624 fuerunt.
1388 2587 1561 2631 Quilibet
1596 2587 1717 2634 igitur

98 2635 278 2669 nostrum
307 2632 374 2679 qui
394 2641 464 2678 per
483 2631 726 2668 intellectum
756 2632 989 2678 possibilem
1022 2633 1224 2680 intelligit,
1245 2633 1326 2671 imo
1353 2634 1467 2681 qu‘us
1494 2634 1717 2681 intelligere

100 2682 162 2715 est
179 2679 311 2724 ipsum
332 2678 556 2725 intelligere
576 2678 802 2716 intellectus
820 2679 1041 2725 possibilis,
1058 2679 1252 2728 intelliget
1272 2681 1406 2718 omnia
1426 2690 1513 2728 quae
1541 2685 1636 2719 sunt
1653 2681 1716 2719 vel

99 2725 261 2762 fuerunt
276 2735 299 2763 a
319 2725 636 2773 quibuscumque
656 2725 856 2763 intellecta
874 2738 883 2770 3
903 2726 1009 2773 quod
1025 2730 1133 2773 patet
1152 2737 1241 2766 esse
1259 2728 1419 2766 falsum.

146 2772 202 2809 Ad
214 2772 289 2809 hoc
309 2776 440 2810 autem
456 2773 748 2810 commentator
760 2772 972 2819 praedictus
990 2774 1217 2821 respondet,
1240 2774 1378 2813 dicens
1403 2776 1466 2822 (De
1493 2777 1628 2817 anima,
1655 2785 1715 2823 111,

99 2821 192 2855 text.
214 2828 357 2856 comm.
379 2822 416 2867 5)
436 2820 542 2867 quod
574 2829 649 2857 nos
677 2828 759 2857 non
790 2819 1052 2867 intelligimus
1087 2831 1157 2868 per
1186 2821 1430 2860 intellectum
1463 2822 1713 2870 possibilem,

100 2865 179 2903 nisi
194 2867 340 2905 secund
349 2876 413 2904 um
433 2867 539 2915 quod
559 2866 814 2906 continuatur
833 2867 949 2906 nobis
969 2872 1190 2915 pernostra
1206 2869 1511 2917 phantasmata;
1532 2873 1571 2907 et
1591 2870 1710 2917 quod,
