1894 3223
676 123 763 160 LlB.
791 124 857 169 ΙΙΙ,
884 124 985 161 CAP.
1013 125 1129 162 cxxi.
1643 129 1711 165 425

128 207 200 244 Am
229 207 312 247 lius.
334 214 457 244 causa
488 203 621 252 potior
648 207 710 243 est
739 204 897 243 effectu.
932 207 1078 243 Horum
1109 210 1241 244 autem
1283 207 1503 256 imaginum
1537 208 1709 248 factores

83 257 179 293 sunt
227 254 397 292 omines.
418 254 503 290 Non
523 252 647 300 igitur
666 252 787 290 homo
809 253 925 290 debet
946 255 1005 290 eis
1027 254 1200 301 aliquem
1220 254 1386 293 cultum.

131 301 170 339 Si
193 305 324 338 autem
345 300 500 338 dicatur
525 299 630 347 quod
659 299 888 346 hujusmodi
920 301 1117 348 imagines
1140 301 1287 339 habent
1307 303 1357 339 ali
1391 312 1481 341 uam
1508 304 1707 351 virtutem,

84 353 154 386 aut
172 347 402 400 dignitatem
425 356 474 384 ex
493 346 569 384 hoc
598 346 705 394 quod
725 347 785 384 eis
815 347 1019 400 a.d¹¹ffi.rss.m
1037 348 1180 401 aliquae
1198 350 1366 395 spiritua
1385 359 1428 388 es
1462 351 1710 397 substantiae,

85 396 162 434 hoc
181 399 300 432 etiam
326 403 408 432 non
437 393 600 439 sufficit,
621 403 711 432 cum
743 393 843 431 nulli
877 395 1074 441 sp1rituali
1109 395 1344 433 substantiae
1374 398 1562 435 debeatur
1587 400 1711 437 latriae

83 442 217 481 cultus
238 442 316 478 nisi
338 441 414 479 soli
437 450 618 478 summae.
1544 464 1547 465 ν

131 490 325 530 Praeterea,
348 488 536 525 nobiliori
556 487 675 525 modo
690 487 824 526 anima
844 488 1052 526 rationalis
1073 488 1246 527 adhaeret
1266 489 1420 528 homini
1439 502 1556 539 quam
1578 492 1711 540 aliqua

85 535 307 584 spiritualis
327 535 553 573 substantia
573 535 772 573 adhaereat
791 536 991 582 praedictis
1012 537 1270 583 imaginibus.
1292 538 1428 575 Adhuc
1449 541 1571 586 igitur
1590 540 1712 577 homo

84 586 264 621 remanet
283 583 324 621 in
345 582 485 630 majori
505 582 698 630 dignitate
719 592 836 630 quam
858 583 1055 630 praedictae
1075 584 1153 620 ima
1185 584 1287 622 ines.

131 630 278 675 Adhuc,
300 639 391 668 cum
413 630 641 677 hujusmodi
676 630 873 677 imagines
906 631 1105 668 interdum
1125 640 1147 668 a
1195 632 1353 679 aliquos
1382 633 1525 671 noxios
1547 632 1711 671 ess'ectus

84 675 196 722 fiant,
216 678 472 715 manifestum
489 677 680 725 estquod,
704 678 737 715 si
753 687 822 724 per
842 677 998 725 aliquas
1017 678 1246 724 spirituales
1261 680 1508 729 substantias
1526 680 1711 719 effectum

86 724 318 769 sortiantur,
341 725 448 772 quod
479 725 558 763 illae
605 725 835 771 spirituales
869 725 1104 763 substantiae
1136 725 1218 763 sint
1249 727 1428 772 vitios2n3
1454 728 1560 774 quod
1592 728 1711 766 etiam

86 771 340 810 manifestius
369 772 557 817 probatur
575 781 644 818 per
674 771 749 809 hoc
779 772 885 820 quod
917 772 1252 819 responsionibus
1284 774 1502 821 decipiunt,
1524 778 1560 811 et
1579 775 1714 822 aliqua

85 819 286 857 contraria
306 819 439 856 virtuti
473 819 638 864 exigunt
657 828 680 856 a
701 819 787 856 suis
808 819 1055 864 cultoribus;
1078 823 1116 856 et
1135 821 1194 858 sic
1217 824 1313 858 sunt
1339 822 1458 860 bonis
1480 822 1712 860 hominibus

85 866 311 903 inferiores.
333 868 418 904 Non
439 875 535 914 ergo
552 867 611 904 eis
630 866 794 904 debetur
810 867 934 904 latriae
953 867 1101 905 cultus.

132 913 385 951 Manifestum
407 917 467 951 est
497 922 592 961 ergo
611 923 657 950 ex
678 913 795 950 dictis
822 914 927 961 quod
949 914 1073 951 latriae
1100 914 1233 953 cultus
1251 915 1328 953 soli
1351 917 1419 954 uni
1454 926 1612 955 summo
1632 918 1712 955 Deo

87 959 264 998 debetur.
289 961 387 998 Hinc
419 964 480 998 est
514 960 620 1007 quod
653 960 798 998 dicitur
829 973 839 998 z
871 962 943 1005 Qui
965 962 1128 998 immolat
1158 962 1231 998 diis
1261 964 1454 1009 occidetur,
1470 968 1714 1011 praeterquam

84 1008 236 1045 Domino
254 1008 324 1042 solz·
355 1008 504 1054 (Emodo,
525 1015 623 1051 xx11,
643 1007 730 1054 2Ο);
752 1012 791 1044 et
812 1019 820 1044 :
842 1010 1036 1045 Dominum
1067 1011 1182 1046 Deum
1210 1012 1312 1047 tuum
1343 1012 1496 1052 timebis,
1514 1015 1547 1048 et
1571 1013 1629 1048 illi
1646 1013 1715 1049 soli

83 1055 216 1092 servies
252 1054 386 1100 (Deut.‚
422 1063 480 1097 vl,
520 1054 606 1100 13);
629 1058 667 1090 et
694 1054 839 1091 dicitur
871 1055 918 1091 de
948 1055 1166 1101 gentilibus
1200 1067 1210 1093 ι
1242 1059 1408 1094 Dicentes
1441 1060 1535 1095 enim
1572 1069 1609 1096 se
1640 1069 1713 1095 esse

84 1102 278 1148 sapientes,
298 1101 405 1137 stulti
432 1102 525 1145 facti
550 1104 661 1143 sunt‚·
678 1104 712 1136 ct
729 1104 961 1137 mutaverunt
971 1103 1125 1146 qloriam
1137 1104 1426 1150 incorruptibilis
1439 1108 1505 1142 Dcz'
1522 1107 1563 1142 in
1579 1106 1712 1143 simiti-

85 1147 249 1184 tudinem
267 1148 440 1192 imaqz'nz's
473 1148 720 1193 corruptibilis
740 1148 896 1184 hominis
916 1151 950 1184 et
967 1150 1153 1186 volucrum
1169 1153 1202 1186 et
1220 1152 1499 1197 quadrupedum
1518 1155 1552 1188 et
1569 1163 1713 1199 serpen-

84 1198 161 1231 tum
182 1194 312 1242 (Rom,
333 1204 362 1239 Ι,
378 1197 440 1240 22,
459 1195 520 1242 23)
537 1206 547 1240 ;
566 1198 603 1232 et
624 1194 728 1232 infra
748 1205 758 1232 :
780 1195 851 1238 Qua·
869 1199 1177 1233 commutaverunt
1203 1199 1390 1234 veritatem
1409 1201 1476 1235 Dei
1499 1200 1541 1235 in
1563 1200 1715 1237 menda·

84 1244 193 1282 cium,
212 1244 245 1278 et
264 1242 448 1279 coluerunt
461 1244 495 1277 et
511 1243 712 1278 servierunt
725 1244 898 1279 creaturae
906 1245 1030 1289 potius
1051 1253 1160 1290 quam
1173 1244 1346 1285 Creatori,
1363 1248 1426 1291 qui
1445 1247 1715 1285 estbenedictus

81 1290 124 1325 in
141 1289 286 1327 saecula.
304 1289 434 1326 Amen.
457 1288 580 1336 abiot„
597 1289 676 1337 25.)

132 1337 236 1381 Quia
266 1345 362 1383 ergo
397 1337 617 1374 indebitum
651 1339 710 1374 est
741 1336 848 1384 quod
881 1337 1006 1374 latriae
1040 1337 1173 1375 cultus
1198 1339 1309 1376 alteri
1341 1340 1577 1378 exhibeatur
1594 1351 1713 1390 quam

85 1384 216 1431 primo
236 1392 368 1421 rerum
388 1384 601 1431 principio,
621 1384 670 1421 ad
691 1384 867 1421 indebita
885 1388 1017 1422 autem
1038 1385 1204 1422 incitare
1224 1394 1306 1423 non
1326 1391 1387 1425 est
1406 1388 1486 1425 nisi
1506 1388 1714 1429 rationalis

85 1435 277 1469 creaturae
307 1431 410 1468 male
440 1431 658 1478 dispositae,
678 1432 934 1469 manifestum
967 1435 1028 1469 est
1058 1431 1167 1478 quod
1198 1433 1247 1470 ad
1273 1434 1483 1479 praedictas
1515 1436 1713 1476 indebitas

88 1477 267 1515 culturas
302 1478 496 1515 instinctu
528 1478 754 1516 daemonum
785 1478 970 1516 homines
1002 1480 1205 1525 provocati
1234 1480 1408 1525 fuerunt,
1428 1483 1494 1528 qui
1523 1491 1567 1519 se
1593 1484 1713 1522 etiarn

87 1524 180 1562 loco
195 1525 263 1562 Dei
283 1524 515 1562 hominibus
535 1525 727 1562 colendos
745 1525 1023 1569 exhibuerunt,
1045 1525 1222 1563 divinum
1250 1531 1479 1574 appetentes
1500 1529 1710 1569 honorem.

89 1571 188 1609 Hinc
208 1575 270 1609 est
288 1572 392 1619 quod
415 1572 560 1609 dicitur
581 1584 589 1608 :
607 1573 735 1609 Omnes
754 1573 810 1608 dz'z'
825 1574 984 1617 qenttam
1003 1573 1180 1609 daemonia
1198 1573 1327 1621 (Psal.,
1344 1583 1438 1620 xcv,
1459 1575 1494 1622 5)
1511 1588 1520 1621 3
1539 1581 1578 1613 et
1597 1588 1607 1614 ε
1629 1578 1715 1622 Quae

83 1619 273 1655 immolant
291 1622 410 1663 yentes
430 1619 616 1655 daemoniis
632 1619 833 1660 immolant,
855 1623 890 1655 et
904 1630 977 1655 non
998 1622 1084 1656 Deo.
1107 1620 1140 1667 (I
1154 1620 1248 1662 Cor„
1271 1629 1313 1667 X,
1331 1622 1410 1669 20.)

133 1666 233 1710 Quia
254 1666 377 1712 igitur
395 1670 456 1703 est
475 1666 708 1715 principalis
729 1667 830 1714 legis
851 1667 994 1704 divinae
1014 1667 1183 1705 intentio
1203 1671 1246 1705 ut
1265 1669 1386 1706 homo
1414 1670 1495 1707 Deo
1519 1670 1715 1710 subdatur

85 1713 177 1750 etei
210 1713 456 1760 singularem
489 1713 749 1751 reverentiam
782 1713 978 1758 exhibeat,
1001 1723 1081 1750 non
1102 1715 1233 1752 solum
1255 1716 1386 1761 corde,
1408 1717 1479 1754 sed
1498 1718 1618 1755 etiam
1641 1728 1710 1757 ore

84 1763 122 1796 et
143 1768 259 1806 opere
292 1760 614 1806 corporali,ideo
647 1760 832 1806 primitus
853 1761 895 1797 in
929 1761 1075 1811 Exodo,
1102 1762 1168 1798 ubi
1203 1763 1267 1799 lex
1287 1763 1422 1800 divina
1452 1766 1707 1812 proponitur,

84 1806 336 1844 interdicitur
369 1807 502 1844 cultus
532 1807 705 1853 plurium
724 1807 903 1852 deorum,
926 1809 992 1844 ubi
1013 1809 1158 1844 dicitur
1179 1820 1187 1844 :
1207 1811 1288 1847 Non
1309 1811 1447 1846 habetis
1471 1812 1553 1848 deos
1574 1813 1711 1850 alienos

82 1863 205 1890 coram
222 1863 290 1890 me.
310 1855 390 1891 Non
408 1855 521 1898 facies
539 1854 609 1890 tibi
621 1855 786 1900 sculptile
802 1865 916 1901 neque
936 1865 1073 1890 omnem
1097 1857 1388 1894 similitudinem.
1414 1858 1651 1905 (Emod.,·xx‚
1673 1863 1712 1905 3,

81 1900 136 1947 4.)
156 1900 336 1938 Secundo
365 1901 558 1938 indicitur
586 1901 739 1939 homini
759 1911 807 1938 ne
842 1903 1103 1939 irreverenter
1134 1902 1313 1941 divinum
1347 1913 1494 1942 nomen
1529 1915 1597 1943 ore
1619 1915 1712 1953 pro-

84 1948 256 1991 nuntiet,
270 1947 319 1985 ad
333 1947 677 1985 confirmationem
699 1949 852 1986 scilicet
868 1949 1038 1995 alicujus
1054 1948 1145 1986 falsi
1162 1961 1172 1994 ;
1191 1954 1229 1988 et
1243 1951 1319 1988 hoc
1332 1955 1392 1989 est
1408 1951 1515 1999 quod
1535 1953 1681 1991 dicitur
1701 1966 1711 1991 τ

80 1995 164 2033 Non
181 2005 338 2031 assumes
353 2005 482 2031 nomen
502 1997 648 2032 Domini
664 1997 731 2033 Dei
746 1997 803 2032 tui
821 1998 861 2032 in
878 2007 1027 2033 vanum.
1044 1996 1195 2042 (Eoeod.‚
1216 2005 1287 2044 xx,
1300 1998 1354 2045 7.)
1371 1999 1500 2037 Tertio
1522 1999 1713 2039 indicitur

81 2042 243 2089 requies
263 2042 484 2080 secundum
498 2042 660 2089 aliquod
674 2047 831 2089 tempus
846 2043 895 2081 ab
911 2043 1176 2081 exterioribus
1191 2046 1406 2090 exercitiis,
1424 2049 1467 2083 ut
1481 2055 1595 2085 mens
1613 2048 1712 2086 divi-

82 2096 146 2126 11ae
165 2089 492 2181 co(ntenc1lplationi
506 2093 660 2182 >vacem
681 2093 718 2127 et
738 2090 828 2128 ideo
857 2091 1003 2128 dicitur
1021 2102 1032 2126 :
1053 2092 1226 2128 Memento
1242 2095 1283 2128 ut
1302 2093 1396 2129 diem
1416 2095 1560 2130 sabbati
1577 2097 1710 2132 sancti-

83 2137 181 2180 fices.
224 2137 301 2172 Exo
333 2163 357 2177 .,
376 2144 446 2180 xx,
466 2138 501 2173 8.

721 2271 889 2313 CAPUT
933 2272 1071 2314 CXXI.

226 2388 326 2422 QUOD
348 2388 488 2419 DIVINA
506 2388 581 2420 LEX
601 2389 772 2420 ORDINAT
796 2391 978 2422 HOMINEM
1002 2392 1209 2423 SECUNDUM
1232 2393 1432 2425 RATIONEM
1457 2394 1569 2424 CIRCA

607 2447 849 2479 CORPORALIA
872 2449 923 2479 ET
953 2450 1183 2480 SENSIBILIA.

128 2555 240 2593 Sicut
258 2558 390 2593 autem
403 2565 473 2603 per
486 2556 710 2603 corporalia
721 2561 759 2594 et
778 2557 989 2595 sensibilia
1009 2567 1125 2597 mens
1144 2558 1322 2597 hominis
1351 2560 1496 2599 elevari
1517 2564 1651 2608 potest
1666 2562 1710 2601 in

80 2601 220 2647 Deum,
243 2603 277 2640 si
293 2603 385 2650 quis
402 2603 462 2640 eis
476 2603 518 2640 in
537 2603 797 2641 reverentiam
816 2605 883 2641 Dei
902 2605 1035 2642 debito
1055 2605 1176 2643 modo
1195 2609 1341 2652 utatur,
1358 2607 1413 2645 ita
1432 2609 1552 2646 etiam
1568 2618 1709 2648 eorum

80 2649 286 2688 indebitus
306 2659 407 2688 usus
425 2650 488 2687 vel
515 2652 689 2703 mentem
706 2660 730 2688 a
746 2652 826 2688 Deo
846 2652 1023 2689 totaliter
1046 2652 1255 2698 abstrahit,
1275 2653 1370 2692 dum
1390 2655 1431 2692 in
1452 2655 1712 2695 inferioribus

78 2696 201 2735 rebus
220 2697 479 2735 constituitur
491 2698 708 2735 voluntatis
725 2696 834 2742 finis,
851 2699 913 2735 vel
933 2700 1080 2737 mentis
1099 2699 1364 2738 intentionem
1381 2711 1405 2739 a
1423 2703 1504 2740 Deo
1520 2704 1709 2750 retardat,

81 2742 178 2781 dum
194 2743 299 2782 ultra
318 2753 437 2792 quam
457 2753 625 2783 necesse
644 2744 699 2782 sit
716 2744 767 2783 ad
784 2744 1015 2791 hujusmodi
1035 2754 1102 2785 res
1120 2746 1332 2786 afficimur.
1346 2749 1411 2786 Est
1423 2753 1555 2788 autem
1576 2750 1713 2789 divina

80 2789 147 2827 lex
163 2789 213 2828 ad
234 2791 311 2828 hoc
339 2791 613 2838 principaliter
631 2791 738 2836 data,
757 2794 802 2829 ut
820 2792 943 2830 homo
973 2792 1173 2832 adhaereat
1201 2796 1298 2833 Deo.
1318 2796 1493 2834 Pertinet
1518 2796 1642 2844 igitur
1660 2798 1711 2836 ad

81 2836 608 2924 {egregnmdiqcinamnprdinare
621 2838 826 2878 hominem
845 2839 953 2879 circa
972 2841 1238 2889 corporalium
1259 2845 1298 2880 et
1318 2843 1573 2882 sensibilium
1591 2843 1709 2884 affec·

259 2895 279 2923 e
316 2895 392 2924 usu
440 2913 450 2925 .
