1894 3223
669 87 756 124 LIB.
784 87 848 131 ΙΙΙ,
877 86 978 123 CAP.
1005 85 1168 124 XXXVII.
1662 84 1731 118 299

735 268 903 310 CAPUT
938 268 1096 310 XXXV.

199 390 300 425 QUOD
317 390 463 420 ULTtMA
481 390 642 419 HOMINIS
661 390 858 420 FELICITAS
878 389 955 419 NON
983 389 1178 420 CONSISTIT
1202 389 1241 419 IN
1262 388 1363 418 AGTU
1390 387 1634 418 PRUDENTIAE.

107 547 126 585 r
146 500 209 584 lEx
227 498 303 537 hoc
323 498 441 536 etiam
463 502 623 545 apparet
644 498 749 545 quod
765 507 890 546 neque
913 498 950 534 in
968 501 1057 536 actu
1073 497 1291 544 prudentiae
1306 501 1367 535 est
1385 497 1524 543 ultima
1553 495 1731 534 hominis

123 557 142 585 e
164 546 290 584 icitas.

152 596 272 631 Actus
293 592 398 631 enim
419 592 637 639 prudentiae
659 596 719 629 est
739 592 869 629 solum
892 593 997 629 circa
1017 602 1062 629 ea
1077 601 1163 639 quae
1183 594 1276 628 sunt
1291 591 1502 642 moralium
1524 592 1727 629 virtutum.

107 643 192 679 Non
213 644 273 678 est
301 645 432 677 autem
451 640 492 677 in
528 640 682 677 actibus
709 640 919 676 moralium
954 640 1140 676 virtutum
1175 638 1313 674 ultima
1347 639 1522 675 hominis
1549 638 1731 675 felicitas.

109 690 244 735 Neque
265 688 388 734 igitur
404 688 445 724 in
467 691 554 724 actu
576 687 808 732 prudentise.

154 735 299 775 Adhuc,
323 735 461 772 ultima
482 735 651 771 felicitas
674 734 848 771 hominis
867 738 926 770 est
945 734 982 769 in
1001 733 1149 778 optima
1170 732 1345 769 hominis
1367 733 1610 778 operatione.
1628 732 1734 778 Opti.-

109 791 173 819 ma
193 785 324 819 autem
356 782 530 819 hominis
559 782 749 827 operatio,
773 781 991 818 secundum
1017 781 1055 816 i‹l
1090 779 1194 826 quod
1217 783 1276 816 est
1306 780 1509 826 proprium
1541 779 1731 824 hominis,

110 833 171 867 est
190 829 231 866 in
252 829 548 875 comparatione
569 829 616 865 ad
650 828 939 873 perfectissima
968 827 1133 873 objecta.
1158 827 1341 871 Operatio
1360 830 1489 864 autern
1511 826 1733 873 prudentiae

111 885 191 914 non
213 880 272 913 est
290 886 383 922 erga
403 876 556 922 objecta
586 875 875 921 perfectissima
904 875 1129 911 intellectus
1150 873 1209 909 vel
1233 875 1424 917 rationis3
1447 883 1527 911 non
1551 874 1657 910 enim
1675 876 1736 911 est

111 933 206 971 erga
226 923 466 967 necessaria,
487 923 556 960 sed
579 932 671 969 erga
703 922 974 968 contingentia
1009 921 1238 968 operabilia.
1256 923 1340 958 Non
1368 924 1429 959 est
1447 921 1568 968 igitur
1588 921 1629 958 in
1649 920 1735 967 ejus

111 971 342 1018 operatione
363 969 503 1011 ultima
523 969 699 1006 hominis
721 969 902 1006 felicitas.

157 1018 340 1063 Amplius,
361 1017 466 1064 quod
485 1016 690 1054 ordinatur
711 1016 758 1053 ad
774 1016 940 1053 alterum
959 1016 1062 1052 sicut
1080 1015 1125 1052 ad
1141 1014 1259 1051 finem
1279 1023 1359 1051 non
1376 1018 1436 1052 est
1450 1015 1589 1052 ultima
1606 1014 1734 1052 homi-

112 1065 175 1102 nis
206 1064 388 1101 felicitas.
410 1064 594 1109 Operatio
627 1066 756 1100 autem
790 1063 1009 1109 prudentiae
1045 1061 1250 1099 ordinatur
1274 1061 1322 1098 ad
1357 1062 1523 1098 alterum
1556 1063 1660 1099 sicut
1688 1061 1736 1099 ad

110 1110 230 1148 finem
253 1123 262 1147 t
284 1114 366 1148 tum
388 1111 482 1159 quia
502 1110 634 1147 omnis
656 1110 829 1156 practica
862 1109 1052 1156 cognitio,
1072 1108 1147 1146 sub
1168 1118 1246 1156 qua
1266 1109 1492 1146 continetur
1510 1108 1733 1155 prudentia,

111 1158 318 1196 ordinatur
335 1157 384 1195 ad
404 1158 675 1204 operationem
692 1169 700 1202 ;
724 1161 803 1194 turn
827 1157 943 1194 etiam
960 1157 1052 1203 quia
1068 1155 1276 1201 prudentia
1295 1155 1387 1193 facit
1419 1156 1621 1193 hominem
1636 1155 1736 1192 bene

111 1214 155 1243 se
171 1205 316 1243 habere
335 1205 377 1242 in
400 1205 464 1242 his
483 1213 570 1253 quae
589 1208 684 1242 sunt
711 1205 759 1241 ad
778 1204 896 1241 finem
921 1204 1117 1250 eligenda,
1141 1203 1246 1240 sicut
1272 1207 1378 1248 patet
1397 1213 1466 1250 per
1482 1203 1734 1240 Aristotelem

112 1251 266 1336 lsslspic''
288 1261 345 1297 vi,
367 1262 400 1289 c.
425 1252 497 1299 16).
518 1254 605 1290 Non
623 1255 684 1290 est
712 1252 834 1299 igitur
851 1252 891 1288 in
913 1251 1142 1297 operatione
1163 1249 1382 1296 prudentiae
1402 1251 1539 1288 ultima
1563 1250 1736 1287 hominis

129 1309 148 1337 e
169 1300 298 1337 icitas.

157 1348 256 1387 Item,
280 1346 469 1384 animalia
500 1346 788 1384 irrationabilia
820 1355 901 1383 non
933 1346 1170 1392 participant
1208 1345 1358 1393 aliquid
1391 1345 1606 1389 felicitatis,
1634 1344 1736 1382 sicut

113 1393 252 1440 probat
269 1394 499 1431 Aristoteles
521 1393 675 1441 (Ethic.,
693 1403 721 1439 1,
744 1404 777 1431 c.
801 1393 872 1440 13).
895 1393 1135 1439 participant
1155 1397 1286 1430 autem
1306 1392 1486 1440 quaedam
1508 1401 1645 1430 eorum
1666 1391 1737 1428 ali-

113 1441 207 1488 quid
229 1441 445 1493 prudentiae
478 1445 519 1478 ut
551 1444 656 1486 patet
675 1450 744 1486 per
779 1440 962 1477 eumdem
980 1440 1226 1488 metaphys„
1247 1448 1276 1485 1,
1298 1450 1332 1477 c.
1353 1439 1402 1487 1).
1423 1439 1547 1487 Igitur
1564 1438 1734 1477 felicitas

117 1497 196 1525 non
217 1488 403 1525 conslstit
422 1488 464 1524 in
486 1488 716 1534 operatione
736 1487 969 1533 prudentiae.

692 1602 702 1612 ’
740 1633 908 1674 CAPUT
935 1633 1111 1673 xxxvi.

351 1753 451 1788 QUOD
473 1753 672 1782 FELICITAS
703 1752 781 1781 NON
807 1752 1005 1781 CONSISTIT
1031 1752 1073 1781 IN
1105 1751 1349 1781 OPERA'I'IONE
1374 1752 1501 1782 ARTIS.

160 1866 270 1902 Patet
287 1863 406 1902 etiam
425 1862 533 1910 quod
553 1871 682 1909 neque
702 1861 743 1898 in
762 1861 991 1908 operatione
1013 1861 1122 1899 artis.

161 1911 262 1957 Quia
281 1911 401 1949 etiam
433 1910 530 1948 artis
561 1909 738 1956 cognitio
769 1908 943 1955 practica
975 1912 1048 1954 est,
1067 1913 1105 1945 et
1124 1908 1178 1946 ita
1216 1908 1266 1945 ad
1297 1907 1416 1947 finem
1449 1908 1682 1954 ordinatur;
1703 1912 1741 1946 et

118 1958 208 1997 ideo
229 1958 319 2005 ipsa
337 1966 419 1995 non
436 1960 498 1995 est
515 1956 680 1994 ultimus
700 1955 807 1994 finis.
1676 1963 1678 1965 ·

159 2008 352 2050 Praeterea,
380 2004 656 2051 operationum
689 2003 785 2040 artis
817 2003 918 2041 fines
951 2007 1045 2040 sunt
1074 2002 1296 2049 artificiata‚
1317 2013 1405 2050 quae
1453 2012 1534 2040 non
1567 2007 1738 2049 possunt

115 2061 205 2091 esse
226 2052 392 2090 ultimus
411 2051 505 2089 finis
537 2051 720 2088 humanae
741 2051 844 2094 vitae,
865 2060 984 2097 quum
1022 2050 1151 2097 magis
1172 2059 1247 2088 nos
1280 2050 1408 2089 simus
1437 2049 1538 2087 fines
1559 2050 1739 2087 omniu-m

116 2098 383 2137 artificialium
400 2110 409 2144 3
431 2098 568 2136 omnia
589 2098 695 2134 enim
716 2102 877 2144 propter
897 2097 1073 2135 hominis
1090 2106 1206 2135 usum
1227 2097 1341 2136 fiunt.
1360 2099 1446 2136 Non
1466 2100 1597 2144 potest
1616 2097 1739 2144 igitur

115 2147 157 2184 in
177 2146 406 2192 operatione
428 2145 526 2183 artis
546 2153 634 2182 esse
655 2145 795 2182 ultima
811 2144 994 2182 felicitas.

729 2290 896 2333 CAPUT
920 2291 1118 2332 XXXVII.

199 2411 299 2447 QUOD
327 2411 473 2442 ULTmA
496 2410 658 2441 HOMINIS
682 2410 884 2441 FELICITAS
918 2411 1117 2441 CONSISTIT
1142 2411 1184 2440 IN
1209 2411 1552 2441 CONTEMPLATIONE
1576 2412 1655 2442 DEI.

166 2521 206 2561 Si
225 2521 349 2569 igitur
375 2520 516 2558 ultima
551 2519 720 2558 felicitas
746 2519 925 2557 hominis
957 2528 1040 2557 non
1075 2518 1261 2571 consistit
1291 2519 1334 2556 in
1362 2519 1624 2559 exterioribus
1654 2530 1742 2569 quae

119 2569 306 2608 dicuntur
336 2568 443 2605 bona
471 2567 653 2612 fortunae,
669 2575 798 2613 neque
817 2566 858 2604 in
881 2566 1000 2604 bonis
1031 2574 1225 2612 corporis,
1243 2575 1373 2614 neque
1393 2566 1436 2604 in
1459 2566 1578 2605 bonis
1599 2568 1743 2607 animae

119 2619 312 2702 guantum
329 2615 380 2653 ad
399 2614 630 2653 sensitivam
653 2617 818 2660 partem,
839 2622 968 2661 neque
1004 2616 1196 2661 quantum
1217 2612 1267 2651 ad
1297 2612 1580 2653 intellectivam
1599 2624 1742 2653 secun·

147 2672 213 2701 um
247 2666 360 2701 actus
391 2661 604 2700 moralium
633 2661 837 2705 virtutum,
859 2669 988 2708 neque
1021 2659 1243 2698 secundum
1275 2659 1564 2700 intellectuales
1586 2672 1673 2710 quae
1693 2662 1740 2700 ad

120 2710 319 2748 actionem
337 2709 548 2757 pertinent,
569 2708 723 2746 scilicet
740 2711 864 2745 artem
881 2711 920 2744 et
938 2707 1203 2754 prudentiam,
1218 2707 1458 2756 relinquitur
1475 2709 1582 2756 quod
1602 2709 1744 2747 ultima

120 2756 298 2795 hominis
318 2756 488 2794 felicitas
509 2756 561 2794 sit
577 2755 619 2792 in
640 2755 973 2801 contemplatione
992 2754 1184 2792 veritatis.

168 2805 258 2841 Haec
277 2804 383 2841 enim
403 2804 492 2842 sola
511 2802 687 2849 operatio
709 2802 884 2840 hominis
904 2805 965 2840 est
983 2800 1061 2840 sihi
1092 2801 1253 2850 propria
1271 2802 1371 2842 etin
1390 2812 1470 2846 uua
1488 2803 1600 2842 nullo
1620 2803 1740 2842 modo

121 2848 282 2898 aliquod
301 2850 410 2889 aliud
427 2849 707 2889 communicat.
1191 2854 1195 2857 '
