<?xml version="1.0" encoding="UTF-8"?>
<!DOCTYPE html PUBLIC "-//W3C//DTD XHTML 1.0 Transitional//EN"
    "http://www.w3.org/TR/xhtml1/DTD/xhtml1-transitional.dtd">
<html xmlns="http://www.w3.org/1999/xhtml" xml:lang="en" lang="en">
 <head>
  <title>
</title>
<meta http-equiv="Content-Type" content="text/html;charset=utf-8" />
  <meta name='ocr-system' content='tesseract 3.04.00' />
  <meta name='ocr-capabilities' content='ocr_page ocr_carea ocr_par ocr_line ocrx_word'/>
</head>
<body>
  <div class='ocr_page' id='page_1' title='image "./deveritatecathol00thomuoft_0134.png"; bbox 0 0 1894 3223; ppageno 0'>
   <div class='ocr_carea' id='block_1_1' title="bbox 205 91 1195 146">
    <p class='ocr_par' dir='ltr' id='par_1_1' title="bbox 205 91 1195 146">
     <span class='ocr_line' id='line_1_1' title="bbox 205 91 1195 146; baseline -0.005 0"><span class='ocrx_word' id='word_1_1' title='bbox 205 111 249 146; x_wconf 84' lang='lat'>94</span> <span class='ocrx_word' id='word_1_2' title='bbox 466 91 470 94; x_wconf 78' lang='grc'><strong>’</strong></span> <span class='ocrx_word' id='word_1_3' title='bbox 825 105 912 141; x_wconf 87' lang='lat' dir='ltr'><strong>LIB.</strong></span> <span class='ocrx_word' id='word_1_4' title='bbox 939 106 968 146; x_wconf 89' lang='lat'>1,</span> <span class='ocrx_word' id='word_1_5' title='bbox 998 105 1098 142; x_wconf 77' lang='lat' dir='ltr'>CAP.</span> <span class='ocrx_word' id='word_1_6' title='bbox 1125 105 1195 141; x_wconf 78' lang='lat' dir='ltr'>xc,</span> 
     </span>
    </p>
   </div>
   <div class='ocr_carea' id='block_1_2' title="bbox 199 184 1824 1308">
    <p class='ocr_par' dir='ltr' id='par_1_2' title="bbox 205 184 1821 324">
     <span class='ocr_line' id='line_1_2' title="bbox 251 184 1818 235; baseline -0.001 -9"><span class='ocrx_word' id='word_1_7' title='bbox 251 191 350 234; x_wconf 82' lang='lat' dir='ltr'>Item,</span> <span class='ocrx_word' id='word_1_8' title='bbox 373 187 602 235; x_wconf 83' lang='lat' dir='ltr'>poenitentia</span> <span class='ocrx_word' id='word_1_9' title='bbox 622 185 879 223; x_wconf 83' lang='lat' dir='ltr'>mutationem</span> <span class='ocrx_word' id='word_1_10' title='bbox 902 184 1067 222; x_wconf 81' lang='lat' dir='ltr'>affectus</span> <span class='ocrx_word' id='word_1_11' title='bbox 1087 186 1284 232; x_wconf 79' lang='lat' dir='ltr'>importat.</span> <span class='ocrx_word' id='word_1_12' title='bbox 1306 185 1430 233; x_wconf 83' lang='lat' dir='ltr'><strong>Igitur</strong></span> <span class='ocrx_word' id='word_1_13' title='bbox 1449 189 1487 223; x_wconf 88' lang='lat' dir='ltr'>et</span> <span class='ocrx_word' id='word_1_14' title='bbox 1503 185 1603 223; x_wconf 87' lang='lat' dir='ltr'>ratio</span> <span class='ocrx_word' id='word_1_15' title='bbox 1621 186 1818 232; x_wconf 86' lang='lat' dir='ltr'>poeniten·</span> 
     </span>
     <span class='ocr_line' id='line_1_3' title="bbox 208 232 1821 281; baseline -0.002 -8"><span class='ocrx_word' id='word_1_16' title='bbox 208 236 268 273; x_wconf 81' lang='lat' dir='ltr'>tiae</span> <span class='ocrx_word' id='word_1_17' title='bbox 293 238 370 272; x_wconf 89' lang='lat' dir='ltr'>Deo</span> <span class='ocrx_word' id='word_1_18' title='bbox 393 238 597 281; x_wconf 79' lang='lat' dir='ltr'>repugnat,</span> <span class='ocrx_word' id='word_1_19' title='bbox 620 241 699 269; x_wconf 92' lang='lat' dir='ltr'>non</span> <span class='ocrx_word' id='word_1_20' title='bbox 722 232 850 269; x_wconf 91' lang='lat' dir='ltr'>solum</span> <span class='ocrx_word' id='word_1_21' title='bbox 873 233 967 278; x_wconf 86' lang='lat' dir='ltr'>quia</span> <span class='ocrx_word' id='word_1_22' title='bbox 986 233 1141 279; x_wconf 89' lang='lat' dir='ltr'>species</span> <span class='ocrx_word' id='word_1_23' title='bbox 1161 233 1331 270; x_wconf 81' lang='lat' dir='ltr'>tristitiae</span> <span class='ocrx_word' id='word_1_24' title='bbox 1364 236 1437 278; x_wconf 90' lang='lat' dir='ltr'>est,</span> <span class='ocrx_word' id='word_1_25' title='bbox 1471 232 1540 270; x_wconf 89' lang='lat' dir='ltr'>sed</span> <span class='ocrx_word' id='word_1_26' title='bbox 1571 233 1688 270; x_wconf 88' lang='lat' dir='ltr'>etiam</span> <span class='ocrx_word' id='word_1_27' title='bbox 1725 234 1821 281; x_wconf 85' lang='lat' dir='ltr'>quia</span> 
     </span>
     <span class='ocr_line' id='line_1_4' title="bbox 205 278 909 324; baseline -0.006 -5"><span class='ocrx_word' id='word_1_28' title='bbox 205 283 462 319; x_wconf 77' lang='lat' dir='ltr'>mutationem</span> <span class='ocrx_word' id='word_1_29' title='bbox 484 279 699 317; x_wconf 84' lang='lat' dir='ltr'>voluntatis</span> <span class='ocrx_word' id='word_1_30' title='bbox 723 278 909 324; x_wconf 82' lang='lat' dir='ltr'>importat</span> 
     </span>
    </p>

    <p class='ocr_par' dir='ltr' id='par_1_3' title="bbox 200 325 1823 933">
     <span class='ocr_line' id='line_1_5' title="bbox 251 325 1820 373; baseline -0.001 -8"><span class='ocrx_word' id='word_1_31' title='bbox 251 331 440 371; x_wconf 58' lang='lat' dir='ltr'>Praeterea,</span> <span class='ocrx_word' id='word_1_32' title='bbox 469 327 618 372; x_wconf 79' lang='lat' dir='ltr'>absque</span> <span class='ocrx_word' id='word_1_33' title='bbox 654 334 785 362; x_wconf 86' lang='lat' dir='ltr'>errore</span> <span class='ocrx_word' id='word_1_34' title='bbox 816 325 1025 372; x_wconf 80' lang='lat' dir='ltr'>cognitivae</span> <span class='ocrx_word' id='word_1_35' title='bbox 1060 326 1216 363; x_wconf 88' lang='lat' dir='ltr'>virtutis</span> <span class='ocrx_word' id='word_1_36' title='bbox 1251 335 1341 363; x_wconf 89' lang='lat' dir='ltr'>esse</span> <span class='ocrx_word' id='word_1_37' title='bbox 1375 335 1457 363; x_wconf 93' lang='lat' dir='ltr'>non</span> <span class='ocrx_word' id='word_1_38' title='bbox 1486 329 1630 373; x_wconf 81' lang='lat' dir='ltr'>potest,</span> <span class='ocrx_word' id='word_1_39' title='bbox 1653 326 1820 364; x_wconf 86' lang='lat' dir='ltr'>utillud</span> 
     </span>
     <span class='ocr_line' id='line_1_6' title="bbox 205 371 1820 422; baseline -0.001 -10"><span class='ocrx_word' id='word_1_40' title='bbox 205 375 309 422; x_wconf 90' lang='lat' dir='ltr'>quod</span> <span class='ocrx_word' id='word_1_41' title='bbox 330 379 389 411; x_wconf 86' lang='lat' dir='ltr'>est</span> <span class='ocrx_word' id='word_1_42' title='bbox 409 375 555 410; x_wconf 82' lang='lat' dir='ltr'>bonum</span> <span class='ocrx_word' id='word_1_43' title='bbox 579 371 895 417; x_wconf 79' lang='lat' dir='ltr'>apprehendatur</span> <span class='ocrx_word' id='word_1_44' title='bbox 917 376 957 409; x_wconf 94' lang='lat' dir='ltr'>ut</span> <span class='ocrx_word' id='word_1_45' title='bbox 979 373 1140 416; x_wconf 91' lang='lat' dir='ltr'>malum,</span> <span class='ocrx_word' id='word_1_46' title='bbox 1163 382 1234 409; x_wconf 88' lang='lat' dir='ltr'>nec</span> <span class='ocrx_word' id='word_1_47' title='bbox 1253 377 1312 410; x_wconf 91' lang='lat' dir='ltr'>est</span> <span class='ocrx_word' id='word_1_48' title='bbox 1332 373 1409 410; x_wconf 90' lang='lat' dir='ltr'>nisi</span> <span class='ocrx_word' id='word_1_49' title='bbox 1441 373 1482 409; x_wconf 90' lang='lat' dir='ltr'>in</span> <span class='ocrx_word' id='word_1_50' title='bbox 1514 372 1820 419; x_wconf 81' lang='lat' dir='ltr'>particularibus</span> 
     </span>
     <span class='ocr_line' id='line_1_7' title="bbox 204 419 1821 467; baseline -0.002 -9"><span class='ocrx_word' id='word_1_51' title='bbox 204 422 333 464; x_wconf 78' lang='lat' dir='ltr'>bonis,</span> <span class='ocrx_word' id='word_1_52' title='bbox 354 425 394 456; x_wconf 91' lang='lat' dir='ltr'>ut</span> <span class='ocrx_word' id='word_1_53' title='bbox 415 419 576 456; x_wconf 86' lang='lat' dir='ltr'>alterius</span> <span class='ocrx_word' id='word_1_54' title='bbox 598 419 745 455; x_wconf 89' lang='lat' dir='ltr'>malum</span> <span class='ocrx_word' id='word_1_55' title='bbox 766 419 894 464; x_wconf 80' lang='lat' dir='ltr'>possit</span> <span class='ocrx_word' id='word_1_56' title='bbox 911 419 1060 456; x_wconf 90' lang='lat' dir='ltr'>bonum</span> <span class='ocrx_word' id='word_1_57' title='bbox 1080 420 1247 457; x_wconf 77' lang='lat' dir='ltr'>existere</span> <span class='ocrx_word' id='word_1_58' title='bbox 1269 420 1395 464; x_wconf 89' lang='lat' dir='ltr'>alteri,</span> <span class='ocrx_word' id='word_1_59' title='bbox 1418 420 1459 456; x_wconf 91' lang='lat' dir='ltr'>in</span> <span class='ocrx_word' id='word_1_60' title='bbox 1491 420 1637 467; x_wconf 87' lang='lat' dir='ltr'>quihus</span> <span class='ocrx_word' id='word_1_61' title='bbox 1661 429 1821 466; x_wconf 80' lang='lat' dir='ltr'>corrup·</span> 
     </span>
     <span class='ocr_line' id='line_1_8' title="bbox 204 465 1823 513; baseline 0.001 -11"><span class='ocrx_word' id='word_1_62' title='bbox 204 469 258 504; x_wconf 82' lang='lat' dir='ltr'>tio</span> <span class='ocrx_word' id='word_1_63' title='bbox 280 467 399 503; x_wconf 87' lang='lat' dir='ltr'>unius</span> <span class='ocrx_word' id='word_1_64' title='bbox 420 470 479 502; x_wconf 86' lang='lat' dir='ltr'>est</span> <span class='ocrx_word' id='word_1_65' title='bbox 500 465 703 512; x_wconf 84' lang='lat' dir='ltr'>generatio</span> <span class='ocrx_word' id='word_1_66' title='bbox 725 465 888 502; x_wconf 85' lang='lat' dir='ltr'>alterius</span> <span class='ocrx_word' id='word_1_67' title='bbox 909 478 916 502; x_wconf 90' lang='lat'>:</span> <span class='ocrx_word' id='word_1_68' title='bbox 938 467 1151 503; x_wconf 85' lang='lat' dir='ltr'>universali</span> <span class='ocrx_word' id='word_1_69' title='bbox 1165 471 1295 503; x_wconf 90' lang='lat' dir='ltr'>autem</span> <span class='ocrx_word' id='word_1_70' title='bbox 1327 467 1434 513; x_wconf 77' lang='lat' dir='ltr'>bono</span> <span class='ocrx_word' id='word_1_71' title='bbox 1456 476 1503 503; x_wconf 84' lang='lat' dir='ltr'>ex</span> <span class='ocrx_word' id='word_1_72' title='bbox 1523 467 1633 504; x_wconf 90' lang='lat' dir='ltr'>nullo</span> <span class='ocrx_word' id='word_1_73' title='bbox 1654 467 1823 512; x_wconf 87' lang='lat' dir='ltr'>particu-</span> 
     </span>
     <span class='ocr_line' id='line_1_9' title="bbox 204 512 1820 559; baseline -0.001 -9"><span class='ocrx_word' id='word_1_74' title='bbox 204 514 275 550; x_wconf 86' lang='lat' dir='ltr'>lari</span> <span class='ocrx_word' id='word_1_75' title='bbox 293 514 397 549; x_wconf 85' lang='lat' dir='ltr'>bono</span> <span class='ocrx_word' id='word_1_76' title='bbox 419 512 567 559; x_wconf 89' lang='lat' dir='ltr'>aliquid</span> <span class='ocrx_word' id='word_1_77' title='bbox 589 512 751 557; x_wconf 89' lang='lat' dir='ltr'>deperit,</span> <span class='ocrx_word' id='word_1_78' title='bbox 773 512 842 549; x_wconf 90' lang='lat' dir='ltr'>sed</span> <span class='ocrx_word' id='word_1_79' title='bbox 863 521 931 558; x_wconf 92' lang='lat' dir='ltr'>per</span> <span class='ocrx_word' id='word_1_80' title='bbox 950 513 1259 559; x_wconf 89' lang='lat' dir='ltr'>unumquodque</span> <span class='ocrx_word' id='word_1_81' title='bbox 1281 518 1598 559; x_wconf 82' lang='lat' dir='ltr'>repraesentatur.</span> <span class='ocrx_word' id='word_1_82' title='bbox 1622 515 1726 550; x_wconf 93' lang='lat' dir='ltr'>Deus</span> <span class='ocrx_word' id='word_1_83' title='bbox 1750 523 1820 550; x_wconf 82' lang='lat' dir='ltr'>au·</span> 
     </span>
     <span class='ocr_line' id='line_1_10' title="bbox 202 559 1821 606; baseline 0.001 -10"><span class='ocrx_word' id='word_1_84' title='bbox 202 565 280 596; x_wconf 86' lang='lat' dir='ltr'>tem</span> <span class='ocrx_word' id='word_1_85' title='bbox 303 563 362 596; x_wconf 84' lang='lat' dir='ltr'>est</span> <span class='ocrx_word' id='word_1_86' title='bbox 382 559 605 596; x_wconf 87' lang='lat' dir='ltr'>universale</span> <span class='ocrx_word' id='word_1_87' title='bbox 627 559 791 603; x_wconf 85' lang='lat' dir='ltr'>bonum,</span> <span class='ocrx_word' id='word_1_88' title='bbox 823 560 938 604; x_wconf 84' lang='lat' dir='ltr'>cujus</span> <span class='ocrx_word' id='word_1_89' title='bbox 968 560 1269 596; x_wconf 88' lang='lat' dir='ltr'>similitudinem</span> <span class='ocrx_word' id='word_1_90' title='bbox 1300 561 1574 606; x_wconf 85' lang='lat' dir='ltr'>participando</span> <span class='ocrx_word' id='word_1_91' title='bbox 1607 560 1745 597; x_wconf 88' lang='lat' dir='ltr'>omnia</span> <span class='ocrx_word' id='word_1_92' title='bbox 1765 560 1821 596; x_wconf 88' lang='lat' dir='ltr'>di-</span> 
     </span>
     <span class='ocr_line' id='line_1_11' title="bbox 202 605 1822 652; baseline 0.001 -9"><span class='ocrx_word' id='word_1_93' title='bbox 202 610 345 643; x_wconf 89' lang='lat' dir='ltr'>cuntur</span> <span class='ocrx_word' id='word_1_94' title='bbox 361 606 466 643; x_wconf 87' lang='lat' dir='ltr'>bona</span> <span class='ocrx_word' id='word_1_95' title='bbox 487 618 495 642; x_wconf 73' lang='grc' dir='ltr'><strong><em>ι</em></strong></span> <span class='ocrx_word' id='word_1_96' title='bbox 522 605 673 642; x_wconf 89' lang='lat' dir='ltr'>nullius</span> <span class='ocrx_word' id='word_1_97' title='bbox 694 606 816 651; x_wconf 82' lang='lat' dir='ltr'>igitur</span> <span class='ocrx_word' id='word_1_98' title='bbox 834 606 982 642; x_wconf 90' lang='lat' dir='ltr'>malum</span> <span class='ocrx_word' id='word_1_99' title='bbox 1004 606 1078 642; x_wconf 86' lang='lat' dir='ltr'>sibi</span> <span class='ocrx_word' id='word_1_100' title='bbox 1113 610 1243 651; x_wconf 88' lang='lat' dir='ltr'>potest</span> <span class='ocrx_word' id='word_1_101' title='bbox 1263 616 1351 644; x_wconf 90' lang='lat' dir='ltr'>esse</span> <span class='ocrx_word' id='word_1_102' title='bbox 1378 608 1547 652; x_wconf 88' lang='lat' dir='ltr'>bonum;</span> <span class='ocrx_word' id='word_1_103' title='bbox 1582 616 1654 644; x_wconf 90' lang='lat' dir='ltr'>nec</span> <span class='ocrx_word' id='word_1_104' title='bbox 1688 610 1822 652; x_wconf 88' lang='lat' dir='ltr'>potest</span> 
     </span>
     <span class='ocr_line' id='line_1_12' title="bbox 201 652 1821 699; baseline 0 -9"><span class='ocrx_word' id='word_1_105' title='bbox 201 662 290 690; x_wconf 86' lang='lat' dir='ltr'>esse</span> <span class='ocrx_word' id='word_1_106' title='bbox 311 653 428 689; x_wconf 84' lang='lat' dir='ltr'>etiam</span> <span class='ocrx_word' id='word_1_107' title='bbox 455 656 494 689; x_wconf 86' lang='lat' dir='ltr'>ut</span> <span class='ocrx_word' id='word_1_108' title='bbox 513 652 552 689; x_wconf 90' lang='lat' dir='ltr'>id</span> <span class='ocrx_word' id='word_1_109' title='bbox 574 652 679 699; x_wconf 87' lang='lat' dir='ltr'>quod</span> <span class='ocrx_word' id='word_1_110' title='bbox 696 656 756 689; x_wconf 87' lang='lat' dir='ltr'>est</span> <span class='ocrx_word' id='word_1_111' title='bbox 777 652 1009 698; x_wconf 84' lang='lat' dir='ltr'>simpliciter</span> <span class='ocrx_word' id='word_1_112' title='bbox 1030 653 1193 696; x_wconf 86' lang='lat' dir='ltr'>honum,</span> <span class='ocrx_word' id='word_1_113' title='bbox 1217 657 1255 689; x_wconf 85' lang='lat' dir='ltr'>et</span> <span class='ocrx_word' id='word_1_114' title='bbox 1283 662 1364 690; x_wconf 90' lang='lat' dir='ltr'>non</span> <span class='ocrx_word' id='word_1_115' title='bbox 1384 658 1445 691; x_wconf 87' lang='lat' dir='ltr'>est</span> <span class='ocrx_word' id='word_1_116' title='bbox 1471 654 1548 692; x_wconf 89' lang='lat' dir='ltr'>sibi</span> <span class='ocrx_word' id='word_1_117' title='bbox 1569 654 1732 697; x_wconf 90' lang='lat' dir='ltr'>malum,</span> <span class='ocrx_word' id='word_1_118' title='bbox 1753 663 1821 699; x_wconf 90' lang='lat' dir='ltr'>ap-</span> 
     </span>
     <span class='ocr_line' id='line_1_13' title="bbox 200 699 1820 746; baseline 0.001 -10"><span class='ocrx_word' id='word_1_119' title='bbox 200 700 419 746; x_wconf 83' lang='lat' dir='ltr'>prehendat</span> <span class='ocrx_word' id='word_1_120' title='bbox 439 703 481 736; x_wconf 89' lang='lat' dir='ltr'>ut</span> <span class='ocrx_word' id='word_1_121' title='bbox 499 699 662 744; x_wconf 89' lang='lat' dir='ltr'>malum,</span> <span class='ocrx_word' id='word_1_122' title='bbox 683 699 775 745; x_wconf 89' lang='lat' dir='ltr'>quia</span> <span class='ocrx_word' id='word_1_123' title='bbox 796 709 869 736; x_wconf 89' lang='lat' dir='ltr'>sua</span> <span class='ocrx_word' id='word_1_124' title='bbox 898 699 1067 736; x_wconf 90' lang='lat' dir='ltr'>scientia</span> <span class='ocrx_word' id='word_1_125' title='bbox 1086 703 1146 736; x_wconf 89' lang='lat' dir='ltr'>est</span> <span class='ocrx_word' id='word_1_126' title='bbox 1165 699 1313 746; x_wconf 86' lang='lat' dir='ltr'>absque</span> <span class='ocrx_word' id='word_1_127' title='bbox 1336 710 1481 745; x_wconf 85' lang='lat' dir='ltr'>errore,</span> <span class='ocrx_word' id='word_1_128' title='bbox 1503 705 1547 737; x_wconf 86' lang='lat' dir='ltr'>ut</span> <span class='ocrx_word' id='word_1_129' title='bbox 1578 709 1698 746; x_wconf 88' lang='lat' dir='ltr'>supra</span> <span class='ocrx_word' id='word_1_130' title='bbox 1719 701 1820 746; x_wconf 88' lang='lat' dir='ltr'>(cap.</span> 
     </span>
     <span class='ocr_line' id='line_1_14' title="bbox 201 746 1823 799; baseline 0 -16"><span class='ocrx_word' id='word_1_131' title='bbox 201 746 260 793; x_wconf 83' lang='lat'>61)</span> <span class='ocrx_word' id='word_1_132' title='bbox 282 750 487 783; x_wconf 85' lang='lat' dir='ltr'>ostensum</span> <span class='ocrx_word' id='word_1_133' title='bbox 508 750 581 783; x_wconf 88' lang='lat' dir='ltr'>est.</span> <span class='ocrx_word' id='word_1_134' title='bbox 616 746 806 782; x_wconf 83' lang='lat' dir='ltr'>Invidiam</span> <span class='ocrx_word' id='word_1_135' title='bbox 837 746 958 792; x_wconf 83' lang='lat' dir='ltr'>igitur</span> <span class='ocrx_word' id='word_1_136' title='bbox 977 747 1018 782; x_wconf 89' lang='lat' dir='ltr'>in</span> <span class='ocrx_word' id='word_1_137' title='bbox 1035 748 1115 782; x_wconf 90' lang='lat' dir='ltr'>Deo</span> <span class='ocrx_word' id='word_1_138' title='bbox 1137 746 1387 792; x_wconf 87' lang='lat' dir='ltr'>impossibile</span> <span class='ocrx_word' id='word_1_139' title='bbox 1408 751 1469 784; x_wconf 89' lang='lat' dir='ltr'>est</span> <span class='ocrx_word' id='word_1_140' title='bbox 1500 756 1603 790; x_wconf 89' lang='lat' dir='ltr'>esse,</span> <span class='ocrx_word' id='word_1_141' title='bbox 1624 747 1749 798; x_wconf 36' lang='lat' dir='ltr'>etiam·</span> <span class='ocrx_word' id='word_1_142' title='bbox 1764 756 1823 799; x_wconf 84' lang='lat' dir='ltr'>se-</span> 
     </span>
     <span class='ocr_line' id='line_1_15' title="bbox 200 793 1822 840; baseline 0.001 -10"><span class='ocrx_word' id='word_1_143' title='bbox 200 793 373 830; x_wconf 90' lang='lat' dir='ltr'>cundum</span> <span class='ocrx_word' id='word_1_144' title='bbox 397 802 479 830; x_wconf 86' lang='lat' dir='ltr'>suae</span> <span class='ocrx_word' id='word_1_145' title='bbox 508 793 654 839; x_wconf 88' lang='lat' dir='ltr'>speciei</span> <span class='ocrx_word' id='word_1_146' title='bbox 673 793 881 836; x_wconf 86' lang='lat' dir='ltr'>rationem,</span> <span class='ocrx_word' id='word_1_147' title='bbox 904 801 986 830; x_wconf 91' lang='lat' dir='ltr'>non</span> <span class='ocrx_word' id='word_1_148' title='bbox 1007 793 1138 830; x_wconf 90' lang='lat' dir='ltr'>solum</span> <span class='ocrx_word' id='word_1_149' title='bbox 1170 793 1266 840; x_wconf 87' lang='lat' dir='ltr'>quia</span> <span class='ocrx_word' id='word_1_150' title='bbox 1296 793 1444 830; x_wconf 92' lang='lat' dir='ltr'>invidia</span> <span class='ocrx_word' id='word_1_151' title='bbox 1465 794 1621 840; x_wconf 88' lang='lat' dir='ltr'>species</span> <span class='ocrx_word' id='word_1_152' title='bbox 1647 797 1822 831; x_wconf 74' lang='lat' dir='ltr'>tristitiae</span> 
     </span>
     <span class='ocr_line' id='line_1_16' title="bbox 201 840 1822 887; baseline 0.001 -11"><span class='ocrx_word' id='word_1_153' title='bbox 201 844 273 884; x_wconf 86' lang='lat' dir='ltr'>est,</span> <span class='ocrx_word' id='word_1_154' title='bbox 295 840 363 876; x_wconf 90' lang='lat' dir='ltr'>sed</span> <span class='ocrx_word' id='word_1_155' title='bbox 382 840 498 876; x_wconf 86' lang='lat' dir='ltr'>etiam</span> <span class='ocrx_word' id='word_1_156' title='bbox 521 840 613 886; x_wconf 87' lang='lat' dir='ltr'>quia</span> <span class='ocrx_word' id='word_1_157' title='bbox 630 840 808 877; x_wconf 83' lang='lat' dir='ltr'>tristatur</span> <span class='ocrx_word' id='word_1_158' title='bbox 827 840 874 876; x_wconf 91' lang='lat' dir='ltr'>de</span> <span class='ocrx_word' id='word_1_159' title='bbox 895 840 1000 877; x_wconf 88' lang='lat' dir='ltr'>bono</span> <span class='ocrx_word' id='word_1_160' title='bbox 1019 841 1197 885; x_wconf 89' lang='lat' dir='ltr'>alterius,</span> <span class='ocrx_word' id='word_1_161' title='bbox 1220 844 1258 877; x_wconf 90' lang='lat' dir='ltr'>et</span> <span class='ocrx_word' id='word_1_162' title='bbox 1287 840 1346 877; x_wconf 90' lang='lat' dir='ltr'>sic</span> <span class='ocrx_word' id='word_1_163' title='bbox 1377 840 1520 887; x_wconf 87' lang='lat' dir='ltr'>accipit</span> <span class='ocrx_word' id='word_1_164' title='bbox 1549 840 1704 878; x_wconf 90' lang='lat' dir='ltr'>bonum</span> <span class='ocrx_word' id='word_1_165' title='bbox 1725 840 1822 878; x_wconf 87' lang='lat' dir='ltr'>alte·</span> 
     </span>
     <span class='ocr_line' id='line_1_17' title="bbox 200 886 773 933; baseline 0 -10"><span class='ocrx_word' id='word_1_166' title='bbox 200 887 284 923; x_wconf 90' lang='lat' dir='ltr'>rius</span> <span class='ocrx_word' id='word_1_167' title='bbox 304 891 492 933; x_wconf 87' lang='lat' dir='ltr'>tanquam</span> <span class='ocrx_word' id='word_1_168' title='bbox 514 886 590 923; x_wconf 85' lang='lat' dir='ltr'>sihi</span> <span class='ocrx_word' id='word_1_169' title='bbox 611 887 773 923; x_wconf 88' lang='lat' dir='ltr'>malum.</span> 
     </span>
    </p>

    <p class='ocr_par' dir='ltr' id='par_1_4' title="bbox 199 933 1824 1221">
     <span class='ocr_line' id='line_1_18' title="bbox 246 933 1821 980; baseline 0.001 -11"><span class='ocrx_word' id='word_1_170' title='bbox 246 934 390 974; x_wconf 77' lang='lat' dir='ltr'>Adhuc,</span> <span class='ocrx_word' id='word_1_171' title='bbox 414 933 591 979; x_wconf 86' lang='lat' dir='ltr'>ejusdem</span> <span class='ocrx_word' id='word_1_172' title='bbox 613 934 781 970; x_wconf 89' lang='lat' dir='ltr'>rationis</span> <span class='ocrx_word' id='word_1_173' title='bbox 814 937 875 970; x_wconf 84' lang='lat' dir='ltr'>est</span> <span class='ocrx_word' id='word_1_174' title='bbox 897 933 1042 971; x_wconf 87' lang='lat' dir='ltr'>tristari</span> <span class='ocrx_word' id='word_1_175' title='bbox 1064 933 1112 971; x_wconf 92' lang='lat' dir='ltr'>de</span> <span class='ocrx_word' id='word_1_176' title='bbox 1140 934 1262 978; x_wconf 84' lang='lat' dir='ltr'>hono,</span> <span class='ocrx_word' id='word_1_177' title='bbox 1281 937 1317 970; x_wconf 89' lang='lat' dir='ltr'>et</span> <span class='ocrx_word' id='word_1_178' title='bbox 1338 937 1520 980; x_wconf 87' lang='lat' dir='ltr'>appetere</span> <span class='ocrx_word' id='word_1_179' title='bbox 1538 934 1684 971; x_wconf 84' lang='lat' dir='ltr'>malum</span> <span class='ocrx_word' id='word_1_180' title='bbox 1700 945 1709 978; x_wconf 91' lang='lat'>;</span> <span class='ocrx_word' id='word_1_181' title='bbox 1728 941 1821 971; x_wconf 91' lang='lat' dir='ltr'>nam</span> 
     </span>
     <span class='ocr_line' id='line_1_19' title="bbox 199 980 1824 1026; baseline 0.001 -10"><span class='ocrx_word' id='word_1_182' title='bbox 199 980 370 1026; x_wconf 86' lang='lat' dir='ltr'>primum</span> <span class='ocrx_word' id='word_1_183' title='bbox 392 985 451 1017; x_wconf 87' lang='grc' dir='ltr'>θεῖ</span> <span class='ocrx_word' id='word_1_184' title='bbox 471 990 518 1016; x_wconf 81' lang='lat' dir='ltr'>ex</span> <span class='ocrx_word' id='word_1_185' title='bbox 535 980 624 1024; x_wconf 84' lang='lat' dir='ltr'>hoc,</span> <span class='ocrx_word' id='word_1_186' title='bbox 647 990 749 1026; x_wconf 87' lang='lat' dir='ltr'>quoe</span> <span class='ocrx_word' id='word_1_187' title='bbox 779 980 929 1017; x_wconf 87' lang='lat' dir='ltr'>honum</span> <span class='ocrx_word' id='word_1_188' title='bbox 965 981 1183 1018; x_wconf 77' lang='lat' dir='ltr'>aestimatur</span> <span class='ocrx_word' id='word_1_189' title='bbox 1214 981 1375 1025; x_wconf 90' lang='lat' dir='ltr'>malum,</span> <span class='ocrx_word' id='word_1_190' title='bbox 1399 981 1619 1018; x_wconf 89' lang='lat' dir='ltr'>secundum</span> <span class='ocrx_word' id='word_1_191' title='bbox 1645 990 1738 1018; x_wconf 90' lang='lat' dir='ltr'>vero</span> <span class='ocrx_word' id='word_1_192' title='bbox 1761 984 1824 1018; x_wconf 87' lang='lat' dir='ltr'>est</span> 
     </span>
     <span class='ocr_line' id='line_1_20' title="bbox 201 1027 1821 1074; baseline 0.001 -11"><span class='ocrx_word' id='word_1_193' title='bbox 201 1037 248 1063; x_wconf 75' lang='lat' dir='ltr'>ex</span> <span class='ocrx_word' id='word_1_194' title='bbox 278 1027 383 1073; x_wconf 84' lang='lat' dir='ltr'>quod</span> <span class='ocrx_word' id='word_1_195' title='bbox 422 1027 570 1063; x_wconf 88' lang='lat' dir='ltr'>malum</span> <span class='ocrx_word' id='word_1_196' title='bbox 602 1028 819 1064; x_wconf 86' lang='lat' dir='ltr'>aestimatur</span> <span class='ocrx_word' id='word_1_197' title='bbox 848 1028 1011 1064; x_wconf 81' lang='lat' dir='ltr'>honum.</span> <span class='ocrx_word' id='word_1_198' title='bbox 1044 1030 1102 1065; x_wconf 87' lang='lat' dir='ltr'>lra</span> <span class='ocrx_word' id='word_1_199' title='bbox 1133 1031 1263 1066; x_wconf 88' lang='lat' dir='ltr'>autem</span> <span class='ocrx_word' id='word_1_200' title='bbox 1296 1032 1356 1065; x_wconf 89' lang='lat' dir='ltr'>est</span> <span class='ocrx_word' id='word_1_201' title='bbox 1387 1028 1584 1074; x_wconf 87' lang='lat' dir='ltr'>appetitus</span> <span class='ocrx_word' id='word_1_202' title='bbox 1620 1028 1715 1064; x_wconf 91' lang='lat' dir='ltr'>mali</span> <span class='ocrx_word' id='word_1_203' title='bbox 1750 1028 1821 1064; x_wconf 90' lang='lat' dir='ltr'>ali-</span> 
     </span>
     <span class='ocr_line' id='line_1_21' title="bbox 201 1073 1820 1121; baseline 0.001 -11"><span class='ocrx_word' id='word_1_204' title='bbox 201 1073 314 1119; x_wconf 87' lang='lat' dir='ltr'>cujus</span> <span class='ocrx_word' id='word_1_205' title='bbox 332 1074 380 1110; x_wconf 91' lang='lat' dir='ltr'>ad</span> <span class='ocrx_word' id='word_1_206' title='bbox 400 1074 628 1118; x_wconf 88' lang='lat' dir='ltr'>vindictam,</span> <span class='ocrx_word' id='word_1_207' title='bbox 648 1075 706 1111; x_wconf 90' lang='lat' dir='ltr'>ira</span> <span class='ocrx_word' id='word_1_208' title='bbox 727 1074 850 1120; x_wconf 82' lang='lat' dir='ltr'>igitur</span> <span class='ocrx_word' id='word_1_209' title='bbox 869 1085 892 1111; x_wconf 91' lang='lat' dir='ltr'>a</span> <span class='ocrx_word' id='word_1_210' title='bbox 916 1076 995 1111; x_wconf 90' lang='lat' dir='ltr'>Deo</span> <span class='ocrx_word' id='word_1_211' title='bbox 1017 1075 1135 1121; x_wconf 83' lang='lat' dir='ltr'>longe</span> <span class='ocrx_word' id='word_1_212' title='bbox 1161 1079 1221 1113; x_wconf 89' lang='grc' dir='ltr'><strong>θεῖ</strong></span> <span class='ocrx_word' id='word_1_213' title='bbox 1256 1075 1476 1112; x_wconf 85' lang='lat' dir='ltr'>secundum</span> <span class='ocrx_word' id='word_1_214' title='bbox 1506 1076 1701 1112; x_wconf 88' lang='lat' dir='ltr'>rationem</span> <span class='ocrx_word' id='word_1_215' title='bbox 1736 1083 1820 1112; x_wconf 86' lang='lat' dir='ltr'>suae</span> 
     </span>
     <span class='ocr_line' id='line_1_22' title="bbox 201 1120 1821 1169; baseline 0.001 -13"><span class='ocrx_word' id='word_1_216' title='bbox 201 1121 362 1166; x_wconf 85' lang='lat' dir='ltr'>speciei,</span> <span class='ocrx_word' id='word_1_217' title='bbox 385 1130 466 1157; x_wconf 90' lang='lat' dir='ltr'>non</span> <span class='ocrx_word' id='word_1_218' title='bbox 484 1121 615 1158; x_wconf 89' lang='lat' dir='ltr'>solum</span> <span class='ocrx_word' id='word_1_219' title='bbox 636 1121 730 1167; x_wconf 89' lang='lat' dir='ltr'>quia</span> <span class='ocrx_word' id='word_1_220' title='bbox 750 1120 915 1158; x_wconf 82' lang='lat' dir='ltr'>effectus</span> <span class='ocrx_word' id='word_1_221' title='bbox 934 1122 1103 1158; x_wconf 60' lang='lat' dir='ltr'>tristitiae</span> <span class='ocrx_word' id='word_1_222' title='bbox 1125 1126 1196 1166; x_wconf 88' lang='lat' dir='ltr'>est,</span> <span class='ocrx_word' id='word_1_223' title='bbox 1219 1122 1289 1159; x_wconf 89' lang='lat' dir='ltr'>sed</span> <span class='ocrx_word' id='word_1_224' title='bbox 1321 1122 1438 1159; x_wconf 90' lang='lat' dir='ltr'>etiam</span> <span class='ocrx_word' id='word_1_225' title='bbox 1459 1121 1552 1169; x_wconf 88' lang='lat' dir='ltr'>quia</span> <span class='ocrx_word' id='word_1_226' title='bbox 1584 1126 1645 1159; x_wconf 88' lang='lat' dir='ltr'>est</span> <span class='ocrx_word' id='word_1_227' title='bbox 1676 1122 1821 1168; x_wconf 87' lang='lat' dir='ltr'>appeti-</span> 
     </span>
     <span class='ocr_line' id='line_1_23' title="bbox 200 1167 1792 1221; baseline 0.003 -18"><span class='ocrx_word' id='word_1_228' title='bbox 200 1170 266 1205; x_wconf 85' lang='lat' dir='ltr'>tus</span> <span class='ocrx_word' id='word_1_229' title='bbox 287 1167 482 1211; x_wconf 61' lang='lat' dir='ltr'>vindictae,</span> <span class='ocrx_word' id='word_1_230' title='bbox 502 1172 662 1213; x_wconf 89' lang='lat' dir='ltr'>propter</span> <span class='ocrx_word' id='word_1_231' title='bbox 680 1168 881 1204; x_wconf 88' lang='lat' dir='ltr'>tristitiam</span> <span class='ocrx_word' id='word_1_232' title='bbox 904 1177 951 1204; x_wconf 81' lang='lat' dir='ltr'>ex</span> <span class='ocrx_word' id='word_1_233' title='bbox 970 1168 1116 1214; x_wconf 90' lang='lat' dir='ltr'>injuria</span> <span class='ocrx_word' id='word_1_234' title='bbox 1131 1169 1200 1205; x_wconf 90' lang='lat' dir='ltr'>illa</span> <span class='ocrx_word' id='word_1_235' title='bbox 1220 1172 1465 1214; x_wconf 83' lang='lat' dir='ltr'>conceptam.</span> <span class='ocrx_word' id='word_1_236' title='bbox 1785 1213 1792 1221; x_wconf 45' lang='lat'><strong>·</strong></span> 
     </span>
    </p>

    <p class='ocr_par' dir='ltr' id='par_1_5' title="bbox 201 1213 1820 1308">
     <span class='ocr_line' id='line_1_24' title="bbox 247 1213 1820 1262; baseline 0.001 -12"><span class='ocrx_word' id='word_1_237' title='bbox 247 1215 397 1258; x_wconf 79' lang='lat' dir='ltr'>Rursus,</span> <span class='ocrx_word' id='word_1_238' title='bbox 421 1224 679 1261; x_wconf 75' lang='lat' dir='ltr'>quaecumque</span> <span class='ocrx_word' id='word_1_239' title='bbox 698 1215 784 1251; x_wconf 82' lang='lat' dir='ltr'>aliae</span> <span class='ocrx_word' id='word_1_240' title='bbox 806 1215 1016 1260; x_wconf 81' lang='lat' dir='ltr'>passiones</span> <span class='ocrx_word' id='word_1_241' title='bbox 1038 1216 1178 1252; x_wconf 86' lang='lat' dir='ltr'>harum</span> <span class='ocrx_word' id='word_1_242' title='bbox 1201 1216 1423 1262; x_wconf 83' lang='lat' dir='ltr'>specierum</span> <span class='ocrx_word' id='word_1_243' title='bbox 1444 1218 1551 1262; x_wconf 88' lang='lat' dir='ltr'>sunt,</span> <span class='ocrx_word' id='word_1_244' title='bbox 1583 1214 1645 1252; x_wconf 90' lang='lat' dir='ltr'>vel</span> <span class='ocrx_word' id='word_1_245' title='bbox 1675 1213 1724 1252; x_wconf 84' lang='lat' dir='ltr'>ab</span> <span class='ocrx_word' id='word_1_246' title='bbox 1758 1221 1820 1253; x_wconf 80' lang='lat' dir='ltr'>eis</span> 
     </span>
     <span class='ocr_line' id='line_1_25' title="bbox 201 1261 1141 1308; baseline 0.002 -11"><span class='ocrx_word' id='word_1_247' title='bbox 201 1265 431 1302; x_wconf 87' lang='lat' dir='ltr'>causantur,</span> <span class='ocrx_word' id='word_1_248' title='bbox 453 1261 537 1308; x_wconf 91' lang='lat' dir='ltr'>pari</span> <span class='ocrx_word' id='word_1_249' title='bbox 553 1263 705 1298; x_wconf 89' lang='lat' dir='ltr'>ratione</span> <span class='ocrx_word' id='word_1_250' title='bbox 727 1271 749 1298; x_wconf 85' lang='lat' dir='ltr'>a</span> <span class='ocrx_word' id='word_1_251' title='bbox 769 1263 848 1299; x_wconf 92' lang='lat' dir='ltr'>Deo</span> <span class='ocrx_word' id='word_1_252' title='bbox 865 1262 1141 1299; x_wconf 84' lang='lat' dir='ltr'>excluduntur.</span> 
     </span>
    </p>
   </div>
   <div class='ocr_carea' id='block_1_3' title="bbox 874 1405 1150 1448">
    <p class='ocr_par' dir='ltr' id='par_1_6' title="bbox 874 1405 1150 1448">
     <span class='ocr_line' id='line_1_26' title="bbox 874 1405 1150 1448; baseline -0.014 -1"><span class='ocrx_word' id='word_1_253' title='bbox 874 1405 1041 1447; x_wconf 86' lang='lat' dir='ltr'><strong>CAPUT</strong></span> <span class='ocrx_word' id='word_1_254' title='bbox 1069 1406 1150 1448; x_wconf 93' lang='lat' dir='ltr'>XC.</span> 
     </span>
    </p>
   </div>
   <div class='ocr_carea' id='block_1_4' title="bbox 553 1524 1476 1558">
    <p class='ocr_par' dir='ltr' id='par_1_7' title="bbox 553 1524 1476 1558">
     <span class='ocr_line' id='line_1_27' title="bbox 553 1524 1476 1558; baseline 0.004 -5"><span class='ocrx_word' id='word_1_255' title='bbox 553 1524 652 1558; x_wconf 76' lang='lat' dir='ltr'><strong>QL‘OD</strong></span> <span class='ocrx_word' id='word_1_256' title='bbox 678 1524 720 1553; x_wconf 85' lang='lat' dir='ltr'>IN</span> <span class='ocrx_word' id='word_1_257' title='bbox 744 1525 819 1554; x_wconf 88' lang='lat' dir='ltr'>DEO</span> <span class='ocrx_word' id='word_1_258' title='bbox 851 1525 912 1554; x_wconf 89' lang='lat' dir='ltr'>SIT</span> <span class='ocrx_word' id='word_1_259' title='bbox 942 1526 1180 1555; x_wconf 85' lang='lat' dir='ltr'><strong>DELEGTATIO</strong></span> <span class='ocrx_word' id='word_1_260' title='bbox 1205 1526 1254 1555; x_wconf 92' lang='lat' dir='ltr'>ET</span> <span class='ocrx_word' id='word_1_261' title='bbox 1288 1526 1476 1557; x_wconf 71' lang='lat' dir='ltr'>GAUDIOE.</span> 
     </span>
    </p>
   </div>
   <div class='ocr_carea' id='block_1_5' title="bbox 195 1632 1822 2899">
    <p class='ocr_par' dir='ltr' id='par_1_8' title="bbox 198 1632 1822 1917">
     <span class='ocr_line' id='line_1_28' title="bbox 245 1632 1819 1680; baseline 0.003 -11"><span class='ocrx_word' id='word_1_262' title='bbox 245 1632 342 1669; x_wconf 86' lang='lat' dir='ltr'>Sunt</span> <span class='ocrx_word' id='word_1_263' title='bbox 363 1636 493 1669; x_wconf 87' lang='lat' dir='ltr'>autem</span> <span class='ocrx_word' id='word_1_264' title='bbox 517 1632 696 1678; x_wconf 83' lang='lat' dir='ltr'>quaedam</span> <span class='ocrx_word' id='word_1_265' title='bbox 716 1633 941 1678; x_wconf 82' lang='lat' dir='ltr'>passioneS‚</span> <span class='ocrx_word' id='word_1_266' title='bbox 965 1642 1052 1680; x_wconf 86' lang='lat' dir='ltr'>quae</span> <span class='ocrx_word' id='word_1_267' title='bbox 1073 1633 1164 1671; x_wconf 89' lang='lat' dir='ltr'>licet</span> <span class='ocrx_word' id='word_1_268' title='bbox 1186 1636 1266 1672; x_wconf 92' lang='lat' dir='ltr'>Deo</span> <span class='ocrx_word' id='word_1_269' title='bbox 1288 1644 1368 1672; x_wconf 89' lang='lat' dir='ltr'>non</span> <span class='ocrx_word' id='word_1_270' title='bbox 1390 1635 1642 1680; x_wconf 86' lang='lat' dir='ltr'>conveniant,</span> <span class='ocrx_word' id='word_1_271' title='bbox 1676 1645 1819 1674; x_wconf 84' lang='lat' dir='ltr'>secun-</span> 
     </span>
     <span class='ocr_line' id='line_1_29' title="bbox 200 1677 1817 1730; baseline 0.003 -15"><span class='ocrx_word' id='word_1_272' title='bbox 200 1677 293 1716; x_wconf 83' lang='lat' dir='ltr'>dum</span> <span class='ocrx_word' id='word_1_273' title='bbox 314 1679 418 1725; x_wconf 89' lang='lat' dir='ltr'>quod</span> <span class='ocrx_word' id='word_1_274' title='bbox 440 1680 664 1724; x_wconf 86' lang='lat' dir='ltr'>passiones,</span> <span class='ocrx_word' id='word_1_275' title='bbox 684 1680 785 1716; x_wconf 88' lang='lat' dir='ltr'>nihil</span> <span class='ocrx_word' id='word_1_276' title='bbox 805 1684 936 1716; x_wconf 88' lang='lat' dir='ltr'>tamen</span> <span class='ocrx_word' id='word_1_277' title='bbox 955 1690 1002 1716; x_wconf 82' lang='lat' dir='ltr'>ex</span> <span class='ocrx_word' id='word_1_278' title='bbox 1021 1681 1173 1718; x_wconf 89' lang='lat' dir='ltr'>ratione</span> <span class='ocrx_word' id='word_1_279' title='bbox 1194 1690 1276 1719; x_wconf 88' lang='lat' dir='ltr'>suae</span> <span class='ocrx_word' id='word_1_280' title='bbox 1296 1682 1442 1727; x_wconf 88' lang='lat' dir='ltr'>speciei</span> <span class='ocrx_word' id='word_1_281' title='bbox 1463 1683 1682 1728; x_wconf 81' lang='lat' dir='ltr'>important</span> <span class='ocrx_word' id='word_1_282' title='bbox 1701 1693 1817 1730; x_wconf 84' lang='lat' dir='ltr'>repu-</span> 
     </span>
     <span class='ocr_line' id='line_1_30' title="bbox 199 1726 1822 1773; baseline 0.004 -12"><span class='ocrx_word' id='word_1_283' title='bbox 199 1735 328 1772; x_wconf 82' lang='lat' dir='ltr'>gnans</span> <span class='ocrx_word' id='word_1_284' title='bbox 354 1726 496 1763; x_wconf 86' lang='lat' dir='ltr'>divinae</span> <span class='ocrx_word' id='word_1_285' title='bbox 528 1726 774 1772; x_wconf 86' lang='lat' dir='ltr'>perfectioni.</span> <span class='ocrx_word' id='word_1_286' title='bbox 798 1728 942 1763; x_wconf 86' lang='lat' dir='ltr'>Harum</span> <span class='ocrx_word' id='word_1_287' title='bbox 973 1731 1103 1764; x_wconf 88' lang='lat' dir='ltr'>autem</span> <span class='ocrx_word' id='word_1_288' title='bbox 1134 1731 1193 1765; x_wconf 84' lang='lat' dir='ltr'>est</span> <span class='ocrx_word' id='word_1_289' title='bbox 1223 1729 1411 1773; x_wconf 77' lang='lat' dir='ltr'>gaudium</span> <span class='ocrx_word' id='word_1_290' title='bbox 1434 1733 1472 1766; x_wconf 84' lang='lat' dir='ltr'>et</span> <span class='ocrx_word' id='word_1_291' title='bbox 1503 1730 1724 1767; x_wconf 82' lang='lat' dir='ltr'>delectatio.</span> <span class='ocrx_word' id='word_1_292' title='bbox 1754 1733 1822 1769; x_wconf 86' lang='lat' dir='ltr'>Est</span> 
     </span>
     <span class='ocr_line' id='line_1_31' title="bbox 200 1772 1819 1823; baseline 0.004 -15"><span class='ocrx_word' id='word_1_293' title='bbox 200 1773 305 1809; x_wconf 83' lang='lat' dir='ltr'>enini</span> <span class='ocrx_word' id='word_1_294' title='bbox 327 1772 516 1819; x_wconf 83' lang='lat' dir='ltr'>gaudium</span> <span class='ocrx_word' id='word_1_295' title='bbox 538 1774 746 1818; x_wconf 76' lang='lat' dir='ltr'>praesentis</span> <span class='ocrx_word' id='word_1_296' title='bbox 763 1773 872 1810; x_wconf 88' lang='lat' dir='ltr'>honi.</span> <span class='ocrx_word' id='word_1_297' title='bbox 889 1775 1022 1820; x_wconf 80' lang='lat' dir='ltr'>Neque</span> <span class='ocrx_word' id='word_1_298' title='bbox 1040 1774 1161 1820; x_wconf 84' lang='lat' dir='ltr'>igitur</span> <span class='ocrx_word' id='word_1_299' title='bbox 1183 1777 1335 1812; x_wconf 87' lang='lat' dir='ltr'>ratione</span> <span class='ocrx_word' id='word_1_300' title='bbox 1357 1776 1518 1821; x_wconf 87' lang='lat' dir='ltr'>objecti,</span> <span class='ocrx_word' id='word_1_301' title='bbox 1539 1777 1644 1823; x_wconf 91' lang='lat' dir='ltr'>quod</span> <span class='ocrx_word' id='word_1_302' title='bbox 1668 1783 1728 1815; x_wconf 86' lang='lat' dir='ltr'>est</span> <span class='ocrx_word' id='word_1_303' title='bbox 1747 1778 1819 1815; x_wconf 87' lang='lat' dir='ltr'>bo-</span> 
     </span>
     <span class='ocr_line' id='line_1_32' title="bbox 198 1820 1816 1869; baseline 0.004 -15"><span class='ocrx_word' id='word_1_304' title='bbox 198 1828 309 1862; x_wconf 81' lang='lat' dir='ltr'>num,</span> <span class='ocrx_word' id='word_1_305' title='bbox 332 1828 458 1865; x_wconf 89' lang='lat' dir='ltr'>neque</span> <span class='ocrx_word' id='word_1_306' title='bbox 478 1821 630 1856; x_wconf 87' lang='lat' dir='ltr'>ratione</span> <span class='ocrx_word' id='word_1_307' title='bbox 651 1820 757 1856; x_wconf 91' lang='lat' dir='ltr'>modi</span> <span class='ocrx_word' id='word_1_308' title='bbox 777 1829 819 1856; x_wconf 90' lang='lat' dir='ltr'>se</span> <span class='ocrx_word' id='word_1_309' title='bbox 841 1820 1009 1856; x_wconf 83' lang='lat' dir='ltr'>habendi</span> <span class='ocrx_word' id='word_1_310' title='bbox 1028 1822 1076 1857; x_wconf 83' lang='lat' dir='ltr'>ab</span> <span class='ocrx_word' id='word_1_311' title='bbox 1092 1821 1302 1867; x_wconf 84' lang='lat' dir='ltr'>objectum,</span> <span class='ocrx_word' id='word_1_312' title='bbox 1319 1823 1425 1869; x_wconf 92' lang='lat' dir='ltr'>quod</span> <span class='ocrx_word' id='word_1_313' title='bbox 1437 1826 1497 1860; x_wconf 90' lang='lat' dir='ltr'>est</span> <span class='ocrx_word' id='word_1_314' title='bbox 1511 1828 1601 1860; x_wconf 91' lang='lat' dir='ltr'>actu</span> <span class='ocrx_word' id='word_1_315' title='bbox 1621 1824 1816 1869; x_wconf 83' lang='lat' dir='ltr'>habitum,</span> 
     </span>
     <span class='ocr_line' id='line_1_33' title="bbox 198 1866 1767 1917; baseline 0.004 -16"><span class='ocrx_word' id='word_1_316' title='bbox 198 1866 388 1913; x_wconf 83' lang='lat' dir='ltr'>gaudium</span> <span class='ocrx_word' id='word_1_317' title='bbox 410 1866 628 1902; x_wconf 90' lang='lat' dir='ltr'>secundum</span> <span class='ocrx_word' id='word_1_318' title='bbox 647 1875 730 1903; x_wconf 81' lang='lat' dir='ltr'>suae</span> <span class='ocrx_word' id='word_1_319' title='bbox 754 1868 899 1912; x_wconf 90' lang='lat' dir='ltr'>speciei</span> <span class='ocrx_word' id='word_1_320' title='bbox 922 1868 1115 1905; x_wconf 84' lang='lat' dir='ltr'>rationem</span> <span class='ocrx_word' id='word_1_321' title='bbox 1132 1869 1274 1905; x_wconf 84' lang='lat' dir='ltr'>divinae</span> <span class='ocrx_word' id='word_1_322' title='bbox 1294 1870 1529 1914; x_wconf 82' lang='lat' dir='ltr'>perfectioni</span> <span class='ocrx_word' id='word_1_323' title='bbox 1558 1875 1767 1917; x_wconf 81' lang='lat' dir='ltr'>repugnat.</span> 
     </span>
    </p>

    <p class='ocr_par' dir='ltr' id='par_1_9' title="bbox 195 1913 1819 2800">
     <span class='ocr_line' id='line_1_34' title="bbox 247 1913 1817 1963; baseline 0.004 -15"><span class='ocrx_word' id='word_1_324' title='bbox 247 1914 298 1948; x_wconf 82' lang='lat' dir='ltr'>Ex</span> <span class='ocrx_word' id='word_1_325' title='bbox 319 1913 392 1949; x_wconf 86' lang='lat' dir='ltr'>hoc</span> <span class='ocrx_word' id='word_1_326' title='bbox 409 1916 537 1949; x_wconf 84' lang='lat' dir='ltr'>autem</span> <span class='ocrx_word' id='word_1_327' title='bbox 560 1913 813 1950; x_wconf 82' lang='lat' dir='ltr'>manifestum</span> <span class='ocrx_word' id='word_1_328' title='bbox 835 1918 906 1958; x_wconf 86' lang='lat' dir='ltr'>est,</span> <span class='ocrx_word' id='word_1_329' title='bbox 929 1914 1034 1960; x_wconf 92' lang='lat' dir='ltr'>quod</span> <span class='ocrx_word' id='word_1_330' title='bbox 1055 1915 1241 1961; x_wconf 74' lang='lat' dir='ltr'>gaudium</span> <span class='ocrx_word' id='word_1_331' title='bbox 1265 1916 1326 1953; x_wconf 90' lang='lat' dir='ltr'>vel</span> <span class='ocrx_word' id='word_1_332' title='bbox 1358 1916 1568 1954; x_wconf 86' lang='lat' dir='ltr'>delectatio</span> <span class='ocrx_word' id='word_1_333' title='bbox 1591 1918 1747 1963; x_wconf 90' lang='lat' dir='ltr'>proprie</span> <span class='ocrx_word' id='word_1_334' title='bbox 1774 1918 1817 1955; x_wconf 93' lang='lat' dir='ltr'>in</span> 
     </span>
     <span class='ocr_line' id='line_1_35' title="bbox 198 1959 1816 2011; baseline 0.004 -16"><span class='ocrx_word' id='word_1_335' title='bbox 198 1960 278 1995; x_wconf 90' lang='lat' dir='ltr'>Deo</span> <span class='ocrx_word' id='word_1_336' title='bbox 297 1959 360 1995; x_wconf 91' lang='lat' dir='ltr'>sit.</span> <span class='ocrx_word' id='word_1_337' title='bbox 381 1959 489 1996; x_wconf 83' lang='lat' dir='ltr'>Sicut</span> <span class='ocrx_word' id='word_1_338' title='bbox 508 1960 613 1996; x_wconf 88' lang='lat' dir='ltr'>enim</span> <span class='ocrx_word' id='word_1_339' title='bbox 634 1960 783 1996; x_wconf 86' lang='lat' dir='ltr'>bonum</span> <span class='ocrx_word' id='word_1_340' title='bbox 803 1964 838 1997; x_wconf 85' lang='lat' dir='ltr'>et</span> <span class='ocrx_word' id='word_1_341' title='bbox 859 1961 1007 1997; x_wconf 90' lang='lat' dir='ltr'>malum</span> <span class='ocrx_word' id='word_1_342' title='bbox 1028 1963 1319 2007; x_wconf 88' lang='lat' dir='ltr'>apprehensum</span> <span class='ocrx_word' id='word_1_343' title='bbox 1353 1967 1447 2000; x_wconf 88' lang='lat' dir='ltr'>sunt</span> <span class='ocrx_word' id='word_1_344' title='bbox 1477 1963 1675 2010; x_wconf 85' lang='lat' dir='ltr'>objectum</span> <span class='ocrx_word' id='word_1_345' title='bbox 1697 1974 1816 2011; x_wconf 87' lang='lat' dir='ltr'>appe·</span> 
     </span>
     <span class='ocr_line' id='line_1_36' title="bbox 197 2006 1819 2057; baseline 0.004 -15"><span class='ocrx_word' id='word_1_346' title='bbox 197 2007 293 2042; x_wconf 85' lang='lat' dir='ltr'>titus</span> <span class='ocrx_word' id='word_1_347' title='bbox 311 2006 529 2051; x_wconf 86' lang='lat' dir='ltr'>sensibilis,</span> <span class='ocrx_word' id='word_1_348' title='bbox 543 2007 598 2043; x_wconf 87' lang='lat' dir='ltr'>ita</span> <span class='ocrx_word' id='word_1_349' title='bbox 617 2008 813 2053; x_wconf 86' lang='lat' dir='ltr'>appetitus</span> <span class='ocrx_word' id='word_1_350' title='bbox 849 2008 1079 2045; x_wconf 81' lang='lat' dir='ltr'>intellectivi</span> <span class='ocrx_word' id='word_1_351' title='bbox 1107 2009 1327 2056; x_wconf 87' lang='lat' dir='ltr'>(utriusque</span> <span class='ocrx_word' id='word_1_352' title='bbox 1348 2011 1454 2046; x_wconf 89' lang='lat' dir='ltr'>enim</span> <span class='ocrx_word' id='word_1_353' title='bbox 1475 2015 1535 2047; x_wconf 90' lang='lat' dir='ltr'>est</span> <span class='ocrx_word' id='word_1_354' title='bbox 1566 2020 1637 2057; x_wconf 90' lang='lat' dir='ltr'>per</span> <span class='ocrx_word' id='word_1_355' title='bbox 1657 2020 1699 2048; x_wconf 89' lang='lat' dir='ltr'>se</span> <span class='ocrx_word' id='word_1_356' title='bbox 1730 2020 1819 2057; x_wconf 89' lang='lat' dir='ltr'>pro-</span> 
     </span>
     <span class='ocr_line' id='line_1_37' title="bbox 198 2053 1815 2102; baseline 0.004 -14"><span class='ocrx_word' id='word_1_357' title='bbox 198 2053 311 2099; x_wconf 84' lang='lat' dir='ltr'>sequi</span> <span class='ocrx_word' id='word_1_358' title='bbox 333 2054 480 2090; x_wconf 83' lang='lat' dir='ltr'>honum</span> <span class='ocrx_word' id='word_1_359' title='bbox 502 2057 539 2090; x_wconf 90' lang='lat' dir='ltr'>et</span> <span class='ocrx_word' id='word_1_360' title='bbox 558 2054 692 2100; x_wconf 81' lang='lat' dir='ltr'>fugere</span> <span class='ocrx_word' id='word_1_361' title='bbox 721 2054 882 2094; x_wconf 90' lang='lat' dir='ltr'>malum,</span> <span class='ocrx_word' id='word_1_362' title='bbox 916 2057 977 2091; x_wconf 85' lang='lat' dir='ltr'>vei</span> <span class='ocrx_word' id='word_1_363' title='bbox 1009 2056 1229 2093; x_wconf 90' lang='lat' dir='ltr'>secundum</span> <span class='ocrx_word' id='word_1_364' title='bbox 1263 2057 1481 2102; x_wconf 85' lang='lat' dir='ltr'>veritatem,</span> <span class='ocrx_word' id='word_1_365' title='bbox 1502 2057 1563 2095; x_wconf 89' lang='lat' dir='ltr'>vel</span> <span class='ocrx_word' id='word_1_366' title='bbox 1593 2059 1815 2096; x_wconf 90' lang='lat' dir='ltr'>secundum</span> 
     </span>
     <span class='ocr_line' id='line_1_38' title="bbox 198 2100 1817 2150; baseline 0.004 -15"><span class='ocrx_word' id='word_1_367' title='bbox 198 2100 531 2147; x_wconf 73' lang='lat' dir='ltr'>aestimationem),</span> <span class='ocrx_word' id='word_1_368' title='bbox 552 2101 630 2137; x_wconf 90' lang='lat' dir='ltr'>nisi</span> <span class='ocrx_word' id='word_1_369' title='bbox 652 2101 757 2148; x_wconf 90' lang='lat' dir='ltr'>quod</span> <span class='ocrx_word' id='word_1_370' title='bbox 778 2102 976 2147; x_wconf 85' lang='lat' dir='ltr'>objectum</span> <span class='ocrx_word' id='word_1_371' title='bbox 1002 2102 1229 2140; x_wconf 86' lang='lat' dir='ltr'>intellectivi</span> <span class='ocrx_word' id='word_1_372' title='bbox 1249 2104 1446 2150; x_wconf 88' lang='lat' dir='ltr'>appetitus</span> <span class='ocrx_word' id='word_1_373' title='bbox 1467 2108 1529 2141; x_wconf 87' lang='lat' dir='ltr'>est</span> <span class='ocrx_word' id='word_1_374' title='bbox 1559 2106 1817 2142; x_wconf 90' lang='lat' dir='ltr'>communius</span> 
     </span>
     <span class='ocr_line' id='line_1_39' title="bbox 197 2147 1816 2196; baseline 0.004 -14"><span class='ocrx_word' id='word_1_375' title='bbox 197 2155 316 2192; x_wconf 87' lang='lat' dir='ltr'>quam</span> <span class='ocrx_word' id='word_1_376' title='bbox 337 2147 530 2191; x_wconf 88' lang='lat' dir='ltr'>sensitivi‚</span> <span class='ocrx_word' id='word_1_377' title='bbox 550 2148 644 2194; x_wconf 87' lang='lat' dir='ltr'>quia</span> <span class='ocrx_word' id='word_1_378' title='bbox 678 2148 943 2185; x_wconf 84' lang='lat' dir='ltr'>intellectivus</span> <span class='ocrx_word' id='word_1_379' title='bbox 968 2150 1165 2195; x_wconf 87' lang='lat' dir='ltr'>appetitus</span> <span class='ocrx_word' id='word_1_380' title='bbox 1194 2151 1356 2196; x_wconf 88' lang='lat' dir='ltr'>respicit</span> <span class='ocrx_word' id='word_1_381' title='bbox 1388 2151 1539 2188; x_wconf 86' lang='lat' dir='ltr'>bonum</span> <span class='ocrx_word' id='word_1_382' title='bbox 1570 2152 1631 2188; x_wconf 88' lang='lat' dir='ltr'>vel</span> <span class='ocrx_word' id='word_1_383' title='bbox 1665 2152 1816 2189; x_wconf 87' lang='lat' dir='ltr'>malum</span> 
     </span>
     <span class='ocr_line' id='line_1_40' title="bbox 197 2193 1816 2240; baseline 0.004 -11"><span class='ocrx_word' id='word_1_384' title='bbox 197 2193 442 2238; x_wconf 83' lang='lat' dir='ltr'>simpliciter,</span> <span class='ocrx_word' id='word_1_385' title='bbox 465 2195 661 2240; x_wconf 89' lang='lat' dir='ltr'>appetitus</span> <span class='ocrx_word' id='word_1_386' title='bbox 682 2198 812 2231; x_wconf 88' lang='lat' dir='ltr'>autem</span> <span class='ocrx_word' id='word_1_387' title='bbox 833 2196 1049 2234; x_wconf 87' lang='lat' dir='ltr'>sensitivus</span> <span class='ocrx_word' id='word_1_388' title='bbox 1071 2197 1218 2234; x_wconf 87' lang='lat' dir='ltr'>bonum</span> <span class='ocrx_word' id='word_1_389' title='bbox 1236 2198 1296 2234; x_wconf 87' lang='lat' dir='ltr'>vel</span> <span class='ocrx_word' id='word_1_390' title='bbox 1315 2198 1464 2235; x_wconf 89' lang='lat' dir='ltr'>malum</span> <span class='ocrx_word' id='word_1_391' title='bbox 1486 2198 1705 2235; x_wconf 90' lang='lat' dir='ltr'>secundum</span> <span class='ocrx_word' id='word_1_392' title='bbox 1728 2208 1816 2236; x_wconf 92' lang='lat' dir='ltr'>sen-</span> 
     </span>
     <span class='ocr_line' id='line_1_41' title="bbox 197 2240 1816 2291; baseline 0.003 -14"><span class='ocrx_word' id='word_1_393' title='bbox 197 2248 300 2284; x_wconf 88' lang='lat' dir='ltr'>sum,</span> <span class='ocrx_word' id='word_1_394' title='bbox 322 2240 425 2276; x_wconf 85' lang='lat' dir='ltr'>sicut</span> <span class='ocrx_word' id='word_1_395' title='bbox 444 2241 561 2276; x_wconf 89' lang='lat' dir='ltr'>etiam</span> <span class='ocrx_word' id='word_1_396' title='bbox 579 2245 616 2277; x_wconf 80' lang='lat' dir='ltr'>et</span> <span class='ocrx_word' id='word_1_397' title='bbox 636 2241 859 2279; x_wconf 88' lang='lat' dir='ltr'>intellectus</span> <span class='ocrx_word' id='word_1_398' title='bbox 880 2243 1076 2289; x_wconf 76' lang='lat' dir='ltr'>obJectum</span> <span class='ocrx_word' id='word_1_399' title='bbox 1089 2248 1150 2281; x_wconf 86' lang='lat' dir='ltr'>est</span> <span class='ocrx_word' id='word_1_400' title='bbox 1168 2245 1421 2282; x_wconf 91' lang='lat' dir='ltr'>communius</span> <span class='ocrx_word' id='word_1_401' title='bbox 1435 2254 1551 2291; x_wconf 89' lang='lat' dir='ltr'>quam</span> <span class='ocrx_word' id='word_1_402' title='bbox 1569 2254 1728 2282; x_wconf 89' lang='lat' dir='ltr'>sensus.</span> <span class='ocrx_word' id='word_1_403' title='bbox 1741 2245 1816 2283; x_wconf 90' lang='lat' dir='ltr'>Sed</span> 
     </span>
     <span class='ocr_line' id='line_1_42' title="bbox 197 2287 1817 2339; baseline 0.004 -17"><span class='ocrx_word' id='word_1_404' title='bbox 197 2287 448 2332; x_wconf 85' lang='lat' dir='ltr'>operationes</span> <span class='ocrx_word' id='word_1_405' title='bbox 468 2288 664 2333; x_wconf 89' lang='lat' dir='ltr'>appetitus</span> <span class='ocrx_word' id='word_1_406' title='bbox 685 2289 857 2334; x_wconf 89' lang='lat' dir='ltr'>speciem</span> <span class='ocrx_word' id='word_1_407' title='bbox 879 2299 926 2325; x_wconf 83' lang='lat' dir='ltr'>ex</span> <span class='ocrx_word' id='word_1_408' title='bbox 946 2290 1112 2336; x_wconf 75' lang='lat' dir='ltr'>obJectis</span> <span class='ocrx_word' id='word_1_409' title='bbox 1151 2291 1384 2328; x_wconf 88' lang='lat' dir='ltr'>sortiuntur.</span> <span class='ocrx_word' id='word_1_410' title='bbox 1416 2292 1676 2329; x_wconf 85' lang='lat' dir='ltr'>Inveniuntur</span> <span class='ocrx_word' id='word_1_411' title='bbox 1693 2293 1817 2339; x_wconf 85' lang='lat' dir='ltr'>igitur</span> 
     </span>
     <span class='ocr_line' id='line_1_43' title="bbox 196 2334 1814 2384; baseline 0.004 -15"><span class='ocrx_word' id='word_1_412' title='bbox 196 2334 238 2369; x_wconf 90' lang='lat' dir='ltr'>in</span> <span class='ocrx_word' id='word_1_413' title='bbox 259 2334 433 2379; x_wconf 84' lang='lat' dir='ltr'>appetitu</span> <span class='ocrx_word' id='word_1_414' title='bbox 453 2334 707 2375; x_wconf 88' lang='lat' dir='ltr'>intellectivo,</span> <span class='ocrx_word' id='word_1_415' title='bbox 731 2336 796 2382; x_wconf 90' lang='lat' dir='ltr'>qui</span> <span class='ocrx_word' id='word_1_416' title='bbox 819 2340 879 2373; x_wconf 85' lang='lat' dir='ltr'>est</span> <span class='ocrx_word' id='word_1_417' title='bbox 904 2338 1102 2377; x_wconf 81' lang='lat' dir='ltr'>voluntas,</span> <span class='ocrx_word' id='word_1_418' title='bbox 1125 2338 1277 2374; x_wconf 90' lang='lat' dir='ltr'>similes</span> <span class='ocrx_word' id='word_1_419' title='bbox 1304 2339 1571 2384; x_wconf 86' lang='lat' dir='ltr'>operationes,</span> <span class='ocrx_word' id='word_1_420' title='bbox 1593 2339 1814 2376; x_wconf 89' lang='lat' dir='ltr'>secundum</span> 
     </span>
     <span class='ocr_line' id='line_1_44' title="bbox 196 2381 1812 2429; baseline 0.004 -13"><span class='ocrx_word' id='word_1_421' title='bbox 196 2381 390 2417; x_wconf 89' lang='lat' dir='ltr'>rationem</span> <span class='ocrx_word' id='word_1_422' title='bbox 411 2381 574 2426; x_wconf 88' lang='lat' dir='ltr'>speciei,</span> <span class='ocrx_word' id='word_1_423' title='bbox 595 2383 894 2427; x_wconf 82' lang='lat' dir='ltr'>operationibus</span> <span class='ocrx_word' id='word_1_424' title='bbox 922 2384 1118 2429; x_wconf 86' lang='lat' dir='ltr'>appetitus</span> <span class='ocrx_word' id='word_1_425' title='bbox 1155 2385 1350 2429; x_wconf 89' lang='lat' dir='ltr'>sensitivi‚</span> <span class='ocrx_word' id='word_1_426' title='bbox 1384 2385 1425 2421; x_wconf 92' lang='lat' dir='ltr'>in</span> <span class='ocrx_word' id='word_1_427' title='bbox 1459 2386 1535 2422; x_wconf 89' lang='lat' dir='ltr'>hoc</span> <span class='ocrx_word' id='word_1_428' title='bbox 1568 2385 1812 2427; x_wconf 84' lang='lat' dir='ltr'>differentes,</span> 
     </span>
     <span class='ocr_line' id='line_1_45' title="bbox 196 2428 1814 2479; baseline 0.004 -16"><span class='ocrx_word' id='word_1_429' title='bbox 196 2428 301 2473; x_wconf 87' lang='lat' dir='ltr'>quod</span> <span class='ocrx_word' id='word_1_430' title='bbox 322 2428 362 2464; x_wconf 92' lang='lat' dir='ltr'>in</span> <span class='ocrx_word' id='word_1_431' title='bbox 383 2428 556 2474; x_wconf 88' lang='lat' dir='ltr'>appetitu</span> <span class='ocrx_word' id='word_1_432' title='bbox 575 2429 766 2466; x_wconf 90' lang='lat' dir='ltr'>sensitivo</span> <span class='ocrx_word' id='word_1_433' title='bbox 784 2434 878 2466; x_wconf 87' lang='lat' dir='ltr'>sunt</span> <span class='ocrx_word' id='word_1_434' title='bbox 899 2431 1108 2476; x_wconf 89' lang='lat' dir='ltr'>passiones</span> <span class='ocrx_word' id='word_1_435' title='bbox 1129 2435 1288 2477; x_wconf 86' lang='lat' dir='ltr'>propter</span> <span class='ocrx_word' id='word_1_436' title='bbox 1301 2433 1706 2469; x_wconf 86' lang='lat' dir='ltr'>communicationem</span> <span class='ocrx_word' id='word_1_437' title='bbox 1726 2432 1814 2479; x_wconf 88' lang='lat' dir='ltr'>ejus</span> 
     </span>
     <span class='ocr_line' id='line_1_46' title="bbox 195 2474 1811 2525; baseline 0.003 -15"><span class='ocrx_word' id='word_1_438' title='bbox 195 2474 244 2510; x_wconf 89' lang='lat' dir='ltr'>ad</span> <span class='ocrx_word' id='word_1_439' title='bbox 265 2483 456 2521; x_wconf 83' lang='lat' dir='ltr'>organum</span> <span class='ocrx_word' id='word_1_440' title='bbox 479 2476 696 2521; x_wconf 89' lang='lat' dir='ltr'>corporale,</span> <span class='ocrx_word' id='word_1_441' title='bbox 715 2476 757 2512; x_wconf 88' lang='lat' dir='ltr'>in</span> <span class='ocrx_word' id='word_1_442' title='bbox 778 2477 1017 2514; x_wconf 88' lang='lat' dir='ltr'>intellectivo</span> <span class='ocrx_word' id='word_1_443' title='bbox 1037 2482 1167 2515; x_wconf 86' lang='lat' dir='ltr'>autem</span> <span class='ocrx_word' id='word_1_444' title='bbox 1186 2482 1281 2516; x_wconf 88' lang='lat' dir='ltr'>sunt</span> <span class='ocrx_word' id='word_1_445' title='bbox 1307 2479 1561 2525; x_wconf 89' lang='lat' dir='ltr'>operationes</span> <span class='ocrx_word' id='word_1_446' title='bbox 1592 2479 1811 2524; x_wconf 88' lang='lat' dir='ltr'>simplices.</span> 
     </span>
     <span class='ocr_line' id='line_1_47' title="bbox 196 2521 1814 2572; baseline 0.004 -16"><span class='ocrx_word' id='word_1_447' title='bbox 196 2521 303 2557; x_wconf 84' lang='lat' dir='ltr'>Sicut</span> <span class='ocrx_word' id='word_1_448' title='bbox 323 2522 428 2558; x_wconf 83' lang='lat' dir='ltr'>enim</span> <span class='ocrx_word' id='word_1_449' title='bbox 448 2531 518 2568; x_wconf 92' lang='lat' dir='ltr'>per</span> <span class='ocrx_word' id='word_1_450' title='bbox 535 2523 764 2568; x_wconf 91' lang='lat' dir='ltr'>passionem</span> <span class='ocrx_word' id='word_1_451' title='bbox 780 2524 949 2568; x_wconf 89' lang='lat' dir='ltr'>timoris,</span> <span class='ocrx_word' id='word_1_452' title='bbox 975 2534 1064 2571; x_wconf 83' lang='lat' dir='ltr'>quae</span> <span class='ocrx_word' id='word_1_453' title='bbox 1085 2529 1142 2562; x_wconf 84' lang='lat' dir='ltr'>est</span> <span class='ocrx_word' id='word_1_454' title='bbox 1164 2525 1205 2562; x_wconf 91' lang='lat' dir='ltr'>in</span> <span class='ocrx_word' id='word_1_455' title='bbox 1226 2527 1400 2572; x_wconf 89' lang='lat' dir='ltr'>appetitu</span> <span class='ocrx_word' id='word_1_456' title='bbox 1437 2526 1645 2569; x_wconf 85' lang='lat' dir='ltr'>sensitiv0‚</span> <span class='ocrx_word' id='word_1_457' title='bbox 1667 2525 1814 2571; x_wconf 83' lang='lat' dir='ltr'>refugit</span> 
     </span>
     <span class='ocr_line' id='line_1_48' title="bbox 196 2568 1812 2618; baseline 0.003 -15"><span class='ocrx_word' id='word_1_458' title='bbox 196 2568 286 2613; x_wconf 89' lang='lat' dir='ltr'>quis</span> <span class='ocrx_word' id='word_1_459' title='bbox 307 2569 451 2604; x_wconf 83' lang='lat' dir='ltr'>malum</span> <span class='ocrx_word' id='word_1_460' title='bbox 471 2569 660 2614; x_wconf 88' lang='lat' dir='ltr'>futurum,</span> <span class='ocrx_word' id='word_1_461' title='bbox 682 2570 737 2607; x_wconf 89' lang='lat' dir='ltr'>ita</span> <span class='ocrx_word' id='word_1_462' title='bbox 758 2571 844 2607; x_wconf 91' lang='lat' dir='ltr'>sine</span> <span class='ocrx_word' id='word_1_463' title='bbox 870 2571 1059 2617; x_wconf 89' lang='lat' dir='ltr'>passione</span> <span class='ocrx_word' id='word_1_464' title='bbox 1080 2572 1346 2610; x_wconf 86' lang='lat' dir='ltr'>intellectivus</span> <span class='ocrx_word' id='word_1_465' title='bbox 1373 2573 1571 2618; x_wconf 85' lang='lat' dir='ltr'>appetitus</span> <span class='ocrx_word' id='word_1_466' title='bbox 1592 2572 1696 2608; x_wconf 90' lang='lat' dir='ltr'>idem</span> <span class='ocrx_word' id='word_1_467' title='bbox 1718 2581 1812 2617; x_wconf 91' lang='lat' dir='ltr'>ope-</span> 
     </span>
     <span class='ocr_line' id='line_1_49' title="bbox 196 2615 1812 2666; baseline 0.004 -17"><span class='ocrx_word' id='word_1_468' title='bbox 196 2617 317 2649; x_wconf 88' lang='lat' dir='ltr'>ratur.</span> <span class='ocrx_word' id='word_1_469' title='bbox 341 2616 435 2651; x_wconf 86' lang='lat' dir='ltr'>Cum</span> <span class='ocrx_word' id='word_1_470' title='bbox 456 2615 578 2661; x_wconf 82' lang='lat' dir='ltr'>igitur</span> <span class='ocrx_word' id='word_1_471' title='bbox 591 2616 782 2663; x_wconf 81' lang='lat' dir='ltr'>gaudium</span> <span class='ocrx_word' id='word_1_472' title='bbox 800 2621 836 2654; x_wconf 88' lang='lat' dir='ltr'>et</span> <span class='ocrx_word' id='word_1_473' title='bbox 871 2618 1080 2656; x_wconf 83' lang='lat' dir='ltr'>delectatio</span> <span class='ocrx_word' id='word_1_474' title='bbox 1112 2620 1192 2656; x_wconf 93' lang='lat' dir='ltr'>Deo</span> <span class='ocrx_word' id='word_1_475' title='bbox 1228 2628 1309 2657; x_wconf 89' lang='lat' dir='ltr'>non</span> <span class='ocrx_word' id='word_1_476' title='bbox 1340 2622 1562 2666; x_wconf 85' lang='lat' dir='ltr'>repugnent</span> <span class='ocrx_word' id='word_1_477' title='bbox 1589 2618 1812 2655; x_wconf 83' lang='lat' dir='ltr'>secundum</span> 
     </span>
     <span class='ocr_line' id='line_1_50' title="bbox 197 2661 1815 2711; baseline 0.004 -16"><span class='ocrx_word' id='word_1_478' title='bbox 197 2668 309 2696; x_wconf 90' lang='lat' dir='ltr'>suam</span> <span class='ocrx_word' id='word_1_479' title='bbox 332 2661 518 2706; x_wconf 88' lang='lat' dir='ltr'>speciem,</span> <span class='ocrx_word' id='word_1_480' title='bbox 547 2664 616 2699; x_wconf 90' lang='lat' dir='ltr'>sed</span> <span class='ocrx_word' id='word_1_481' title='bbox 634 2664 764 2700; x_wconf 91' lang='lat' dir='ltr'>solum</span> <span class='ocrx_word' id='word_1_482' title='bbox 792 2665 833 2700; x_wconf 90' lang='lat' dir='ltr'>in</span> <span class='ocrx_word' id='word_1_483' title='bbox 861 2669 1051 2711; x_wconf 87' lang='lat' dir='ltr'>quantum</span> <span class='ocrx_word' id='word_1_484' title='bbox 1085 2666 1296 2711; x_wconf 89' lang='lat' dir='ltr'>passiones</span> <span class='ocrx_word' id='word_1_485' title='bbox 1328 2669 1435 2710; x_wconf 86' lang='lat' dir='ltr'>sunt,</span> <span class='ocrx_word' id='word_1_486' title='bbox 1456 2666 1497 2702; x_wconf 92' lang='lat' dir='ltr'>in</span> <span class='ocrx_word' id='word_1_487' title='bbox 1511 2664 1712 2702; x_wconf 84' lang='lat' dir='ltr'>voluntate</span> <span class='ocrx_word' id='word_1_488' title='bbox 1745 2674 1815 2702; x_wconf 88' lang='lat' dir='ltr'>au·</span> 
     </span>
     <span class='ocr_line' id='line_1_51' title="bbox 195 2706 1814 2759; baseline 0.005 -18"><span class='ocrx_word' id='word_1_489' title='bbox 195 2710 273 2742; x_wconf 88' lang='lat' dir='ltr'>tem</span> <span class='ocrx_word' id='word_1_490' title='bbox 294 2706 374 2743; x_wconf 89' lang='lat' dir='ltr'>sint</span> <span class='ocrx_word' id='word_1_491' title='bbox 393 2708 612 2745; x_wconf 91' lang='lat' dir='ltr'>secundum</span> <span class='ocrx_word' id='word_1_492' title='bbox 633 2719 746 2747; x_wconf 92' lang='lat' dir='ltr'>suam</span> <span class='ocrx_word' id='word_1_493' title='bbox 767 2712 954 2757; x_wconf 89' lang='lat' dir='ltr'>speciem,</span> <span class='ocrx_word' id='word_1_494' title='bbox 978 2721 1060 2749; x_wconf 93' lang='lat' dir='ltr'>non</span> <span class='ocrx_word' id='word_1_495' title='bbox 1080 2717 1212 2750; x_wconf 89' lang='lat' dir='ltr'>autem</span> <span class='ocrx_word' id='word_1_496' title='bbox 1244 2716 1287 2750; x_wconf 87' lang='lat' dir='ltr'>ut</span> <span class='ocrx_word' id='word_1_497' title='bbox 1317 2712 1544 2758; x_wconf 87' lang='lat' dir='ltr'>passiones,</span> <span class='ocrx_word' id='word_1_498' title='bbox 1572 2711 1814 2759; x_wconf 86' lang='lat' dir='ltr'>relinquitur</span> 
     </span>
     <span class='ocr_line' id='line_1_52' title="bbox 195 2753 1085 2800; baseline 0.007 -11"><span class='ocrx_word' id='word_1_499' title='bbox 195 2753 301 2800; x_wconf 88' lang='lat' dir='ltr'>quod</span> <span class='ocrx_word' id='word_1_500' title='bbox 322 2754 439 2790; x_wconf 91' lang='lat' dir='ltr'>etiam</span> <span class='ocrx_word' id='word_1_501' title='bbox 461 2755 603 2792; x_wconf 85' lang='lat' dir='ltr'>divinae</span> <span class='ocrx_word' id='word_1_502' title='bbox 623 2757 817 2794; x_wconf 89' lang='lat' dir='ltr'>voluntati</span> <span class='ocrx_word' id='word_1_503' title='bbox 841 2767 921 2796; x_wconf 93' lang='lat' dir='ltr'>non</span> <span class='ocrx_word' id='word_1_504' title='bbox 942 2759 1085 2796; x_wconf 87' lang='lat' dir='ltr'>desint.</span> 
     </span>
    </p>

    <p class='ocr_par' dir='ltr' id='par_1_10' title="bbox 197 2800 1811 2899">
     <span class='ocr_line' id='line_1_53' title="bbox 243 2800 1810 2852; baseline 0.005 -17"><span class='ocrx_word' id='word_1_505' title='bbox 243 2800 343 2846; x_wconf 80' lang='lat' dir='ltr'>Item,</span> <span class='ocrx_word' id='word_1_506' title='bbox 374 2801 561 2846; x_wconf 79' lang='lat' dir='ltr'>gaudium</span> <span class='ocrx_word' id='word_1_507' title='bbox 599 2806 637 2838; x_wconf 83' lang='lat' dir='ltr'>et</span> <span class='ocrx_word' id='word_1_508' title='bbox 667 2803 873 2841; x_wconf 86' lang='lat' dir='ltr'>delectatio</span> <span class='ocrx_word' id='word_1_509' title='bbox 905 2809 966 2842; x_wconf 89' lang='lat' dir='ltr'>est</span> <span class='ocrx_word' id='word_1_510' title='bbox 996 2805 1176 2852; x_wconf 87' lang='lat' dir='ltr'>quaedam</span> <span class='ocrx_word' id='word_1_511' title='bbox 1207 2805 1396 2852; x_wconf 88' lang='lat' dir='ltr'>quietatio</span> <span class='ocrx_word' id='word_1_512' title='bbox 1427 2803 1643 2842; x_wconf 82' lang='lat' dir='ltr'>voluntatis</span> <span class='ocrx_word' id='word_1_513' title='bbox 1664 2805 1704 2841; x_wconf 92' lang='lat' dir='ltr'>in</span> <span class='ocrx_word' id='word_1_514' title='bbox 1734 2813 1810 2843; x_wconf 92' lang='lat' dir='ltr'>suo</span> 
     </span>
     <span class='ocr_line' id='line_1_54' title="bbox 197 2846 1811 2899; baseline 0.005 -17"><span class='ocrx_word' id='word_1_515' title='bbox 197 2846 331 2885; x_wconf 83' lang='lat' dir='ltr'>volito.</span> <span class='ocrx_word' id='word_1_516' title='bbox 361 2848 465 2885; x_wconf 90' lang='lat' dir='ltr'>Deus</span> <span class='ocrx_word' id='word_1_517' title='bbox 498 2852 628 2886; x_wconf 85' lang='lat' dir='ltr'>autem</span> <span class='ocrx_word' id='word_1_518' title='bbox 659 2849 702 2886; x_wconf 91' lang='lat' dir='ltr'>in</span> <span class='ocrx_word' id='word_1_519' title='bbox 722 2850 869 2896; x_wconf 89' lang='lat' dir='ltr'>seipso,</span> <span class='ocrx_word' id='word_1_520' title='bbox 890 2852 957 2899; x_wconf 89' lang='lat' dir='ltr'>qui</span> <span class='ocrx_word' id='word_1_521' title='bbox 977 2856 1037 2890; x_wconf 88' lang='lat' dir='ltr'>est</span> <span class='ocrx_word' id='word_1_522' title='bbox 1057 2861 1174 2890; x_wconf 73' lang='lat' dir='ltr'>su-um</span> <span class='ocrx_word' id='word_1_523' title='bbox 1199 2851 1416 2899; x_wconf 88' lang='lat' dir='ltr'>principale</span> <span class='ocrx_word' id='word_1_524' title='bbox 1441 2851 1622 2898; x_wconf 88' lang='lat' dir='ltr'>volitum,</span> <span class='ocrx_word' id='word_1_525' title='bbox 1637 2852 1811 2890; x_wconf 81' lang='lat' dir='ltr'>maxime</span> 
     </span>
    </p>
   </div>
  </div>
 </body>
</html>
