1894 3223
253 174 319 209 ωε)
840 169 925 205 mu.
956 170 1012 212 lv,
1042 170 1140 205 cAi’.
1169 155 1283 205 xcvi.

253 254 421 298 aliquem
452 255 601 288 motuni
637 251 838 296 corporis;
861 260 982 297 quum
1015 250 1118 286 enim
1149 259 1293 295 corpus
1323 250 1517 287 deserviat
1550 252 1691 287 animae
1714 251 1760 287 ad
1781 260 1868 296 pro-

254 300 360 345 prias
381 297 646 344 operationes,
666 298 713 334 ad
732 297 808 334 hoc
827 298 861 334 ei
882 296 1111 334 naturaliter
1130 296 1264 333 datum
1284 299 1347 333 est
1363 300 1404 333 ut
1422 298 1463 333 in
1479 298 1567 344 ipso
1589 298 1764 334 existens
1783 307 1866 343 per-

253 345 407 382 ficiatur
425 345 539 391 quasi
561 344 609 381 ad
626 344 905 390 perfectionem
923 348 1042 380 mota.
1065 343 1229 386 Quando
1249 342 1370 390 igitur
1384 344 1457 380 erit
1471 354 1493 381 a
1506 353 1670 390 corpore
1686 347 1867 389 separata

255 401 336 429 non
377 392 450 428 crit
483 391 523 427 in
557 395 661 428 statu
693 395 737 428 ut
764 394 968 428 moveatur
1000 390 1045 426 ad
1075 390 1209 434 finem,
1231 390 1300 426 sed
1333 390 1432 426 utin
1453 390 1531 427 fine
1552 391 1691 437 adepto
1713 400 1868 436 semper

255 439 445 486 quiescat.
486 438 707 475 lnimobilis
746 438 818 474 erit
849 438 968 484 igitur
996 437 1180 474 voluntas
1209 437 1294 483 eius
1326 441 1516 483 quantum
1544 438 1593 474 ad
1628 438 1865 474 desiderium

255 485 382 522 ultimi
411 484 516 522 finis.
548 487 600 521 Ex
632 485 772 522 ultimo
793 489 922 521 autem
944 484 1021 520 fine
1057 483 1249 529 dependet
1268 488 1350 520 tota
1369 483 1526 521 bonitas
1546 485 1610 520 vel
1631 485 1783 521 malitia
1804 494 1868 521 vo-

254 532 418 569 luntatis
438 544 446 576 ;
480 532 571 579 quia
590 532 695 569 bona
715 541 973 578 quaecumque
1001 531 1146 578 aliquis
1166 531 1247 567 vult
1265 531 1306 567 in
1328 530 1466 567 ordine
1487 531 1534 568 ad
1551 531 1699 568 bonum
1732 531 1866 575 finem,

254 579 354 616 bene
374 579 481 622 vult;
504 578 606 615 male
638 583 768 615 autem
803 588 1060 624 quaecumque
1085 579 1125 614 in
1145 578 1283 614 orditie
1304 577 1351 614 ad
1374 577 1520 614 malum
1541 577 1673 614 finem.
1695 581 1779 615 Non
1809 583 1869 614 est

258 626 378 672 igitur
393 625 577 663 voluntas
598 626 739 662 animae
754 631 943 672 separatae
963 624 1167 662 mutabilis
1188 625 1234 661 de
1254 625 1360 662 bono
1375 625 1415 660 in
1436 625 1696 669 malum,licet
1717 626 1769 662 sit
1788 635 1870 662 mu-

257 673 391 755 talbilis
422 673 569 755 desuno
591 673 712 709 volito
734 673 774 708 in
797 673 902 709 aliud
928 672 1107 716 volitum,
1130 676 1284 709 servato
1306 675 1436 708 tamen
1459 671 1596 708 ordine
1615 671 1662 708 ad
1688 672 1866 709 eumdem

257 720 438 756 utimum
474 729 592 756 inem.

292 767 356 803 'Ex
389 775 467 813 quo
501 770 659 818 apparet
693 767 797 813 quod
831 766 921 803 talis
954 765 1213 803 immobilitas
1230 766 1446 803 voluntatis
1463 765 1588 802 libero
1609 765 1771 802 arbitrio
1789 775 1871 803 non

257 817 463 860 repugnat,
497 823 610 860 eujus
645 817 756 851 actus
787 817 845 850 est
878 813 1038 860 eligere.
1073 813 1217 850 Electio
1247 813 1349 850 enim
1372 816 1431 849 est
1446 822 1580 849 eorum
1604 821 1690 859 quae
1710 813 1871 850 suntad

258 861 390 904 finem,
425 869 505 897 non
537 865 666 897 autem
699 861 823 897 ultimi
856 860 961 897 finis.
984 860 1092 897 Sicut
1112 860 1231 906 igitur
1251 868 1332 896 non
1349 863 1543 907 repugnat
1563 859 1687 896 libero
1709 859 1875 901 arbitrio

258 907 363 954 quod
383 907 576 944 immobili
594 908 796 944 voluntate
818 907 1091 944 desideramus
1111 907 1407 950 beatitudinem,
1431 911 1467 943 et
1482 907 1683 944 miseriam
1696 906 1871 953 fugimus

257 955 299 990 in
320 955 535 998 communi,
557 956 611 991 ita
641 964 720 991 non
750 955 820 991 erit
843 955 1085 991 eontrarium
1115 954 1240 991 libero
1279 954 1439 991 arbitrio
1459 954 1563 1001 quod
1585 954 1767 991 voluntas
1800 955 1872 991 im·

258 1001 456 1038 mobiliter
488 1002 611 1038 fertur
640 1002 679 1038 in
696 1001 844 1048 aliquid
882 1001 1185 1038 determinatum
1217 1002 1318 1038 sicut
1337 1002 1375 1038 in
1398 1002 1580 1038 ultimum
1597 1000 1714 1037 finem
1734 1013 1742 1045 ;
1763 1002 1869 1047 quia,

259 1049 360 1085 sieut
378 1058 482 1085 nunc
504 1048 760 1086 immobiliter
780 1048 895 1085 nobis
916 1049 1081 1085 inhaeret
1100 1052 1241 1085 natura
1257 1050 1482 1086 communis
1494 1058 1563 1094 per
1574 1057 1691 1094 quam
1711 1047 1875 1085 beatitu-

260 1096 391 1137 dinem
414 1096 635 1141 appetimus
651 1096 691 1132 in
713 1096 927 1139 communi,
945 1097 997 1132 ita
1013 1096 1128 1132 etiam
1144 1096 1397 1132 immobiliter
1420 1096 1593 1132 manebit
1609 1095 1676 1132 illa
1688 1095 1874 1141 specialis

260 1141 470 1188 dispositio
493 1153 559 1188 per
580 1152 698 1189 quam
714 1142 789 1179 hoc
802 1143 862 1179 vel
892 1143 990 1179 illud
1017 1143 1263 1180 desideratur
1278 1147 1319 1180 ut
1342 1143 1503 1179 ultimus
1523 1142 1626 1179 sinis.
1640 1142 1874 1179 Substantiae

259 1194 388 1226 autem
430 1194 633 1235 separatae,
656 1190 808 1227 scilicet
837 1190 981 1243 angeli,
999 1190 1303 1236 propinquiores
1331 1195 1435 1229 sunt,
1454 1190 1670 1227 secundum
1694 1193 1873 1226 naturam

264 1237 306 1272 in
328 1246 404 1283 qua
428 1241 625 1281 creantur,
648 1237 794 1274 ultimae
816 1237 1048 1282 perlectioni
1070 1246 1186 1283 quam
1211 1238 1377 1280 animae;
1410 1237 1501 1283 quia
1520 1246 1598 1273 non
1620 1236 1797 1282 indigent
1816 1247 1875 1272 ac-

262 1284 417 1330 quirere
441 1284 646 1320 seientiam
668 1294 713 1320 ex
735 1284 935 1328 sensibus,
956 1293 1082 1330 neque
1096 1284 1585 1330 pervenireratiocinando
1601 1283 1647 1320 de
1668 1284 1874 1329 principiis

262 1331 309 1367 ad
335 1331 652 1373 conclusionem,
674 1331 778 1367 sicut
798 1331 963 1374 animae3
986 1331 1055 1368 sed
1075 1341 1144 1377 per
1161 1332 1314 1377 species
1332 1331 1476 1367 inditas
1499 1331 1628 1367 statim
1645 1334 1815 1376 possunt
1834 1331 1875 1366 in

262 1378 639 1423 contemplationem
674 1378 848 1414 veritatis
897 1379 1098 1422 ervenire3
1121 1381 1158 1415 et
1180 1378 1268 1415 ideo
1289 1378 1420 1415 statim
1443 1378 1546 1424 quod
1581 1377 1712 1414 debito
1729 1377 1798 1413 fini
1817 1377 1874 1413 vel

262 1424 439 1461 indebito
461 1425 728 1468 adliaeserunt,
747 1424 870 1461 immo
902 1425 1004 1461 iliter
1022 1426 1062 1461 iu
1084 1435 1130 1462 eo
1149 1427 1464 1471 permanserunt.

309 1473 393 1508 Non
416 1475 476 1508 est
493 1475 625 1508 tamen
648 1472 922 1508 aestimandum
942 1472 1047 1518 quod
1069 1473 1223 1515 animae,
1246 1476 1455 1518 postquam
1479 1475 1682 1508 resument
1711 1481 1875 1518 corpora

261 1519 300 1554 in
322 1519 627 1562 resurrectione,
650 1519 965 1556 immobilitatem
985 1519 1199 1556 voluntatis
1228 1523 1428 1563 aunttant;
1455 1519 1523 1556 sed
1554 1519 1592 1555 in
1620 1529 1664 1555 ea
1699 1528 1876 1565 perseve-

261 1569 371 1609 rant;
395 1566 499 1612 quia,
517 1570 559 1602 ut
580 1576 699 1611 supra
718 1566 817 1612 (cap.
837 1566 894 1612 86)
914 1566 1059 1603 dictum
1088 1570 1162 1610 est,
1183 1576 1349 1612 corpora
1371 1567 1408 1602 in
1434 1567 1723 1603 resurrectione
1745 1566 1875 1611 dispo-

262 1616 404 1648 nentur
430 1613 647 1650 secuudum
680 1614 914 1660 exigentiam
949 1614 1113 1657 animae;
1147 1623 1227 1650 non
1249 1619 1379 1651 autem
1404 1614 1545 1650 anima:
1565 1612 1877 1651 immutabuntur

263 1670 331 1705 per
351 1669 530 1706 corpora,
553 1661 623 1697 sed
643 1660 896 1698 immobiliter
912 1661 1231 1707 perseverabunt.

899 1808 1066 1849 CAPUT
1106 1809 1240 1849 XCVI.

878 1930 927 1957 DE
957 1930 1081 1958 FINALI
1107 1929 1256 1958 JUDICIO
1263 1948 1269 1954 .

315 2039 367 2074 Ex
387 2038 600 2084 pra·inissis
631 2042 749 2088 lgitur
777 2042 936 2083 apparet
966 2037 1072 2121 guod
1104 2037 1246 2082 duplex
1279 2041 1338 2074 est
1369 2037 1572 2074 retributio
1611 2047 1680 2082 pro
1713 2038 1763 2073 iis
1796 2047 1881 2083 quar

267 2087 386 2122 homo
408 2086 448 2121 in
466 2086 543 2120 vita
566 2089 685 2130 gessit
712 2095 718 2117 ε
741 2093 818 2121 una
839 2093 960 2121 secun
995 2093 1057 2121 um
1079 2085 1266 2127 animam,
1283 2094 1398 2130 quain
1417 2084 1557 2130 aliquis
1573 2085 1737 2130 percipit
1752 2085 1880 2121 statim

266 2142 355 2169 cum
378 2132 507 2169 anima
529 2131 643 2168 suerit
666 2142 686 2168 a
709 2141 872 2177 corpore
893 2135 1071 2177 separata
1090 2143 1098 2175 ;
1119 2131 1197 2168 alia
1214 2141 1305 2168 vero
1327 2131 1529 2168 retributio
1551 2134 1623 2168 erit
1643 2131 1681 2168 in
1704 2141 1881 2178 resump—

265 2180 372 2216 tione
407 2188 630 2224 corporum,
653 2178 871 2215 seeundum
907 2179 1010 2224 quod
1042 2178 1202 2225 quidam
1234 2178 1495 2224 impassibilia
1528 2183 1564 2215 et
1591 2178 1768 2225 gloriosa
1795 2188 1879 2215 cor-

266 2236 376 2272 pora,
400 2225 557 2272 quidam
593 2235 684 2262 vero
725 2225 928 2272 passibilia
962 2229 1163 2263 resument
1199 2230 1236 2262 et
1267 2225 1473 2272 ignobilia.
1497 2227 1537 2262 Et
1567 2226 1693 2272 prima
1724 2225 1879 2272 quidem

264 2273 469 2310 retributio
486 2273 684 2319 sigillatim
701 2272 743 2309 sit
756 2273 942 2320 singulis,
956 2273 1174 2310 secundum
1187 2273 1292 2320 quod
1308 2272 1461 2310 divisim
1477 2273 1623 2320 singuli
1639 2273 1877 2315 moriuntur;

266 2320 443 2357 secunda
463 2324 594 2357 autem
633 2320 838 2357 retributio
875 2321 995 2357 simul
1022 2321 1209 2357 omnibus
1244 2319 1320 2363 fiet.
1351 2320 1570 2358 secundum
1605 2320 1709 2367 quod
1741 2328 1878 2357 omnes

265 2367 383 2404 simul
407 2371 626 2414 resurgent.
651 2368 786 2404 Omnis
810 2372 939 2405 autern
959 2367 1163 2404 retributio
1197 2377 1275 2413 qua
1303 2367 1459 2405 diversa
1491 2367 1722 2412 redduntur,
1738 2376 1876 2404 secun-

265 2415 357 2451 dum
380 2414 644 2451 diversitatem
674 2415 917 2458 meritorum,
936 2415 1129 2461 judicium
1151 2414 1327 2462 requirit.
1350 2416 1517 2452 Necesse
1540 2420 1599 2451 est
1620 2423 1714 2462 ergo
1736 2413 1877 2460 duplex

265 2471 354 2498 esse
371 2462 563 2507 judicium
585 2471 734 2498 :unum
755 2471 834 2508 quo
850 2462 1007 2499 divisim
1023 2461 1208 2509 singulis,
1231 2464 1421 2508 quantum
1443 2462 1491 2499 ad
1506 2460 1878 2505 animam,redditur

264 2518 381 2554 poena
402 2509 460 2545 vel
482 2509 705 2554 pi’aeinium3
728 2508 832 2546 aliud
853 2512 981 2546 autern
1004 2511 1065 2546 est
1094 2517 1319 2553 commune,
1335 2508 1555 2546 seeundum
1571 2508 1676 2555 quod
1689 2510 1874 2555 quantum

265 2555 313 2592 ad
333 2556 504 2592 animam
527 2560 561 2592 et
584 2565 728 2601 corpus
747 2555 930 2593 reddetur
950 2555 1134 2593 omnibus
1155 2556 1274 2594 simul
1295 2555 1401 2602 quod
1426 2558 1668 2593 meruerunt.
1698 2557 1754 2600 Et,
1785 2554 1876 2601 quia

263 2602 442 2639 Christus
463 2612 536 2640 sua
555 2603 813 2648 humanitate,
828 2604 1047 2640 seeundum
1067 2612 1185 2650 quam
1205 2612 1350 2649 passus
1365 2607 1425 2640 est
1450 2607 1487 2640 et
1516 2602 1743 2646 resurrexit,
1762 2601 1877 2638 nobis

264 2653 300 2685 et
322 2651 655 2686 resurrectionem
689 2655 725 2686 et
745 2652 863 2686 vitam
886 2654 1071 2687 aeternam
1092 2650 1330 2696 promeruit,
1353 2650 1428 2687 sibi
1447 2650 1634 2696 competit
1652 2649 1749 2687 illud
1769 2657 1875 2686 com-

265 2704 383 2732 mune
401 2697 590 2742 judicium
609 2705 687 2743 quo
710 2701 962 2743 resurgentes
977 2698 1036 2734 vel
1064 2699 1319 2744 praemiantur
1332 2697 1391 2733 vel
1407 2697 1648 2742 puniuntur:
1671 2699 1876 2742 propterea

265 2742 311 2823 {lle
333 2752 379 2778 eo
400 2744 553 2787 dicitur,
573 2746 728 2788 Joann.,
752 2753 791 2788 v,
813 2747 855 2780 27
881 2757 887 2779 ;
911 2745 1119 2780 Potestatem
1143 2744 1241 2779 <ledit
1261 2747 1292 2778 ei
1307 2744 1490 2788 judicium
1507 2745 1637 2787 facer-e,
1659 2744 1747 2788 quia
1762 2743 1875 2777 Filius

289 2791 417 2825 ominis
438 2794 500 2825 est.

311 2837 469 2882 Oportet
490 2841 617 2873 autem
637 2838 826 2883 judicium
848 2838 1139 2884 proportionale
1162 2848 1249 2875 esse
1270 2837 1331 2874 liis
1353 2838 1399 2874 de
1420 2838 1563 2884 quibus
1579 2836 1777 2882 judicatur
1796 2848 1802 2878 ;
1839 2841 1894 2872 et-

264 2882 382 2919 finale
409 2883 600 2928 judicium
625 2885 698 2920 erit
728 2885 774 2921 de
806 2886 967 2930 praemio
997 2885 1055 2921 vel
1087 2894 1199 2930 poeua
1233 2884 1449 2921 visibilium
1482 2892 1706 2928 corporum,
1747 2887 1784 2919 et
1815 2884 1873 2920 sic-

264 2930 505 2966 couveniens
526 2934 643 2967 estut
663 2931 758 2967 illud
776 2931 966 2977 judicium
990 2931 1193 2968 visibiliter
1211 2935 1349 2978 agatur
1369 2960 1375 2966 .
1411 2931 1514 2967 unde
1543 2930 1660 2966 etiam
1694 2930 1873 2966 Christus
