1894 3223
662 114 747 149 eiu.
777 113 835 157 iv,
863 114 961 148 mr.
989 113 1057 148 ιν.
1617 116 1678 150 591

60 199 180 242 peret.
210 195 265 238 Et,
293 194 477 240 quamvis
507 194 592 231 sola
617 194 682 230 Dei
704 194 829 239 gratia
861 194 1033 232 sufficiat
1053 194 1100 231 ad
1131 193 1407 232 remittendum
1440 198 1614 241 peccata,
1640 200 1682 232 ut

61 242 215 280 decima
238 250 342 278 nona
361 241 457 277 ratio
478 242 736 287 proponebat.
753 246 881 278 tamen
906 242 942 277 in
963 242 1197 279 remissione
1213 243 1361 288 peccati
1381 242 1549 287 exigitur
1564 243 1681 280 etiarn

61 288 210 337 aliquid
242 297 289 324 ex
318 292 423 333 parte
456 289 541 333 ejus
578 289 638 325 eui
675 292 876 333 peecatum
906 289 1125 333 remittitur,
1148 293 1190 325 ut
1220 289 1371 326 scilicet
1403 289 1622 326 satisfaciat
1649 291 1683 327 ei

91 345 178 373 uem
199 333 374 372 offendit.
399 336 454 378 Et,
471 336 562 381 quia
582 335 645 372 alii
668 336 850 371 homines
873 344 941 380 pro
963 336 1107 380 seipsis
1137 337 1211 372 hoc
1238 336 1364 372 facere
1386 345 1464 372 non
1487 339 1682 382 poterant,

93 382 243 465 hristtds
280 390 350 428 pro
396 382 583 420 omnibus
624 382 697 418 hoc
735 382 825 418 fecit.
849 410 856 426 ‚
899 387 1062 418 mortem
1102 382 1364 420 voluntariam
1403 392 1450 420 ex
1495 383 1684 420 charitate

90 429 194 466 atien
225 437 264 466 o.
1528 461 1534 463 ,

61 437 87 476 p
112 477 167 522 Et,
188 475 366 523 quamvis
386 476 425 512 in
449 475 647 522 puniendo
671 480 828 520 peecata
849 479 1022 521 oporteat
1058 476 1168 512 illum
1190 477 1318 521 puniri
1339 477 1405 524 qui
1438 478 1625 523 peccavit,
1645 482 1688 515 ut

62 523 256 570 vigesima
276 523 373 559 ratio
395 523 651 569 proponebat,
674 527 804 558 tamen
843 523 881 558 in
915 523 1195 560 satisfaciendo
1231 524 1334 560 unus
1363 526 1491 569 potest
1523 525 1686 562 alterius

64 578 220 616 poenam
252 569 366 614 ferre,
403 570 507 616 (litia,
530 570 622 607 dum
644 578 760 614 prena
781 579 850 615 pro
872 574 1032 615 peccato
1065 570 1268 615 infligitur,
1292 574 1480 614 pensatur
1501 571 1586 617 eJ'us
1620 572 1686 618 qui

63 616 224 663 punitur
254 616 468 662 iniquitas3
505 617 544 653 in
577 617 848 654 satisfactione
879 625 983 660 vero,
1007 617 1099 653 dum
1122 617 1225 663 quis,
1250 617 1303 653 atl
1337 618 1572 663 placandum
1595 628 1684 656 eum

64 672 181 711 quem
203 662 379 704 offendit,
397 664 616 700 voluntarie
636 672 791 709 poenani
814 664 994 703 assumit,
1020 664 1301 700 satisfacientis
1323 664 1493 701 charitas
1515 669 1551 702 et
1572 665 1688 702 bene-

64 710 237 748 volentia
271 711 499 754 aestimatur,
522 720 607 756 quie
647 711 814 747 maxime
847 714 1005 756 apparet.
1037 720 1158 756 quum
1190 711 1277 757 quis
1305 720 1375 756 pro
1410 712 1488 747 alio
1529 721 1686 757 poenam

65 758 256 801 assumit;
287 760 324 794 et
355 758 442 795 ideo
480 759 582 794 Deus
605 758 917 795 satisfactionem
949 757 1066 794 unius
1104 766 1172 803 pro
1193 758 1269 795 alio
1293 761 1481 804 acceptat,
1504 762 1544 795 ut
1570 759 1685 796 etiam

67 809 272 842 ostensum
289 807 348 841 est
369 805 408 850 (l.
432 814 489 847 ιιι,
512 816 545 841 c.
571 806 665 850 itis).

113 851 344 888 Satisfaccre
385 854 512 888 autem
549 861 617 897 pro
657 856 736 888 toto
777 852 950 889 humano
983 861 1140 898 genere,
1175 854 1216 888 ut
1244 852 1358 889 etiam
1394 860 1513 898 supra
1543 852 1589 899 (c.
1628 856 1686 899 54)

66 901 273 936 ostensum
307 902 379 941 est,
403 898 536 935 nullus
572 899 689 935 homo
722 908 844 944 purus
879 901 1051 944 poterat;
1084 908 1157 935 nec
1187 899 1235 936 ad
1267 899 1341 936 hoc
1371 899 1538 946 angelus
1577 899 1686 936 suffi-

67 945 205 987 ciebat,
233 949 273 981 ut
295 945 484 991 vigesima
505 946 624 991 prima
648 946 743 982 ratio
767 945 1012 991 procedebat.
1035 945 1207 991 Angelus
1234 947 1352 991 enim,
1384 947 1474 983 licet
1495 951 1686 993 quantum

67 992 115 1029 ad
137 992 290 1039 aliquas
313 994 568 1038 proprietates
603 993 802 1029 naturales
837 993 886 1030 sit
905 992 1064 1029 homine
1086 993 1227 1038 potior,
1258 997 1390 1030 tamen
1412 997 1601 1040 quantum
1639 994 1686 1030 ad

66 1039 320 1076 beatitudinis
363 1039 714 1085 participationem,
756 1040 795 1075 in
833 1049 950 1086 quam
986 1049 1054 1085 per
1093 1040 1403 1077 satisfactionem
1436 1040 1686 1077 reducendus

68 1089 163 1130 erat,
178 1090 238 1123 est
254 1086 288 1123 ei
310 1086 485 1133 aequalis.
510 1088 550 1122 Et
570 1087 711 1122 iterum
734 1095 813 1123 non
828 1087 941 1132 ptem}
963 1087 1295 1131 redintegraretur
1309 1087 1482 1125 hominis
1499 1087 1684 1133 dignitas,

70 1133 102 1170 si
125 1133 267 1179 angelo
289 1142 358 1178 pro
380 1132 539 1169 homine
560 1133 817 1170 satisfacienti
838 1133 1037 1170 obnoxius
1062 1134 1302 1170 redderetur.

114 1179 324 1228 Sciendum
346 1182 475 1216 aulen]
497 1183 556 1216 est
573 1180 676 1225 quod
700 1189 806 1217 mors
829 1180 968 1216 Christi
993 1180 1173 1216 virtutem
1195 1180 1465 1218 satisfaciendi
1487 1181 1622 1219 habuit
1640 1192 1685 1219 ex

70 1226 256 1264 charitate
279 1226 404 1272 ipsius
424 1233 502 1272 qua
521 1227 740 1264 voluntarie
761 1231 926 1263 mortem
948 1227 1147 1270 sustinuit,
1171 1235 1251 1263 non
1273 1237 1319 1263 ex
1342 1227 1545 1274 iniquitate
1584 1230 1686 1265 occi-

70 1273 258 1318 dentium,
281 1273 347 1319 qui
381 1282 471 1310 eum
503 1273 718 1310 occidendo
755 1277 1039 1319 peccat-eruum
1068 1274 1161 1320 quia
1187 1278 1391 1320 peccatum
1424 1284 1503 1312 non
1538 1276 1689 1312 deletur

70 1324 246 1367 peccato,
268 1323 311 1357 ut
329 1319 522 1366 vigesima
543 1321 717 1357 secunda
744 1321 841 1357 ratio
862 1320 1119 1366 proponebat.
1195 1338 1197 1340 -

117 1369 173 1411 Et,
197 1367 377 1414 quamvis
398 1376 506 1404 mors
531 1368 671 1404 Christi
703 1377 772 1413 pro
794 1371 953 1412 peceato
987 1368 1250 1405 satisfactoria
1285 1369 1413 1413 fuerit,
1448 1379 1526 1406 non
1555 1374 1685 1407 tamen

69 1414 187 1451 toties
203 1423 293 1451 eum
316 1414 415 1451 mori
435 1414 606 1460 oportuit
627 1415 781 1459 quotics
800 1415 980 1451 homines
999 1419 1175 1460 peccant,
1194 1419 1235 1451 ut
1250 1416 1439 1461 vigesima
1458 1417 1571 1454 tertia
1588 1418 1687 1454 ratio

71 1460 356 1504 concludebat;
379 1461 472 1507 quia
492 1470 598 1497 mors
621 1461 758 1498 Christi
783 1462 987 1498 sufficiens
1011 1462 1082 1498 fuit
1102 1462 1149 1498 ad
1183 1463 1360 1499 omnium
1383 1464 1576 1508 expianda
1597 1474 1686 1509 pec-

70 1512 170 1551 cata,
192 1511 272 1545 tum
297 1512 454 1554 propter
474 1508 655 1544 eximiam
679 1508 906 1545 charitatem
928 1519 1004 1554 qua
1024 1512 1189 1545 mortem
1212 1510 1414 1552 sustinuit,
1433 1514 1513 1546 tum
1532 1515 1688 1555 propter

71 1555 300 1601 dignitatem
322 1563 501 1600 persona)
523 1555 816 1600 satisfacientis,
835 1564 921 1602 quie
942 1556 1014 1592 fuit
1032 1558 1134 1592 Deus
1150 1559 1187 1591 et
1204 1555 1337 1592 homo.
1358 1557 1604 1594 Manifestum
1628 1561 1686 1595 est

70 1606 202 1639 autem
235 1602 351 1638 etiam
384 1601 424 1637 in
456 1601 574 1638 rebus
604 1602 788 1639 humanis
823 1603 941 1648 quod,
965 1607 1111 1648 quanto
1144 1612 1313 1647 persona
1336 1608 1395 1638 est
1428 1604 1554 1648 altior,
1578 1609 1686 1641 tanto

70 1657 187 1695 poena
208 1657 325 1695 quani
347 1648 514 1685 sustinet
537 1658 605 1694 pro
628 1649 764 1694 majori
787 1653 1049 1694 computatur,
1072 1649 1151 1686 sive
1179 1649 1227 1686 ad
1248 1650 1505 1686 bumilitatem
1527 1656 1564 1686 et
1595 1652 1686 1688 cha-

70 1695 225 1732 ritatem
247 1695 444 1741 patientis,
467 1695 548 1732 sive
566 1695 613 1732 ad
633 1697 787 1741 culpam
809 1696 1026 1733 inferentis.

117 1741 172 1778 Ad
207 1742 529 1779 satisfaciendum
567 1745 697 1780 autem
722 1752 791 1788 pro
828 1747 987 1788 peccato
1020 1743 1140 1784 totius
1173 1743 1335 1782 humani
1369 1746 1540 1791 generis,
1580 1755 1687 1784 mors

72 1788 214 1826 Christi
233 1789 438 1826 sufficiens
462 1790 534 1831 fuit
550 1801 558 1833 ;
575 1789 871 1836 quia,quamvis
892 1791 1109 1827 secundum
1130 1791 1342 1828 humanam
1365 1797 1542 1830 naturam
1557 1793 1687 1830 solum

71 1838 253 1874 mortuus
285 1836 414 1880 fuerit,
438 1840 480 1873 ut
510 1836 700 1883 vigesima
723 1841 861 1883 quarta
888 1838 985 1874 ratio
1013 1838 1270 1883 proponebat,
1288 1842 1418 1875 tamen
1441 1849 1484 1875 ex
1502 1840 1687 1886 dignitate

69 1891 252 1930 personae
272 1882 469 1929 patientis,
492 1892 579 1930 quae
597 1888 657 1920 est
676 1892 846 1929 persona
866 1884 948 1920 Filii
969 1884 1049 1929 Dei,
1072 1893 1180 1921 mors
1202 1885 1286 1931 eJus
1302 1886 1476 1923 redditur
1491 1887 1684 1931 pretiosa;

71 1929 176 1977 quia,
196 1933 239 1967 ut
265 1939 386 1975 supra
405 1930 551 1967 dictum
572 1933 632 1967 est
652 1930 691 1977 (l.
713 1939 827 1975 111,.c.
853 1931 947 1977 144),
974 1932 1077 1968 sicut
1097 1931 1258 1977 majoris
1279 1936 1340 1970 est
1367 1933 1547 1970 criminis
1571 1934 1688 1971 alicui

68 1985 252 2024 personae
276 1977 420 2014 inferre
455 1976 640 2023 injuriam
677 1986 763 2024 quae
800 1978 962 2024 majoris
1000 1978 1200 2024 dignitatis
1234 1979 1378 2024 existit,
1399 1979 1452 2017 ita
1472 1980 1686 2018 virtuosius

70 2027 132 2061 est
144 2027 182 2060 et
202 2033 249 2060 ex
269 2023 408 2070 majori
428 2023 656 2061 charitatate
668 2024 887 2070 procedens
906 2025 1012 2072 quod
1029 2025 1155 2072 major
1169 2035 1341 2072 persona
1355 2036 1425 2072 pro
1441 2027 1528 2064 aliis
1544 2037 1586 2065 se
1599 2028 1690 2065 sub-

67 2070 177 2117 jiciat
192 2070 424 2107 voluntariae
445 2071 636 2116 passioni.

119 2117 304 2161 Quamvis
335 2122 464 2154 autem
487 2117 664 2155 Christus
697 2127 767 2164 pro
796 2121 956 2164 peceato
986 2119 1168 2165 originali
1188 2129 1261 2157 sua
1289 2125 1414 2158 morte
1448 2122 1688 2159 sufficienter

71 2163 319 2209 satisfecerit,
337 2172 419 2201 non
439 2166 500 2201 est
518 2167 649 2200 tamen
667 2164 951 2202 inconveniens
972 2166 1078 2212 quod
1096 2167 1344 2211 poenalitates
1368 2177 1414 2204 ex
1433 2173 1592 2214 peccato
1615 2169 1689 2205 ori-

71 2210 194 2258 ginali
216 2214 507 2257 consequentes
527 2215 757 2248 remaneant
771 2211 899 2248 adhuc
921 2212 961 2248 in
979 2212 1165 2249 omnibus
1187 2214 1253 2260 qui
1270 2214 1387 2250 etiam
1406 2215 1688 2262 redemptionis

71 2257 215 2295 Christi
244 2257 454 2304 participes
484 2257 596 2302 fiunt,
620 2260 661 2294 ut
693 2258 883 2304 vigesima
913 2258 1050 2305 quinta
1075 2260 1174 2296 ratio
1201 2261 1450 2305 procedebat.
1473 2263 1553 2300 Hoc
1583 2263 1687 2299 enim

71 2308 338 2352 congruenter
374 2308 412 2341 et
451 2305 598 2341 utiliter
637 2304 782 2342 factum
819 2308 877 2342 est
915 2309 958 2341 ut
996 2315 1111 2350 poena
1148 2311 1380 2347 remaneret,
1421 2309 1538 2345 etiam
1573 2309 1688 2355 culpa

71 2351 254 2390 sublata:
276 2372 322 2378 —
340 2352 472 2389 Primo
504 2351 676 2398 quidem,
703 2355 742 2388 ut
773 2356 878 2389 esset
910 2353 1169 2390 conformitas
1203 2353 1378 2390 fidelium
1401 2355 1447 2392 ad
1476 2355 1686 2400 Christum,

73 2398 177 2436 sicut
195 2398 463 2436 membrorum
484 2399 533 2435 ad
553 2402 670 2444 caput
691 2410 698 2434 ε
728 2398 846 2443 unde,
866 2398 968 2435 sicut
987 2399 1166 2436 Christus
1187 2401 1297 2446 prius
1317 2402 1463 2440 multas
1477 2403 1688 2449 passiones

71 2445 260 2483 sustinuit
280 2448 318 2482 et
336 2445 392 2482 sic
420 2445 468 2482 ad
500 2445 808 2482 immortalitatis
831 2445 996 2492 gloriam
1018 2447 1203 2491 pervenit,
1230 2447 1286 2484 sic
1313 2448 1445 2486 decuit
1477 2453 1519 2486 ut
1551 2448 1689 2487 fideles

72 2491 158 2538 ejus
189 2492 301 2538 prius
321 2491 571 2538 subjacerent
592 2492 846 2538 passionibus
866 2496 904 2529 et
924 2493 981 2530 sic
1001 2493 1047 2529 ad
1068 2493 1400 2532 immortalitatem
1424 2497 1687 2543 pervenirent,

72 2538 186 2585 quasi
215 2541 418 2584 portantes
452 2539 493 2575 in
518 2539 662 2584 seipsis
693 2539 865 2586 insignia
893 2539 1096 2585 passionis
1127 2540 1280 2584 Christi,
1314 2545 1355 2578 ut
1390 2543 1687 2580 similitudinem

71 2585 206 2632 gloriae
238 2585 325 2631 eJus
357 2589 709 2632 consequerentur,
731 2586 832 2622 sicut
864 2586 1078 2631 Apostolus
1108 2586 1202 2623 dicit
1223 2598 1231 2622 ε
1252 2589 1416 2624 Haeredes
1449 2591 1590 2635 quidem
1609 2593 1685 2630 Dei,

70 2631 266 2668 cohaerectes
302 2634 420 2668 autem
450 2633 533 2668 Jesu
564 2632 722 2676 chriam
756 2634 788 2668 si
819 2635 938 2668 tamen
969 2635 1218 2679 compatimur,
1238 2638 1279 2669 ut
1309 2638 1343 2670 et
1370 2639 1686 2683 conglorificemur.

71 2677 202 2725 (Rom,
223 2687 312 2723 vm,
341 2678 414 2725 17.)
443 2679 704 2722 —Secundo,
738 2679 842 2725 quia,
877 2680 910 2716 si
949 2679 1132 2717 homines
1166 2681 1369 2719 venientes
1407 2684 1455 2720 ad
1491 2685 1686 2721 Christum

71 2725 203 2762 statim
241 2725 577 2762 immortalitatem
613 2724 1047 2772 impassibilitatemque
1079 2733 1430 2774 consequerentur,
1452 2730 1585 2776 plures
1622 2732 1689 2768 ho-

69 2771 199 2809 mines
235 2772 281 2809 ad
314 2772 510 2809 Christum
547 2773 778 2809 accederent
808 2773 935 2820 magis
966 2776 1123 2819 propter
1156 2774 1238 2811 haec
1259 2776 1479 2822 corporalia
1497 2777 1688 2815 beneficia

71 2827 188 2865 quam
227 2823 385 2865 propter
421 2819 641 2864 spiritualia
672 2820 801 2863 bona;
832 2819 934 2866 quod
972 2823 1029 2856 est
1064 2822 1202 2857 contra
1231 2821 1491 2861 intentionem
1530 2824 1685 2866 Christi,

71 2865 264 2903 venientis
293 2867 334 2902 in
361 2866 553 2903 mundum
590 2869 630 2903 ut
664 2866 847 2903 homines
867 2866 915 2903 ab
946 2875 1079 2903 amore
1112 2869 1377 2914 corporalium
1400 2871 1449 2908 ad
1470 2871 1687 2918 spiritualia
