1894 3223
709 97 796 133 ΗΒ.
824 97 872 142 11,
898 97 1000 134 CAP.
1024 96 1093 134 xL.
1636 101 1706 136 149

80 182 232 218 rantur.
253 179 467 218 ostensum
482 179 541 216 est
557 180 688 215 autem
709 187 830 224 supra
849 176 898 224 (c.
917 179 973 225 ¹6)
992 178 1097 226 quod
1119 179 1246 225 prima
1276 188 1406 216 rerum
1429 179 1636 225 productio
1658 180 1699 217 in

81 229 186 271 esse,
207 232 289 264 non
321 229 383 264 est
414 234 462 262 ex
493 225 670 262 materia.
693 226 734 262 ln
758 235 803 262 ea
823 225 1082 271 igitur-casus
1103 226 1231 263 locum
1269 225 1411 263 babere
1440 235 1519 262 non
1555 231 1697 272 potest.

80 274 242 320 oportet
260 275 391 310 autem
426 271 530 319 quod
552 272 678 318 prima
699 281 828 308 rerum
849 272 1053 318 productio
1075 282 1164 310 cum
1182 272 1436 310 distinctione
1457 274 1586 317 suerit,
1609 283 1697 311 cum

80 319 206 358 multa
241 319 494 357 inveniantur
528 318 569 355 in
591 318 709 356 rebus
730 319 872 355 creatis
899 329 986 366 quie
1019 329 1146 366 neque
1180 329 1227 356 ex
1259 320 1424 356 invicem
1447 324 1701 365 generamur,

80 375 209 414 neque
230 376 278 404 ex
297 365 432 418 aliquo
453 374 533 403 uno
562 366 779 409 communi,
799 366 893 412 quia
911 375 990 403 non
1010 366 1253 403 conveniunt
1272 367 1313 403 in
1330 368 1508 404 materia.
1531 369 1616 404 Non
1639 372 1701 406 est

80 413 204 461 igitur
222 412 415 460 possibile
435 412 540 459 quod
562 421 693 449 rerum
716 412 918 450 distinctio
937 413 987 450 sit
1009 423 1030 450 a
1047 423 1157 450 casn.

126 460 227 505 Item,
248 468 372 498 causa
398 469 468 506 per
487 468 531 497 se
556 459 665 506 prior
685 463 745 496 est
765 469 811 496 ea
847 469 933 506 quae
954 464 1014 497 est
1040 470 1108 505 per
1140 461 1337 498 accidens.
1360 461 1398 498 Si
1421 461 1541 506 igitur
1567 465 1701 508 poste-

78 507 188 545 riora
218 507 299 544 sint
331 515 355 544 a
387 514 510 544 causa
567 515 609 543 er
636 516 679 544 se
711 506 982 551 determinata,
1005 507 1291 544 inconveniens
1323 513 1382 545 est
1408 507 1538 545 dicere
1569 509 1702 554 priora

80 563 170 592 esse
190 563 211 591 a
229 562 350 592 causa
368 562 437 600 per
449 553 531 591 acci
563 562 634 590 ens
650 553 964 590 indeterminata.
989 555 1195 591 Distinctio
1217 558 1346 591 autem
1367 564 1497 591 rerum
1516 555 1702 601 praecedit

79 601 313 639 naturaliter
331 604 464 638 motus
484 603 522 637 et
542 601 793 646 operationes
814 610 957 638 rerum.
989 602 1239 637 Determinati
1263 602 1367 637 enim
1398 606 1529 639 motus
1550 606 1588 639 et
1607 612 1701 648 ope·

39 686 45 689 .
79 648 256 686 rationes
276 651 370 685 sunt
383 655 514 685 rerum
532 647 879 685 determinatarum
901 651 939 685 ct
957 647 1246 684 distinctarum.
1264 649 1390 684 Motus
1407 653 1538 685 autem
1558 652 1594 686 et
1612 658 1704 696 ope·

79 695 256 733 rationes
278 703 407 732 rerum
445 698 539 732 sunt
559 704 581 731 a
601 695 734 731 causis
768 705 835 741 per
868 704 910 731 se
942 698 979 730 et
1016 694 1301 737 determinatis,
1323 704 1411 731 cum
1450 695 1702 733 inveniantur

81 746 149 780 aut
169 750 337 788 semper,
359 744 426 779 aut
446 742 488 778 in
514 741 694 787 pluribus
716 751 762 778 ex
787 742 871 778 suis
892 741 1025 778 causis
1055 741 1193 778 eodem
1215 741 1332 777 modo
1353 742 1578 786 procedere.
1601 745 1701 789 Ergo

81 793 118 826 et
137 788 341 826 distinctio
362 797 493 826 rerum
512 793 571 825 est
593 799 615 826 a
633 798 752 825 causa
785 798 853 834 per
870 797 913 825 se
935 792 973 824 ct
991 787 1263 832 determinata,
1282 796 1361 824 non
1383 797 1405 824 a
1423 797 1532 834 casu,
1555 791 1620 836 qui
1643 793 1703 826 est

82 845 203 874 causa
217 845 287 882 per
307 835 493 873 accidens
515 835 832 872 indeterminata.
944 873 948 875 Α

129 884 310 929 Amplius,
334 882 546 929 cujuslibet
563 883 617 919 rei
639 882 898 928 procedendis
920 881 967 918 ab
989 885 1129 927 agente
1149 891 1219 927 per
1241 882 1482 919 intellectum
1505 888 1543 920 et
1561 884 1702 920 volun-

81 933 201 967 tatem
223 931 350 966 forma
381 933 440 966 cst
471 929 519 966 ab
555 934 695 975 agente
725 929 888 965 intenta.
910 930 999 974 Ipsa
1020 932 1150 964 autem
1173 929 1410 966 universitas
1432 934 1702 968 creaturarum

82 978 204 1014 Deum
239 976 354 1013 habet
387 979 600 1016 auctorem,
624 976 690 1022 qui
712 979 771 1012 est
791 984 914 1021 agens
947 985 1015 1021 per
1042 975 1283 1012 voluntatem
1314 980 1352 1012 et
1379 977 1637 1021 intellectum,
1661 982 1703 1014 ut

85 1033 133 1060 ex
151 1023 370 1071 praemissis
391 1022 438 1070 (c.
454 1023 514 1068 23)
535 1026 651 1067 patet.
668 1024 746 1059 Nec
764 1022 803 1058 in
824 1022 966 1059 virtute
987 1031 1059 1059 sua
1085 1022 1261 1059 deiectus
1282 1023 1427 1070 aliquis
1448 1034 1536 1061 esse
1558 1028 1701 1071 potest,

83 1074 127 1107 ut
159 1071 218 1107 sic
249 1068 405 1106 deficiat
439 1078 462 1106 a
493 1077 567 1106 sua
599 1069 832 1112 intentione,
859 1078 948 1106 cum
981 1078 1054 1106 sua
1080 1070 1205 1106 virtus
1232 1070 1284 1106 sit
1314 1070 1481 1113 infinita,
1506 1074 1547 1107 ut
1584 1080 1702 1117 supra

83 1119 289 1154 ostensum
309 1119 370 1153 est
388 1115 429 1162 (l.
445 1124 473 1160 1,
495 1125 528 1153 c.
550 1116 623 1161 43).
646 1118 805 1162 Oportet
822 1117 942 1162 igitur
964 1115 1070 1163 quod
1091 1116 1219 1153 forma
1238 1116 1410 1153 universi
1435 1118 1486 1154 sit
1506 1127 1528 1154 a
1548 1118 1628 1154 Deo
1649 1118 1708 1154 in-

80 1166 189 1201 tenta
211 1166 249 1200 et
265 1161 494 1200 volita.Non
515 1166 576 1200 est
592 1163 714 1209 igitur
730 1172 752 1199 a
773 1172 867 1200 casu
886 1173 893 1197 :
916 1172 1009 1200 casu
1030 1163 1133 1199 euim
1156 1172 1244 1200 esse
1263 1163 1432 1201 dicimus
1459 1174 1546 1210 quae
1566 1166 1707 1210 praeter

83 1210 346 1248 intentionem
364 1210 519 1257 agentis
540 1214 646 1247 sunt.
670 1211 809 1247 Forma
839 1213 968 1247 autem
991 1210 1164 1247 universi
1186 1211 1370 1248 consistit
1388 1212 1428 1247 in
1449 1210 1705 1249 distinctione

84 1260 123 1294 et
139 1257 277 1294 ordine
295 1257 465 1303 partium
487 1257 586 1301 ejus.
608 1258 693 1294 Non
715 1261 774 1293 est
794 1258 914 1303 igitur
933 1257 1136 1294 distinctio
1153 1267 1279 1294 rerum
1304 1267 1325 1294 a
1344 1267 1453 1295 casu.

130 1304 273 1346 Adhuc,
296 1303 335 1340 id
357 1304 461 1351 quod
482 1308 541 1340 est
561 1304 709 1340 bonum
730 1309 766 1340 et
785 1305 976 1350 optimum
998 1305 1037 1340 in
1061 1303 1216 1349 effectu,
1239 1308 1298 1341 est
1318 1304 1408 1341 finis
1432 1305 1708 1351 productionis

83 1348 194 1388 illius
216 1361 225 1385 τ
247 1350 318 1389 sed
336 1350 486 1387 bonurn
509 1354 547 1388 et
563 1351 754 1397 optimum
779 1351 953 1388 universi
973 1351 1157 1388 consistit
1177 1351 1217 1387 in
1233 1351 1370 1388 ordine
1387 1353 1553 1398 partium
1575 1353 1703 1398 ipsius

84 1397 134 1435 ad
152 1397 334 1442 invicem,
350 1397 517 1444 quisine
538 1397 793 1435 distinctione
813 1407 902 1435 esse
922 1407 1002 1435 non
1022 1401 1163 1444 potest.
1184 1399 1256 1434 Per
1276 1398 1382 1435 hunc
1403 1400 1506 1435 enini
1523 1400 1701 1436 ordinem

84 1444 314 1482 universum
337 1444 376 1481 in
398 1453 472 1482 sua
502 1444 694 1481 totalitate
727 1445 994 1489 constituitur,
1023 1454 1110 1492 quae
1132 1449 1192 1482 est
1224 1446 1416 1490 optimum
1451 1446 1591 1492 ipsius.
1616 1449 1701 1492 lpse

83 1490 206 1538 igitur
237 1491 334 1528 ordo
364 1491 535 1536 partium
558 1492 732 1528 universi
773 1495 810 1528 et
844 1492 1046 1529 distinctio
1078 1501 1212 1539 earum
1239 1496 1297 1529 est
1315 1491 1406 1529 finis
1426 1493 1700 1538 productionis

85 1538 260 1576 universi
281 1547 290 1573 :
312 1546 394 1574 non
414 1542 474 1575 est
493 1538 615 1584 igitur
635 1538 837 1575 distinctio
858 1548 988 1575 rerum
1011 1549 1033 1575 a
1051 1548 1160 1575 casu.

134 1585 241 1622 Hanc
264 1588 394 1622 autem
417 1585 620 1622 veritatem
653 1594 765 1622 sacra
793 1586 991 1631 Scriptura
1022 1586 1239 1631 profitetur,
1262 1589 1304 1622 ut
1323 1590 1425 1632 patet
1456 1588 1612 1630 Genes.,
1633 1596 1661 1632 1,
1681 1591 1695 1624 t

87 1634 125 1668 et
144 1635 180 1676 4,
203 1631 270 1669 ubi
291 1640 382 1670 cum
405 1632 533 1677 primo
551 1631 694 1668 dicitur
715 1644 722 1668 :
755 1633 798 1668 In
827 1635 1011 1678 principio
1043 1634 1175 1668 creavit
1207 1634 1299 1668 Deus
1324 1635 1445 1669 coelum
1483 1638 1516 1669 et
1550 1638 1702 1675 terram,

86 1679 291 1726 subjungit
312 1680 520 1715 :Distinaez't
539 1680 632 1714 Deus
653 1679 765 1716 lucem
784 1690 806 1714 α
826 1680 991 1720 tenebris,
1019 1683 1056 1716 et
1084 1680 1142 1716 sic
1175 1679 1221 1716 de
1251 1680 1355 1723 aliis,
1387 1685 1428 1716 ut
1456 1690 1535 1717 non
1570 1680 1700 1717 solum

84 1734 215 1763 rerum
237 1726 399 1768 creatio,
421 1725 490 1762 sed
509 1726 627 1762 etiam
649 1735 778 1762 rerum
800 1727 1003 1763 distinctio
1024 1736 1046 1762 a
1075 1728 1154 1763 Deo
1176 1736 1265 1763 esse
1298 1728 1542 1770 ostendatur,
1572 1736 1652 1763 non
1680 1738 1704 1764 a

86 1781 195 1817 casu,
213 1772 282 1810 sed
302 1771 417 1819 quasi
436 1771 586 1809 bonum
607 1775 645 1809 et
665 1774 855 1818 optimum
887 1773 1082 1817 universi;
1106 1773 1209 1810 unde
1242 1773 1424 1811 subditur
1446 1786 1453 1811 ε
1481 1774 1582 1810 Vidit
1608 1776 1703 1810 Deus

84 1821 213 1856 cuncta
232 1829 310 1865 quae
326 1819 475 1864 fecerat,
496 1822 530 1854 et
549 1820 771 1855 erantcazde
793 1820 884 1856 bona
899 1820 1024 1866 (Gen.‚
1045 1829 1072 1864 1,
1094 1821 1167 1866 31).

132 1867 206 1903 Per
222 1865 299 1904 hoc
319 1868 451 1902 autem
469 1865 691 1903 excluditur
720 1867 856 1912 opinio
889 1868 1142 1913 antiquorum
1176 1866 1433 1907 naturalium,
1464 1868 1698 1914 ponentium

83 1921 248 1950 causam
272 1913 515 1950 materialem
534 1913 662 1950 solani
675 1916 712 1950 et
733 1923 866 1958 unam,
884 1924 931 1950 ex
952 1924 1029 1960 qua
1045 1914 1180 1950 omnia
1194 1914 1354 1958 fiebant,
1369 1915 1527 1952 raritate
1548 1920 1584 1951 et
1606 1915 1699 1951 den-

84 1959 226 1997 sitate:
246 1959 320 1998 hos
337 1961 443 1996 enim
465 1969 629 1997 necesse
650 1964 710 1997 est
727 1961 856 1997 dicere
875 1960 1169 1997 distinctionem
1183 1970 1327 2004 rerum,
1343 1971 1441 2008 quas
1457 1962 1497 1998 in
1514 1962 1703 1999 universo

82 2006 280 2050 videmus,
302 2015 382 2043 non
402 2015 451 2043 ex
471 2005 640 2053 alicujus
661 2007 869 2044 ordinante
890 2008 1111 2044 intentione
1131 2008 1377 2054 provenisse,
1401 2009 1470 2045 sed
1506 2018 1552 2045 ex
1582 2013 1702 2046 mate-

84 2053 153 2090 riae
173 2053 336 2090 fortuito
356 2057 480 2090 motu.
496 2053 686 2090 Similiter
705 2055 823 2091 etiam
848 2055 1069 2091 excluditur
1089 2064 1199 2091 error
1215 2055 1425 2091 Democriti
1447 2060 1484 2092 ct
1498 2056 1697 2102 Leucippi,

85 2099 322 2145 ponentium
358 2099 513 2137 infinita
547 2101 742 2147 principia
779 2102 1012 2145 materialia,
1053 2102 1206 2138 scilicet
1238 2102 1499 2139 indivisibilia
1533 2112 1701 2148 corpora

87 2146 266 2192 eiusdem
298 2150 467 2191 naturae,
484 2147 553 2184 sed
575 2146 798 2185 differentia
818 2148 971 2195 figuris,
993 2149 1146 2192 ordine,
1168 2151 1205 2185 et
1226 2149 1439 2194 positione,
1463 2160 1508 2186 ex
1530 2158 1699 2196 quorum

84 2200 284 2230 concursu
313 2193 445 2240 (quem
462 2194 668 2240 oportebat
688 2203 777 2232 esse
807 2195 1028 2239 fortuitum,
1050 2205 1141 2232 cum
1162 2205 1323 2233 causam
1361 2200 1543 2242 agentem
1578 2205 1698 2243 nega·

84 2239 186 2286 rent)
203 2239 403 2286 ponebant
423 2249 512 2277 esse
533 2240 800 2278 diversitatem
833 2242 874 2278 in
903 2242 1036 2286 rebus,
1065 2245 1226 2289 propter
1267 2246 1348 2279 tres
1378 2242 1587 2289 praedictas
1620 2246 1701 2280 ato-

84 2294 242 2324 morum
277 2284 535 2332 differeutias,
566 2287 720 2325 scilicet
748 2287 899 2335 figures,
922 2288 1088 2333 ordinis,
1111 2292 1149 2325 et
1167 2289 1410 2335 positionis;
1433 2289 1535 2326 unde
1559 2298 1698 2336 seque-

84 2331 201 2385 batur
220 2331 517 2370 distinctionem
537 2343 668 2371 rerum
689 2343 779 2373 esse
801 2335 1017 2382 fortuitam,
1038 2335 1146 2384 quod
1175 2345 1224 2374 ex
1241 2336 1462 2383 praemissis
1482 2339 1589 2385 patet
1607 2344 1698 2375 esse

86 2379 247 2417 tatsum.
268 2378 336 2426 (De
349 2382 443 2426 pot„
465 2389 503 2428 q.
523 2388 582 2418 111.
602 2383 636 2422 3,
657 2384 732 2420 art.
754 2381 826 2429 16).

749 2523 919 2570 CAPUT
946 2527 1028 2569 XL.

257 2646 357 2681 QUOD
373 2646 558 2676 *MATERIA
583 2646 660 2676 NON
684 2646 756 2675 EST
779 2645 902 2675 PRIMA
927 2645 1052 2676 CAUSA
1076 2646 1356 2676 DISTINCTIONIS
1381 2648 1525 2678 RERUM.

98 2801 114 2804 ,‚
130 2748 185 2792 Ex
201 2754 266 2792 his
285 2757 416 2792 autem
434 2753 603 2792 ulterius
633 2756 807 2801 apparet,
829 2753 935 2801 quod
950 2762 1095 2806 ‘rerum
1117 2754 1334 2802 distinctiO,
1360 2766 1440 2794 non
1462 2762 1521 2794 est
1541 2762 1704 2804 propter

83 2801 258 2839 materiae
279 2801 547 2839 diversitatem
580 2801 684 2838 sicut
714 2804 874 2847 propter
899 2809 1067 2848 prlmam
1098 2811 1287 2848 causam;
1322 2813 1370 2840 ex
1400 2805 1564 2842 materia
1593 2805 1699 2842 enini

83 2845 185 2885 nihil
204 2847 506 2887 determinatum
526 2848 734 2895 provenire
753 2850 896 2895 potest,
915 2847 993 2886 nisi
1013 2848 1238 2895 casualiter,
1259 2859 1306 2887 eo
1327 2851 1432 2898 quod
1455 2851 1620 2890 materia
1640 2851 1691 2889 ad
