1894 3223
177 136 222 172 84
743 132 830 166 LIB.
860 132 887 173 1,
916 130 1016 166 CAP.
1045 130 1223 165 LXXVIII.

176 223 252 252 tur.
276 214 313 250 Si
335 214 455 259 igitur
473 212 593 249 volita
613 212 725 256 plura
739 219 825 256 quae
847 211 949 246 Deus
968 209 1063 254 vult,
1083 209 1307 246 inducerint
1328 210 1368 245 in
1390 209 1478 255 ipso
1499 208 1669 254 aliquam
1695 209 1793 246 niul-

176 261 399 300 titudInem,
423 261 654 305 sequeretur
670 257 773 303 quod
797 265 873 293 non
896 261 1001 293 esset
1019 256 1059 293 in
1084 265 1131 293 eo
1152 266 1231 294 una
1252 260 1401 292 tantum
1434 256 1610 301 operatio
1651 258 1790 292 volun-

175 308 282 351 tatis,
305 306 410 354 quod
429 309 488 342 est
507 308 642 341 contra
663 308 921 349 praeostensa.

224 356 323 398 item,
356 357 559 389 ostensum
585 354 646 387 est
671 349 776 396 quod
810 351 913 387 Deus
945 349 1024 386 alia
1051 349 1135 386 vult
1166 349 1204 385 in
1235 352 1427 396 quantum
1458 348 1542 385 vult
1576 348 1794 387 bonitatem

177 410 304 439 suam.
330 402 407 435 Hoc
428 399 548 444 igitur
568 397 685 434 modo
704 400 982 442 comparantur
1002 396 1134 443 aliqua
1150 396 1197 432 ad
1219 397 1459 433 voluntatem
1479 395 1562 440 Dei,
1583 404 1662 442 quo
1682 405 1794 432 com-

177 446 474 493 prehenduntur
501 454 524 480 a
545 443 720 481 bonitate
750 443 858 490 ejus;
889 443 958 480 sed
990 443 1124 480 omnia
1144 443 1184 478 in
1208 443 1383 480 bonitate
1409 442 1494 489 eJus
1528 451 1651 479 unum
1686 445 1793 480 sunt.

177 497 272 531 Sunt
292 493 394 528 enim
415 491 596 537 aliquain
613 491 700 536 ipso
721 490 939 527 secundum
955 490 1117 526 modum
1137 489 1236 535 ejus,
1253 489 1639 527 scilicetmaterialia
1654 489 1797 526 imma·

177 539 366 577 terialiter
380 542 418 575 et
434 538 557 574 multa
572 538 693 582 unite,
712 541 753 573 ut
768 547 814 573 ex
829 535 1180 582 supradictis(cap.
1198 539 1241 573 55
1267 541 1305 573 et
1325 536 1383 583 58)
1406 540 1523 582 patet.
1548 536 1796 582 Relinquitur

177 587 298 634 igitur
318 585 422 632 quod
444 585 654 621 multitudo
676 584 885 620 volitorum
907 592 987 619 non
1005 583 1239 628 multiplicat
1258 583 1431 620 divinam
1451 584 1729 620 substantiam.

222 634 415 677 Praeterea,
433 632 591 668 divinus
607 631 831 668 intellectus
847 633 885 666 et
900 630 1084 667 voluntas
1100 634 1194 665 sunt
1206 630 1371 676 aequalis
1392 630 1675 676 simplicitatis,
1703 629 1798 676 quia

178 682 389 726 utrumque
425 683 484 716 est
506 678 638 715 divina
675 678 910 720 substantia,
950 680 992 713 ut
1015 676 1229 728 'probatum
1252 680 1312 714 est
1332 676 1431 724 (cap.
1450 681 1494 714 45
1517 680 1554 714 et
1572 677 1647 724 72).
1667 677 1795 713 Mutti-

180 726 275 763 tudo
311 730 441 762 autem
462 726 752 762 intellectorum
775 734 855 761 non
887 723 1041 760 induCit
1063 723 1356 760 multitudinem
1376 724 1415 760 in
1436 724 1613 761 essentia
1644 724 1794 768 divina,

179 782 308 819 neque
324 773 655 818 compositionem
678 773 719 808 in
738 772 939 808 intellectu
961 770 1060 816 ejus.
1083 771 1182 817 Ergo
1205 779 1332 817 neque
1354 770 1567 807 multitudo
1582 769 1798 807 volitorum

180 820 333 903 intllucit
365 824 432 856 aut
457 820 725 856 diversitatem
746 820 787 855 in
808 818 983 855 essentia
1005 817 1151 862 divina,
1175 821 1243 854 aut
1281 817 1617 863 compositionem
1648 817 1689 853 in
1713 817 1798 863 ejus

179 875 228 904 vo
252 870 398 903 untate.

226 914 408 958 Amplius,
427 912 501 950 hoc
533 912 636 948 inter
656 911 927 958 cognitionem
961 914 999 948 et
1029 910 1245 957 appetitum
1276 910 1454 955 interest,
1477 910 1584 957 quod
1621 909 1799 955 cognitio
1842 945 1845 948 .

181 960 225 996 tit
239 961 459 997 secundum
480 960 586 1006 quod
607 960 808 1006 cognitum
845 962 904 995 est
924 958 1058 1005 aliquo
1079 958 1196 995 modo
1217 958 1258 994 in
1280 961 1549 1004 cognoscente
1568 969 1577 1003 3
1600 957 1800 1003 appetitus

180 1011 312 1043 autem
334 1016 428 1051 non,
451 1007 521 1043 sed
541 1016 561 1043 e
578 1010 714 1043 contra
735 1006 953 1042 secundum
973 1005 1077 1052 quod
1099 1006 1296 1051 appetitus
1318 1005 1486 1042 refertur
1504 1005 1553 1041 ad
1582 1014 1662 1041 rein
1683 1013 1800 1050 appe-

180 1054 331 1090 tibilem
353 1055 393 1090 in
414 1057 604 1100 quantum
626 1056 813 1098 appetens
835 1053 973 1099 quaerit
994 1053 1034 1088 in
1055 1061 1133 1098 quo
1167 1053 1359 1098 quiescat,
1383 1055 1421 1088 et
1440 1055 1598 1098 propter
1627 1052 1701 1088 hoc
1730 1053 1800 1088 no-

182 1109 279 1137 num
304 1104 342 1137 et
361 1102 523 1145 malum,
541 1110 627 1147 quae
648 1100 866 1146 respiciunt
896 1099 1125 1145 appetitum,
1150 1102 1242 1135 sunt
1269 1100 1311 1135 in
1331 1098 1449 1136 rebus
1466 1111 1474 1135 z
1491 1108 1627 1135 verum
1668 1102 1800 1134 autem

181 1151 220 1183 et
242 1148 399 1191 salsum,
421 1157 507 1193 quae
538 1147 758 1192 respiciunt
778 1147 1062 1193 cognitionem⁷
1086 1149 1179 1182 sunt
1213 1146 1253 1181 in
1287 1150 1431 1189 mente,
1454 1149 1497 1182 ut
1529 1145 1799 1190 Philosophus

181 1193 278 1230 dicit
314 1195 353 1231 in
372 1198 483 1231 sexto
503 1195 662 1239 Metaph.
687 1194 799 1239 (text.
821 1203 964 1229 comm.
988 1194 1046 1239 8).
1069 1192 1181 1237 Quod
1216 1195 1347 1229 autem
1373 1192 1523 1239 aliquid
1544 1192 1592 1229 ad
1614 1192 1736 1228 multa
1757 1200 1800 1229 se

183 1240 338 1286 habeat,
366 1250 447 1277 non
474 1244 667 1287 repugnat
695 1240 938 1286 simplicitati
978 1241 1079 1285 ejus,
1111 1249 1200 1276 cum
1238 1243 1276 1276 et
1312 1240 1445 1277 unitas
1487 1239 1540 1276 sit
1580 1239 1799 1275 multorum

182 1295 435 1325 numerorum
458 1288 708 1334 principium.
730 1287 936 1324 Multitudo
956 1296 1050 1333 ergo
1080 1288 1292 1324 volitorum
1312 1295 1336 1324 a
1371 1288 1451 1324 Deo
1487 1294 1568 1323 non
1603 1288 1800 1333 repugnat

182 1334 268 1382 ejus
289 1335 546 1381 simplicitati.
567 1335 597 1381 (1
613 1338 728 1381 part„
747 1343 786 1382 q.
807 1342 890 1380 xix,
911 1337 984 1372 art.
1007 1334 1060 1381 2.)

785 1481 953 1523 CAPUT
987 1481 1198 1522 LXXVIII.

362 1596 462 1631 QUOD
486 1597 627 1626 DIVINA
651 1595 850 1625 VOLUNTAS
875 1595 928 1626 AD
954 1595 1189 1624 SINGULARIA
1212 1595 1316 1625 BONA
1341 1594 1388 1624 SE
1410 1594 1613 1625 EXTENDIT.

231 1712 286 1748 Ex
306 1720 384 1757 quo
409 1711 526 1747 etiam
549 1713 722 1757 apparet,
747 1711 853 1757 quod
874 1719 955 1747 non
976 1713 1132 1756 oportet
1150 1719 1225 1749 nos
1247 1710 1390 1755 dicere,
1412 1710 1460 1748 ad
1480 1711 1799 1750 conservandam

186 1757 480 1803 simplicitatem
502 1758 689 1802 divinam,
706 1759 810 1804 quod
832 1759 925 1794 velit
945 1758 1022 1794 alia
1043 1758 1147 1795 bona
1168 1758 1208 1794 in
1233 1757 1402 1804 quadam
1425 1757 1735 1798 universalitate,
1758 1759 1800 1796 in

184 1809 374 1851 quantum
396 1805 478 1841 vult
498 1813 541 1841 se
562 1814 650 1841 esse
669 1805 904 1850 principium
927 1805 1137 1849 bonorum,
1159 1814 1245 1850 quae
1277 1808 1446 1850 possunt
1465 1804 1513 1841 ab
1544 1804 1632 1850 ipso
1656 1806 1795 1850 fluere,

184 1860 265 1888 non
287 1855 416 1887 autem
436 1852 639 1888 veliteain
658 1852 897 1896 particulari.
915 1853 1008 1888 Nam
1029 1852 1127 1888 velle
1149 1851 1442 1888 estsecundum
1458 1852 1798 1897 comparationem

183 1898 399 1935 voluntatis
419 1898 465 1934 ad
488 1907 567 1935 rem
589 1899 762 1935 votitam.
785 1901 871 1934 Non
905 1902 1034 1935 autem
1066 1899 1247 1943 prohibet
1269 1898 1403 1935 divina
1429 1898 1665 1944 simplicitas
1698 1899 1795 1945 quin

183 1946 312 1991 possit
325 1946 543 1990 comparari
559 1945 604 1981 ad
623 1946 757 1989 multa,
772 1946 887 1982 etiam
903 1946 1167 1991 particularia.
1185 1945 1334 1982 Dicitur
1348 1945 1453 1982 enim
1470 1947 1573 1982 Deus
1586 1946 1796 1992 optimum,

183 1992 245 2029 vel
273 1992 441 2038 primum
468 1997 647 2038 respectu
686 1993 964 2039 singularium.
991 1994 1091 2039 Ergo
1124 2001 1199 2030 sua
1235 1992 1471 2039 simplicitas
1507 2001 1590 2029 non
1614 1993 1798 2039 prohibet

184 2039 284 2086 quin
305 2039 344 2074 in
367 2039 530 2084 speciali
549 2040 608 2076 vel
629 2040 856 2086 particulari
875 2041 954 2076 alia
973 2049 995 2076 a
1015 2049 1057 2076 se
1082 2040 1187 2076 velit.

230 2087 329 2126 Item,
344 2087 527 2124 voluntas
549 2087 615 2123 Dei
637 2087 683 2123 ad
704 2088 782 2123 alia
800 2087 1102 2132 comparaturin
1118 2090 1308 2133 quantum
1328 2086 1545 2124 bonitatem
1561 2086 1800 2133 participant

185 2141 233 2168 ex
261 2133 399 2169 ordine
431 2133 479 2170 ad
518 2133 733 2170 bonitatem
772 2134 959 2178 divinam,
982 2143 1068 2181 quae
1096 2138 1154 2171 est
1176 2134 1276 2170 ratio
1302 2134 1459 2171 volendi
1488 2136 1567 2170 Deo
1590 2145 1598 2170 ε
1619 2134 1688 2171 sed
1718 2141 1800 2171 non

185 2179 314 2216 solum
338 2180 575 2217 universitas
611 2181 821 2226 bonorum,
843 2182 913 2218 sed
946 2185 981 2218 et
1017 2181 1221 2228 singulum
1257 2189 1394 2218 eorum
1413 2191 1435 2218 a
1455 2180 1631 2218 bonitate
1664 2181 1798 2218 diviua

183 2225 404 2310 bonitate-13
422 2228 598 2272 sortitur,
620 2228 723 2264 sicut
742 2232 779 2264 et
797 2237 899 2265 esse.
917 2228 1107 2265 Voluntas
1127 2229 1247 2275 igitur
1260 2228 1327 2264 Dei
1343 2227 1390 2265 ad
1412 2227 1574 2274 singula
1595 2228 1796 2266 bonorum

185 2281 229 2310 sc
252 2283 298 2309 ex
318 2283 365 2309 en
398 2278 437 2310 it.

230 2321 414 2366 Amplius,
432 2320 650 2358 secundum
666 2321 953 2367 Philosophum
969 2321 1010 2358 in
1025 2321 1261 2358 duodecimo
1275 2322 1434 2366 Metapa.
1453 2321 1559 2367 (text.
1575 2330 1718 2359 comm.
1738 2324 1782 2359 52

185 2367 329 2413 duplex
342 2368 911 2405 honumordinisiiiveniturin
928 2369 1112 2405 universo
1130 2380 1137 2405 ε
1155 2377 1276 2405 unum
1288 2369 1445 2414 quidem
1459 2369 1677 2405 secundum
1694 2377 1771 2415 quo

184 2416 308 2451 totum
333 2415 560 2452 universum
581 2415 786 2452 ordinatur
804 2415 853 2452 ad
873 2415 912 2452 id
933 2415 1039 2462 quod
1063 2419 1123 2452 est
1142 2420 1250 2452 extra
1263 2416 1505 2460 universum,
1525 2416 1628 2453 sicut
1649 2416 1797 2453 exerci-

185 2463 249 2498 tus
268 2461 471 2498 ordinatur
492 2463 537 2499 ad
560 2462 719 2505 ducem;
753 2462 859 2498 aliud
881 2462 1098 2499 secundum
1122 2463 1226 2509 quod
1246 2466 1376 2508 partes
1397 2463 1573 2500 universi
1610 2463 1796 2500 ordinan-

185 2510 250 2544 tur
269 2509 313 2544 ad
339 2509 522 2552 invicem,
549 2510 650 2546 sicut
686 2509 802 2546 etiam
824 2514 954 2555 partes
989 2510 1199 2546 exercitus.
1223 2510 1429 2547 Secundus
1463 2513 1594 2548 autem
1614 2509 1711 2546 ordo
1735 2511 1795 2546 est

186 2559 344 2599 propter
364 2556 546 2600 primum.
568 2558 671 2593 Deus
693 2561 823 2593 autem
844 2566 891 2593 ex
923 2557 999 2594 hoc
1019 2557 1124 2604 quod
1145 2557 1225 2594 vult
1247 2566 1303 2600 se,
1325 2556 1478 2594 utfinis
1499 2560 1573 2600 est,
1594 2555 1678 2592 vult
1705 2555 1798 2600 alia,

187 2610 273 2652 quae
289 2602 521 2638 ordinantur
550 2603 589 2638 in
612 2604 741 2648 ipsum
768 2608 807 2640 ut
827 2604 868 2640 in
887 2602 1021 2648 finem,
1044 2605 1148 2641 sicut
1171 2604 1378 2649 probatum
1408 2607 1469 2640 est
1489 2602 1588 2649 (cap.
1608 2603 1684 2648 75).
1706 2603 1799 2640 Vult

187 2652 308 2693 igitur
327 2648 474 2685 bonum
496 2650 648 2686 ordinis
669 2651 791 2688 totius
812 2651 985 2688 universi
1004 2652 1045 2687 in
1064 2651 1209 2697 ipsum,
1225 2655 1262 2687 et
1280 2651 1429 2688 bonum
1445 2649 1598 2686 ordinis
1619 2649 1797 2688 universi

188 2694 407 2745 secundum
445 2700 574 2740 partes
613 2705 707 2733 suas
729 2697 776 2734 ad
819 2698 1000 2735 invicem.
1017 2699 1169 2735 Bonum
1190 2701 1321 2735 autem
1358 2696 1510 2733 ordinis
1543 2696 1728 2733 consistit
1750 2706 1798 2734 ex

188 2742 360 2786 singulis
380 2741 510 2778 bonis.
533 2742 620 2779 Vult
635 2744 755 2789 igitur
772 2745 891 2781 etiam
908 2745 1068 2791 singula
1085 2746 1201 2782 liona.

233 2789 423 2840 Praeterea,
446 2788 479 2825 si
502 2790 604 2841 Deus
626 2798 705 2841 non
726 2792 807 2828 vult
828 2792 988 2839 singula
1007 2792 1113 2829 hona
1133 2801 1180 2828 ex
1199 2790 1344 2838 quibus
1364 2792 1522 2827 constat
1549 2790 1795 2836 universum,

188 2839 368 2886 sequitur
385 2835 489 2882 quod
510 2844 551 2871 in
579 2845 765 2874 universo
787 2838 839 2873 sit
867 2847 890 2874 a
913 2848 1006 2875 casu
1029 2838 1182 2875 ordinis
1202 2838 1365 2874 bonum.
1387 2837 1474 2873 Non
1495 2837 1601 2874 enim
1623 2841 1684 2874 est
1701 2845 1795 2884 pos·

189 2880 306 2919 sibile
324 2881 431 2929 quod
459 2882 592 2929 aliqua
608 2892 699 2929 pars
734 2885 909 2922 universi
945 2885 1081 2922 omnia
1099 2884 1353 2931 particularia
1378 2883 1484 2922 bona
1521 2888 1736 2931 componat
1755 2884 1799 2921 in
