1894 3223
742 98 830 136 Lm.
860 98 924 142 111,
953 98 1054 135 CAP.
1082 98 1122 135 L.
1662 99 1725 135 321

101 180 326 220 evidentius
342 182 505 226 apparet
525 179 575 216 de
592 187 715 216 causa
746 179 832 224 ejus
864 179 970 226 quod
1002 179 1068 216 sit.
1088 178 1326 217 Substantiae
1360 180 1493 215 autem
1529 182 1725 224 separata}

102 237 190 276 quae
226 236 297 274 per
329 227 484 273 seipsas
522 227 645 264 Deum
682 230 947 272 cognoscunt,
983 230 1076 263 sunt
1119 225 1426 272 propinquiores
1477 224 1643 262 effecius
1690 229 1729 262 et

103 274 332 321 expressius
346 274 415 311 Dei
436 273 739 310 similitudinem
761 276 957 318 gerentes,
974 283 1092 319 quam
1114 273 1278 310 effecius
1300 282 1368 318 per
1386 281 1488 319 quos
1510 281 1584 309 nos
1600 274 1724 309 Deum

102 321 401 405 cognoscidmus.
424 320 577 358 Certius
598 329 693 367 ergo
712 320 845 357 sciunt
864 320 1098 357 substantiae
1132 324 1323 366 separatae
1356 322 1394 356 et
1424 319 1572 356 clarius
1606 328 1726 366 quarn

105 378 182 406 nos
230 377 281 406 uo
327 369 432 405 Deus
452 370 526 405 est.

149 379 302 456 Russsua
340 424 430 453 cum
469 424 538 461 per
569 414 804 461 negationes
836 414 885 451 ad
917 415 1116 460 propriam
1148 413 1420 460 cognitionem
1458 413 1514 450 rei
1565 422 1727 460 quoquo

105 462 226 501 niodo
247 462 491 506 devenimus,
514 464 557 498 ut
586 470 708 507 supra
725 462 823 507 (cap.
847 461 906 507 39)
925 461 1072 498 dictum
1107 465 1179 504 cst,
1202 464 1350 507 quanto
1382 461 1496 506 plura
1529 464 1567 497 ct
1600 461 1730 507 magis

103 509 331 557 propinqua
351 509 442 556 quis
462 508 510 545 ab
532 508 668 555 aliquo
687 512 840 545 remota
868 517 957 545 esse
990 507 1233 554 cognoverit,
1255 511 1364 543 tanto
1400 507 1529 553 magis
1558 507 1606 544 ad
1640 516 1730 553 pro·

132 555 697 609 riam-ipsiuscognitionem
729 555 895 607 accedit,
927 555 1031 592 sicut
1070 555 1198 601 magis
1243 553 1408 606 accedit·
1437 543 1485 591 ad
1529 555 1730 600 propriam

134 612 282 640 ominis
303 607 574 649 cognitionem
593 612 660 649 qui
681 606 757 639 scit
777 611 867 639 cum
903 611 984 640 non
1018 611 1107 639 esse
1141 610 1268 647 neque
1302 605 1578 652 inanimatum,
1602 610 1731 648 neque

105 650 401 696 insensibilem,
436 659 552 696 quam
589 650 656 696 qui
691 649 766 686 scit
798 649 929 686 solum
965 658 1055 686 cum
1089 657 1168 685 non
1202 657 1292 685 esse
1328 648 1604 693 inanimatum,
1641 649 1732 686 licet

104 700 246 736 neuter
276 698 377 734 sciat
409 697 456 734 de
488 697 652 734 homine
684 696 778 743 quid
825 696 890 733 sit.
926 696 1164 733 Substantia}
1208 699 1337 731 autem
1385 699 1575 740 separatae
1619 695 1733 741 plura

108 749 361 791 cognoscunt
380 753 498 791 quam
521 751 610 789 nos,
633 747 670 780 et
689 753 776 790 quin
797 746 891 780 sunt
913 745 992 780 Deo
1013 743 1142 788 magis
1164 742 1400 788 propinqua,
1419 746 1457 778 et
1487 752 1556 788 pei·
1589 751 1731 779 conse·

105 800 234 839 quens
254 800 329 828 suo
351 791 553 828 intellectu
589 791 703 837 plura
736 794 772 827 et
801 790 931 836 magis
964 790 1186 836 propinqua
1218 799 1241 825 a
1261 791 1340 825 Deo
1375 793 1580 826 removent
1612 798 1731 836 quam

109 847 200 876 nos.
221 838 346 886 Magis
366 838 488 885 igitur
507 838 702 877 accedunt
721 837 769 873 ad
800 837 999 883 propriam
1029 837 1157 882 ipsius
1189 836 1459 887 cognitionem
1489 845 1606 883 quarn
1641 845 1730 878 iios,

107 885 202 969 licjet
224 894 296 922 nec
319 885 416 932 ipsae
443 894 512 932 per
544 885 620 922 hoc
654 884 761 931 quod
791 885 947 930 seipsas
979 884 1222 930 intelligunt,
1251 883 1426 920 divinam
1466 883 1732 920 substantiam

106 932 143 970 vi
176 936 279 969 eant.

154 980 255 1020 Item,
279 982 389 1016 tanto
410 978 558 1025 aliquis
583 977 755 1024 alicujus
778 977 1028 1014 altitudinem
1048 977 1177 1024 magis
1199 977 1321 1021 novit,
1341 980 1490 1023 quanto
1521 977 1732 1014 altioribus

107 1035 198 1063 eum
224 1025 298 1063 scit
317 1034 406 1063 esse
427 1025 648 1071 praelatum,
671 1025 789 1069 sicut,
813 1025 887 1061 etsi
909 1025 1083 1062 rusticus
1105 1025 1206 1061 sciat
1239 1032 1371 1069 regem
1408 1032 1498 1061 esse
1531 1033 1733 1061 summum

107 1073 158 1117 in⁸
173 1081 310 1119 regno,
330 1072 397 1118 qui
419 1076 551 1108 tamen
587 1080 668 1108 non
698 1071 907 1118 cognoscit
938 1071 1017 1109 nisi
1050 1071 1229 1118 quaedam
1261 1069 1398 1107 infima
1428 1070 1541 1117 regni
1585 1071 1731 1115 officia,

107 1128 198 1157 cum
219 1118 364 1166 quibus
385 1118 534 1165 aliquid
562 1118 681 1155 habet
711 1118 875 1164 negotii,
898 1127 979 1155 non
1010 1118 1065 1154 ita
1095 1117 1305 1164 cognoscit
1335 1116 1444 1163 regis
1473 1117 1733 1154 eminentiam

106 1166 212 1204 sicut
231 1165 378 1212 aliquis
396 1166 463 1212 qui
483 1165 663 1203 omnium
683 1165 906 1211 principum
927 1164 1039 1211 regni
1070 1164 1302 1211 dignitatem
1337 1164 1461 1209 novit,
1480 1164 1626 1211 quibus
1657 1165 1733 1202 scit

104 1222 239 1260 regem
260 1221 349 1250 esse
370 1213 590 1258 pl'aelatum‚
610 1212 792 1259 quamvis
812 1216 952 1249 neuter
971 1212 1222 1249 altitudinem
1243 1211 1363 1257 regiae
1384 1211 1592 1259 dignitatis
1627 1219 1732 1248 com·

105 1259 338 1306 prehendat.
359 1262 439 1297 Nos
464 1263 596 1297 autem
629 1269 709 1296 non
741 1259 893 1297 scimus
927 1259 1006 1296 nisi
1041 1259 1222 1306 quaedam
1254 1257 1394 1295 infima
1425 1258 1592 1296 entium.
1627 1259 1733 1296 Licet

106 1316 202 1354 ergo
221 1307 398 1345 sciamus
420 1309 542 1344 Deum
560 1307 748 1344 omnibus
769 1306 928 1344 entibus
947 1306 1136 1351 eminere,
1158 1314 1239 1342 non
1261 1309 1395 1342 tamen
1428 1306 1484 1342 ita
1516 1306 1731 1352 cognosci-

105 1362 198 1391 mus
223 1354 480 1391 eminentiam
511 1354 684 1391 divinam
715 1354 820 1391 sicut
851 1354 1085 1391 substantiae
1121 1356 1325 1399 separatae‚
1362 1352 1509 1399 quibus
1543 1352 1732 1389 altissimi

106 1410 239 1438 rerum
256 1401 418 1438 ordines
438 1401 522 1438 noti
544 1405 650 1446 sunt,
672 1404 710 1438 et
733 1401 791 1438 eis
811 1401 1001 1439 omnibus
1022 1400 1269 1446 superiorem
1290 1401 1414 1438 Deum
1436 1409 1525 1437 esse
1559 1407 1732 1446 cognos-

107 1451 214 1487 cunt

157 1495 325 1534 Ulterius,
347 1495 603 1532 manifestum
623 1498 685 1532 est
703 1494 810 1541 quod
830 1495 1045 1532 causalitas
1067 1493 1236 1539 alicujus
1257 1503 1390 1531 causae
1417 1496 1455 1530 et
1487 1493 1612 1530 virtus
1645 1493 1732 1539 ejus

106 1544 217 1580 tanto
240 1541 368 1588 magis
386 1541 657 1588 cognoscitur,
707 1545 827 1579 uanto
848 1542 984 1587 plures
1003 1545 1040 1578 et
1058 1541 1229 1588 majores
1250 1540 1337 1586 ejus
1360 1539 1525 1578 effectus
1553 1540 1732 1577 innotes-

106 1594 214 1626 cunt.
239 1590 294 1626 Ex
313 1597 391 1635 quo
409 1588 665 1625 manifestum
714 1588 851 1635 Lquod
872 1588 1106 1630 substantiae
1140 1591 1331 1632 separatae
1363 1587 1640 1624 causalitatem
1662 1587 1731 1623 Dei

108 1639 146 1674 et
166 1636 252 1682 ejus
267 1636 450 1675 virtutem
470 1635 599 1681 magis
616 1638 867 1682 cognoscunt
885 1645 1004 1683 quam
1022 1644 1112 1679 nos,
1134 1634 1226 1672 licet
1258 1643 1333 1671 nos
1366 1634 1547 1671 omnium
1581 1634 1733 1671 entium

108 1691 198 1721 eum
218 1691 307 1721 esse
330 1691 493 1721 causam
514 1682 702 1720 sciamus.
725 1683 754 1728 (Ι
774 1686 888 1728 part„
912 1693 949 1730 q.
971 1691 1042 1727 xii,
1065 1685 1137 1719 art.
1157 1684 1200 1727 43
1222 1685 1260 1719 et
1278 1691 1316 1729 q.
1337 1689 1444 1728 inv,
1466 1685 1538 1718 art.
1560 1684 1573 1718 1
1596 1680 1658 1718 ad.
1679 1680 1732 1728 2.)

797 1826 964 1868 CAPUT
992 1828 1037 1869 L.

141 1941 243 1978 QUOD
268 1942 310 1971 IN
333 1942 531 1971 NATURALI
557 1941 789 1971 COGNlTIONE
813 1942 923 1975 QUAM
946 1942 1105 1971 HABENT
1131 1941 1379 1971 SUBSTANTIAE
1405 1941 1620 1972 SEPARATAE
1644 1943 1695 1972 DE

499 1994 590 2031 DEO,
616 1995 695 2024 NON
721 1995 898 2029 QUIESGIT
928 1994 1061 2023 EORUM
1085 1994 1337 2024 DESIDERIUM.

156 2104 234 2154 Nec
254 2105 386 2154 potest
404 2106 534 2140 autem
556 2112 646 2141 esse
676 2103 784 2150 quod
817 2103 859 2140 in
890 2103 960 2140 tali
980 2103 1049 2140 Dei
1079 2103 1310 2150 cognitione
1340 2103 1518 2150 quiescat
1553 2105 1733 2142 naturale

110 2148 613 2201 desideriumtsubstantiae
640 2153 845 2196 separatae.
866 2151 990 2187 Omne
1020 2150 1127 2187 enim
1155 2150 1263 2197 quod
1292 2153 1354 2187 est
1385 2149 1658 2196 imperfectum
1692 2152 1733 2189 in

105 2196 243 2243 aliqua
262 2204 407 2242 specie,
430 2196 629 2234 desiderat
647 2196 840 2244 consequi
859 2197 1144 2243 perfectionem
1178 2197 1327 2243 speciei
1361 2196 1484 2235 illius.
1513 2198 1588 2241 Qui
1627 2198 1733 2235 enim

107 2242 229 2281 habet
248 2243 478 2288 opinionem
500 2242 548 2280 de
567 2253 609 2280 re
630 2243 775 2289 aliqua,
795 2253 883 2290 quae
915 2247 976 2281 est
1008 2243 1239 2289 imperfecta
1274 2243 1385 2280 illius
1419 2244 1476 2280 rei
1509 2244 1663 2288 notitia,
1687 2254 1735 2281 ex

107 2289 186 2328 hoc
207 2289 295 2335 ipso
323 2289 510 2327 incitatur
530 2289 579 2327 ad
598 2290 905 2328 desiderandum
926 2290 1036 2328 illius
1057 2291 1114 2327 rei
1131 2290 1355 2327 scientiam.
1377 2290 1569 2327 Praedicta
1601 2295 1733 2328 autem

107 2336 287 2383 cognitio
318 2346 435 2384 quam
466 2336 700 2374 substantiae
730 2340 920 2383 separatae
957 2337 1102 2375 habent
1133 2337 1181 2374 de
1201 2339 1296 2381 Deo,
1327 2346 1409 2373 non
1442 2341 1733 2382 cognoscentes

106 2383 239 2430 ipsius
260 2383 539 2429 substantiam,
561 2387 623 2420 est
654 2384 885 2430 imperfecta
911 2383 1155 2430 cognitionis
1187 2384 1356 2430 species.
1376 2384 1463 2420 Non
1493 2384 1600 2420 enim
1633 2384 1733 2422 arbi-

107 2433 261 2467 tramur
279 2439 354 2467 nos
375 2430 525 2476 aliquid
556 2439 813 2477 cognoscere,
838 2431 872 2468 si
907 2430 1172 2467 substantiam
1203 2430 1290 2477 ejus
1318 2438 1401 2466 non
1431 2431 1730 2476 cognoscimus.

109 2476 219 2514 Unde
246 2479 284 2513 et
309 2476 551 2523 praecipuum
576 2476 618 2513 in
643 2477 873 2524 cognitione
894 2477 1064 2523 alicujus
1081 2477 1138 2513 rei
1159 2480 1220 2513 est
1242 2476 1346 2514 scire
1368 2475 1417 2512 de
1449 2485 1497 2513 ea
1528 2477 1623 2523 quid
1657 2481 1731 2515 est.

108 2525 163 2561 Ex
183 2524 257 2560 hac
278 2523 400 2570 igitur
419 2523 648 2570 cognitione
669 2533 787 2570 quam
807 2524 953 2560 liabent
973 2523 1206 2561 substantiae
1242 2526 1434 2568 separatae
1469 2523 1516 2560 de
1536 2526 1630 2565 Deo,
1649 2533 1732 2562 non

108 2570 480 2654 quiescitlnagurale
502 2570 760 2616 desiderium,
780 2570 851 2608 sed
868 2570 1056 2608 incitatur
1085 2569 1214 2617 magis
1247 2569 1297 2607 ad
1331 2569 1508 2608 divinam
1545 2571 1731 2610 substan-

126 2625 206 2655 iam
225 2627 262 2653 vi
293 2627 341 2654 en
373 2626 450 2654 am.

155 2665 256 2705 Item,
279 2673 327 2702 ex
345 2664 576 2711 cognitione
596 2662 808 2701 effectuum
829 2663 1017 2700 incitatur
1046 2663 1290 2700 desiderium
1322 2663 1373 2701 ad
1404 2665 1731 2711 cognoscendum

110 2718 288 2748 causam.
311 2711 419 2748 Unde
454 2711 637 2748 homines
669 2709 944 2756 philosophari
989 2710 1237 2756 inceperunt,
1257 2719 1404 2748 causas
1437 2721 1570 2749 rerum
1599 2712 1731 2758 inqui-

109 2760 255 2794 rentes.
291 2759 379 2795 Non
412 2758 583 2805 quiescit
620 2757 742 2804 igitur
777 2756 929 2793 sciendi
966 2756 1210 2794 desiderium
1262 2757 1496 2795 naturaliter
1544 2760 1731 2796 omnibus

110 2802 346 2855 substantiis
367 2804 705 2842 intellectualibus
724 2803 909 2848 inditum,
932 2803 1010 2841 nisi
1032 2804 1206 2851 cognitis
1226 2803 1467 2843 substantiis
1501 2804 1730 2849 effectuum,

110 2850 268 2888 etiamsi
286 2851 550 2889 substantiam
571 2860 703 2891 causae
723 2853 984 2898 cognoscant.
1006 2852 1080 2888 Per
1098 2851 1175 2889 hoc
1203 2850 1340 2899 igitur,
1360 2851 1468 2901 quod
1497 2852 1731 2890 substantiae

1565 2928 1605 2962 21
