1894 3223
732 95 821 134 Lm.
846 94 914 141 m,
941 94 1045 136 cAP.
1070 94 1130 134 IX.
1672 94 1738 129 267

137 180 276 216 oneret
309 177 477 214 alterum
513 176 821 222 contrariorum,
860 181 967 215 esset
1018 176 1185 224 privatio
1219 175 1279 213 vel
1312 174 1472 222 negatio
1523 183 1634 220 pura.
1668 173 1741 211 Se‘d

110 188 259 264 Bonum
294 227 332 262 et
378 224 526 262 malum
563 224 750 261 dicuntur
787 234 876 261 esse
915 224 1127 262 contraria.
1166 223 1309 260 Malum
1349 223 1471 269 igitur
1505 226 1566 258 est
1600 225 1743 259 natura

110 273 160 310 ali
194 282 258 309 ua.

158 282 259 359 gem,
281 318 432 356 bonum
455 321 494 355 et
511 317 660 355 malum
682 317 870 355 dicuntur
889 326 978 354 esse
997 327 1142 363 genera
1162 316 1453 355 contrariorum
1469 316 1516 353 ab
1531 315 1741 363 Aristotele

112 366 210 413 (Post
226 366 532 412 praedicavm.,c.l
559 365 599 401 in
620 364 756 411 ealce).
781 364 999 411 Cujuslibet
1016 369 1146 401 autem
1169 364 1326 412 generis
1347 367 1406 400 est
1431 363 1607 400 essentia
1621 366 1659 400 et
1676 372 1743 401 na-

113 418 199 451 tura
218 413 374 461 aliqua3
398 422 489 450 nam
521 421 602 450 non
633 412 737 449 eutis
769 421 848 449 non
883 416 977 449 sunt
1006 412 1160 457 species
1191 421 1319 458 neque
1349 409 1595 455 diffe1·entiae‚
1631 413 1669 463 et
1688 411 1743 447 ita

112 460 218 508 quod
240 469 320 498 non
336 464 397 498 est
417 469 499 498 non
516 463 646 506 potest
668 468 757 496 esse
779 468 920 506 genus.
944 460 1087 495 Malum
1110 462 1170 496 cst
1185 459 1307 505 igitur
1338 458 1471 505 aliqua
1497 461 1674 495 essentia
1705 461 1743 494 et

113 512 270 545 natura.

160 555 307 601 Adhuc,
332 563 449 592 omne
472 554 577 601 quod
598 553 679 599 agit
698 556 757 590 est
778 562 841 590 res
863 553 1010 600 aliqua.
1032 553 1174 589 Malum
1196 556 1328 589 autem
1347 552 1442 599 agit,
1472 552 1515 588 in
1549 555 1739 598 quantum

112 602 287 647 malum;
311 605 506 649 repugnat
527 601 634 638 enim
650 600 755 637 bono
777 605 812 637 et
832 600 1050 646 corrumpit
1071 601 1216 646 ipsum.
1238 600 1381 636 Malum
1402 599 1536 646 igitur,
1559 599 1601 636 in
1622 607 1742 646 quan·

111 653 195 686 tum
219 649 383 692 malum,
406 652 467 686 est
486 658 549 685 res
572 648 718 694 aliqua.
1115 686 1117 688 ,

158 697 343 742 Amplius,
366 697 406 733 in
427 696 748 743 quibuscumque
772 694 971 732 invenitur
990 694 1118 740 magis
1136 697 1173 730 et
1189 694 1338 738 minus,
1361 696 1514 739 oportet
1536 693 1642 739 quod
1663 693 1744 730 sint

111 752 176 781 res
216 744 359 791 aliquae
397 743 588 780 habentes
629 742 832 785 ordincm;
870 742 1102 788 negationes
1139 741 1244 777 enim
1294 744 1332 777 et
1379 740 1621 786 privationes
1660 747 1742 777 non

113 790 338 837 suscipiunt
353 790 482 838 magis
500 789 696 827 etminus.
718 789 920 825 Invenitur
932 793 1063 825 autem
1085 788 1186 824 inter
1207 788 1312 824 mala
1331 796 1455 824 unum
1471 788 1595 824 altero
1614 787 1740 834 pejus.

115 837 276 884 Oportet
292 838 428 884 igitur,
445 841 486 874 ut
504 837 672 881 videtur,
689 836 794 883 quod
810 836 954 872 nialuni
979 836 1030 872 sit
1051 844 1113 871 res
1133 836 1278 881 aliqua.

159 887 349 930 Praeterea,
371 894 434 921 res
454 888 489 921 et
511 893 582 921 ens
604 887 899 922 convertuntur.
920 885 984 920 Est
1005 888 1136 920 autem
1157 884 1305 919 malum
1322 881 1538 919 inmundo.
1557 883 1658 929 Ergo
1683 883 1744 919 est

115 940 180 969 res
198 932 332 980 aliqua
351 936 389 969 et
410 935 564 969 natura.

798 1076 968 1118 CAPUT
996 1077 1064 1118 lx.

514 1198 724 1228 RESPONSIO
746 1198 798 1227 AD
825 1199 1049 1227 PRAEDICTAS
1070 1198 1339 1228 OBJECTIONES.

162 1310 240 1346 Has
263 1311 395 1345 autem
414 1307 591 1345 rationes
612 1316 693 1345 non
712 1307 873 1345 difficile
891 1311 951 1345 est
972 1308 1142 1345 solvere.

160 1355 304 1393 Malum
325 1355 432 1392 enim
453 1358 491 1392 et
509 1355 659 1392 bonum
679 1355 720 1392 in
742 1354 961 1392 moralibus
983 1354 1178 1401 specificae
1204 1354 1440 1393 differentiae
1461 1357 1678 1402 ponuntur,
1700 1357 1744 1392 ut

142 1403 244 1440 rima
262 1402 363 1440 ratio
380 1402 639 1449 proponebat,
655 1403 748 1450 quia
762 1402 929 1439 moralia
961 1411 984 1439 a
1012 1402 1216 1439 voluntate
1248 1402 1486 1448 dependent.
1518 1401 1744 1439 Secundum

115 1412 193 1487 Boc
211 1449 318 1486 enim
338 1449 488 1502 aliquid
509 1449 556 1486 ad
579 1458 706 1497 genus
724 1451 849 1487 moris
869 1449 1040 1496 pertinet
1058 1449 1165 1496 quod
1186 1453 1246 1487 est
1262 1449 1548 1487 voluntarium.
1562 1449 1747 1485 Volunta-

115 1497 169 1534 tis
189 1499 321 1534 autem
347 1495 545 1543 objectum
564 1500 622 1533 est
645 1495 737 1533 finis
758 1500 796 1533 et
818 1496 967 1534 bonum
985 1508 994 1540 ;
1017 1496 1121 1533 unde
1141 1506 1164 1533 a
1181 1495 1259 1533 fine
1281 1497 1455 1543 speciem
1476 1496 1644 1534 moralia
1665 1504 1747 1532 sor-

115 1543 282 1589 tiuntur,
304 1543 410 1581 sicut
428 1547 466 1581 et
483 1543 685 1581 naturales
705 1545 883 1581 actiones
902 1552 924 1580 a
940 1543 1068 1580 forma
1092 1543 1277 1590 principii
1299 1544 1430 1588 activi,
1462 1547 1505 1581 ut
1537 1543 1745 1581 calefactio

117 1600 141 1628 a
163 1591 308 1629 calore.
330 1591 430 1636 Quia
447 1591 569 1637 igitur
588 1590 737 1628 bonum
769 1594 806 1628 et
834 1590 982 1627 malum
1014 1590 1201 1628 dicuntur
1232 1590 1453 1628 secundum
1485 1591 1666 1628 ordinem
1697 1589 1747 1627 ad

116 1637 237 1675 finem
257 1638 318 1674 vel
339 1638 600 1684 privationem
623 1637 790 1683 ordinis,
813 1642 967 1684 oportet
997 1638 1103 1684 quod
1138 1638 1177 1674 in
1216 1638 1436 1676 moralibus
1469 1638 1606 1685 primae
1639 1636 1748 1674 diffe-

116 1683 525 1723 rentiae‘sintbonum
545 1688 582 1722 et
605 1685 766 1721 malum.
800 1685 923 1722 Unius
955 1690 1087 1722 autem
1118 1686 1277 1732 generis
1311 1689 1468 1731 oportet
1502 1694 1592 1723 esse
1625 1693 1746 1721 unam

117 1741 347 1770 mensuram
366 1733 549 1778 primam.
571 1732 778 1769 Moralium
797 1735 928 1768 autem
963 1741 1154 1769 mensura
1184 1736 1244 1770 est
1282 1733 1396 1770 ratio.
1426 1733 1588 1779 Oportet
1626 1730 1748 1777 igitur

117 1779 224 1827 quod
242 1778 356 1817 afine
371 1779 539 1816 rationis
561 1778 743 1816 dicantur
763 1779 897 1825 aliqua
922 1779 962 1815 in
983 1779 1205 1816 moralibus
1240 1779 1349 1817 bona
1377 1779 1439 1817 vel
1475 1780 1594 1817 mala.
1634 1779 1747 1823 Quod

119 1827 242 1873 igitur
258 1826 300 1863 in
321 1827 542 1864 moralibus
557 1827 722 1864 sortitur
743 1826 915 1873 speciem
937 1836 960 1863 a
980 1825 1058 1864 fine
1095 1826 1162 1874 qui
1195 1830 1256 1864 est
1288 1827 1511 1864 secundum
1550 1826 1747 1865 rationem

118 1873 265 1911 dicitur
284 1874 507 1911 secundum
528 1873 702 1920 speciem
723 1882 838 1910 suam
870 1873 1043 1919 bonum;
1079 1873 1186 1922 quod
1217 1883 1311 1912 vero
1344 1874 1511 1912 sortitur
1530 1874 1703 1921 speciem
1725 1883 1748 1911 a

116 1920 196 1958 fine
210 1921 412 1959 contrario
430 1921 501 1958 tini
521 1921 690 1958 rationis
711 1920 856 1958 dicitur
875 1920 1097 1959 secundum
1118 1920 1292 1967 speciem
1313 1930 1428 1959 suam
1448 1921 1611 1960 malum.
1638 1921 1747 1959 Finis

117 1971 250 2006 autem
272 1967 354 2010 ille,
376 1968 450 2006 etsi
485 1968 600 2006 tollat
629 1967 749 2005 finem
783 1968 964 2013 rationis,
994 1973 1055 2006 est
1084 1972 1218 2005 tamen
1248 1969 1411 2016 aliquod
1443 1969 1608 2014 bonum,
1643 1968 1748 2006 sicut

118 2015 349 2053 delectabile
364 2016 583 2053 secundum
600 2024 764 2054 sensum
779 2015 840 2052 vel
855 2015 1004 2063 aliquid
1027 2015 1257 2062 hujusmodi
1274 2028 1283 2062 ;
1303 2016 1408 2054 unde
1426 2020 1464 2053 et
1483 2017 1525 2054 in
1546 2016 1747 2063 aliquibus

117 2061 361 2100 animalibus
385 2066 480 2100 sunt
498 2062 618 2108 bona,
640 2066 678 2100 et
697 2063 851 2100 homini
873 2064 1006 2108 etiam,
1028 2073 1149 2110 quum
1172 2066 1266 2100 sunt
1297 2064 1519 2101 secundum
1553 2065 1745 2101 rationem

117 2108 335 2155 moderata,
356 2113 395 2147 et
427 2110 623 2157 contingit
656 2110 763 2158 quod
795 2113 856 2147 est
885 2110 1034 2148 malum
1068 2111 1137 2147 uni
1158 2119 1248 2148 esse
1267 2110 1418 2148 bonum
1443 2111 1570 2148 alteri.
1594 2113 1637 2147 Et
1657 2111 1746 2148 ideo

117 2165 192 2196 nec
211 2156 375 2201 malum,
402 2157 622 2194 secundum
642 2156 748 2204 quod
762 2161 823 2195 est
842 2156 1066 2194 differentia
1086 2157 1272 2203 specifica
1291 2158 1330 2194 in
1353 2167 1498 2205 genere
1519 2159 1746 2203 moralium,

117 2203 306 2250 importat
329 2203 480 2250 aliquid
499 2204 606 2252 quod
626 2205 679 2242 sit
703 2204 922 2242 secundum
947 2205 1163 2242 essentiam
1184 2214 1297 2242 suam
1318 2206 1483 2251 malum,
1504 2205 1574 2244 sed
1597 2205 1747 2252 aliquid

118 2250 226 2298 quod
254 2250 474 2288 secundum
495 2259 539 2289 se
563 2255 625 2289 est
653 2251 819 2296 bonum,
838 2252 987 2288 malum
1006 2255 1138 2289 autem
1155 2252 1325 2298 homini,
1349 2253 1391 2289 in
1411 2257 1602 2300 quantum
1621 2253 1751 2298 privat

119 2297 300 2335 ordinem
319 2297 501 2343 rationis,
520 2298 625 2345 quod
647 2301 709 2336 est
729 2298 904 2336 hominis
925 2299 1089 2336 honum.

167 2346 222 2382 Ex
240 2353 320 2397 quo
340 2345 459 2382 etiam
479 2348 586 2391 patet
606 2345 713 2392 quod
734 2346 883 2382 malum
915 2349 954 2383 et
981 2345 1131 2384 bonum
1163 2350 1258 2383 sunt
1287 2345 1500 2388 contraria,
1523 2346 1743 2383 secundum

117 2391 226 2440 quod
254 2400 296 2429 ln
333 2401 479 2439 genere
510 2394 723 2430 moralium
755 2393 1018 2439 accipiuntur,
1040 2402 1120 2430 non
1149 2396 1280 2430 autem
1313 2391 1549 2439 simpliciter
1572 2397 1745 2440 accepta,

118 2439 225 2523 εἱῖυῑ
244 2439 422 2523 5ῗουῐιᾱθ,
440 2438 542 2476 ratio
561 2438 829 2486 proponebat;
851 2439 921 2477 sed
941 2440 1091 2477 malum
1111 2439 1279 2486 privatio
1295 2442 1356 2477 est
1373 2439 1484 2485 boni,
1497 2439 1538 2476 in
1554 2444 1746 2487 quantum

106 2495 162 2524 ‚es
200 2495 264 2523 ma
282 2495 362 2523 um.

167 2533 312 2572 Eodem
334 2533 453 2570 etiam
471 2532 591 2571 modo
609 2536 740 2580 potest
760 2532 885 2580 accipi
904 2533 1067 2577 dictum,
1089 2533 1195 2580 quod
1215 2533 1364 2571 malum
1385 2536 1423 2571 et
1441 2533 1606 2579 bonum,
1630 2539 1748 2581 prout

117 2583 214 2619 sunt
241 2581 284 2617 in
301 2580 522 2621 moralibus
542 2583 637 2617 sunt
661 2580 702 2617 in
739 2589 883 2626 genere
904 2581 1207 2621 contrariorum,
1226 2590 1273 2617 ex
1307 2589 1386 2628 quo
1406 2582 1522 2619 tertia
1541 2582 1641 2620 ratio
1663 2591 1749 2630 pro-

117 2627 296 2666 cedebat.
319 2627 504 2666 Omnium
527 2627 632 2665 enim
655 2627 945 2664 contrariorum
964 2628 1176 2665 moralium
1188 2627 1248 2665 vel
1270 2631 1401 2666 utrum
1433 2638 1482 2666 ue
1501 2632 1562 2667 est
1581 2630 1745 2676 malurn,

117 2675 224 2715 sicut
249 2674 513 2723 prodigalitas
540 2678 578 2712 et
604 2674 866 2715 illiberalitas,
903 2674 965 2712 vel
997 2683 1120 2712 unum
1151 2674 1300 2712 bonum
1322 2678 1360 2712 et
1390 2685 1412 2713 a
1430 2679 1557 2714 terum
1581 2677 1745 2723 malum,

143 2721 223 2759 ‘cut
251 2721 470 2760 liberalitas
488 2725 525 2759 et
545 2721 806 2759 illiberalitas.
829 2723 896 2759 Est
915 2721 1038 2768 igitur
1053 2721 1202 2759 malum
1221 2723 1370 2760 morale
1399 2726 1438 2761 et
1456 2731 1585 2771 genus
1605 2729 1643 2762 et
1672 2725 1746 2762 dif-

179 2768 313 2815 entia;
336 2777 419 2807 non
440 2769 661 2807 secundum
690 2768 796 2815 quod
816 2771 877 2806 est
908 2768 1076 2815 privatio
1094 2769 1190 2806 boni
1212 2770 1395 2814 rationis,
1416 2780 1464 2808 ex
1492 2780 1571 2819 quo
1601 2771 1747 2809 dicitur
1795 2776 1800 2780 ’

117 2815 283 2861 malum,
303 2816 372 2854 sed
394 2825 442 2853 ex
462 2819 603 2854 natura
622 2815 792 2853 actionis
819 2815 881 2852 vel
898 2815 1058 2853 habitus
1079 2815 1249 2854 ordinati
1271 2817 1321 2854 ad
1344 2817 1517 2864 aliquem
1536 2817 1655 2855 finem
1677 2818 1744 2865 qui

117 2866 314 2910 repugnat
343 2862 475 2901 debito
508 2862 577 2900 fini
607 2862 929 2906 rationis;sicut
949 2863 1069 2900 homo
1088 2872 1218 2901 caecus
1241 2867 1303 2901 est
1338 2863 1515 2903 hominis
1535 2865 1743 2903 inviduum
