1894 3223
81 142 151 177 :520
500 158 504 163 ¹
678 141 766 176 LIB.
793 139 852 184 IV,
879 139 979 175 CAP.
1005 138 1093 174 XVI.

750 285 915 326 CAPUT
943 284 1028 324 XV.

449 399 500 428 DE
525 397 675 427 SPIRITU
700 397 858 433 SANGTO,
887 397 986 430 QUOD
1013 397 1074 425 SIT
1099 397 1140 425 IN
1163 397 1325 426 DIVINIS.

135 504 282 541 Divinze
305 505 434 539 autem
455 500 663 546 Scripturae
684 499 898 537 auctoritas
916 508 996 536 non
1018 500 1148 536 solum
1170 499 1286 536 nobis
1313 499 1354 535 in
1374 499 1518 537 divinis
1540 502 1690 537 Patrem

87 554 126 589 et
144 551 283 587 Filium
302 548 523 592 annuntiat,
545 547 613 583 sed
635 547 697 585 liis
717 546 871 583 duobus
891 547 1076 591 Spiritum
1092 548 1271 583 sanctum
1293 550 1573 590 connumerat;
1596 547 1690 583 dicit

88 598 193 636 enim
216 596 407 633 Dominus
428 606 437 630 ε
458 596 591 630 Euntes
610 593 727 630 docete
745 603 862 628 omnes
882 595 1012 637 qeutes,
1036 593 1258 637 baptizantes
1281 601 1336 627 eos
1349 594 1388 627 iu
1402 594 1543 628 nomine
1555 594 1691 637 Patris,

87 647 120 680 et
144 645 242 684 Filii,
273 645 305 678 et
331 642 491 686 Spiritus
510 641 626 676 sancti
643 639 800 685 (Mattiu,
818 647 958 682 XXVIII,
981 638 1037 684 19)
1056 650 1064 682 ;
1086 642 1144 675 et:
1170 640 1253 674 Tres
1274 641 1359 674 sunt
1375 640 1439 684 qui
1458 641 1696 675 testimonium

87 691 178 726 dant
196 692 235 725 iu
254 689 334 724 coelo
355 699 366 723 :
386 689 505 727 Pater,
529 687 682 723 Verbum
702 689 735 722 et
750 687 908 731 Spiritus
925 688 1083 721 sanctus.
1105 685 1137 731 (I
1151 686 1282 720 Joann.
1301 693 1343 721 V.
1359 685 1412 730 7.)
1434 685 1557 730 Hujus
1578 686 1695 722 etiam

91 737 259 782 Spiritus
295 734 419 771 sancti
451 733 747 779 processionem
780 731 986 777 quamdam
1029 740 1142 768 sacra
1172 731 1368 776 Scriptura
1386 736 1669 768 commemorat
1687 744 1696 776 ;

88 783 180 821 dicit
201 782 322 818 enim:
343 781 456 824 Quum
474 780 610 815 venerit
627 780 848 819 Paracletus,
871 789 973 823 quem
988 788 1048 821 esso
1062 779 1202 813 mittam
1220 778 1319 813 vobis
1339 788 1361 812 a
1376 779 1497 821 Patre,
1518 778 1696 822 Spiritum

87 830 265 868 veritatis,
290 829 355 873 qui
380 837 403 862 a
423 828 532 862 Patre
558 827 734 871 procedit,
768 826 828 860 ille
865 826 1108 860 testimouium
1134 824 1334 870 perhibebit
1368 824 1410 859 de
1437 834 1504 859 me.
1541 824 1699 870 (Joaun.‚

44 915 48 916 ⁷
89 884 156 916 XV,
179 875 253 921 26.)

748 970 914 1012 CAPUT
946 969 1050 1011 XVI.

208 1085 397 1114 RATIONES
433 1084 485 1113 EX
518 1085 655 1118 QUIBUS
683 1084 813 1117 ALlQUI
840 1083 1019 1111 SPIRITUM
1043 1082 1219 1112 SANCTUM
1242 1082 1584 1113 EXISTIMAVERUNT

708 1141 799 1169 ESSE
818 1140 1062 1170 GREATURAM‚

140 1245 294 1291 Opinati
333 1248 426 1282 sunt
462 1246 590 1280 autem
631 1243 789 1290 quidam
828 1242 1013 1294 Spiritum
1048 1244 1226 1278 sanctum
1247 1245 1463 1294 creaturam
1484 1250 1586 1294 esse,
1608 1243 1700 1280 aliis

91 1292 283 1330 creaturis
317 1291 557 1335 celsiorem3
596 1290 643 1327 ad
673 1289 785 1336 qu'us
819 1292 1076 1326 assertionem
1099 1297 1220 1325 sacrae
1237 1290 1699 1334 Scripturaetestlmoniis

90 1339 312 1377 utebantur.

137 1385 286 1421 Dicitur
307 1384 411 1419 enim
433 1383 649 1419 secundum
670 1382 838 1418 litteram
878 1381 1132 1428 Septuaginta
1154 1393 1160 1416 :
1197 1383 1285 1416 Ecce
1313 1383 1475 1425 formans
1507 1384 1641 1418 montes
1668 1386 1701 1418 et

90 1441 215 1467 creans
244 1431 425 1475 spiritum,
460 1432 492 1464 et
521 1431 742 1464 annuntians
777 1429 911 1464 homiui
928 1428 1074 1463 verbum
1106 1428 1183 1472 ejics
1202 1427 1338 1473 (Amos,
1359 1437 1414 1471 IV,
1439 1427 1519 1473 43);
1541 1431 1578 1464 et
1602 1429 1701 1464 Dicit

89 1479 274 1521 Dominus,
293 1476 484 1511 eoetencleus
504 1476 625 1511 coelum
640 1478 672 1510 et
690 1476 851 1518 fundans
871 1478 1015 1513 terram,
1035 1477 1067 1509 et
1084 1476 1220 1519 fingyeus
1240 1475 1407 1518 spiritum
1426 1474 1577 1510 hominis
1597 1476 1696 1510 ineo.

91 1523 272 1570 (Zachar.,
292 1530 361 1566 XII,
385 1521 433 1568 1.)
454 1521 613 1558 Videtur
632 1521 752 1567 igitur
768 1521 872 1567 quod
894 1520 1060 1566 Spiritus
1080 1523 1241 1557 sanctus
1262 1521 1314 1556 sit
1332 1524 1523 1557 creatura.

136 1570 270 1606 Adhuc
299 1568 393 1605 dicit
412 1568 617 1611 Dominus,
642 1569 688 1604 de
710 1568 853 1613 Spiritu
885 1571 1022 1604 sancto
1043 1567 1210 1613 loquens
1230 1578 1238 1602 :
1259 1568 1340 1603 Non
1359 1568 1520 1612 loquetur
1539 1577 1562 1603 a
1580 1570 1701 1604 semet-

93 1618 195 1661 ipso;
219 1614 283 1651 sed
296 1625 523 1661 quaecumque
537 1615 660 1650 audiet
680 1615 854 1659 loquetur.
876 1613 1034 1659 (Joauu.‚
1055 1622 1141 1658 XVI,
1164 1612 1236 1660 13.)
1257 1615 1310 1650 EX
1328 1622 1406 1660 quo
1424 1613 1577 1650 Videtur
1595 1615 1701 1660 quod

91 1663 191 1699 nihii
230 1662 418 1698 ultroneae
457 1661 662 1707 potestatis
694 1660 924 1697 auctoritate
956 1661 1151 1706 loquatur,
1173 1659 1241 1697 sed
1257 1659 1408 1705 jubenti
1430 1669 1497 1706 per
1515 1660 1700 1698 ministe-

90 1709 192 1746 rium
224 1708 456 1751 famuletur;
483 1708 590 1754 loqui
610 1708 714 1743 enim
741 1717 826 1753 quae
848 1708 936 1753 quis
957 1708 1065 1743 audit
1086 1707 1313 1743 famulantis
1335 1716 1424 1744 esse
1444 1707 1609 1744 videtur.
1635 1708 1698 1744 Vi·

92 1755 204 1792 detur
223 1756 343 1801 igitur
363 1755 531 1799 Spiritus
552 1757 712 1790 sanctus
734 1764 821 1790 esse
843 1758 1020 1790 creatura
1042 1755 1122 1790 Deo
1137 1753 1324 1799 subjecta.

135 1804 233 1841 Item,
257 1801 357 1837 mitti
378 1801 578 1837 interioris
599 1810 686 1837 esse
707 1801 871 1843 videtur,
899 1809 1019 1846 quum
1052 1800 1093 1836 in
1113 1800 1287 1836 mittente
1308 1800 1540 1844 importetur
1556 1803 1692 1837 aucto·

91 1848 201 1884 ritas.
226 1848 393 1892 Spiritus
414 1851 541 1884 autem
564 1851 725 1884 sanctus
745 1856 767 1883 a
795 1849 906 1883 Patre
937 1850 974 1882 et
996 1846 1093 1883 Filio
1113 1846 1302 1889 mittitur3
1325 1846 1418 1882 dicit
1438 1846 1542 1882 enim
1563 1848 1694 1883 Domi-

89 1904 164 1931 nus
188 1906 195 1930 :
223 1895 431 1929 Paracletus
463 1894 622 1938 Spiritus
653 1895 810 1937 sauctus,
843 1903 944 1937 quem
971 1894 1088 1928 mittet
1103 1894 1212 1928 Pater
1233 1893 1272 1927 iu
1297 1894 1438 1927 nomine
1452 1902 1539 1935 mco,
1558 1893 1618 1928 ille
1636 1903 1697 1928 vos

89 1941 225 1976 docebit
242 1941 360 1975 omnia
381 1939 538 1985 (Joauu.,
558 1948 641 1983 XIV,
662 1939 743 1984 26);
767 1943 804 1975 et
821 1940 957 1981 :Quum
967 1941 1103 1974 venerit
1118 1939 1337 1977 Paracletus,
1358 1948 1459 1983 quem
1478 1949 1538 1981 eqo
1557 1940 1698 1974 mittam

87 1988 186 2022 vobis
208 1988 366 2068 affaire.
387 1985 541 2032 (hamt,
563 1994 631 2031 XV,
652 1985 727 2032 26.)
748 1985 915 2031 Spiritus
934 1994 1027 2031 ergo
1039 1988 1199 2022 sanctus
1220 1988 1257 2021 et
1271 1987 1382 2021 Patre
1397 1989 1434 2020 et
1453 1985 1549 2022 Filio
1565 1985 1698 2023 minor

90 2042 178 2070 esse
197 2033 231 2068 vi
265 2036 362 2068 etur.

134 2079 276 2117 Adhuc,
299 2078 497 2124 Scriptura
517 2077 660 2121 divina,
690 2077 829 2114 Filium
854 2078 956 2114 Patri
976 2077 1183 2114 associans
1213 2077 1254 2113 in
1271 2077 1334 2114 his
1361 2086 1448 2124 quae
1478 2078 1696 2116 divinitatis

88 2134 176 2162 esse
199 2125 391 2168 videntur,
430 2125 477 2161 de
514 2124 656 2170 Spiritu
695 2129 832 2162 sancto
863 2125 1103 2161 mentionem
1132 2133 1212 2160 non
1242 2124 1348 2168 facit,
1376 2127 1418 2160 ut
1448 2126 1553 2169 patet
1571 2134 1692 2171 quum

88 2171 280 2208 Dominus
303 2171 397 2208 dicit
417 2182 425 2207 :
447 2172 555 2208 Nemo
571 2172 671 2206 novit
686 2172 833 2215 Filium,
855 2172 929 2206 uisi
947 2172 1081 2213 Pater3
1099 2180 1212 2216 neque
1226 2171 1371 2206 Patrem
1390 2173 1470 2216 quis
1485 2172 1597 2214 novit,
1623 2173 1698 2208 uisi

86 2219 199 2254 Filius
222 2218 377 2262 matth„
399 2225 453 2261 XI,
473 2217 532 2263 27)
551 2228 560 2261 ;
582 2217 628 2254 de
657 2217 800 2262 Spiritu
832 2220 970 2254 sancto
991 2217 1189 2254 mentione
1209 2225 1289 2254 non
1308 2217 1434 2261 facta3
1456 2220 1494 2253 et
1519 2217 1662 2254 dicitur
1682 2229 1691 2254 :

85 2266 166 2301 Haec
183 2268 233 2299 est
250 2266 327 2299 vita
345 2266 491 2308 aeterua,
511 2266 552 2298 ut
570 2267 780 2308 coquoscaut
799 2266 832 2299 te
847 2265 960 2299 solum
973 2265 1085 2299 Deum
1103 2274 1237 2306 verum,
1259 2266 1292 2299 et
1311 2274 1412 2309 quem
1427 2265 1561 2299 misisti
1577 2265 1699 2300 Jesum

87 2311 267 2347 Christum
294 2312 452 2356 (Joann..
489 2318 586 2351 XVII,
626 2310 675 2356 3),
714 2310 780 2347 ubi
814 2311 931 2347 etiam
960 2310 1006 2346 de
1027 2310 1170 2355 Spiritu
1193 2313 1330 2347 sancto
1356 2310 1504 2347 mentio
1521 2318 1603 2346 non
1623 2309 1691 2355 fit;

84 2358 296 2403 Apostolus
315 2357 431 2393 etIam
450 2356 544 2393 dicit
565 2368 573 2392 :
597 2356 725 2394 Gratia
750 2357 862 2401 vobis,
882 2360 916 2392 et
941 2367 1020 2403 paae
1047 2368 1069 2392 a
1086 2359 1155 2392 Deo
1183 2358 1288 2392 Patre
1315 2360 1447 2396 nostro,
1484 2359 1518 2392 et
1544 2358 1693 2392 Domino

84 2405 167 2439 Jesu
186 2404 324 2440 Chris-to
342 2403 469 2449 (Rom,
489 2412 516 2444 I,
535 2403 587 2449 7),
619 2406 656 2440 et
680 2414 688 2439 :
709 2404 819 2441 Nobis
838 2413 931 2439 uuus
949 2405 1056 2447 Deus,
1076 2404 1197 2443 Pater,
1224 2413 1269 2438 ea·
1287 2413 1356 2448 quo
1372 2403 1508 2447 omnia,
1528 2408 1562 2440 et
1577 2413 1640 2439 nos
1657 2404 1701 2439 in

84 2450 210 2493 illum3
243 2453 276 2486 et
302 2460 396 2486 unus
424 2451 593 2486 Dominus
627 2451 727 2486 Jesus
757 2450 932 2490 Christus,
960 2459 1030 2495 per
1049 2459 1151 2494 quem
1182 2451 1315 2493 omnia,
1348 2451 1382 2485 et
1409 2459 1474 2485 uos
1490 2459 1555 2495 per
1577 2451 1698 2495 ipsum

86 2495 120 2540 (Ι
137 2497 231 2539 Cor„
263 2505 350 2537 VIII,
383 2495 433 2540 6),
469 2496 509 2532 in
533 2495 678 2543 quibus
699 2496 816 2533 etiam
837 2496 936 2533 nihil
957 2496 1004 2532 de
1024 2495 1169 2542 Spiritu
1189 2499 1328 2533 sancto
1348 2495 1501 2533 dicitur?
1529 2496 1695 2533 Videtur

84 2542 206 2588 igitur
225 2543 393 2588 Spiritus
413 2546 574 2579 sanctus
594 2544 699 2580 Deus
718 2551 799 2579 non
820 2551 924 2580 esse.

131 2590 313 2634 Amplius,
333 2598 449 2626 omne
470 2589 574 2635 quod
595 2593 773 2626 movetur
792 2592 965 2626 creatum
983 2591 1065 2632 est3
1080 2591 1285 2625 ostensum
1307 2591 1366 2625 est
1386 2588 1491 2624 enim
1509 2587 1550 2625 in
1564 2587 1694 2633 primo

85 2632 186 2671 libro
209 2637 329 2672 Deum
352 2635 594 2673 immobilem
615 2644 717 2673 esse.
741 2635 899 2681 Spiritui
920 2638 1048 2672 autem
1080 2638 1218 2672 sancto
1238 2634 1436 2681 Scriptura
1455 2634 1588 2671 divina
1605 2642 1690 2670 mo-

22 2704 24 2706 v
84 2683 166 2717 tum
186 2681 383 2726 att1²ihui13
404 2682 548 2719 dicitur
566 2682 671 2719 enim
694 2694 701 2718 :
724 2683 882 2728 Spiritus
912 2683 978 2718 Dei
995 2682 1178 2726 ferebatur
1195 2691 1302 2727 super
1321 2691 1435 2726 aquas
1451 2680 1567 2727 (Crem,
1583 2687 1611 2722 1,
1628 2679 1664 2725 2)
1681 2690 1692 2722 ;

83 2729 149 2779 et}
188 2727 386 2778 Effuuclam
413 2730 583 2773 spiritum
612 2739 727 2764 meum
756 2739 863 2774 super
895 2738 1030 2764 omnem
1049 2738 1209 2764 carnem.
1235 2728 1350 2774 (Joel.,
1376 2736 1419 2772 II,
1439 2726 1514 2772 28.)
1534 2725 1694 2762 Videtur

85 2776 209 2819 Igitur
232 2774 398 2818 Spiritus
418 2779 580 2812 sanctus
605 2778 785 2812 creatura
805 2784 907 2812 esse.

130 2820 320 2862 Praeterea‚
348 2828 464 2856 omne
493 2821 597 2866 quod
629 2825 755 2866 potest
774 2821 909 2868 augeri
931 2820 992 2857 vel
1012 2820 1131 2857 dividi
1153 2820 1340 2857 mutabile
1366 2821 1427 2856 est
1444 2822 1482 2855 et
1500 2821 1691 2855 creatum.

83 2863 164 2903 Hoc
187 2868 315 2902 autem
336 2865 495 2911 Spiritui
516 2871 652 2904 sancto
670 2868 711 2904 in
731 2867 940 2914 scripturis
961 2867 1086 2905 sacris
1108 2867 1264 2904 attribui
1285 2865 1459 2909 videtur;
1481 2864 1696 2902 dicitenim
