1894 3223
691 172 778 208 ΗΒ.
805 172 864 214 lv,
892 132 993 208 cae.
1021 169 1146 207 LXXX.
1654 167 1723 202 619

106 254 195 295 Job.
214 262 298 299 xlx,
315 257 362 291 25
384 265 393 290 ε
411 254 490 290 Scio
509 253 603 298 quod
622 253 832 298 Redemptor
849 262 947 288 meus
963 252 1067 296 vivit,
1086 254 1120 287 et
1131 253 1171 287 in
1188 251 1381 287 novissimo
1400 248 1459 284 die
1476 248 1520 284 de
1534 251 1631 283 terra
1645 256 1724 282 sm·-

110 305 272 338 recturus
291 311 382 343 sum,
404 304 437 336 et
456 311 582 336 rursus
603 300 850 335 ci›·cmndabor
867 300 958 344 pelle
973 310 1065 338 mea,
1085 302 1119 334 et
1136 300 1174 333 in
1194 307 1302 333 carne
1319 307 1398 332 mea
1414 295 1540 330 videbo
1560 296 1683 330 Deum.

156 348 218 386 Ad
238 347 526 385 ostendendum
549 347 665 383 etiam
684 347 1013 383 resurrectionem
1046 345 1178 382 carnis
1215 347 1383 381 futuram
1423 342 1584 379 evidens
1617 340 1719 378 ratio

111 393 366 442 suffragatur,
389 394 604 440 suppositis
624 393 687 429 his
703 402 788 439 quse
809 393 848 429 in
867 392 1141 437 superioribus
1159 395 1252 428 sunt
1269 394 1444 427 ostensa.

157 443 368 479 ostensum
390 446 449 477 est
466 441 569 478 enim
590 441 630 476 in
652 439 828 476 secundo
847 439 944 475 libro
964 439 1061 484 (cup.
1083 441 1143 484 79)
1169 438 1320 474 animas
1336 436 1542 473 hominum
1558 435 1719 473 immor-

109 488 210 526 tales
231 497 333 525 esse.
355 490 570 524 Remanent
584 487 703 533 igitur
722 490 811 532 post
829 495 995 531 corpora
1015 495 1037 522 a
1057 485 1289 530 corporibus
1311 484 1516 520 ansolutce.
1540 482 1720 519 Manifes-

109 538 192 572 tum
213 539 273 572 est
293 536 407 571 etiam
432 545 478 571 ex
497 534 559 571 his
580 542 665 579 quae
681 533 720 569 in
743 533 919 569 secundo
936 533 1033 577 (cap.
1055 534 1099 568 83
1113 536 1147 568 et
1161 531 1218 576 812)
1237 531 1339 567 dicta
1353 533 1458 572 sunt,
1475 529 1577 575 quod
1591 529 1723 566 anima

109 582 265 628 corpori
288 582 516 618 naturaliter
534 581 677 624 unitur,
696 584 755 616 est
775 580 879 615 enim
898 579 1116 615 secundum
1148 587 1260 615 suam
1298 577 1509 614 essentiam
1543 575 1721 621 corporis

109 629 250 666 forma.
275 631 339 665 Est
364 629 481 675 igitur
501 631 638 664 contra
657 630 835 662 naturam
856 627 996 662 animle
1016 626 1165 671 absque
1186 633 1350 670 corpore
1380 632 1482 660 esse.
1521 623 1623 659 Nihil
1653 631 1721 659 au-

109 679 188 713 tem
211 676 316 723 quod
337 681 396 712 est
414 679 550 712 contra
582 678 759 710 naturam
782 677 911 718 potest
933 682 1020 709 esse
1044 676 1289 718 perpetuum.
1321 673 1407 707 Non
1440 670 1560 715 igitur
1593 678 1723 715 perpe-

109 726 178 760 tuo
197 723 269 760 erit
286 724 416 760 anima
436 722 585 768 absque
605 729 782 766 corpore.
819 720 947 763 Quum
988 719 1104 766 igitur
1139 722 1326 764 perpetuo
1363 721 1532 758 maneat,
1570 717 1724 761 oportet

107 779 196 806 eam
218 770 372 816 corpori
395 770 533 805 iterato
554 767 771 812 conjungi:
805 767 908 812 quod
948 771 1007 802 est
1039 775 1257 810 resurgere.
1288 763 1568 801 Immortalitas
1601 763 1721 809 igitur

108 817 331 854 animarum
350 816 503 862 exigere
525 815 675 851 videtur
694 814 1022 850 resurrectionem
1045 822 1255 858 corporum
1277 812 1462 848 suturam.

157 864 300 905 Adhuc,
323 867 526 900 ostensum
557 866 615 897 est
647 870 766 906 supra
797 861 836 896 in
869 861 980 896 tertio
1004 860 1102 896 libro
1127 860 1224 905 (cap.
1249 859 1308 905 24)
1339 858 1516 894 naturale
1551 856 1723 895 hominis

108 910 349 948 desiderium
368 910 415 946 ad
438 910 657 946 felicitatem
678 907 850 944 tendere.
874 907 1054 943 Felicitas
1075 911 1205 943 autem
1227 906 1364 942 ultima
1387 910 1447 941 est
1476 905 1603 941 felicis
1637 913 1723 949 per-

109 957 242 994 sectio.
266 957 504 1003 Cuicumque
536 957 657 1003 igitur
679 955 789 991 deest
811 954 968 1000 aliquid
999 954 1045 990 ad
1080 953 1360 998 perfectionem
1395 951 1571 988 nondum
1607 950 1724 987 habet

109 1004 337 1042 felicitatem
361 1006 585 1049 perlectam,
607 1002 697 1048 quia
716 1001 891 1037 nondum
913 1001 998 1046 ejus
1031 1000 1269 1037 desiderium
1301 999 1473 1036 totaliter
1501 999 1723 1045 quietatur3

110 1060 228 1089 omne
249 1051 351 1088 enim
373 1051 642 1096 imperfectum
665 1049 945 1095 perfectionem
963 1048 1154 1093 consequi
1186 1047 1413 1083 naturaliter
1445 1046 1566 1091 cupit.
1586 1045 1728 1082 Anima

111 1102 240 1136 autem
263 1108 286 1135 a
305 1106 468 1143 corpore
487 1100 667 1142 separata
686 1100 745 1132 est
771 1095 1043 1141 aliquomodo
1068 1094 1310 1139 imperfecta,
1340 1093 1444 1130 sicut
1473 1092 1602 1129 omnis
1634 1099 1726 1137 pars

109 1149 218 1182 extra
241 1153 357 1182 suum
380 1148 505 1181 totum
538 1143 740 1180 existens:
774 1143 905 1178 anima
934 1142 1039 1177 enim
1072 1141 1303 1177 naturaliter
1334 1144 1393 1176 est
1423 1148 1514 1185 pars
1543 1139 1726 1175 humanae

108 1195 273 1229 naturae.
295 1193 379 1228 Non
402 1191 522 1238 igitur
540 1190 659 1226 homo
680 1193 809 1234 potest
829 1189 1006 1225 ultimam
1029 1188 1253 1224 felicitatem
1270 1187 1475 1232 consequi,
1499 1186 1575 1222 nisi
1595 1186 1728 1221 anima

106 1239 247 1276 iterato
267 1239 423 1284 corpori
440 1237 728 1283 conjungatur;
757 1236 974 1281 praesertim
996 1244 1116 1282 quum
1151 1237 1357 1271 ostensum
1388 1235 1440 1270 sit
1472 1232 1578 1280 quod
1605 1231 1726 1268 homo

108 1286 150 1323 in
169 1284 243 1322 hae
261 1285 341 1321 vita
361 1293 440 1321 non
464 1287 594 1330 potest
613 1283 660 1320 ad
682 1283 905 1319 felicitatem
928 1282 1102 1319 ultimam
1120 1282 1338 1327 pervenire.

154 1333 255 1375 Item,
278 1332 382 1369 sicut
400 1332 439 1368 in
460 1331 574 1368 tertio
590 1329 692 1367 libro
711 1330 810 1376 (cap.
833 1330 914 1375 136)
935 1333 1141 1366 ostensum
1163 1333 1235 1371 est,
1256 1338 1303 1364 ex
1323 1328 1455 1365 divina
1479 1327 1724 1374 providentia

112 1379 371 1425 peccantibus
385 1387 502 1424 poena
522 1378 697 1420 debetur,
720 1381 757 1413 et
775 1378 874 1414 hene
896 1376 1103 1421 agentibus
1123 1376 1340 1421 praemium.
1359 1378 1399 1411 ln
1413 1375 1486 1411 hac
1501 1379 1630 1411 autem
1644 1374 1724 1410 vita

110 1425 295 1463 homines
310 1435 356 1462 ex
377 1425 507 1462 anima
527 1429 562 1461 et
579 1433 742 1470 corppre
767 1424 976 1468 compositi
1003 1427 1180 1469 peccaut,
1198 1424 1257 1459 vel
1279 1427 1382 1458 recte
1399 1426 1534 1468 agunt.
1556 1421 1725 1458 Debetur

110 1473 232 1521 igitur
248 1472 478 1509 hominibus
499 1476 536 1508 et
549 1471 768 1508 secundum
787 1472 971 1514 animam,
988 1470 1254 1507 etsecundum
1272 1478 1416 1516 corpus
1433 1469 1639 1515 praemium
1662 1467 1725 1504 vel

106 1529 238 1566 poena.
260 1519 508 1556 Manifestum
530 1523 589 1555 est
607 1522 737 1555 autem
756 1518 861 1564 quod
881 1518 922 1553 in
940 1517 1013 1554 hae
1032 1517 1110 1553 vita
1128 1518 1333 1563 praemium
1363 1517 1506 1553 ultimae
1526 1515 1723 1553 felicitatis

104 1567 302 1613 consequi
324 1576 403 1604 non
425 1569 607 1613 possunt,
623 1575 668 1601 ex
688 1564 752 1601 his
773 1574 858 1610 quae
875 1565 916 1600 in
937 1565 1051 1601 tertio
1069 1568 1162 1601 sunt
1180 1568 1343 1600 ostensa
1359 1575 1367 1599 :
1383 1563 1586 1600 multoties
1604 1562 1723 1599 etiam

107 1618 270 1660 peccata
285 1614 327 1650 in
343 1613 417 1650 hac
438 1613 516 1649 vita
536 1621 613 1649 non
635 1612 878 1657 puniuntur3
901 1611 1093 1657 quinimo,
1116 1613 1159 1647 ut
1176 1611 1328 1654 dicitur,
1348 1610 1434 1650 Job,
1467 1618 1548 1653 xxr,
1573 1613 1593 1645 7
1619 1621 1626 1645 :
1656 1610 1723 1644 Hic

105 1662 214 1706 impii
236 1662 376 1700 vivunt,
399 1661 596 1704 confortati
614 1662 711 1702 sunt,
740 1659 992 1703 sublimemque
1019 1658 1173 1693 divitiis.
1207 1658 1482 1694 Necessarium
1513 1656 1632 1703 igitur
1664 1658 1725 1692 est

107 1716 256 1760 ponere
277 1708 457 1744 iteratam
477 1707 619 1743 animae
637 1706 685 1742 ad
707 1708 851 1750 corpus
872 1704 1206 1751 conjunctionem,
1227 1708 1270 1741 ut
1287 1704 1407 1741 homo
1427 1704 1470 1741 in
1500 1711 1665 1749 corpore
1685 1704 1724 1739 et

101 1763 240 1792 anima
259 1754 451 1800 praemiari
471 1757 509 1790 et
528 1753 660 1799 puniri
681 1753 821 1798 possit.
1230 1778 1232 1781 .

738 1900 906 1941 CAPUT
942 1899 1097 1940 LXXX.

512 2021 765 2051 OBJEGTIONES
789 2021 942 2050 CONTRA
966 2020 1323 2051 RESURRECTIONEM·

156 2132 254 2169 Sunt
274 2133 404 2168 autem
424 2131 603 2177 quaedam
625 2139 711 2177 quae
732 2129 1035 2166 resurrectionis
1056 2129 1174 2166 fidem
1193 2130 1426 2176 impugnare
1443 2130 1634 2166 videntur.

157 2180 201 2215 In
223 2178 333 2215 nulla
352 2177 456 2214 enim
477 2177 716 2213 naturalium
739 2186 868 2212 rerum
885 2176 1082 2213 invenitur
1108 2177 1147 2212 id
1164 2177 1270 2222 quod
1291 2180 1518 2222 corruptum
1534 2180 1593 2213 est
1620 2176 1725 2214 idem

104 2234 277 2262 vnumero
294 2224 421 2261 redire
441 2224 482 2260 in
502 2232 606 2267 esse,
629 2224 733 2260 sicut
751 2232 824 2259 nec
844 2223 891 2259 ab
915 2223 1048 2269 aliqua
1069 2223 1283 2268 privatione
1304 2223 1352 2259 ad
1378 2222 1555 2259 habitum
1574 2223 1726 2259 videtur

110 2280 231 2318 posse
251 2272 367 2308 rediri
389 2283 396 2307 :
418 2275 456 2307 et
474 2271 577 2315 ideo,
598 2270 692 2316 quia
711 2279 796 2315 quae
813 2273 1120 2315 corrumpuntur
1140 2269 1276 2306 eadem
1307 2279 1471 2306 numero
1490 2270 1622 2306 iterari
1643 2277 1725 2307 non

110 2323 294 2366 possunt,
316 2321 456 2355 natura
475 2317 642 2354 intendit
664 2320 705 2353 ut
722 2316 760 2353 id
782 2316 886 2362 quod
908 2317 1172 2362 corrumpitur
1190 2317 1294 2353 idem
1312 2317 1443 2362 specie
1472 2326 1541 2362 per
1561 2325 1724 2363 genera-

109 2366 262 2403 tionem
296 2368 563 2402 conservetur.
604 2365 699 2400 Cum
731 2364 851 2410 igitur
883 2363 1066 2400 homines
1099 2373 1166 2409 per
1198 2367 1363 2400 mortem
1409 2367 1725 2408 corrumpantur,

111 2413 323 2459 ipsumque
344 2421 488 2458 corpus
507 2411 682 2448 hominis
702 2419 828 2457 usque
850 2410 898 2447 ad
917 2410 1044 2456 prima
1060 2410 1254 2447 elementa
1273 2410 1506 2455 resolvatur,
1529 2418 1610 2446 non
1626 2409 1728 2447 vide-

111 2462 176 2496 tur
194 2459 299 2506 quod
321 2459 424 2496 idem
444 2467 608 2495 numero
626 2457 747 2494 homo
765 2458 894 2502 possit
910 2458 1082 2503 reparari
1104 2457 1151 2494 ad
1171 2458 1304 2494 vitam.

159 2505 534 2558 Jtem‚.impossibile
564 2507 624 2541 est
651 2512 741 2541 esse
771 2504 875 2541 idem
910 2512 1076 2541 numero
1109 2504 1222 2550 cujus
1260 2504 1420 2550 aliquod
1451 2503 1725 2542 essentialium

112 2553 398 2604 principiorum
429 2552 726 2603 idem-numero
757 2559 846 2588 esse
878 2559 959 2588 non
990 2554 1145 2597 potest3
1179 2560 1284 2595 nam,
1303 2551 1504 2588 essentiali
1534 2551 1752 2598 principio'

111 2603 276 2642 variato,
297 2607 453 2645 semper
471 2602 642 2634 variatur
662 2598 837 2635 essentia
855 2598 923 2642 rei,
944 2607 1013 2643 per
1030 2607 1148 2644 quam
1168 2607 1245 2642 res,
1276 2598 1380 2634 sicut
1406 2602 1480 2642 est,
1510 2598 1564 2635 ita
1583 2602 1622 2635 et
1647 2607 1730 2637 una

106 2649 188 2683 est.
222 2645 334 2689 Quod
368 2650 498 2682 autem
528 2645 690 2682 omnino
728 2644 829 2680 redit
859 2644 900 2680 in
927 2644 1108 2688 nihilum,
1141 2644 1245 2681 idem
1282 2653 1447 2682 numero
1476 2645 1625 2682 resumi
1645 2653 1728 2683 non

113 2696 245 2739 potest
266 2704 274 2729 ε
293 2692 426 2738 potius
446 2692 552 2728 enim
575 2692 648 2728 erit
670 2699 780 2728 novae
793 2690 848 2727 rei
862 2692 1008 2728 creatio
1024 2699 1142 2738 quam
1157 2690 1333 2737 eJ'usdem
1345 2692 1554 2737 reparatio.
1567 2692 1728 2730 Videtur

115 2742 247 2776 autem
263 2739 378 2785 plura
396 2738 679 2784 principiorum
702 2738 977 2775 essentialium
997 2737 1171 2775 hominis
1189 2747 1261 2784 per
1279 2738 1364 2784 ejus
1380 2743 1548 2776 mortem
1567 2739 1610 2776 in
1629 2739 1728 2776 nihi-

114 2785 198 2823 lum
217 2786 359 2823 redire.
381 2787 425 2822 Et
445 2785 569 2832 primo
586 2785 744 2832 quidem
764 2785 851 2830 ipsa
870 2785 1126 2830 corporeitas,
1162 2789 1199 2821 et
1230 2785 1357 2822 forma
1383 2785 1601 2830 mixtionis,
1637 2796 1727 2824 cum

117 2833 475 2879 corpusmanit'este
497 2833 751 2869 dissolvatur.
775 2832 923 2868 Deinde
943 2841 1035 2877 pars
1057 2832 1199 2868 animae
1221 2831 1424 2877 sensitiva,
1458 2836 1496 2870 et
1524 2833 1725 2878 nutritiva,

117 2888 204 2926 quae
224 2880 311 2916 sine
331 2880 533 2925 corporeis
555 2878 716 2925 organis
734 2887 823 2916 esse
841 2887 922 2915 non
941 2882 1124 2923 possunt.
1148 2879 1319 2916 Ulterius
1338 2883 1470 2917 autem
1500 2879 1542 2916 in
1558 2879 1727 2916 nihilum

111 2925 271 2965 videtur
286 2927 415 2965 redire
434 2927 523 2973 ipsa
541 2925 785 2972 humanitas,
810 2934 898 2973 quae
925 2925 1069 2962 dicitur
1097 2934 1186 2963 esse
1215 2926 1343 2964 forma
1369 2927 1508 2972 totius,
1541 2926 1674 2963 anima
1704 2935 1729 2963 a
