1894 3223
613 121 696 156 Llu.
728 121 783 159 lV,
815 120 912 156 CAP.
940 118 1073 155 XCVII.
1257 148 1259 151 .
1584 118 1647 150 tilii

38 205 76 241 in
98 205 223 241 fornia
246 204 502 240 humanitatis
530 202 878 248 gutlieabit,qua1n
912 210 1052 238 omncs
1085 203 1255 245 possunt
1286 199 1430 249 videre,
1446 201 1521 233 tani
1555 197 1649 233 boni

42 260 155 297 quam
175 250 279 287 mali.
302 250 406 286 visio
433 253 562 286 autem
585 249 803 286 divinitatis
823 248 909 294 eJ'us
929 248 1066 284 beatos
1089 247 1194 290 lacit,
1215 250 1254 283 ut
1275 247 1313 282 iu
1336 249 1450 282 tertio
1469 244 1569 295 (cap.
1593 242 1653 288 51)

39 302 244 334 ostensum
265 301 326 334 est
348 307 356 330 ε
382 297 485 333 unde
507 308 527 333 a
549 297 649 333 solis
669 296 785 333 bonis
806 295 928 331 videri
948 295 1102 341 poterit.
1124 293 1321 330 ,iudicium
1344 295 1474 329 autem
1497 299 1647 327 anima-

41 354 142 388 rum,
163 344 256 390 quia
278 343 325 380 de
347 343 610 380 invisibilibus
631 347 703 383 est,
727 342 978 379 invisibiliter
998 342 1140 387 agitur.
1441 385 1446 390 ⁸
1512 385 1516 389 Ι
1631 385 1634 389 .

87 391 190 428 Licet
208 394 338 428 autem
358 391 534 428 Clu-istus
555 391 593 427 in
607 390 675 427 illo
689 390 794 426 liuali
811 389 963 435 Judieio
982 388 1257 425 auctoritatem
1277 386 1419 423 babeat
1434 383 1653 437 judicandi,

41 438 269 484 judicabunt
288 441 417 474 tamen
438 438 555 474 simul
574 446 661 474 cum
683 437 766 479 illo,
787 436 892 473 velut
908 435 1053 481 judicis
1073 443 1314 476 assessores,
1337 433 1403 479 qui
1425 442 1460 468 ci
1481 441 1560 477 prre
1578 441 1654 468 ca>—

41 486 136 531 teris
157 484 421 528 adtioeserunt,
441 483 788 530 scilicetapostoli,
828 482 971 530 quibus
991 482 1233 525 dictumest,
1269 479 1416 522 Mattli..
1448 487 1530 524 xix,
1564 481 1610 514 28
1646 490 1653 513 :

44 533 126 572 Vos,
149 534 213 578 qui
227 534 338 568 secuti
358 534 443 568 estis
461 543 558 568 me...
597 532 762 567 sedebitis
793 541 899 575 super
939 530 1049 570 sedes,
1083 528 1292 575 judicantes
1324 526 1510 563 duodecim
1540 526 1657 561 tribus

42 579 151 615 lsrael
171 592 181 614 :
203 589 290 626 quae
311 579 524 624 promissio
545 579 660 615 etiam
683 578 729 615 ad
750 577 840 614 illos
862 576 1084 614 extenditur
1102 576 1170 623 qui
1194 574 1466 621 apostolorum
1489 572 1656 619 vestigia

40 626 254 664 imitantur.
278 626 348 672 (IV
363 627 476 665 Seni„
501 625 588 662 dist.
613 633 682 667 vu,
705 635 742 670 q.
766 635 792 667 ι,
810 629 880 660 art.
906 624 952 670 1.)

678 771 845 812 CAPUT
872 771 1027 811 XCVII.

512 892 562 920 DE
584 885 707 919 STATU
732 891 854 919 MUNDI
878 891 971 919 rnST
995 891 1186 920 JUDIGIUM-

93 1003 254 1039 Peracto
275 1001 397 1048 igitur
415 1000 709 1047 tinalijudieio,
731 1006 872 1039 natura
903 1002 1077 1039 humana
1106 1001 1278 1038 totaliter
1312 1001 1351 1036 in
1385 1008 1459 1037 suo
1494 1000 1659 1036 termino

45 1049 321 1087 constituetur.
343 1048 444 1093 Quia
462 1057 554 1085 vero
574 1049 710 1086 omnia
727 1048 951 1094 corporalia
968 1049 1072 1086 sacta
1088 1047 1486 1095 suntquodammodo
1502 1050 1660 1093 propter

44 1095 261 1140 hominem,
284 1099 327 1133 ut
348 1096 387 1132 in
405 1095 520 1132 tertio
541 1095 642 1132 libro
665 1096 764 1142 (cap.
798 1095 879 1141 181)
910 1100 970 1133 est
1003 1098 1223 1139 ostensum,
1256 1099 1351 1132 tuuc
1388 1095 1505 1131 etiam
1537 1093 1660 1129 totius

45 1146 233 1180 creat-urm
253 1149 453 1188 corporeae
467 1143 709 1191 conveniens
730 1146 791 1180 est
810 1146 853 1179 ut
872 1138 999 1179 status
1017 1143 1257 1185 immutetur,
1274 1146 1315 1178 ut
1331 1144 1525 1185 (zonarum
1542 1140 1661 1177 statui

46 1189 251 1228 hominum
273 1190 340 1236 qui
362 1193 455 1226 tunc
475 1192 610 1233 erunt;
637 1193 688 1234 et,
710 1190 803 1235 quia
821 1192 915 1226 tunc
950 1189 1132 1226 homines
1152 1176 1474 1233 incorruptibiles
1494 1191 1622 1231 erunt,
1638 1197 1661 1223 a

45 1240 129 1275 tota
147 1241 325 1273 creatura
346 1236 542 1281 corporali
559 1236 721 1274 tolletur
738 1237 1009 1284 generationis
1028 1240 1068 1272 et
1086 1235 1352 1281 corruptionis
1366 1238 1494 1273 status
1508 1244 1516 1268 ε
1532 1237 1571 1270 et
1585 1233 1661 1270 hoc

46 1283 232 1330 estquod
252 1283 346 1320 dicit
362 1283 591 1329 Apostolus,
611 1285 740 1327 Rom.,
760 1291 848 1327 vm,
868 1286 928 1328 21,
960 1283 1065 1329 quod
1093 1285 1176 1329 ipsa
1201 1286 1367 1318 creatura
1395 1282 1609 1318 liberabitur
1640 1292 1662 1316 a

47 1333 217 1368 servitute
239 1332 480 1376 corruptionis
497 1332 538 1367 in
563 1331 762 1367 libertatem
789 1331 912 1375 oloriae
939 1332 1095 1375 filiorum
1113 1332 1191 1366 Dei.
1225 1330 1431 1367 Generatio
1462 1333 1593 1366 autem
1625 1332 1662 1364 ct

49 1378 266 1424 corruptio,
287 1387 374 1425 quae
394 1377 512 1415 estin
533 1377 789 1415 inferioribus
803 1378 1049 1423 corporibus,
1071 1387 1118 1414 ex
1137 1381 1246 1414 motu
1269 1377 1358 1414 coeli
1390 1379 1590 1414 causatur.
1606 1376 1660 1412 Ad

48 1426 125 1463 hoc
151 1425 270 1472 igitur
301 1424 407 1471 quod
447 1424 488 1461 in
519 1424 773 1462 inferioribus
803 1429 933 1462 cesset
963 1425 1167 1471 generatio
1204 1428 1241 1461 et
1271 1424 1473 1470 corruptio
1509 1426 1662 1470 oportet

49 1472 158 1519 quod
175 1472 290 1508 etiam
311 1475 443 1508 motus
463 1471 552 1508 coeli
573 1475 726 1508 cesset:
750 1475 787 1508 et
819 1475 977 1518 propter
1004 1472 1079 1510 hoc
1102 1472 1259 1516 dicitur,
1292 1471 1467 1516 Apocal„
1482 1478 1522 1513 x,
1555 1470 1658 1516 quod

49 1524 205 1565 tempus
225 1518 395 1565 amplius
417 1527 496 1555 non
517 1519 602 1555 erit.
624 1521 709 1555 Non
728 1518 844 1556 debet
864 1523 993 1556 autem
1012 1519 1261 1564 impossibile
1275 1518 1397 1554 videri
1412 1517 1517 1564 quod
1531 1521 1662 1553 motus

51 1567 138 1604 coeli
159 1569 311 1609 cesset3
334 1574 413 1602 non
434 1565 541 1602 enim
560 1570 693 1603 motus
709 1565 798 1602 coeli
823 1566 882 1603 sie
901 1569 962 1602 est
989 1565 1181 1603 naturalis
1209 1565 1313 1602 sicut
1332 1569 1465 1603 motus
1484 1564 1662 1611 gravium

51 1617 89 1651 et
109 1614 266 1657 levium,
289 1616 331 1650 ut
353 1612 402 1649 ab
415 1613 556 1659 aliquo
577 1613 751 1649 interiori
771 1614 899 1650 activo
932 1613 1127 1659 principio
1158 1613 1370 1649 inclinetur
1401 1612 1450 1649 ad
1485 1615 1661 1653 motuni;

52 1661 120 1699 sed
140 1661 284 1698 dicitur
297 1659 503 1704 naturalis,
516 1660 750 1706 inquantum
767 1660 883 1697 habet
903 1660 942 1696 in
960 1669 1032 1697 sua
1053 1664 1194 1697 natura
1208 1659 1465 1705 aptitudinem
1480 1658 1529 1695 ad
1546 1658 1662 1695 talem

54 1712 217 1745 motum.
240 1707 480 1752 Principium
497 1711 626 1743 autem
645 1707 754 1744 illiu's
774 1713 906 1744 motus
926 1711 985 1744 est
1006 1707 1150 1754 aliquis
1170 1707 1408 1749 intellectus,
1425 1709 1468 1743 ut
1487 1706 1526 1743 in
1547 1706 1662 1742 tertio

55 1756 155 1801 (cap.
175 1754 235 1800 22)
257 1757 464 1791 ostensum
485 1757 555 1790 est.
579 1755 752 1791 Movetur
772 1754 892 1801 igitur
912 1755 1056 1792 coelum
1082 1754 1185 1792 sicut
1211 1763 1258 1790 ea
1293 1763 1379 1799 quse
1412 1764 1435 1790 a
1463 1753 1663 1789 voluntate

57 1804 290 1845 moventur3
313 1801 499 1838 voluntas
520 1804 650 1838 autem
669 1807 799 1838 movet
819 1805 977 1847 propter
995 1801 1127 1838 finem.
1150 1801 1257 1837 Finis
1279 1806 1409 1838 autem
1428 1804 1560 1837 motus
1575 1799 1662 1835 creti

56 1859 136 1886 non
154 1851 390 1895 potestesse
408 1847 536 1893 ipsum
556 1848 703 1884 moveri
719 1860 728 1892 ;
751 1853 882 1885 motus
897 1849 1015 1892 enim,
1031 1857 1151 1894 quum
1167 1857 1322 1893 semper
1340 1848 1380 1884 in
1395 1847 1503 1884 aliud
1516 1847 1664 1891 tendat,

57 1906 136 1934 uon
159 1895 275 1933 habet
293 1895 487 1932 rationem
509 1894 635 1931 ultimi
654 1894 757 1931 sinis.
772 1896 850 1932 Nec
868 1898 997 1940 potest
1011 1895 1099 1938 dici,
1115 1895 1219 1942 quod
1239 1894 1328 1931 finis
1349 1895 1521 1932 coelestis
1533 1897 1665 1931 motus

58 1944 108 1981 sit
125 1947 168 1981 ut
199 1950 344 1988 corpus
376 1941 536 1979 coeleste
574 1941 784 1979 reducatur
810 1942 1028 1979 secundum
1049 1942 1178 1979 ubide
1215 1941 1391 1988 potentia
1423 1942 1462 1978 in
1504 1945 1663 1984 actum;

57 1991 150 2037 quia
166 1989 251 2028 haec
269 1989 445 2035 potentia
464 1997 679 2040 numquam
700 1992 830 2034 potest
848 1992 931 2026 tota
949 1990 988 2026 in
1021 1992 1151 2026 actum
1173 1989 1326 2032 reduci;
1354 1989 1458 2036 quia,
1472 1987 1565 2025 dum
1584 1996 1667 2025 cor-

56 2047 131 2083 pus
147 2037 307 2075 coeleste
325 2039 385 2073 est
402 2038 491 2073 actu
510 2045 550 2072 ln
572 2045 651 2072 uno
668 2036 743 2080 ubi,
782 2039 844 2073 est
870 2036 912 2072 in
945 2036 1120 2082 potentia
1149 2036 1197 2074 ad
1228 2036 1351 2080 aliud,
1385 2036 1488 2073 sicut
1526 2038 1586 2072 est
1619 2035 1665 2071 de

57 2084 231 2130 potentia
249 2083 420 2120 materiae
439 2083 575 2129 primae
593 2087 774 2128 respectu
795 2083 1024 2120 formarum.
1047 2083 1154 2120 Sicut
1173 2083 1294 2130 igitur
1319 2083 1411 2120 sinis
1443 2087 1592 2120 naturae
1625 2082 1666 2118 in

57 2131 313 2179 generatione
334 2138 414 2166 non
435 2133 496 2166 est
514 2130 700 2167 reducere
721 2131 923 2166 materiam
942 2130 989 2166 de
1009 2130 1184 2176 potentia
1204 2130 1243 2167 in
1261 2134 1406 2174 actum,
1427 2129 1496 2167 sed
1518 2128 1666 2174 aliquid

57 2177 163 2225 quod
184 2177 231 2214 ad
253 2177 329 2214 hoc
349 2177 620 2223 consequitur,
642 2177 793 2213 scilicet
813 2177 1054 2222 perpetuitas
1071 2185 1216 2217 rerum,
1248 2186 1317 2222 per
1349 2185 1467 2223 quam
1501 2176 1549 2212 ad
1569 2176 1666 2212 divi-

56 2234 148 2262 nam
171 2223 466 2262 similitudinem
488 2224 703 2267 accedunt3
725 2223 779 2260 ita
799 2223 891 2260 finis
911 2227 1044 2260 motus
1064 2223 1238 2260 coelestis
1256 2232 1335 2260 non
1369 2227 1428 2260 est
1459 2223 1593 2260 reduci
1620 2223 1666 2259 de

59 2272 233 2318 potentia
254 2271 294 2307 in
311 2274 456 2314 actum,
474 2270 544 2308 sed
570 2271 718 2318 aliquid
735 2279 986 2317 consequens
1007 2269 1055 2307 ad
1075 2270 1178 2308 hanc
1203 2270 1487 2311 reductionem,
1516 2270 1669 2307 scilicet

58 2318 270 2357 assimilari
307 2319 387 2354 Deo
413 2318 454 2354 in
486 2318 703 2355 causando.
733 2318 874 2354 Omnia
903 2320 1033 2354 autem
1059 2317 1299 2363 generabilia
1330 2320 1367 2354 et
1400 2317 1668 2362 corruptibilia

57 2376 144 2413 quae
165 2369 380 2403 causantur
398 2374 466 2411 per
495 2369 646 2402 motum
678 2365 768 2402 coeli
797 2364 844 2401 ad
877 2364 1079 2401 hominem
1111 2363 1342 2401 ordinantur
1375 2363 1667 2411 quodammodo

57 2413 159 2451 sicut
177 2413 219 2450 in
238 2411 372 2456 finem,
395 2416 438 2448 ut
457 2412 498 2448 in
517 2413 634 2450 tertio
653 2412 754 2458 (cap.
774 2411 832 2457 81)
853 2415 1059 2448 ostensum
1080 2414 1152 2448 est.
1175 2413 1299 2447 Motus
1320 2411 1440 2457 igitur
1465 2411 1555 2448 coeli
1573 2420 1669 2457 prae-

57 2461 171 2506 cipue
190 2464 251 2497 est
268 2463 427 2505 propter
445 2459 741 2506 generationem
770 2458 1000 2495 hominum·
1027 2458 1067 2493 in
1097 2457 1173 2495 hoc
1199 2458 1304 2494 enim
1329 2458 1539 2495 maximam
1569 2458 1667 2494 divi-

58 2516 148 2544 nam
167 2506 466 2544 similitudinem
486 2506 745 2552 consequitur
764 2506 805 2541 in
825 2487 1042 2548 causando,
1061 2505 1154 2551 quia
1170 2504 1295 2541 forma
1315 2505 1503 2549 hominis,
1518 2505 1668 2542 scilicet

57 2555 191 2591 anima
208 2552 433 2596 rationalis,
453 2552 678 2590 immediate
698 2556 852 2589 creatur
872 2561 895 2588 a
915 2553 1010 2594 Deo,
1030 2554 1074 2588 ut
1092 2551 1133 2587 in
1154 2551 1330 2588 secundo
1351 2551 1450 2598 (cap.
1467 2552 1668 2598 87)osten-

58 2610 146 2638 sum
169 2604 242 2637 est.
262 2602 349 2636 Non
369 2603 500 2636 autem
520 2603 651 2645 potest
670 2608 758 2637 esse
780 2598 870 2635 finis
891 2598 1001 2634 multi
1033 2597 1165 2635 licatio
1186 2598 1667 2636 animarumininfinitum

57 2647 151 2694 quia
168 2646 366 2683 infinitum
388 2647 649 2684 contrariatur
667 2645 811 2683 rationi
830 2644 934 2681 finis.
960 2645 1003 2681 Ni
1038 2644 1065 2680 il
1081 2645 1202 2691 igitur
1221 2645 1506 2683 inconveniens
1534 2646 1666 2692 sequi-

55 2698 131 2740 tur,
153 2694 201 2740 si,
217 2697 326 2732 certo
344 2701 510 2730 numero
530 2693 734 2731 hominum
753 2692 963 2738 completo,
985 2700 1180 2738 ponamus
1193 2695 1341 2729 motum
1361 2693 1449 2729 coeli
1463 2692 1666 2730 desistere.

6 2772 8 2774 ,
104 2742 289 2779 Cessante
309 2744 440 2777 tamen
464 2744 573 2777 motu
593 2740 696 2783 coeli,
719 2743 756 2776 et
774 2739 1041 2785 generatione,
1063 2742 1100 2774 et
1116 2740 1367 2784 corruptione
1379 2739 1428 2776 ab
1445 2740 1666 2784 elementis,

57 2797 193 2825 eorum
215 2787 438 2825 substantia
456 2787 674 2824 remanebit
698 2795 744 2822 ex
764 2785 1037 2822 immobilitate
1070 2785 1212 2822 divinae
1249 2785 1437 2823 bonitatis
1478 2799 1485 2822 :
1522 2787 1669 2823 creavit

57 2835 160 2871 enini
180 2843 242 2872 res
267 2837 310 2871 ut
329 2837 487 2877 essent;
511 2833 613 2870 unde
636 2842 724 2869 csse
748 2841 876 2868 rerum
899 2841 985 2878 qua}
1007 2832 1265 2877 aptitudinem
1295 2833 1440 2869 liabent
1460 2834 1506 2870 ad
1535 2843 1668 2879 perpe-

60 2881 234 2918 tuitatem
255 2882 294 2917 in
330 2884 559 2926 perpetuum
580 2879 808 2916 remanebit.
826 2879 973 2915 Habent
994 2882 1124 2916 autem
1139 2882 1319 2916 naturam
1336 2880 1665 2927 utsintperpetua
