1894 3223
148 135 196 170 34
737 129 823 164 LIB.
851 130 880 172 I,
909 129 1010 165 CAP.
1037 129 1188 164 XXVIII.

153 216 332 259 respectu
353 212 497 254 totius;
518 211 558 246 in
580 211 659 245 Deo
695 212 825 245 autem
860 208 969 245 nulla
1004 212 1064 245 est
1094 208 1385 253 potentialitas;
1422 209 1672 254 impossibile
1705 214 1768 248 est

154 261 274 307 igitur
295 261 415 295 Deum
438 266 526 294 6556
549 257 714 292 formam
737 256 886 292 unitam
907 255 1023 292 alicui
1049 256 1119 303 rei.

199 307 342 346 Adhuc,
371 305 473 352 quod
497 312 564 348 per
583 311 626 338 se
648 302 765 353 babet
783 311 885 345 esse,
902 302 1103 339 nobilibus
1120 306 1180 339 est
1196 310 1242 338 eo
1258 301 1363 348 quod
1380 301 1498 338 habet
1512 311 1601 338 6556
1619 302 1658 338 10
1675 303 1770 341 6110.

154 354 291 391 Omnis
313 356 440 388 autem
468 352 592 385 fornia
611 349 780 394 alicujus
809 349 988 393 corporis
1020 349 1137 385 1161161
1171 357 1260 385 6556
1293 349 1334 384 in
1366 349 1457 385 alio.
1493 348 1620 392 Quum
1649 349 1771 395 igitur

154 399 329 483 1)]605511
347 408 420 480 Ῑ605
442 396 754 441 nobilissimum,
777 396 890 442 quasi
919 396 1046 441 prima
1077 396 1237 432 essendi
1269 403 1403 440 causa,
1426 403 1507 432 non
1528 399 1658 441 potest
1681 405 1770 434 esse

155 457 176 484 a
196 455 322 490 160105
361 453 484 479 orma.

203 495 388 531 Praeterea,
412 491 486 526 hoc
518 489 620 525 idem
653 491 783 534 potest
818 488 988 532 ostendi,
1011 498 1058 524 6)(
1078 488 1293 525 aeternitate
1319 493 1465 533 motus,
1500 488 1558 526 sic
1579 500 1587 525 ε
1608 489 1645 526 Si
1668 491 1774 527 Deus

156 543 215 576 651
237 540 361 575 forma
379 536 547 581 alicujus
568 535 743 578 mobilis,
766 544 885 580 quum
908 535 993 579 ipse
1017 535 1069 571 sit
1088 536 1257 581 primum
1292 545 1456 573 movens
1489 536 1771 581 compositum,

154 588 227 623 crit
247 593 409 621 movens
431 585 622 628 seipsum.
645 582 718 619 Sed
741 591 904 618 movens
927 582 1102 626 seipsum
1124 586 1252 627 potest
1272 583 1420 619 moveri
1444 586 1481 619 et
1502 592 1582 619 non
1599 583 1771 627 moveri,

153 637 362 677 utrumque
384 631 503 677 igitur
522 631 562 666 in
586 630 673 675 ipso
696 632 767 665 est.
792 628 903 672 Quod
922 632 1051 664 autem
1074 633 1134 665 est
1153 629 1380 674 liujUsmodi
1403 639 1484 666 non
1506 629 1772 667 habetmotus

153 678 458 716 indeficientiam
481 688 527 713 ex
549 678 704 722 seipso;
727 679 881 721 oportet
915 675 1036 721 igitur
1067 684 1186 720 supra
1215 685 1379 713 movens
1411 677 1588 722 seipsum
1621 685 1769 722 ponere

154 726 259 763 aliud
280 725 449 771 primum
469 733 647 766 movens,
669 723 774 770 quod
796 722 986 767 largiatur
1014 722 1313 767 perpetuitatem
1334 726 1480 759 motus.
1503 725 1545 759 Et
1567 723 1625 760 sic
1646 725 1765 766 Deus,

153 773 219 820 qui
241 776 301 809 est
320 772 489 817 primum
512 779 688 813 movens,
712 778 790 806 non
813 773 871 806 est
904 769 1029 805 forma
1058 769 1240 814 corporis
1269 770 1465 806 moventis
1487 770 1679 815 seipsum.
1699 772 1767 807 Est

155 823 285 856 autem
309 819 372 855 1116
395 826 607 864 processus
641 817 750 853 utilis
782 816 1023 862 ponentibus
1046 816 1304 852 aeternitatem
1327 820 1479 860 motus;
1502 825 1581 862 quo
1601 825 1680 853 non
1702 825 1772 862 po-

155 867 245 910 sito,
269 866 403 903 eadem
425 864 632 902 conclusio
651 863 784 901 haberi
801 867 931 908 potest
947 873 993 898 ex
1008 863 1262 908 regularitate
1277 867 1410 899 motus
1425 863 1529 899 coeli.
1545 863 1652 900 Sicut
1667 864 1772 900 enim

154 922 319 950 movens
337 913 511 958 seipsum
534 914 665 957 potest
684 911 888 957 quiescere
908 914 944 946 et
962 910 1124 954 moveri,
1151 909 1204 946 ita
1221 913 1349 955 potest
1370 910 1548 947 velocius
1569 914 1603 946 61
1620 910 1774 948 tardius

154 960 316 997 moveri.
337 959 562 996 Necessitas
582 958 703 1005 igitur
739 957 1023 994 uniformitatis
1049 961 1182 993 motus
1213 956 1301 993 coeli
1334 956 1527 1002 dependet
1559 967 1606 993 ex
1639 957 1774 1002 aliquo

154 1006 349 1054 principio
371 1005 565 1052 superiori
585 1004 749 1042 omnino
764 1004 971 1045 immobili,
986 1003 1091 1050 quod
1113 1012 1192 1040 non
1209 1003 1261 1040 sit
1275 1012 1366 1049 pars
1383 1004 1560 1049 corporis
1576 1004 1774 1041 moventis

154 1055 345 1099 seipsum,
368 1053 481 1099 quasi
504 1053 637 1098 aliqua
657 1052 783 1088 forma
804 1051 902 1096 ejus.

204 1102 300 1137 Huic
321 1104 450 1137 autem
473 1100 623 1135 veritati
657 1099 858 1143 Scriptura
887 1098 1115 1135 concordat.
1150 1097 1299 1134 Dicitur
1334 1097 1438 1134 enim
1462 1097 1500 1133 in
1525 1099 1587 1134 Ps.
1609 1106 1698 1141 vni,
1719 1100 1741 1134 2
1762 1110 1771 1134 z

154 1150 303 1186 Elevata
322 1150 373 1183 est
390 1148 659 1192 magnificentia
675 1148 738 1181 tua
754 1155 861 1190 super
881 1146 1009 1186 noel083
1032 1149 1070 1181 61
1089 1144 1174 1187 Job,
1195 1153 1264 1187 ΧΠ,
1288 1146 1321 1184 8,
1347 1147 1380 1186 9,
1403 1145 1587 1180 Excelsior
1607 1145 1688 1179 coelo
1707 1147 1771 1189 est,

154 1199 187 1232 et
208 1196 296 1240 quid
315 1196 452 1237 facies?
470 1195 627 1237 Lonqior
654 1195 750 1228 terra
778 1202 946 1227 mensura
966 1192 1043 1237 ejus
1063 1195 1126 1236 est,
1149 1195 1181 1226 et
1195 1191 1413 1236 profondt'or
1433 1193 1540 1227 mari.
1564 1192 1627 1228 Sic
1647 1191 1773 1237 genti-

155 1243 253 1280 lium
283 1251 392 1278 error
423 1243 647 1280 evacuatur,
680 1239 745 1285 qui
780 1238 963 1275 dicebant
993 1241 1114 1275 Deum
1145 1248 1233 1274 6556
1252 1238 1424 1274 animam
1447 1238 1550 1281 coeli,
1572 1238 1630 1274 vel
1654 1238 1772 1274 ctiam

156 1290 328 1326 animam
352 1288 475 1325 totius
496 1287 646 1323 mundi.
672 1288 712 1322 Et
735 1295 782 1322 6)(
802 1286 877 1322 1106
899 1295 1029 1322 errore
1049 1285 1272 1322 idolatriam
1296 1285 1572 1328 defendebant,
1596 1284 1773 1322 dicentes

156 1340 279 1373 totum
302 1335 495 1371 mundum
528 1343 617 1371 esse
652 1334 790 1375 Deum,
827 1341 907 1369 non
943 1333 1095 1369 ratione
1130 1333 1322 1378 corporis,
1347 1331 1415 1368 560
1442 1333 1595 1368 ratione
1617 1332 1774 1377 animae,

156 1384 260 1420 sicut
290 1383 409 1419 homo
443 1381 588 1418 dicitur
620 1380 782 1425 sapiens
815 1389 892 1415 non
925 1380 1077 1416 ratione
1111 1379 1303 1425 corporis,
1328 1379 1396 1414 sed
1424 1379 1577 1415 ratione
1605 1379 1773 1423 animae;

183 1439 233 1467 00
247 1429 454 1475 supposito
470 1427 581 1474 sequi
598 1427 862 1472 opinabantur
874 1426 978 1472 01100
994 1426 1142 1463 100000
1159 1431 1196 1462 61
1210 1426 1388 1471 partibus
1404 1425 1489 1471 ejus
1506 1434 1583 1462 non
1601 1425 1775 1462 indebite

156 1440 315 1514 givinus
336 1476 466 1512 cultus
488 1474 733 1510 exhibeatur.
755 1475 1047 1510 commentator
1072 1473 1189 1509 etiam
1211 1473 1304 1509 dicit
1325 1472 1364 1508 in
1384 1472 1594 1508 undecimo
1613 1472 1772 1517 Metaph.

156 1523 241 1569 (xli,
263 1524 322 1568 41)
344 1522 448 1569 0000
471 1522 535 1558 1116
557 1522 670 1557 10605
692 1520 762 1556 fuit
786 1521 922 1565 lapsus
945 1520 1184 1565 sapientium
1205 1519 1336 1565 gentis
1363 1519 1586 1561 Zabiorum,
1609 1519 1676 1566 qui
1696 1519 1776 1556 sci-

156 1571 247 1608 11661
267 1572 487 1616 posuerunt
509 1570 630 1605 Deum
653 1576 743 1604 esse
765 1567 930 1603 formam
953 1568 1042 1603 coeli
1064 1567 1187 1612 (civit.
1210 1567 1289 1608 Dei,
1312 1566 1380 1602 lib.
1401 1575 1458 1612 w,
1480 1575 1514 1603 c.
1536 1565 1610 1613 31).

778 1706 944 1749 CAPUT
972 1707 1150 1748 XXVIII.

688 1827 740 1855 DE
763 1826 1056 1855 PERFEGTIONNE
1082 1826 1235 1856 DIVINA-

203 1940 308 1977 Licet
326 1941 456 1975 autem
477 1947 522 1974 ea
540 1946 627 1983 quae
647 1940 740 1973 sunt
759 1939 797 1973 et
816 1935 952 1972 vivunt
980 1936 1214 1982 perfectiora
1249 1936 1329 1973 sint
1358 1946 1474 1982 quam
1500 1947 1544 1974 ca
1572 1940 1766 1983 00116160-

156 1990 238 2024 tum
259 1990 364 2029 sunt,
387 1987 488 2022 Deus
508 1989 653 2024 tamen,
673 1985 739 2031 qui
760 1992 839 2020 000
872 1987 932 2020 651
965 1983 1069 2020 aliud
1107 1993 1225 2030 quam
1258 1992 1373 2020 suum
1405 1993 1509 2025 esse,
1533 1988 1593 2020 est
1613 1984 1771 2020 univer·

157 2034 294 2071 saliter
313 2042 384 2069 605
405 2031 632 2077 perfectum,
657 2031 720 2067 601
747 2039 829 2067 non
862 2030 973 2067 deest
1001 2031 1172 2076 alicujus
1203 2031 1362 2078 generis
1394 2031 1605 2073 nobilitas;
1639 2030 1774 2068 omnis

157 2081 260 2118 enim
285 2079 472 2116 nobilitas
493 2078 683 2124 cujusque
702 2078 758 2114 rei
780 2080 840 2114 est
870 2077 960 2128 sibi·
979 2077 1198 2113 secundum
1234 2086 1350 2114 suum
1387 2086 1489 2114 esse.
1522 2077 1637 2114 Nulla
1666 2077 1773 2114 enim

157 2127 346 2165 nobilitas
374 2129 479 2162 esset
513 2125 662 2161 homini
695 2135 740 2161 cx
773 2134 846 2161 sua
879 2125 1086 2169 sapientia,
1110 2124 1186 2160 nisi
1215 2133 1284 2169 per
1304 2134 1389 2160 eam
1412 2125 1573 2170 sapiens
1595 2128 1714 2169 esset,
1737 2127 1776 2161 et

158 2175 216 2212 sic
237 2174 282 2210 de
304 2173 406 2209 aliis.
441 2172 503 2209 Sic
535 2181 628 2218 ergo
662 2171 880 2208 secuudum
914 2171 1074 2207 modum
1108 2180 1186 2217 quo
1219 2180 1283 2207 res
1316 2171 1433 2207 habet
1463 2180 1566 2214 6556,
1589 2175 1649 2207 651
1670 2179 1769 2208 5005

156 2221 299 2259 modus
320 2221 358 2256 in
380 2219 596 2256 nobilitate.
620 2220 715 2254 Nam
741 2227 804 2255 res
823 2217 1041 2254 secundum
1070 2217 1175 2264 quod
1198 2226 1314 2254 suum
1345 2226 1432 2254 esse
1454 2218 1701 2254 contrahitur
1721 2217 1769 2255 ad

157 2268 328 2315 aliquem
358 2266 570 2312 specialem
607 2265 766 2301 modum
802 2265 1020 2301 nobilitatis
1056 2267 1244 2310 majorem
1285 2264 1342 2300 vel
1378 2267 1586 2307 minorem,
1628 2264 1772 2302 dicitur

158 2325 246 2353 esse
268 2313 486 2351 secundum
506 2313 580 2349 hoc
604 2312 776 2348 nobilior
795 2312 854 2348 vel
885 2311 1018 2348 minus
1051 2311 1212 2348 nobilis.
1241 2310 1377 2358 Igitur,
1399 2311 1432 2348 si
1455 2311 1605 2358 aliquid
1629 2314 1689 2348 est
1709 2311 1772 2348 cui

158 2361 345 2407 competit
364 2364 446 2397 tota
465 2362 589 2396 virtus
611 2359 784 2402 essendi,
808 2359 842 2395 ei
863 2358 974 2394 nulla
1001 2358 1189 2394 nobilitas
1217 2357 1358 2395 deesse
1378 2362 1521 2404 potest,
1543 2367 1630 2404 quae
1651 2358 1770 2394 alicui

156 2410 211 2446 rei
228 2408 449 2446 conveniat.
474 2406 547 2443 Sed
567 2407 725 2453 reiquae
748 2409 807 2442 est
827 2414 943 2442 suum
965 2414 1067 2448 esse,
1091 2405 1279 2450 competit
1299 2413 1387 2442 esse
1410 2405 1629 2442 secundum
1649 2408 1772 2441 totam

158 2455 316 2493 essendi
348 2457 596 2500 potestatem.
627 2454 746 2498 Sicut,
768 2454 802 2489 si
830 2456 934 2489 esset
965 2452 1097 2498 aliqua
1129 2452 1269 2488 albedo
1304 2456 1497 2497 separata,
1532 2452 1632 2488 nihil
1662 2452 1698 2487 ei
1725 2451 1773 2488 de

157 2503 300 2539 virtute
322 2501 517 2538 albedinis
537 2500 676 2537 deesse
698 2504 846 2546 posset.
870 2500 966 2535 Nam
981 2499 1099 2535 alicui
1120 2499 1209 2535 61110
1225 2499 1374 2546 6110010
1396 2499 1442 2535 06
1461 2499 1601 2535 virtute
1625 2497 1772 2534 albedi—

159 2550 221 2586 nis
243 2549 382 2585 deesse
397 2551 524 2594 potest
540 2557 586 2584 61(
601 2547 753 2583 defectu
769 2546 995 2591 recipientis
1015 2546 1252 2590 albedinem,
1269 2546 1336 2592 qui
1355 2554 1440 2582 eam
1457 2545 1677 2582 secundum
1693 2553 1775 2582 mo·

158 2596 250 2633 dum
273 2604 388 2632 suum
411 2594 562 2640 recipit,
581 2597 619 2630 et
638 2594 806 2630 fortasse
828 2602 908 2630 non
925 2592 1143 2630 secundum
1164 2597 1288 2630 totum
1304 2601 1422 2638 posse
1437 2591 1648 2628 albedinis.
1667 2592 1774 2630 Deus

160 2642 294 2688 igitur,
317 2642 381 2688 qui
408 2645 468 2677 est
487 2650 604 2677 suum
635 2650 737 2680 esse,
761 2644 800 2676 ut
821 2639 1029 2686 probatum
1051 2643 1124 2684 est,
1146 2640 1263 2676 habet
1291 2648 1379 2676 esse
1412 2637 1630 2675 secundum
1649 2641 1773 2675 totam

157 2690 342 2725 virtutem
365 2687 492 2732 ipsius
513 2696 616 2723 esse.
638 2689 720 2723 Non
743 2689 874 2732 potest
895 2695 988 2733 ergo
1010 2696 1142 2723 carere
1163 2686 1296 2732 aliqua
1322 2685 1526 2722 nobilitate
1547 2693 1634 2731 quae
1652 2684 1772 2722 alicui

159 2736 213 2772 rei
235 2737 443 2780 competat.
468 2734 577 2770 Sicut
605 2737 734 2770 autem
772 2733 903 2770 omnis
935 2733 1123 2770 nobilitas
1155 2737 1192 2769 et
1221 2732 1408 2777 periectio
1428 2731 1531 2768 inest
1552 2731 1607 2768 rei
1629 2740 1773 2768 secun-

159 2783 250 2820 dum
275 2781 380 2828 quod
399 2783 471 2824 est,
492 2780 546 2816 ita
566 2780 697 2816 omnis
713 2780 890 2817 defectus
910 2779 1014 2816 inest
1029 2780 1064 2816 ei
1080 2779 1297 2818 secuudum
1319 2778 1423 2824 0000
1446 2778 1670 2825 aliqualiter
1690 2787 1773 2816 non

159 2832 231 2867 est.
254 2830 357 2865 Deus
379 2830 507 2864 autem
530 2826 632 2863 sicut
651 2826 768 2863 habet
789 2835 878 2863 esse
895 2827 1080 2869 totaliter,
1103 2826 1157 2862 ita
1177 2826 1225 2862 ab
1246 2834 1292 2862 eo
1313 2825 1486 2861 totaliter
1512 2825 1671 2862 absistit
1691 2833 1774 2863 non

157 2884 261 2923 esse,
282 2874 376 2924 quia
391 2883 461 2922 per
478 2872 640 2912 modum
660 2882 729 2920 per
744 2882 861 2920 quem
881 2873 999 2910 habet
1015 2871 1164 2920 aliquid
1193 2880 1282 2909 esse
1314 2871 1444 2909 deficit
1466 2882 1488 2909 a
1508 2881 1589 2909 non
1609 2881 1715 2910 esse.
1739 2875 1772 2908 A
