<?xml version="1.0" encoding="UTF-8"?>
<!DOCTYPE html PUBLIC "-//W3C//DTD XHTML 1.0 Transitional//EN"
    "http://www.w3.org/TR/xhtml1/DTD/xhtml1-transitional.dtd">
<html xmlns="http://www.w3.org/1999/xhtml" xml:lang="en" lang="en">
 <head>
  <title>
</title>
<meta http-equiv="Content-Type" content="text/html;charset=utf-8" />
  <meta name='ocr-system' content='tesseract 3.04.00' />
  <meta name='ocr-capabilities' content='ocr_page ocr_carea ocr_par ocr_line ocrx_word'/>
</head>
<body>
  <div class='ocr_page' id='page_1' title='image "./deveritatecathol00thomuoft_0464.png"; bbox 0 0 1894 3223; ppageno 0'>
   <div class='ocr_carea' id='block_1_1' title="bbox 83 132 1123 176">
    <p class='ocr_par' dir='ltr' id='par_1_1' title="bbox 83 132 1123 176">
     <span class='ocr_line' id='line_1_1' title="bbox 83 132 1123 176; baseline -0.008 -2"><span class='ocrx_word' id='word_1_1' title='bbox 83 139 153 176; x_wconf 76' lang='lat'>424</span> <span class='ocrx_word' id='word_1_2' title='bbox 687 133 774 169; x_wconf 87' lang='lat' dir='ltr'>LIB.</span> <span class='ocrx_word' id='word_1_3' title='bbox 804 133 868 176; x_wconf 85' lang='lat'>111,</span> <span class='ocrx_word' id='word_1_4' title='bbox 895 132 998 168; x_wconf 87' lang='lat' dir='ltr'>CAP.</span> <span class='ocrx_word' id='word_1_5' title='bbox 1026 132 1123 168; x_wconf 89' lang='lat' dir='ltr'><strong>CXX.</strong></span> 
     </span>
    </p>
   </div>
   <div class='ocr_carea' id='block_1_2' title="bbox 83 212 1713 2706">
    <p class='ocr_par' dir='ltr' id='par_1_2' title="bbox 83 212 1712 401">
     <span class='ocr_line' id='line_1_2' title="bbox 85 212 1710 260; baseline -0.002 -4"><span class='ocrx_word' id='word_1_6' title='bbox 85 218 237 256; x_wconf 89' lang='lat' dir='ltr'>cultum</span> <span class='ocrx_word' id='word_1_7' title='bbox 273 215 391 254; x_wconf 88' lang='lat' dir='ltr'>rebus</span> <span class='ocrx_word' id='word_1_8' title='bbox 422 212 605 252; x_wconf 89' lang='lat' dir='ltr'>diversis.</span> <span class='ocrx_word' id='word_1_9' title='bbox 629 212 859 251; x_wconf 84' lang='lat' dir='ltr'>Exhibendo</span> <span class='ocrx_word' id='word_1_10' title='bbox 894 213 999 250; x_wconf 86' lang='lat' dir='ltr'>enim</span> <span class='ocrx_word' id='word_1_11' title='bbox 1037 212 1205 251; x_wconf 88' lang='lat' dir='ltr'>diversis</span> <span class='ocrx_word' id='word_1_12' title='bbox 1231 213 1351 252; x_wconf 87' lang='lat' dir='ltr'>rebus</span> <span class='ocrx_word' id='word_1_13' title='bbox 1387 214 1511 251; x_wconf 77' lang='lat' dir='ltr'>latriae</span> <span class='ocrx_word' id='word_1_14' title='bbox 1544 214 1710 260; x_wconf 88' lang='lat' dir='ltr'>cultum,</span> 
     </span>
     <span class='ocr_line' id='line_1_3' title="bbox 83 260 1712 308; baseline -0.002 -5"><span class='ocrx_word' id='word_1_15' title='bbox 83 266 268 303; x_wconf 87' lang='lat' dir='ltr'>videntur</span> <span class='ocrx_word' id='word_1_16' title='bbox 301 263 370 299; x_wconf 89' lang='lat' dir='ltr'>uni</span> <span class='ocrx_word' id='word_1_17' title='bbox 406 270 563 299; x_wconf 90' lang='lat' dir='ltr'>summo</span> <span class='ocrx_word' id='word_1_18' title='bbox 581 261 662 298; x_wconf 91' lang='lat' dir='ltr'>Deo</span> <span class='ocrx_word' id='word_1_19' title='bbox 694 260 850 297; x_wconf 86' lang='lat' dir='ltr'>latriam</span> <span class='ocrx_word' id='word_1_20' title='bbox 878 260 1078 305; x_wconf 86' lang='lat' dir='ltr'>exhibere,</span> <span class='ocrx_word' id='word_1_21' title='bbox 1102 260 1150 297; x_wconf 88' lang='lat' dir='ltr'>ad</span> <span class='ocrx_word' id='word_1_22' title='bbox 1180 269 1297 308; x_wconf 89' lang='lat' dir='ltr'>quem</span> <span class='ocrx_word' id='word_1_23' title='bbox 1332 262 1550 299; x_wconf 89' lang='lat' dir='ltr'>secundum</span> <span class='ocrx_word' id='word_1_24' title='bbox 1573 270 1712 300; x_wconf 85' lang='lat' dir='ltr'>eorum</span> 
     </span>
     <span class='ocr_line' id='line_1_4' title="bbox 84 307 1710 359; baseline -0.002 -10"><span class='ocrx_word' id='word_1_25' title='bbox 84 312 328 359; x_wconf 83' lang='lat' dir='ltr'>positionem</span> <span class='ocrx_word' id='word_1_26' title='bbox 361 308 527 345; x_wconf 84' lang='lat' dir='ltr'>diversae</span> <span class='ocrx_word' id='word_1_27' title='bbox 554 311 687 354; x_wconf 89' lang='lat' dir='ltr'>partes</span> <span class='ocrx_word' id='word_1_28' title='bbox 713 307 852 345; x_wconf 89' lang='lat' dir='ltr'>mundi</span> <span class='ocrx_word' id='word_1_29' title='bbox 874 310 1167 355; x_wconf 86' lang='lat' dir='ltr'>comparantur,</span> <span class='ocrx_word' id='word_1_30' title='bbox 1189 307 1293 345; x_wconf 89' lang='lat' dir='ltr'>sicut</span> <span class='ocrx_word' id='word_1_31' title='bbox 1311 308 1360 345; x_wconf 89' lang='lat' dir='ltr'>ad</span> <span class='ocrx_word' id='word_1_32' title='bbox 1387 309 1561 346; x_wconf 91' lang='lat' dir='ltr'>animam</span> <span class='ocrx_word' id='word_1_33' title='bbox 1582 309 1710 346; x_wconf 88' lang='lat' dir='ltr'>homi-</span> 
     </span>
     <span class='ocr_line' id='line_1_5' title="bbox 85 354 751 401; baseline -0.008 -6"><span class='ocrx_word' id='word_1_34' title='bbox 85 360 162 396; x_wconf 89' lang='lat' dir='ltr'>mis</span> <span class='ocrx_word' id='word_1_35' title='bbox 184 358 340 393; x_wconf 84' lang='lat' dir='ltr'>diversa</span> <span class='ocrx_word' id='word_1_36' title='bbox 360 355 540 401; x_wconf 89' lang='lat' dir='ltr'>corporis</span> <span class='ocrx_word' id='word_1_37' title='bbox 561 354 751 392; x_wconf 84' lang='lat' dir='ltr'>membra.</span> 
     </span>
    </p>

    <p class='ocr_par' dir='ltr' id='par_1_3' title="bbox 84 400 1710 635">
     <span class='ocr_line' id='line_1_6' title="bbox 84 400 1709 441; baseline 0.001 -1"><span class='ocrx_word' id='word_1_38' title='bbox 84 429 92 434; x_wconf 89' lang='lat'><em>-</em></span> <span class='ocrx_word' id='word_1_39' title='bbox 133 404 206 441; x_wconf 86' lang='lat' dir='ltr'>Sed</span> <span class='ocrx_word' id='word_1_40' title='bbox 227 403 343 439; x_wconf 89' lang='lat' dir='ltr'>etiam</span> <span class='ocrx_word' id='word_1_41' title='bbox 365 402 400 439; x_wconf 91' lang='lat' dir='ltr'>ei</span> <span class='ocrx_word' id='word_1_42' title='bbox 419 402 521 439; x_wconf 89' lang='lat' dir='ltr'>ratio</span> <span class='ocrx_word' id='word_1_43' title='bbox 551 401 696 439; x_wconf 88' lang='lat' dir='ltr'>obviat.</span> <span class='ocrx_word' id='word_1_44' title='bbox 719 400 862 438; x_wconf 92' lang='lat' dir='ltr'>Dicunt</span> <span class='ocrx_word' id='word_1_45' title='bbox 895 401 1001 438; x_wconf 88' lang='lat' dir='ltr'>enim</span> <span class='ocrx_word' id='word_1_46' title='bbox 1030 400 1181 438; x_wconf 90' lang='lat' dir='ltr'>mundo</span> <span class='ocrx_word' id='word_1_47' title='bbox 1213 410 1295 438; x_wconf 90' lang='lat' dir='ltr'>non</span> <span class='ocrx_word' id='word_1_48' title='bbox 1323 410 1412 439; x_wconf 86' lang='lat' dir='ltr'>esse</span> <span class='ocrx_word' id='word_1_49' title='bbox 1443 402 1709 440; x_wconf 81' lang='lat' dir='ltr'>exhibendum</span> 
     </span>
     <span class='ocr_line' id='line_1_7' title="bbox 84 447 1710 495; baseline 0 -8"><span class='ocrx_word' id='word_1_50' title='bbox 84 451 209 488; x_wconf 60' lang='lat' dir='ltr'>latriae</span> <span class='ocrx_word' id='word_1_51' title='bbox 244 450 394 486; x_wconf 91' lang='lat' dir='ltr'>cultum</span> <span class='ocrx_word' id='word_1_52' title='bbox 429 448 584 486; x_wconf 90' lang='lat' dir='ltr'>ratione</span> <span class='ocrx_word' id='word_1_53' title='bbox 615 448 808 495; x_wconf 89' lang='lat' dir='ltr'>corporis,</span> <span class='ocrx_word' id='word_1_54' title='bbox 831 447 901 485; x_wconf 86' lang='lat' dir='ltr'>sed</span> <span class='ocrx_word' id='word_1_55' title='bbox 936 448 1089 485; x_wconf 86' lang='lat' dir='ltr'>ratione</span> <span class='ocrx_word' id='word_1_56' title='bbox 1134 448 1292 493; x_wconf 80' lang='lat' dir='ltr'>animae,</span> <span class='ocrx_word' id='word_1_57' title='bbox 1314 457 1431 495; x_wconf 87' lang='lat' dir='ltr'>quam</span> <span class='ocrx_word' id='word_1_58' title='bbox 1466 451 1590 487; x_wconf 89' lang='lat' dir='ltr'>Deum</span> <span class='ocrx_word' id='word_1_59' title='bbox 1620 459 1710 487; x_wconf 87' lang='lat' dir='ltr'>esse</span> 
     </span>
     <span class='ocr_line' id='line_1_8' title="bbox 86 494 1710 547; baseline 0 -13"><span class='ocrx_word' id='word_1_60' title='bbox 86 498 234 534; x_wconf 92' lang='lat' dir='ltr'>dicunt.</span> <span class='ocrx_word' id='word_1_61' title='bbox 256 497 361 532; x_wconf 84' lang='lat' dir='ltr'>Licet</span> <span class='ocrx_word' id='word_1_62' title='bbox 377 499 508 533; x_wconf 89' lang='lat' dir='ltr'>autem</span> <span class='ocrx_word' id='word_1_63' title='bbox 525 504 670 541; x_wconf 89' lang='lat' dir='ltr'>corpus</span> <span class='ocrx_word' id='word_1_64' title='bbox 687 495 825 532; x_wconf 90' lang='lat' dir='ltr'>mundi</span> <span class='ocrx_word' id='word_1_65' title='bbox 863 494 1062 532; x_wconf 85' lang='lat' dir='ltr'>divisibile</span> <span class='ocrx_word' id='word_1_66' title='bbox 1075 495 1128 532; x_wconf 89' lang='lat' dir='ltr'>sit</span> <span class='ocrx_word' id='word_1_67' title='bbox 1158 495 1200 547; x_wconf 80' lang='lat' dir='ltr'>in</span> <span class='ocrx_word' id='word_1_68' title='bbox 1212 499 1343 541; x_wconf 89' lang='lat' dir='ltr'>partes</span> <span class='ocrx_word' id='word_1_69' title='bbox 1362 495 1554 542; x_wconf 85' lang='lat' dir='ltr'>diversas,</span> <span class='ocrx_word' id='word_1_70' title='bbox 1575 498 1710 534; x_wconf 86' lang='lat' dir='ltr'>anima</span> 
     </span>
     <span class='ocr_line' id='line_1_9' title="bbox 84 542 1709 588; baseline 0 -7"><span class='ocrx_word' id='word_1_71' title='bbox 84 548 217 581; x_wconf 87' lang='lat' dir='ltr'>tamen</span> <span class='ocrx_word' id='word_1_72' title='bbox 250 543 508 580; x_wconf 88' lang='lat' dir='ltr'>indivisibilis</span> <span class='ocrx_word' id='word_1_73' title='bbox 541 546 613 579; x_wconf 87' lang='lat' dir='ltr'>est.</span> <span class='ocrx_word' id='word_1_74' title='bbox 636 545 723 579; x_wconf 91' lang='lat' dir='ltr'>Non</span> <span class='ocrx_word' id='word_1_75' title='bbox 740 545 801 580; x_wconf 85' lang='lat' dir='ltr'>est</span> <span class='ocrx_word' id='word_1_76' title='bbox 834 542 956 588; x_wconf 82' lang='lat' dir='ltr'>igitur</span> <span class='ocrx_word' id='word_1_77' title='bbox 989 542 1207 579; x_wconf 88' lang='lat' dir='ltr'>divinitatis</span> <span class='ocrx_word' id='word_1_78' title='bbox 1241 542 1373 579; x_wconf 90' lang='lat' dir='ltr'>cultus</span> <span class='ocrx_word' id='word_1_79' title='bbox 1403 543 1571 581; x_wconf 87' lang='lat' dir='ltr'>diversis</span> <span class='ocrx_word' id='word_1_80' title='bbox 1589 544 1709 581; x_wconf 89' lang='lat' dir='ltr'>rebus</span> 
     </span>
     <span class='ocr_line' id='line_1_10' title="bbox 86 589 724 635; baseline -0.003 -7"><span class='ocrx_word' id='word_1_81' title='bbox 86 590 349 635; x_wconf 83' lang='lat' dir='ltr'>exhibendus,</span> <span class='ocrx_word' id='word_1_82' title='bbox 372 589 441 627; x_wconf 91' lang='lat' dir='ltr'>sed</span> <span class='ocrx_word' id='word_1_83' title='bbox 462 590 531 627; x_wconf 91' lang='lat' dir='ltr'>uni</span> <span class='ocrx_word' id='word_1_84' title='bbox 553 593 724 626; x_wconf 86' lang='lat' dir='ltr'>tantum.</span> 
     </span>
    </p>

    <p class='ocr_par' dir='ltr' id='par_1_4' title="bbox 83 635 1711 1247">
     <span class='ocr_line' id='line_1_11' title="bbox 131 635 1708 688; baseline 0.001 -14"><span class='ocrx_word' id='word_1_85' title='bbox 131 638 276 677; x_wconf 77' lang='lat' dir='ltr'>Adhuc,</span> <span class='ocrx_word' id='word_1_86' title='bbox 299 637 333 674; x_wconf 90' lang='lat' dir='ltr'>si</span> <span class='ocrx_word' id='word_1_87' title='bbox 353 636 528 674; x_wconf 89' lang='lat' dir='ltr'>mundus</span> <span class='ocrx_word' id='word_1_88' title='bbox 542 637 704 683; x_wconf 90' lang='lat' dir='ltr'>ponitur</span> <span class='ocrx_word' id='word_1_89' title='bbox 721 635 895 673; x_wconf 91' lang='lat' dir='ltr'>animam</span> <span class='ocrx_word' id='word_1_90' title='bbox 916 635 1062 673; x_wconf 85' lang='lat' dir='ltr'>habere</span> <span class='ocrx_word' id='word_1_91' title='bbox 1076 644 1164 688; x_wconf 80' lang='lat' dir='ltr'>quae</span> <span class='ocrx_word' id='word_1_92' title='bbox 1184 638 1310 672; x_wconf 90' lang='lat' dir='ltr'>totum</span> <span class='ocrx_word' id='word_1_93' title='bbox 1330 636 1493 683; x_wconf 88' lang='lat' dir='ltr'>animet,</span> <span class='ocrx_word' id='word_1_94' title='bbox 1508 640 1547 674; x_wconf 87' lang='lat' dir='ltr'>et</span> <span class='ocrx_word' id='word_1_95' title='bbox 1565 647 1708 676; x_wconf 83' lang='lat' dir='ltr'>omnes</span> 
     </span>
     <span class='ocr_line' id='line_1_12' title="bbox 85 682 1709 732; baseline 0.001 -11"><span class='ocrx_word' id='word_1_96' title='bbox 85 688 217 732; x_wconf 89' lang='lat' dir='ltr'>partes</span> <span class='ocrx_word' id='word_1_97' title='bbox 251 684 393 730; x_wconf 88' lang='lat' dir='ltr'>ipsius,</span> <span class='ocrx_word' id='word_1_98' title='bbox 413 692 495 721; x_wconf 91' lang='lat' dir='ltr'>non</span> <span class='ocrx_word' id='word_1_99' title='bbox 517 687 650 730; x_wconf 89' lang='lat' dir='ltr'>potest</span> <span class='ocrx_word' id='word_1_100' title='bbox 677 683 754 721; x_wconf 92' lang='lat' dir='ltr'>hoc</span> <span class='ocrx_word' id='word_1_101' title='bbox 772 683 943 729; x_wconf 82' lang='lat' dir='ltr'>intelligi</span> <span class='ocrx_word' id='word_1_102' title='bbox 966 682 1013 719; x_wconf 88' lang='lat' dir='ltr'>de</span> <span class='ocrx_word' id='word_1_103' title='bbox 1033 691 1167 720; x_wconf 86' lang='lat' dir='ltr'>anima</span> <span class='ocrx_word' id='word_1_104' title='bbox 1183 683 1385 727; x_wconf 76' lang='lat' dir='ltr'>nutritiva,</span> <span class='ocrx_word' id='word_1_105' title='bbox 1413 684 1474 720; x_wconf 90' lang='lat' dir='ltr'>vel</span> <span class='ocrx_word' id='word_1_106' title='bbox 1501 686 1709 731; x_wconf 80' lang='lat' dir='ltr'>sensitiva,</span> 
     </span>
     <span class='ocr_line' id='line_1_13' title="bbox 85 730 1707 779; baseline 0.001 -11"><span class='ocrx_word' id='word_1_107' title='bbox 85 732 180 779; x_wconf 82' lang='lat' dir='ltr'>quia</span> <span class='ocrx_word' id='word_1_108' title='bbox 199 732 339 768; x_wconf 88' lang='lat' dir='ltr'>harum</span> <span class='ocrx_word' id='word_1_109' title='bbox 359 731 530 777; x_wconf 85' lang='lat' dir='ltr'>partium</span> <span class='ocrx_word' id='word_1_110' title='bbox 551 731 694 768; x_wconf 71' lang='lat' dir='ltr'>animae</span> <span class='ocrx_word' id='word_1_111' title='bbox 714 730 967 776; x_wconf 82' lang='lat' dir='ltr'>operationes</span> <span class='ocrx_word' id='word_1_112' title='bbox 982 738 1064 767; x_wconf 90' lang='lat' dir='ltr'>non</span> <span class='ocrx_word' id='word_1_113' title='bbox 1085 733 1315 776; x_wconf 87' lang='lat' dir='ltr'>competunt</span> <span class='ocrx_word' id='word_1_114' title='bbox 1329 730 1516 768; x_wconf 88' lang='lat' dir='ltr'>omnibus</span> <span class='ocrx_word' id='word_1_115' title='bbox 1528 732 1707 777; x_wconf 86' lang='lat' dir='ltr'>partibus</span> 
     </span>
     <span class='ocr_line' id='line_1_14' title="bbox 85 777 1710 825; baseline 0.001 -10"><span class='ocrx_word' id='word_1_116' title='bbox 85 778 277 816; x_wconf 86' lang='lat' dir='ltr'>universi.</span> <span class='ocrx_word' id='word_1_117' title='bbox 302 780 398 815; x_wconf 83' lang='lat' dir='ltr'>Dato</span> <span class='ocrx_word' id='word_1_118' title='bbox 419 778 538 815; x_wconf 85' lang='lat' dir='ltr'>etiam</span> <span class='ocrx_word' id='word_1_119' title='bbox 556 778 661 825; x_wconf 86' lang='lat' dir='ltr'>quod</span> <span class='ocrx_word' id='word_1_120' title='bbox 677 778 839 814; x_wconf 87' lang='lat' dir='ltr'>haberet</span> <span class='ocrx_word' id='word_1_121' title='bbox 852 777 1026 814; x_wconf 91' lang='lat' dir='ltr'>mundus</span> <span class='ocrx_word' id='word_1_122' title='bbox 1041 777 1214 814; x_wconf 88' lang='lat' dir='ltr'>animam</span> <span class='ocrx_word' id='word_1_123' title='bbox 1233 777 1464 814; x_wconf 81' lang='lat' dir='ltr'>sensitivam</span> <span class='ocrx_word' id='word_1_124' title='bbox 1482 779 1544 814; x_wconf 90' lang='lat' dir='ltr'>vel</span> <span class='ocrx_word' id='word_1_125' title='bbox 1556 780 1710 816; x_wconf 83' lang='lat' dir='ltr'>nutriti-</span> 
     </span>
     <span class='ocr_line' id='line_1_15' title="bbox 83 823 1711 872; baseline 0.001 -10"><span class='ocrx_word' id='word_1_126' title='bbox 83 834 189 870; x_wconf 87' lang='lat' dir='ltr'>vam,</span> <span class='ocrx_word' id='word_1_127' title='bbox 199 834 279 862; x_wconf 91' lang='lat' dir='ltr'>non</span> <span class='ocrx_word' id='word_1_128' title='bbox 291 829 450 871; x_wconf 86' lang='lat' dir='ltr'>propter</span> <span class='ocrx_word' id='word_1_129' title='bbox 461 824 689 872; x_wconf 89' lang='lat' dir='ltr'>hujusmodi</span> <span class='ocrx_word' id='word_1_130' title='bbox 704 825 859 861; x_wconf 87' lang='lat' dir='ltr'>animas</span> <span class='ocrx_word' id='word_1_131' title='bbox 874 824 1082 861; x_wconf 80' lang='lat' dir='ltr'>deberetur</span> <span class='ocrx_word' id='word_1_132' title='bbox 1090 824 1125 861; x_wconf 88' lang='lat' dir='ltr'>ei</span> <span class='ocrx_word' id='word_1_133' title='bbox 1140 823 1265 861; x_wconf 82' lang='lat' dir='ltr'>latriae</span> <span class='ocrx_word' id='word_1_134' title='bbox 1276 824 1530 868; x_wconf 86' lang='lat' dir='ltr'>cultus,sicut</span> <span class='ocrx_word' id='word_1_135' title='bbox 1541 834 1613 863; x_wconf 89' lang='lat' dir='ltr'>nec</span> <span class='ocrx_word' id='word_1_136' title='bbox 1620 826 1711 863; x_wconf 90' lang='lat' dir='ltr'>bru·</span> 
     </span>
     <span class='ocr_line' id='line_1_16' title="bbox 84 871 1708 924; baseline 0.001 -15"><span class='ocrx_word' id='word_1_137' title='bbox 84 872 138 910; x_wconf 81' lang='lat' dir='ltr'>tis</span> <span class='ocrx_word' id='word_1_138' title='bbox 156 872 412 917; x_wconf 86' lang='lat' dir='ltr'>animalibus,</span> <span class='ocrx_word' id='word_1_139' title='bbox 434 880 508 910; x_wconf 90' lang='lat' dir='ltr'>nec</span> <span class='ocrx_word' id='word_1_140' title='bbox 519 872 681 918; x_wconf 87' lang='lat' dir='ltr'>plantis.</span> <span class='ocrx_word' id='word_1_141' title='bbox 697 872 947 919; x_wconf 85' lang='lat' dir='ltr'>Relinquitur</span> <span class='ocrx_word' id='word_1_142' title='bbox 959 880 1053 924; x_wconf 80' lang='lat' dir='ltr'>ergo</span> <span class='ocrx_word' id='word_1_143' title='bbox 1066 871 1172 918; x_wconf 85' lang='lat' dir='ltr'>quod</span> <span class='ocrx_word' id='word_1_144' title='bbox 1194 871 1268 909; x_wconf 87' lang='lat' dir='ltr'>hoc</span> <span class='ocrx_word' id='word_1_145' title='bbox 1288 871 1394 918; x_wconf 90' lang='lat' dir='ltr'>quod</span> <span class='ocrx_word' id='word_1_146' title='bbox 1413 871 1552 909; x_wconf 87' lang='lat' dir='ltr'>dicunt</span> <span class='ocrx_word' id='word_1_147' title='bbox 1567 874 1708 919; x_wconf 89' lang='lat' dir='ltr'>Deum,</span> 
     </span>
     <span class='ocr_line' id='line_1_17' title="bbox 86 918 1707 965; baseline -0.001 -7"><span class='ocrx_word' id='word_1_148' title='bbox 86 919 152 958; x_wconf 87' lang='lat' dir='ltr'>cui</span> <span class='ocrx_word' id='word_1_149' title='bbox 171 919 336 957; x_wconf 86' lang='lat' dir='ltr'>debetur</span> <span class='ocrx_word' id='word_1_150' title='bbox 354 919 484 964; x_wconf 85' lang='lat' dir='ltr'>latria,</span> <span class='ocrx_word' id='word_1_151' title='bbox 504 928 595 956; x_wconf 87' lang='lat' dir='ltr'>esse</span> <span class='ocrx_word' id='word_1_152' title='bbox 627 919 802 956; x_wconf 88' lang='lat' dir='ltr'>animam</span> <span class='ocrx_word' id='word_1_153' title='bbox 831 919 969 956; x_wconf 89' lang='lat' dir='ltr'>mundi</span> <span class='ocrx_word' id='word_1_154' title='bbox 1003 919 1249 965; x_wconf 83' lang='lat' dir='ltr'>intelligatur</span> <span class='ocrx_word' id='word_1_155' title='bbox 1266 918 1313 955; x_wconf 92' lang='lat' dir='ltr'>de</span> <span class='ocrx_word' id='word_1_156' title='bbox 1333 918 1468 956; x_wconf 88' lang='lat' dir='ltr'>anima</span> <span class='ocrx_word' id='word_1_157' title='bbox 1485 919 1707 957; x_wconf 87' lang='lat' dir='ltr'>intellectu-</span> 
     </span>
     <span class='ocr_line' id='line_1_18' title="bbox 86 965 1710 1014; baseline 0 -10"><span class='ocrx_word' id='word_1_158' title='bbox 86 966 162 1011; x_wconf 83' lang='lat' dir='ltr'>ali3</span> <span class='ocrx_word' id='word_1_159' title='bbox 184 976 270 1014; x_wconf 81' lang='lat' dir='ltr'>quae</span> <span class='ocrx_word' id='word_1_160' title='bbox 291 966 450 1014; x_wconf 90' lang='lat' dir='ltr'>quidem</span> <span class='ocrx_word' id='word_1_161' title='bbox 471 966 607 1004; x_wconf 91' lang='lat' dir='ltr'>anima</span> <span class='ocrx_word' id='word_1_162' title='bbox 624 974 706 1003; x_wconf 86' lang='lat' dir='ltr'>non</span> <span class='ocrx_word' id='word_1_163' title='bbox 727 970 788 1003; x_wconf 93' lang='lat' dir='ltr'>est</span> <span class='ocrx_word' id='word_1_164' title='bbox 817 965 1006 1012; x_wconf 80' lang='lat' dir='ltr'>perfectio</span> <span class='ocrx_word' id='word_1_165' title='bbox 1039 966 1388 1003; x_wconf 86' lang='lat' dir='ltr'>determinatarum</span> <span class='ocrx_word' id='word_1_166' title='bbox 1421 966 1594 1012; x_wconf 89' lang='lat' dir='ltr'>partium</span> <span class='ocrx_word' id='word_1_167' title='bbox 1621 976 1710 1004; x_wconf 84' lang='lat' dir='ltr'>cor·</span> 
     </span>
     <span class='ocr_line' id='line_1_19' title="bbox 86 1012 1709 1061; baseline 0.001 -11"><span class='ocrx_word' id='word_1_168' title='bbox 86 1014 211 1060; x_wconf 88' lang='lat' dir='ltr'>poris,</span> <span class='ocrx_word' id='word_1_169' title='bbox 233 1013 302 1050; x_wconf 89' lang='lat' dir='ltr'>sed</span> <span class='ocrx_word' id='word_1_170' title='bbox 324 1013 459 1061; x_wconf 86' lang='lat' dir='ltr'>aliquo</span> <span class='ocrx_word' id='word_1_171' title='bbox 479 1013 599 1051; x_wconf 89' lang='lat' dir='ltr'>modo</span> <span class='ocrx_word' id='word_1_172' title='bbox 618 1013 918 1059; x_wconf 87' lang='lat' dir='ltr'>respicittotum</span> <span class='ocrx_word' id='word_1_173' title='bbox 938 1024 947 1050; x_wconf 73' lang='grc' dir='ltr'><strong><em>ε</em></strong></span> <span class='ocrx_word' id='word_1_174' title='bbox 969 1012 1075 1060; x_wconf 87' lang='lat' dir='ltr'>quod</span> <span class='ocrx_word' id='word_1_175' title='bbox 1091 1012 1209 1050; x_wconf 89' lang='lat' dir='ltr'>etiam</span> <span class='ocrx_word' id='word_1_176' title='bbox 1229 1013 1271 1049; x_wconf 91' lang='lat' dir='ltr'>in</span> <span class='ocrx_word' id='word_1_177' title='bbox 1291 1016 1429 1050; x_wconf 85' lang='lat' dir='ltr'>nostra</span> <span class='ocrx_word' id='word_1_178' title='bbox 1451 1013 1598 1059; x_wconf 87' lang='lat' dir='ltr'>anima,</span> <span class='ocrx_word' id='word_1_179' title='bbox 1618 1024 1709 1061; x_wconf 79' lang='lat' dir='ltr'>quae</span> 
     </span>
     <span class='ocr_line' id='line_1_20' title="bbox 88 1059 1708 1107; baseline 0 -9"><span class='ocrx_word' id='word_1_180' title='bbox 88 1064 149 1098; x_wconf 90' lang='lat' dir='ltr'>est</span> <span class='ocrx_word' id='word_1_181' title='bbox 169 1060 400 1107; x_wconf 81' lang='lat' dir='ltr'>ignobilior,</span> <span class='ocrx_word' id='word_1_182' title='bbox 417 1063 537 1107; x_wconf 86' lang='lat' dir='ltr'>patet.</span> <span class='ocrx_word' id='word_1_183' title='bbox 556 1062 643 1098; x_wconf 88' lang='lat' dir='ltr'>Non</span> <span class='ocrx_word' id='word_1_184' title='bbox 670 1061 776 1097; x_wconf 90' lang='lat' dir='ltr'>enim</span> <span class='ocrx_word' id='word_1_185' title='bbox 797 1060 1023 1097; x_wconf 89' lang='lat' dir='ltr'>intellectus</span> <span class='ocrx_word' id='word_1_186' title='bbox 1044 1059 1161 1098; x_wconf 84' lang='lat' dir='ltr'>habet</span> <span class='ocrx_word' id='word_1_187' title='bbox 1181 1060 1546 1107; x_wconf 78' lang='lat' dir='ltr'>aliquodorganum</span> <span class='ocrx_word' id='word_1_188' title='bbox 1568 1070 1708 1107; x_wconf 83' lang='lat' dir='ltr'>corpo·</span> 
     </span>
     <span class='ocr_line' id='line_1_21' title="bbox 87 1106 1708 1154; baseline 0.001 -10"><span class='ocrx_word' id='word_1_189' title='bbox 87 1107 183 1151; x_wconf 74' lang='lat' dir='ltr'>mle,</span> <span class='ocrx_word' id='word_1_190' title='bbox 205 1111 248 1144; x_wconf 88' lang='lat' dir='ltr'>ut</span> <span class='ocrx_word' id='word_1_191' title='bbox 266 1107 455 1153; x_wconf 88' lang='lat' dir='ltr'>probatur</span> <span class='ocrx_word' id='word_1_192' title='bbox 482 1107 526 1144; x_wconf 90' lang='lat' dir='ltr'>in</span> <span class='ocrx_word' id='word_1_193' title='bbox 543 1106 660 1144; x_wconf 89' lang='lat' dir='ltr'>tertio</span> <span class='ocrx_word' id='word_1_194' title='bbox 681 1110 730 1143; x_wconf 86' lang='lat' dir='ltr'>De</span> <span class='ocrx_word' id='word_1_195' title='bbox 755 1109 880 1142; x_wconf 77' lang='lat' dir='ltr'>anima</span> <span class='ocrx_word' id='word_1_196' title='bbox 900 1110 1006 1153; x_wconf 86' lang='lat' dir='ltr'>(text.</span> <span class='ocrx_word' id='word_1_197' title='bbox 1029 1116 1173 1144; x_wconf 87' lang='lat' dir='ltr'>comm.</span> <span class='ocrx_word' id='word_1_198' title='bbox 1196 1107 1246 1154; x_wconf 88' lang='lat'>6).</span> <span class='ocrx_word' id='word_1_199' title='bbox 1266 1109 1349 1143; x_wconf 88' lang='lat' dir='ltr'>Non</span> <span class='ocrx_word' id='word_1_200' title='bbox 1377 1107 1500 1153; x_wconf 86' lang='lat' dir='ltr'>igitur</span> <span class='ocrx_word' id='word_1_201' title='bbox 1519 1108 1708 1145; x_wconf 83' lang='lat' dir='ltr'>exhiben-</span> 
     </span>
     <span class='ocr_line' id='line_1_22' title="bbox 89 1153 1710 1200; baseline 0.001 -9"><span class='ocrx_word' id='word_1_202' title='bbox 89 1154 164 1191; x_wconf 88' lang='lat' dir='ltr'>dus</span> <span class='ocrx_word' id='word_1_203' title='bbox 192 1158 299 1192; x_wconf 83' lang='lat' dir='ltr'>esset</span> <span class='ocrx_word' id='word_1_204' title='bbox 330 1155 462 1191; x_wconf 88' lang='lat' dir='ltr'>cultus</span> <span class='ocrx_word' id='word_1_205' title='bbox 495 1155 713 1191; x_wconf 81' lang='lat' dir='ltr'>divinitatis</span> <span class='ocrx_word' id='word_1_206' title='bbox 750 1154 917 1190; x_wconf 88' lang='lat' dir='ltr'>diversis</span> <span class='ocrx_word' id='word_1_207' title='bbox 945 1154 1124 1200; x_wconf 85' lang='lat' dir='ltr'>partibus</span> <span class='ocrx_word' id='word_1_208' title='bbox 1154 1153 1308 1198; x_wconf 85' lang='lat' dir='ltr'>mundi,</span> <span class='ocrx_word' id='word_1_209' title='bbox 1333 1154 1403 1190; x_wconf 88' lang='lat' dir='ltr'>sed</span> <span class='ocrx_word' id='word_1_210' title='bbox 1434 1154 1505 1190; x_wconf 87' lang='lat' dir='ltr'>toti</span> <span class='ocrx_word' id='word_1_211' title='bbox 1541 1155 1710 1198; x_wconf 77' lang='lat' dir='ltr'>mundo,</span> 
     </span>
     <span class='ocr_line' id='line_1_23' title="bbox 88 1200 1155 1247; baseline 0 -10"><span class='ocrx_word' id='word_1_212' title='bbox 88 1206 248 1247; x_wconf 86' lang='lat' dir='ltr'>propter</span> <span class='ocrx_word' id='word_1_213' title='bbox 268 1201 442 1238; x_wconf 88' lang='lat' dir='ltr'>animam</span> <span class='ocrx_word' id='word_1_214' title='bbox 463 1200 549 1247; x_wconf 82' lang='lat' dir='ltr'>ejus</span> <span class='ocrx_word' id='word_1_215' title='bbox 570 1201 790 1238; x_wconf 89' lang='lat' dir='ltr'>secundum</span> <span class='ocrx_word' id='word_1_216' title='bbox 810 1210 947 1237; x_wconf 87' lang='lat' dir='ltr'>eorum</span> <span class='ocrx_word' id='word_1_217' title='bbox 968 1201 1155 1237; x_wconf 85' lang='lat' dir='ltr'>radicem.</span> 
     </span>
    </p>

    <p class='ocr_par' dir='ltr' id='par_1_5' title="bbox 88 1247 1710 1426">
     <span class='ocr_line' id='line_1_24' title="bbox 136 1247 1710 1296; baseline 0 -13"><span class='ocrx_word' id='word_1_218' title='bbox 136 1249 318 1293; x_wconf 66' lang='lat' dir='ltr'>Amplius,</span> <span class='ocrx_word' id='word_1_219' title='bbox 341 1249 376 1285; x_wconf 92' lang='lat' dir='ltr'>si</span> <span class='ocrx_word' id='word_1_220' title='bbox 413 1248 632 1285; x_wconf 89' lang='lat' dir='ltr'>secundum</span> <span class='ocrx_word' id='word_1_221' title='bbox 662 1257 798 1285; x_wconf 89' lang='lat' dir='ltr'>eorum</span> <span class='ocrx_word' id='word_1_222' title='bbox 829 1248 1068 1294; x_wconf 87' lang='lat' dir='ltr'>positionem</span> <span class='ocrx_word' id='word_1_223' title='bbox 1091 1256 1170 1284; x_wconf 91' lang='lat' dir='ltr'>una</span> <span class='ocrx_word' id='word_1_224' title='bbox 1203 1251 1354 1284; x_wconf 83' lang='lat' dir='ltr'>tanturn</span> <span class='ocrx_word' id='word_1_225' title='bbox 1384 1247 1436 1284; x_wconf 89' lang='lat' dir='ltr'>sit</span> <span class='ocrx_word' id='word_1_226' title='bbox 1463 1248 1599 1285; x_wconf 89' lang='lat' dir='ltr'>anima</span> <span class='ocrx_word' id='word_1_227' title='bbox 1617 1257 1710 1296; x_wconf 75' lang='lat' dir='ltr'>quae</span> 
     </span>
     <span class='ocr_line' id='line_1_25' title="bbox 88 1294 1709 1341; baseline 0 -9"><span class='ocrx_word' id='word_1_228' title='bbox 88 1298 216 1332; x_wconf 86' lang='lat' dir='ltr'>totum</span> <span class='ocrx_word' id='word_1_229' title='bbox 249 1295 442 1332; x_wconf 90' lang='lat' dir='ltr'>mundum</span> <span class='ocrx_word' id='word_1_230' title='bbox 486 1295 635 1332; x_wconf 87' lang='lat' dir='ltr'>animat</span> <span class='ocrx_word' id='word_1_231' title='bbox 669 1299 708 1331; x_wconf 90' lang='lat' dir='ltr'>et</span> <span class='ocrx_word' id='word_1_232' title='bbox 737 1298 868 1341; x_wconf 88' lang='lat' dir='ltr'>partes</span> <span class='ocrx_word' id='word_1_233' title='bbox 901 1304 1041 1331; x_wconf 90' lang='lat' dir='ltr'>omnes</span> <span class='ocrx_word' id='word_1_234' title='bbox 1075 1295 1218 1341; x_wconf 88' lang='lat' dir='ltr'>ipsius,</span> <span class='ocrx_word' id='word_1_235' title='bbox 1250 1294 1425 1331; x_wconf 88' lang='lat' dir='ltr'>mundus</span> <span class='ocrx_word' id='word_1_236' title='bbox 1462 1299 1592 1332; x_wconf 87' lang='lat' dir='ltr'>autem</span> <span class='ocrx_word' id='word_1_237' title='bbox 1625 1304 1709 1333; x_wconf 88' lang='lat' dir='ltr'>non</span> 
     </span>
     <span class='ocr_line' id='line_1_26' title="bbox 89 1341 1708 1388; baseline 0.001 -10"><span class='ocrx_word' id='word_1_238' title='bbox 89 1341 234 1378; x_wconf 85' lang='lat' dir='ltr'>dicitur</span> <span class='ocrx_word' id='word_1_239' title='bbox 254 1344 358 1379; x_wconf 90' lang='lat' dir='ltr'>Deus</span> <span class='ocrx_word' id='word_1_240' title='bbox 390 1341 469 1379; x_wconf 86' lang='lat' dir='ltr'>nisi</span> <span class='ocrx_word' id='word_1_241' title='bbox 500 1345 659 1388; x_wconf 91' lang='lat' dir='ltr'>propter</span> <span class='ocrx_word' id='word_1_242' title='bbox 689 1343 877 1386; x_wconf 87' lang='lat' dir='ltr'>animam,</span> <span class='ocrx_word' id='word_1_243' title='bbox 912 1342 985 1378; x_wconf 89' lang='lat' dir='ltr'>erit</span> <span class='ocrx_word' id='word_1_244' title='bbox 1012 1350 1107 1388; x_wconf 86' lang='lat' dir='ltr'>ergo</span> <span class='ocrx_word' id='word_1_245' title='bbox 1138 1350 1244 1378; x_wconf 91' lang='lat' dir='ltr'>unus</span> <span class='ocrx_word' id='word_1_246' title='bbox 1274 1345 1428 1378; x_wconf 90' lang='lat' dir='ltr'>tantum</span> <span class='ocrx_word' id='word_1_247' title='bbox 1450 1343 1568 1383; x_wconf 88' lang='lat' dir='ltr'>Deus,</span> <span class='ocrx_word' id='word_1_248' title='bbox 1585 1346 1624 1379; x_wconf 87' lang='lat' dir='ltr'>et</span> <span class='ocrx_word' id='word_1_249' title='bbox 1649 1343 1708 1379; x_wconf 90' lang='lat' dir='ltr'>sic</span> 
     </span>
     <span class='ocr_line' id='line_1_27' title="bbox 89 1388 950 1426; baseline -0.002 0"><span class='ocrx_word' id='word_1_250' title='bbox 89 1389 221 1426; x_wconf 86' lang='lat' dir='ltr'>cultus</span> <span class='ocrx_word' id='word_1_251' title='bbox 242 1388 461 1426; x_wconf 87' lang='lat' dir='ltr'>divinitatis</span> <span class='ocrx_word' id='word_1_252' title='bbox 481 1397 563 1425; x_wconf 90' lang='lat' dir='ltr'>non</span> <span class='ocrx_word' id='word_1_253' title='bbox 584 1389 748 1426; x_wconf 90' lang='lat' dir='ltr'>debetur</span> <span class='ocrx_word' id='word_1_254' title='bbox 768 1389 848 1425; x_wconf 91' lang='lat' dir='ltr'>nisi</span> <span class='ocrx_word' id='word_1_255' title='bbox 866 1389 950 1425; x_wconf 91' lang='lat' dir='ltr'>uni.</span> 
     </span>
    </p>

    <p class='ocr_par' dir='ltr' id='par_1_6' title="bbox 89 1434 1712 1763">
     <span class='ocr_line' id='line_1_28' title="bbox 138 1434 1708 1480; baseline 0.001 -8"><span class='ocrx_word' id='word_1_256' title='bbox 138 1436 177 1472; x_wconf 86' lang='lat' dir='ltr'>Si</span> <span class='ocrx_word' id='word_1_257' title='bbox 200 1444 290 1472; x_wconf 90' lang='lat' dir='ltr'>vero</span> <span class='ocrx_word' id='word_1_258' title='bbox 311 1436 361 1472; x_wconf 84' lang='lat' dir='ltr'>sit</span> <span class='ocrx_word' id='word_1_259' title='bbox 390 1444 470 1472; x_wconf 90' lang='lat' dir='ltr'>una</span> <span class='ocrx_word' id='word_1_260' title='bbox 489 1435 623 1472; x_wconf 89' lang='lat' dir='ltr'>anima</span> <span class='ocrx_word' id='word_1_261' title='bbox 657 1436 795 1480; x_wconf 86' lang='lat' dir='ltr'>totius,</span> <span class='ocrx_word' id='word_1_262' title='bbox 817 1439 855 1471; x_wconf 85' lang='lat' dir='ltr'>et</span> <span class='ocrx_word' id='word_1_263' title='bbox 873 1435 1038 1472; x_wconf 81' lang='lat' dir='ltr'>diversae</span> <span class='ocrx_word' id='word_1_264' title='bbox 1072 1438 1204 1480; x_wconf 89' lang='lat' dir='ltr'>partes</span> <span class='ocrx_word' id='word_1_265' title='bbox 1223 1434 1367 1472; x_wconf 88' lang='lat' dir='ltr'>iterum</span> <span class='ocrx_word' id='word_1_266' title='bbox 1389 1435 1561 1472; x_wconf 87' lang='lat' dir='ltr'>habeant</span> <span class='ocrx_word' id='word_1_267' title='bbox 1581 1436 1708 1473; x_wconf 84' lang='lat' dir='ltr'>diver-</span> 
     </span>
     <span class='ocr_line' id='line_1_29' title="bbox 89 1481 1710 1529; baseline 0.001 -10"><span class='ocrx_word' id='word_1_268' title='bbox 89 1491 157 1520; x_wconf 87' lang='lat' dir='ltr'>sas</span> <span class='ocrx_word' id='word_1_269' title='bbox 176 1483 330 1519; x_wconf 80' lang='lat' dir='ltr'>animas</span> <span class='ocrx_word' id='word_1_270' title='bbox 348 1510 355 1526; x_wconf 93' lang='lat'>‚</span> <span class='ocrx_word' id='word_1_271' title='bbox 376 1485 530 1528; x_wconf 79' lang='lat' dir='ltr'>oportet</span> <span class='ocrx_word' id='word_1_272' title='bbox 561 1491 631 1519; x_wconf 93' lang='lat' dir='ltr'>eos</span> <span class='ocrx_word' id='word_1_273' title='bbox 649 1482 794 1526; x_wconf 86' lang='lat' dir='ltr'>dicere,</span> <span class='ocrx_word' id='word_1_274' title='bbox 816 1481 921 1529; x_wconf 85' lang='lat' dir='ltr'>quod</span> <span class='ocrx_word' id='word_1_275' title='bbox 954 1482 1096 1518; x_wconf 82' lang='lat' dir='ltr'>animae</span> <span class='ocrx_word' id='word_1_276' title='bbox 1127 1481 1297 1528; x_wconf 88' lang='lat' dir='ltr'>partium</span> <span class='ocrx_word' id='word_1_277' title='bbox 1325 1481 1400 1519; x_wconf 90' lang='lat' dir='ltr'>sub</span> <span class='ocrx_word' id='word_1_278' title='bbox 1420 1483 1555 1519; x_wconf 89' lang='lat' dir='ltr'>anima</span> <span class='ocrx_word' id='word_1_279' title='bbox 1585 1484 1710 1520; x_wconf 87' lang='lat' dir='ltr'>totius</span> 
     </span>
     <span class='ocr_line' id='line_1_30' title="bbox 90 1529 1708 1576; baseline 0.001 -10"><span class='ocrx_word' id='word_1_280' title='bbox 90 1529 336 1566; x_wconf 86' lang='lat' dir='ltr'>ordinentur.</span> <span class='ocrx_word' id='word_1_281' title='bbox 359 1529 501 1566; x_wconf 90' lang='lat' dir='ltr'>Eadem</span> <span class='ocrx_word' id='word_1_282' title='bbox 533 1529 639 1566; x_wconf 90' lang='lat' dir='ltr'>enim</span> <span class='ocrx_word' id='word_1_283' title='bbox 672 1533 733 1566; x_wconf 90' lang='lat' dir='ltr'>est</span> <span class='ocrx_word' id='word_1_284' title='bbox 763 1529 967 1576; x_wconf 86' lang='lat' dir='ltr'>proportio</span> <span class='ocrx_word' id='word_1_285' title='bbox 997 1529 1285 1575; x_wconf 82' lang='lat' dir='ltr'>perfectionum</span> <span class='ocrx_word' id='word_1_286' title='bbox 1316 1533 1355 1566; x_wconf 89' lang='lat' dir='ltr'>et</span> <span class='ocrx_word' id='word_1_287' title='bbox 1386 1529 1708 1576; x_wconf 90' lang='lat' dir='ltr'>perfectibilium.</span> 
     </span>
     <span class='ocr_line' id='line_1_31' title="bbox 90 1575 1710 1622; baseline 0.002 -11"><span class='ocrx_word' id='word_1_288' title='bbox 90 1576 358 1612; x_wconf 81' lang='lat' dir='ltr'>Existentibus</span> <span class='ocrx_word' id='word_1_289' title='bbox 393 1580 524 1613; x_wconf 88' lang='lat' dir='ltr'>autem</span> <span class='ocrx_word' id='word_1_290' title='bbox 556 1575 737 1622; x_wconf 89' lang='lat' dir='ltr'>pluribus</span> <span class='ocrx_word' id='word_1_291' title='bbox 773 1576 1010 1613; x_wconf 83' lang='lat' dir='ltr'>substantiis</span> <span class='ocrx_word' id='word_1_292' title='bbox 1041 1575 1379 1614; x_wconf 82' lang='lat' dir='ltr'>intellectualibus</span> <span class='ocrx_word' id='word_1_293' title='bbox 1415 1577 1624 1622; x_wconf 87' lang='lat' dir='ltr'>ordinatis,</span> <span class='ocrx_word' id='word_1_294' title='bbox 1650 1577 1710 1614; x_wconf 90' lang='lat' dir='ltr'>illi</span> 
     </span>
     <span class='ocr_line' id='line_1_32' title="bbox 91 1623 1712 1671; baseline 0.001 -12"><span class='ocrx_word' id='word_1_295' title='bbox 91 1627 244 1659; x_wconf 86' lang='lat' dir='ltr'>tantum</span> <span class='ocrx_word' id='word_1_296' title='bbox 266 1623 429 1660; x_wconf 88' lang='lat' dir='ltr'>debetur</span> <span class='ocrx_word' id='word_1_297' title='bbox 458 1623 581 1660; x_wconf 80' lang='lat' dir='ltr'>latriae</span> <span class='ocrx_word' id='word_1_298' title='bbox 602 1623 733 1661; x_wconf 86' lang='lat' dir='ltr'>cultus</span> <span class='ocrx_word' id='word_1_299' title='bbox 753 1633 840 1670; x_wconf 79' lang='lat' dir='ltr'>quae</span> <span class='ocrx_word' id='word_1_300' title='bbox 867 1632 1068 1660; x_wconf 88' lang='lat' dir='ltr'>summum</span> <span class='ocrx_word' id='word_1_301' title='bbox 1090 1623 1221 1660; x_wconf 92' lang='lat' dir='ltr'>locum</span> <span class='ocrx_word' id='word_1_302' title='bbox 1244 1623 1286 1660; x_wconf 91' lang='lat' dir='ltr'>in</span> <span class='ocrx_word' id='word_1_303' title='bbox 1304 1624 1363 1661; x_wconf 87' lang='lat' dir='ltr'>eis</span> <span class='ocrx_word' id='word_1_304' title='bbox 1380 1627 1498 1668; x_wconf 82' lang='lat' dir='ltr'>tenet,</span> <span class='ocrx_word' id='word_1_305' title='bbox 1521 1628 1565 1661; x_wconf 88' lang='lat' dir='ltr'>ut</span> <span class='ocrx_word' id='word_1_306' title='bbox 1590 1633 1712 1671; x_wconf 83' lang='lat' dir='ltr'>supra</span> 
     </span>
     <span class='ocr_line' id='line_1_33' title="bbox 90 1670 1712 1717; baseline 0.001 -10"><span class='ocrx_word' id='word_1_307' title='bbox 90 1673 296 1707; x_wconf 85' lang='lat' dir='ltr'>ostensum</span> <span class='ocrx_word' id='word_1_308' title='bbox 319 1673 379 1707; x_wconf 89' lang='lat' dir='ltr'>est</span> <span class='ocrx_word' id='word_1_309' title='bbox 399 1674 538 1707; x_wconf 86' lang='lat' dir='ltr'>contra</span> <span class='ocrx_word' id='word_1_310' title='bbox 556 1670 675 1707; x_wconf 88' lang='lat' dir='ltr'>aliam</span> <span class='ocrx_word' id='word_1_311' title='bbox 694 1671 950 1717; x_wconf 85' lang='lat' dir='ltr'>positionem.</span> <span class='ocrx_word' id='word_1_312' title='bbox 972 1672 1058 1707; x_wconf 89' lang='lat' dir='ltr'>Non</span> <span class='ocrx_word' id='word_1_313' title='bbox 1079 1670 1153 1707; x_wconf 90' lang='lat' dir='ltr'>erit</span> <span class='ocrx_word' id='word_1_314' title='bbox 1172 1670 1294 1717; x_wconf 85' lang='lat' dir='ltr'>igitur</span> <span class='ocrx_word' id='word_1_315' title='bbox 1314 1671 1563 1709; x_wconf 83' lang='lat' dir='ltr'>exhibendus</span> <span class='ocrx_word' id='word_1_316' title='bbox 1584 1671 1712 1709; x_wconf 81' lang='lat' dir='ltr'>latriae</span> 
     </span>
     <span class='ocr_line' id='line_1_34' title="bbox 92 1717 943 1763; baseline 0 -9"><span class='ocrx_word' id='word_1_317' title='bbox 92 1717 223 1754; x_wconf 88' lang='lat' dir='ltr'>cultus</span> <span class='ocrx_word' id='word_1_318' title='bbox 241 1717 419 1763; x_wconf 86' lang='lat' dir='ltr'>partibus</span> <span class='ocrx_word' id='word_1_319' title='bbox 439 1717 592 1762; x_wconf 88' lang='lat' dir='ltr'>mundi,</span> <span class='ocrx_word' id='word_1_320' title='bbox 615 1717 684 1754; x_wconf 89' lang='lat' dir='ltr'>sed</span> <span class='ocrx_word' id='word_1_321' title='bbox 706 1718 835 1754; x_wconf 90' lang='lat' dir='ltr'>solum</span> <span class='ocrx_word' id='word_1_322' title='bbox 857 1718 943 1754; x_wconf 87' lang='lat' dir='ltr'>toti.</span> 
     </span>
    </p>

    <p class='ocr_par' dir='ltr' id='par_1_7' title="bbox 88 1764 1712 1951">
     <span class='ocr_line' id='line_1_35' title="bbox 138 1764 1710 1811; baseline 0.002 -11"><span class='ocrx_word' id='word_1_323' title='bbox 138 1765 327 1809; x_wconf 55' lang='lat' dir='ltr'>Poeaeterea,</span> <span class='ocrx_word' id='word_1_324' title='bbox 349 1764 605 1801; x_wconf 88' lang='lat' dir='ltr'>manifestum</span> <span class='ocrx_word' id='word_1_325' title='bbox 626 1768 686 1802; x_wconf 89' lang='lat' dir='ltr'>est</span> <span class='ocrx_word' id='word_1_326' title='bbox 717 1764 910 1811; x_wconf 85' lang='lat' dir='ltr'>quasdam</span> <span class='ocrx_word' id='word_1_327' title='bbox 943 1767 1076 1810; x_wconf 87' lang='lat' dir='ltr'>partes</span> <span class='ocrx_word' id='word_1_328' title='bbox 1104 1764 1242 1801; x_wconf 90' lang='lat' dir='ltr'>mundi</span> <span class='ocrx_word' id='word_1_329' title='bbox 1264 1773 1344 1801; x_wconf 91' lang='lat' dir='ltr'>non</span> <span class='ocrx_word' id='word_1_330' title='bbox 1370 1765 1515 1802; x_wconf 86' lang='lat' dir='ltr'>habere</span> <span class='ocrx_word' id='word_1_331' title='bbox 1536 1765 1710 1803; x_wconf 89' lang='lat' dir='ltr'>animam</span> 
     </span>
     <span class='ocr_line' id='line_1_36' title="bbox 90 1811 1712 1858; baseline 0.001 -11"><span class='ocrx_word' id='word_1_332' title='bbox 90 1811 303 1857; x_wconf 86' lang='lat' dir='ltr'>propriam.</span> <span class='ocrx_word' id='word_1_333' title='bbox 326 1812 390 1848; x_wconf 88' lang='lat' dir='ltr'>Eis</span> <span class='ocrx_word' id='word_1_334' title='bbox 412 1811 534 1858; x_wconf 84' lang='lat' dir='ltr'>igitur</span> <span class='ocrx_word' id='word_1_335' title='bbox 553 1820 634 1848; x_wconf 91' lang='lat' dir='ltr'>non</span> <span class='ocrx_word' id='word_1_336' title='bbox 666 1812 739 1848; x_wconf 86' lang='lat' dir='ltr'>erit</span> <span class='ocrx_word' id='word_1_337' title='bbox 759 1812 1007 1849; x_wconf 81' lang='lat' dir='ltr'>exhibendus</span> <span class='ocrx_word' id='word_1_338' title='bbox 1039 1811 1195 1855; x_wconf 86' lang='lat' dir='ltr'>cultus;</span> <span class='ocrx_word' id='word_1_339' title='bbox 1218 1815 1255 1848; x_wconf 89' lang='lat' dir='ltr'>et</span> <span class='ocrx_word' id='word_1_340' title='bbox 1273 1815 1406 1848; x_wconf 85' lang='lat' dir='ltr'>tamen</span> <span class='ocrx_word' id='word_1_341' title='bbox 1429 1813 1505 1858; x_wconf 89' lang='lat' dir='ltr'>ipsi</span> <span class='ocrx_word' id='word_1_342' title='bbox 1528 1812 1712 1849; x_wconf 88' lang='lat' dir='ltr'>colebant</span> 
     </span>
     <span class='ocr_line' id='line_1_37' title="bbox 90 1858 1709 1906; baseline 0.001 -12"><span class='ocrx_word' id='word_1_343' title='bbox 90 1858 246 1894; x_wconf 87' lang='lat' dir='ltr'>animas</span> <span class='ocrx_word' id='word_1_344' title='bbox 266 1861 304 1894; x_wconf 86' lang='lat' dir='ltr'>et</span> <span class='ocrx_word' id='word_1_345' title='bbox 324 1858 460 1895; x_wconf 87' lang='lat' dir='ltr'>mundi</span> <span class='ocrx_word' id='word_1_346' title='bbox 482 1858 691 1903; x_wconf 89' lang='lat' dir='ltr'>elementa,</span> <span class='ocrx_word' id='word_1_347' title='bbox 710 1859 863 1896; x_wconf 90' lang='lat' dir='ltr'>scilicet</span> <span class='ocrx_word' id='word_1_348' title='bbox 889 1862 1048 1902; x_wconf 88' lang='lat' dir='ltr'>terram,</span> <span class='ocrx_word' id='word_1_349' title='bbox 1071 1867 1230 1904; x_wconf 83' lang='lat' dir='ltr'>aquam,</span> <span class='ocrx_word' id='word_1_350' title='bbox 1249 1859 1398 1905; x_wconf 85' lang='lat' dir='ltr'>ignem,</span> <span class='ocrx_word' id='word_1_351' title='bbox 1415 1864 1451 1895; x_wconf 91' lang='lat' dir='ltr'>et</span> <span class='ocrx_word' id='word_1_352' title='bbox 1472 1859 1551 1896; x_wconf 86' lang='lat' dir='ltr'>alia</span> <span class='ocrx_word' id='word_1_353' title='bbox 1572 1859 1709 1906; x_wconf 89' lang='lat' dir='ltr'>hujus-</span> 
     </span>
     <span class='ocr_line' id='line_1_38' title="bbox 88 1905 633 1951; baseline 0 -9"><span class='ocrx_word' id='word_1_354' title='bbox 88 1905 197 1942; x_wconf 90' lang='lat' dir='ltr'>modi</span> <span class='ocrx_word' id='word_1_355' title='bbox 215 1905 434 1942; x_wconf 87' lang='lat' dir='ltr'>inanimata</span> <span class='ocrx_word' id='word_1_356' title='bbox 453 1914 633 1951; x_wconf 87' lang='lat' dir='ltr'>corpora.</span> 
     </span>
    </p>

    <p class='ocr_par' dir='ltr' id='par_1_8' title="bbox 89 1951 1711 2185">
     <span class='ocr_line' id='line_1_39' title="bbox 137 1951 1710 1998; baseline 0.003 -12"><span class='ocrx_word' id='word_1_357' title='bbox 137 1952 237 1993; x_wconf 80' lang='lat' dir='ltr'>Item,</span> <span class='ocrx_word' id='word_1_358' title='bbox 260 1952 515 1988; x_wconf 87' lang='lat' dir='ltr'>manifestum</span> <span class='ocrx_word' id='word_1_359' title='bbox 535 1956 596 1989; x_wconf 85' lang='lat' dir='ltr'>est</span> <span class='ocrx_word' id='word_1_360' title='bbox 624 1952 730 1998; x_wconf 89' lang='lat' dir='ltr'>quod</span> <span class='ocrx_word' id='word_1_361' title='bbox 751 1952 935 1997; x_wconf 89' lang='lat' dir='ltr'>superius</span> <span class='ocrx_word' id='word_1_362' title='bbox 953 1961 1036 1989; x_wconf 90' lang='lat' dir='ltr'>non</span> <span class='ocrx_word' id='word_1_363' title='bbox 1068 1951 1184 1989; x_wconf 85' lang='lat' dir='ltr'>debet</span> <span class='ocrx_word' id='word_1_364' title='bbox 1201 1952 1380 1989; x_wconf 85' lang='lat' dir='ltr'>inferiori</span> <span class='ocrx_word' id='word_1_365' title='bbox 1401 1952 1524 1990; x_wconf 84' lang='lat' dir='ltr'>latriae</span> <span class='ocrx_word' id='word_1_366' title='bbox 1544 1953 1710 1991; x_wconf 85' lang='lat' dir='ltr'>cultum.</span> 
     </span>
     <span class='ocr_line' id='line_1_40' title="bbox 90 1997 1710 2044; baseline 0.002 -9"><span class='ocrx_word' id='word_1_367' title='bbox 90 1997 217 2035; x_wconf 86' lang='lat' dir='ltr'>Homo</span> <span class='ocrx_word' id='word_1_368' title='bbox 247 2001 377 2035; x_wconf 88' lang='lat' dir='ltr'>autem</span> <span class='ocrx_word' id='word_1_369' title='bbox 399 1999 582 2044; x_wconf 88' lang='lat' dir='ltr'>superior</span> <span class='ocrx_word' id='word_1_370' title='bbox 601 2003 662 2036; x_wconf 87' lang='lat' dir='ltr'>est</span> <span class='ocrx_word' id='word_1_371' title='bbox 692 1999 830 2036; x_wconf 90' lang='lat' dir='ltr'>ordine</span> <span class='ocrx_word' id='word_1_372' title='bbox 851 2002 1002 2036; x_wconf 81' lang='lat' dir='ltr'>naturae</span> <span class='ocrx_word' id='word_1_373' title='bbox 1020 1997 1069 2035; x_wconf 86' lang='lat' dir='ltr'>ad</span> <span class='ocrx_word' id='word_1_374' title='bbox 1088 1998 1223 2036; x_wconf 90' lang='lat' dir='ltr'>minus</span> <span class='ocrx_word' id='word_1_375' title='bbox 1243 1999 1431 2036; x_wconf 89' lang='lat' dir='ltr'>omnibus</span> <span class='ocrx_word' id='word_1_376' title='bbox 1451 2000 1710 2038; x_wconf 86' lang='lat' dir='ltr'>inferioribus</span> 
     </span>
     <span class='ocr_line' id='line_1_41' title="bbox 89 2045 1711 2093; baseline 0.002 -11"><span class='ocrx_word' id='word_1_377' title='bbox 89 2045 338 2090; x_wconf 87' lang='lat' dir='ltr'>corporibus,</span> <span class='ocrx_word' id='word_1_378' title='bbox 362 2049 510 2092; x_wconf 85' lang='lat' dir='ltr'>quanto</span> <span class='ocrx_word' id='word_1_379' title='bbox 540 2046 814 2092; x_wconf 81' lang='lat' dir='ltr'>perfectiorem</span> <span class='ocrx_word' id='word_1_380' title='bbox 849 2045 967 2082; x_wconf 88' lang='lat' dir='ltr'>habet</span> <span class='ocrx_word' id='word_1_381' title='bbox 998 2045 1181 2082; x_wconf 87' lang='lat' dir='ltr'>formam.</span> <span class='ocrx_word' id='word_1_382' title='bbox 1202 2047 1290 2083; x_wconf 92' lang='lat' dir='ltr'>Non</span> <span class='ocrx_word' id='word_1_383' title='bbox 1325 2046 1448 2093; x_wconf 83' lang='lat' dir='ltr'>igitur</span> <span class='ocrx_word' id='word_1_384' title='bbox 1473 2047 1520 2083; x_wconf 87' lang='lat' dir='ltr'>ab</span> <span class='ocrx_word' id='word_1_385' title='bbox 1548 2047 1711 2085; x_wconf 87' lang='lat' dir='ltr'>homine</span> 
     </span>
     <span class='ocr_line' id='line_1_42' title="bbox 91 2091 1710 2140; baseline 0.002 -11"><span class='ocrx_word' id='word_1_386' title='bbox 91 2095 198 2129; x_wconf 87' lang='lat' dir='ltr'>esset</span> <span class='ocrx_word' id='word_1_387' title='bbox 218 2091 341 2128; x_wconf 76' lang='lat' dir='ltr'>latriae</span> <span class='ocrx_word' id='word_1_388' title='bbox 374 2093 505 2129; x_wconf 89' lang='lat' dir='ltr'>cultus</span> <span class='ocrx_word' id='word_1_389' title='bbox 534 2092 781 2130; x_wconf 78' lang='lat' dir='ltr'>exhibendus</span> <span class='ocrx_word' id='word_1_390' title='bbox 811 2092 1069 2130; x_wconf 85' lang='lat' dir='ltr'>inferioribus</span> <span class='ocrx_word' id='word_1_391' title='bbox 1102 2092 1352 2138; x_wconf 91' lang='lat' dir='ltr'>corporibus,</span> <span class='ocrx_word' id='word_1_392' title='bbox 1375 2093 1409 2130; x_wconf 90' lang='lat' dir='ltr'>si</span> <span class='ocrx_word' id='word_1_393' title='bbox 1440 2097 1601 2140; x_wconf 88' lang='lat' dir='ltr'>propter</span> <span class='ocrx_word' id='word_1_394' title='bbox 1618 2103 1710 2140; x_wconf 86' lang='lat' dir='ltr'>pro-</span> 
     </span>
     <span class='ocr_line' id='line_1_43' title="bbox 89 2139 1008 2185; baseline 0.001 -10"><span class='ocrx_word' id='word_1_395' title='bbox 89 2139 197 2185; x_wconf 87' lang='lat' dir='ltr'>prias</span> <span class='ocrx_word' id='word_1_396' title='bbox 220 2148 357 2175; x_wconf 89' lang='lat' dir='ltr'>eorum</span> <span class='ocrx_word' id='word_1_397' title='bbox 378 2140 533 2176; x_wconf 87' lang='lat' dir='ltr'>animas</span> <span class='ocrx_word' id='word_1_398' title='bbox 554 2140 613 2177; x_wconf 89' lang='lat' dir='ltr'>eis</span> <span class='ocrx_word' id='word_1_399' title='bbox 634 2140 764 2177; x_wconf 90' lang='lat' dir='ltr'>cultus</span> <span class='ocrx_word' id='word_1_400' title='bbox 786 2139 1008 2177; x_wconf 88' lang='lat' dir='ltr'>deberetur.</span> 
     </span>
    </p>

    <p class='ocr_par' dir='ltr' id='par_1_9' title="bbox 88 2185 1713 2412">
     <span class='ocr_line' id='line_1_44' title="bbox 138 2185 1711 2236; baseline 0.003 -14"><span class='ocrx_word' id='word_1_401' title='bbox 138 2185 281 2222; x_wconf 87' lang='lat' dir='ltr'>Eadem</span> <span class='ocrx_word' id='word_1_402' title='bbox 309 2189 439 2223; x_wconf 86' lang='lat' dir='ltr'>autem</span> <span class='ocrx_word' id='word_1_403' title='bbox 472 2186 794 2224; x_wconf 88' lang='lat' dir='ltr'>inconvenientia</span> <span class='ocrx_word' id='word_1_404' title='bbox 824 2187 937 2233; x_wconf 83' lang='lat' dir='ltr'>sequi</span> <span class='ocrx_word' id='word_1_405' title='bbox 973 2195 1138 2224; x_wconf 86' lang='lat' dir='ltr'>necesse</span> <span class='ocrx_word' id='word_1_406' title='bbox 1177 2190 1251 2232; x_wconf 88' lang='lat' dir='ltr'>est,</span> <span class='ocrx_word' id='word_1_407' title='bbox 1273 2187 1307 2224; x_wconf 91' lang='lat' dir='ltr'>si</span> <span class='ocrx_word' id='word_1_408' title='bbox 1338 2187 1430 2234; x_wconf 87' lang='lat' dir='ltr'>quis</span> <span class='ocrx_word' id='word_1_409' title='bbox 1465 2188 1583 2233; x_wconf 89' lang='lat' dir='ltr'>dicat,</span> <span class='ocrx_word' id='word_1_410' title='bbox 1603 2189 1711 2236; x_wconf 87' lang='lat' dir='ltr'>quod</span> 
     </span>
     <span class='ocr_line' id='line_1_45' title="bbox 90 2232 1713 2280; baseline 0.002 -10"><span class='ocrx_word' id='word_1_411' title='bbox 90 2232 260 2279; x_wconf 83' lang='lat' dir='ltr'>singulae</span> <span class='ocrx_word' id='word_1_412' title='bbox 280 2236 412 2279; x_wconf 88' lang='lat' dir='ltr'>partes</span> <span class='ocrx_word' id='word_1_413' title='bbox 437 2233 575 2270; x_wconf 90' lang='lat' dir='ltr'>mundi</span> <span class='ocrx_word' id='word_1_414' title='bbox 593 2233 739 2271; x_wconf 89' lang='lat' dir='ltr'>habent</span> <span class='ocrx_word' id='word_1_415' title='bbox 763 2235 944 2280; x_wconf 84' lang='lat' dir='ltr'>proprias</span> <span class='ocrx_word' id='word_1_416' title='bbox 973 2234 1142 2280; x_wconf 88' lang='lat' dir='ltr'>animas,</span> <span class='ocrx_word' id='word_1_417' title='bbox 1165 2243 1247 2271; x_wconf 91' lang='lat' dir='ltr'>non</span> <span class='ocrx_word' id='word_1_418' title='bbox 1278 2238 1409 2272; x_wconf 86' lang='lat' dir='ltr'>autem</span> <span class='ocrx_word' id='word_1_419' title='bbox 1438 2238 1566 2272; x_wconf 90' lang='lat' dir='ltr'>totum</span> <span class='ocrx_word' id='word_1_420' title='bbox 1594 2235 1713 2273; x_wconf 86' lang='lat' dir='ltr'>habet</span> 
     </span>
     <span class='ocr_line' id='line_1_46' title="bbox 89 2280 1710 2329; baseline 0.002 -13"><span class='ocrx_word' id='word_1_421' title='bbox 89 2280 263 2327; x_wconf 84' lang='lat' dir='ltr'>aliquam</span> <span class='ocrx_word' id='word_1_422' title='bbox 284 2280 457 2317; x_wconf 90' lang='lat' dir='ltr'>animam</span> <span class='ocrx_word' id='word_1_423' title='bbox 478 2289 747 2318; x_wconf 89' lang='lat' dir='ltr'>communem.</span> <span class='ocrx_word' id='word_1_424' title='bbox 771 2281 975 2327; x_wconf 88' lang='lat' dir='ltr'>Oportebit</span> <span class='ocrx_word' id='word_1_425' title='bbox 994 2281 1100 2319; x_wconf 90' lang='lat' dir='ltr'>enim</span> <span class='ocrx_word' id='word_1_426' title='bbox 1122 2281 1228 2329; x_wconf 86' lang='lat' dir='ltr'>quod</span> <span class='ocrx_word' id='word_1_427' title='bbox 1250 2289 1437 2328; x_wconf 83' lang='lat' dir='ltr'>suprema</span> <span class='ocrx_word' id='word_1_428' title='bbox 1457 2292 1549 2329; x_wconf 88' lang='lat' dir='ltr'>pars</span> <span class='ocrx_word' id='word_1_429' title='bbox 1568 2283 1710 2320; x_wconf 88' lang='lat' dir='ltr'>mundi</span> 
     </span>
     <span class='ocr_line' id='line_1_47' title="bbox 88 2325 1712 2409; baseline 0.002 -46"><span class='ocrx_word' id='word_1_430' title='bbox 88 2325 231 2409; x_wconf 48' lang='lat' dir='ltr'>haiieat</span> <span class='ocrx_word' id='word_1_431' title='bbox 252 2327 424 2364; x_wconf 87' lang='lat' dir='ltr'>animam</span> <span class='ocrx_word' id='word_1_432' title='bbox 456 2327 709 2373; x_wconf 91' lang='lat' dir='ltr'>nobiliorem,</span> <span class='ocrx_word' id='word_1_433' title='bbox 730 2329 795 2365; x_wconf 86' lang='lat' dir='ltr'>cui</span> <span class='ocrx_word' id='word_1_434' title='bbox 829 2328 906 2365; x_wconf 89' lang='lat' dir='ltr'>soli</span> <span class='ocrx_word' id='word_1_435' title='bbox 927 2328 1147 2366; x_wconf 88' lang='lat' dir='ltr'>secundum</span> <span class='ocrx_word' id='word_1_436' title='bbox 1169 2329 1379 2375; x_wconf 76' lang='lat' dir='ltr'>praemissa</span> <span class='ocrx_word' id='word_1_437' title='bbox 1396 2329 1562 2367; x_wconf 89' lang='lat' dir='ltr'>debetur</span> <span class='ocrx_word' id='word_1_438' title='bbox 1585 2330 1712 2368; x_wconf 75' lang='lat' dir='ltr'>latriae</span> 
     </span>
     <span class='ocr_line' id='line_1_48' title="bbox 89 2377 235 2412; baseline 0.014 -2"><span class='ocrx_word' id='word_1_439' title='bbox 89 2382 137 2410; x_wconf 89' lang='lat' dir='ltr'>cu</span> <span class='ocrx_word' id='word_1_440' title='bbox 156 2377 235 2412; x_wconf 81' lang='lat' dir='ltr'>tus.</span> 
     </span>
    </p>

    <p class='ocr_par' dir='ltr' id='par_1_10' title="bbox 87 2421 1712 2706">
     <span class='ocr_line' id='line_1_49' title="bbox 136 2421 1710 2471; baseline 0.002 -13"><span class='ocrx_word' id='word_1_441' title='bbox 136 2421 205 2458; x_wconf 90' lang='lat' dir='ltr'>His</span> <span class='ocrx_word' id='word_1_442' title='bbox 236 2423 367 2459; x_wconf 90' lang='lat' dir='ltr'>autem</span> <span class='ocrx_word' id='word_1_443' title='bbox 399 2421 669 2468; x_wconf 86' lang='lat' dir='ltr'>positionibus</span> <span class='ocrx_word' id='word_1_444' title='bbox 701 2421 1015 2460; x_wconf 87' lang='lat' dir='ltr'>irrationabilior</span> <span class='ocrx_word' id='word_1_445' title='bbox 1043 2425 1103 2460; x_wconf 88' lang='lat' dir='ltr'>est</span> <span class='ocrx_word' id='word_1_446' title='bbox 1134 2422 1203 2460; x_wconf 88' lang='lat' dir='ltr'>illa</span> <span class='ocrx_word' id='word_1_447' title='bbox 1222 2432 1311 2471; x_wconf 85' lang='lat' dir='ltr'>quae</span> <span class='ocrx_word' id='word_1_448' title='bbox 1340 2423 1437 2460; x_wconf 89' lang='lat' dir='ltr'>dicit</span> <span class='ocrx_word' id='word_1_449' title='bbox 1461 2423 1710 2471; x_wconf 87' lang='lat' dir='ltr'>imaginibus</span> 
     </span>
     <span class='ocr_line' id='line_1_50' title="bbox 88 2467 1712 2518; baseline 0.002 -14"><span class='ocrx_word' id='word_1_450' title='bbox 88 2476 177 2505; x_wconf 86' lang='lat' dir='ltr'>esse</span> <span class='ocrx_word' id='word_1_451' title='bbox 209 2467 334 2506; x_wconf 80' lang='lat' dir='ltr'>latriae</span> <span class='ocrx_word' id='word_1_452' title='bbox 376 2469 528 2506; x_wconf 88' lang='lat' dir='ltr'>cultum</span> <span class='ocrx_word' id='word_1_453' title='bbox 560 2469 841 2508; x_wconf 85' lang='lat' dir='ltr'>exhibendum.</span> <span class='ocrx_word' id='word_1_454' title='bbox 862 2469 903 2507; x_wconf 90' lang='lat' dir='ltr'>Si</span> <span class='ocrx_word' id='word_1_455' title='bbox 935 2470 1042 2507; x_wconf 90' lang='lat' dir='ltr'>enim</span> <span class='ocrx_word' id='word_1_456' title='bbox 1069 2469 1301 2517; x_wconf 87' lang='lat' dir='ltr'>hujusmodi</span> <span class='ocrx_word' id='word_1_457' title='bbox 1333 2470 1532 2518; x_wconf 83' lang='lat' dir='ltr'>imagines</span> <span class='ocrx_word' id='word_1_458' title='bbox 1561 2470 1712 2509; x_wconf 86' lang='lat' dir='ltr'>habent</span> 
     </span>
     <span class='ocr_line' id='line_1_51' title="bbox 88 2515 1710 2564; baseline 0.002 -14"><span class='ocrx_word' id='word_1_459' title='bbox 88 2515 286 2560; x_wconf 86' lang='lat' dir='ltr'>virtutem,</span> <span class='ocrx_word' id='word_1_460' title='bbox 308 2519 376 2553; x_wconf 87' lang='lat' dir='ltr'>aut</span> <span class='ocrx_word' id='word_1_461' title='bbox 395 2516 570 2563; x_wconf 82' lang='lat' dir='ltr'>aliquam</span> <span class='ocrx_word' id='word_1_462' title='bbox 592 2516 826 2564; x_wconf 85' lang='lat' dir='ltr'>dignitatem</span> <span class='ocrx_word' id='word_1_463' title='bbox 853 2526 902 2554; x_wconf 82' lang='lat' dir='ltr'>ex</span> <span class='ocrx_word' id='word_1_464' title='bbox 919 2517 1156 2563; x_wconf 86' lang='lat' dir='ltr'>corporibus</span> <span class='ocrx_word' id='word_1_465' title='bbox 1173 2517 1417 2559; x_wconf 85' lang='lat' dir='ltr'>coelestibus,</span> <span class='ocrx_word' id='word_1_466' title='bbox 1440 2526 1523 2555; x_wconf 90' lang='lat' dir='ltr'>non</span> <span class='ocrx_word' id='word_1_467' title='bbox 1547 2521 1710 2564; x_wconf 90' lang='lat' dir='ltr'>propter</span> 
     </span>
     <span class='ocr_line' id='line_1_52' title="bbox 89 2561 1708 2611; baseline 0.001 -13"><span class='ocrx_word' id='word_1_468' title='bbox 89 2561 163 2598; x_wconf 89' lang='lat' dir='ltr'>hos</span> <span class='ocrx_word' id='word_1_469' title='bbox 185 2563 241 2599; x_wconf 83' lang='lat' dir='ltr'>cis</span> <span class='ocrx_word' id='word_1_470' title='bbox 262 2563 427 2600; x_wconf 90' lang='lat' dir='ltr'>debetur</span> <span class='ocrx_word' id='word_1_471' title='bbox 446 2563 570 2601; x_wconf 81' lang='lat' dir='ltr'>latriae</span> <span class='ocrx_word' id='word_1_472' title='bbox 598 2565 746 2609; x_wconf 88' lang='lat' dir='ltr'>cultus,</span> <span class='ocrx_word' id='word_1_473' title='bbox 767 2572 858 2601; x_wconf 90' lang='lat' dir='ltr'>cum</span> <span class='ocrx_word' id='word_1_474' title='bbox 878 2572 952 2602; x_wconf 91' lang='lat' dir='ltr'>nec</span> <span class='ocrx_word' id='word_1_475' title='bbox 968 2565 1069 2611; x_wconf 90' lang='lat' dir='ltr'>ipsis</span> <span class='ocrx_word' id='word_1_476' title='bbox 1089 2565 1324 2611; x_wconf 88' lang='lat' dir='ltr'>corporibus</span> <span class='ocrx_word' id='word_1_477' title='bbox 1346 2564 1577 2602; x_wconf 85' lang='lat' dir='ltr'>coelestibus</span> <span class='ocrx_word' id='word_1_478' title='bbox 1593 2564 1708 2602; x_wconf 76' lang='lat' dir='ltr'>debe·</span> 
     </span>
     <span class='ocr_line' id='line_1_53' title="bbox 88 2610 1707 2663; baseline 0.003 -20"><span class='ocrx_word' id='word_1_479' title='bbox 88 2611 190 2659; x_wconf 79' lang='lat' dir='ltr'>atur,</span> <span class='ocrx_word' id='word_1_480' title='bbox 203 2610 289 2660; x_wconf 26' lang='lat' dir='ltr'>&#39;nisi</span> <span class='ocrx_word' id='word_1_481' title='bbox 312 2610 412 2647; x_wconf 84' lang='lat' dir='ltr'>forte</span> <span class='ocrx_word' id='word_1_482' title='bbox 431 2614 591 2657; x_wconf 89' lang='lat' dir='ltr'>propter</span> <span class='ocrx_word' id='word_1_483' title='bbox 611 2620 748 2648; x_wconf 90' lang='lat' dir='ltr'>eorum</span> <span class='ocrx_word' id='word_1_484' title='bbox 769 2611 938 2653; x_wconf 88' lang='lat' dir='ltr'>animas,</span> <span class='ocrx_word' id='word_1_485' title='bbox 961 2615 1005 2648; x_wconf 88' lang='lat' dir='ltr'>ut</span> <span class='ocrx_word' id='word_1_486' title='bbox 1030 2611 1192 2659; x_wconf 84' lang='lat' dir='ltr'>quidam</span> <span class='ocrx_word' id='word_1_487' title='bbox 1213 2616 1447 2659; x_wconf 86' lang='lat' dir='ltr'>posuerunt.</span> <span class='ocrx_word' id='word_1_488' title='bbox 1466 2613 1556 2649; x_wconf 87' lang='lat' dir='ltr'>Haec</span> <span class='ocrx_word' id='word_1_489' title='bbox 1573 2614 1707 2663; x_wconf 74' lang='lat' dir='ltr'>autem</span> 
     </span>
     <span class='ocr_line' id='line_1_54' title="bbox 87 2657 1709 2706; baseline 0.002 -16"><span class='ocrx_word' id='word_1_490' title='bbox 87 2663 286 2700; x_wconf 79' lang='lat' dir='ltr'>imagines</span> <span class='ocrx_word' id='word_1_491' title='bbox 307 2661 509 2702; x_wconf 86' lang='lat' dir='ltr'>ponuntur</span> <span class='ocrx_word' id='word_1_492' title='bbox 526 2657 712 2695; x_wconf 86' lang='lat' dir='ltr'>virtutem</span> <span class='ocrx_word' id='word_1_493' title='bbox 732 2658 904 2705; x_wconf 89' lang='lat' dir='ltr'>aliquam</span> <span class='ocrx_word' id='word_1_494' title='bbox 936 2659 1128 2706; x_wconf 89' lang='lat' dir='ltr'>consequi</span> <span class='ocrx_word' id='word_1_495' title='bbox 1150 2668 1200 2696; x_wconf 82' lang='lat' dir='ltr'>ex</span> <span class='ocrx_word' id='word_1_496' title='bbox 1219 2659 1455 2705; x_wconf 87' lang='lat' dir='ltr'>corporibus</span> <span class='ocrx_word' id='word_1_497' title='bbox 1476 2657 1709 2695; x_wconf 87' lang='lat' dir='ltr'>coelestibus</span> 
     </span>
    </p>
   </div>
   <div class='ocr_carea' id='block_1_3' title="bbox 20 2701 954 2751">
    <p class='ocr_par' dir='ltr' id='par_1_11' title="bbox 20 2701 954 2751">
     <span class='ocr_line' id='line_1_55' title="bbox 20 2701 954 2751; baseline 0.006 -15"><span class='ocrx_word' id='word_1_498' title='bbox 20 2704 28 2713; x_wconf 65' lang='grc'>·’</span> <span class='ocrx_word' id='word_1_499' title='bbox 88 2701 308 2738; x_wconf 89' lang='lat' dir='ltr'>secundum</span> <span class='ocrx_word' id='word_1_500' title='bbox 329 2712 465 2740; x_wconf 90' lang='lat' dir='ltr'>eorum</span> <span class='ocrx_word' id='word_1_501' title='bbox 486 2705 734 2751; x_wconf 87' lang='lat' dir='ltr'>corporalem</span> <span class='ocrx_word' id='word_1_502' title='bbox 754 2705 954 2742; x_wconf 88' lang='lat' dir='ltr'>virtutem.</span> 
     </span>
    </p>
   </div>
   <div class='ocr_carea' id='block_1_4' title="bbox 87 2749 1709 2845">
    <p class='ocr_par' dir='ltr' id='par_1_12' title="bbox 87 2749 1709 2845">
     <span class='ocr_line' id='line_1_56' title="bbox 108 2749 1709 2801; baseline 0.002 -17"><span class='ocrx_word' id='word_1_503' title='bbox 108 2793 114 2800; x_wconf 86' lang='lat'>.</span> <span class='ocrx_word' id='word_1_504' title='bbox 134 2749 323 2788; x_wconf 66' lang='lat' dir='ltr'>Praeterea,</span> <span class='ocrx_word' id='word_1_505' title='bbox 345 2751 602 2790; x_wconf 87' lang='lat' dir='ltr'>manifestum</span> <span class='ocrx_word' id='word_1_506' title='bbox 621 2756 684 2789; x_wconf 86' lang='lat' dir='ltr'>est</span> <span class='ocrx_word' id='word_1_507' title='bbox 702 2752 807 2799; x_wconf 92' lang='lat' dir='ltr'>quod</span> <span class='ocrx_word' id='word_1_508' title='bbox 829 2761 910 2790; x_wconf 92' lang='lat' dir='ltr'>non</span> <span class='ocrx_word' id='word_1_509' title='bbox 931 2756 1234 2801; x_wconf 87' lang='lat' dir='ltr'>consequuntur</span> <span class='ocrx_word' id='word_1_510' title='bbox 1252 2762 1300 2790; x_wconf 88' lang='lat' dir='ltr'>ex</span> <span class='ocrx_word' id='word_1_511' title='bbox 1314 2751 1550 2797; x_wconf 87' lang='lat' dir='ltr'>corporibus</span> <span class='ocrx_word' id='word_1_512' title='bbox 1571 2750 1709 2788; x_wconf 86' lang='lat' dir='ltr'>coeles-</span> 
     </span>
     <span class='ocr_line' id='line_1_57' title="bbox 87 2794 1707 2845; baseline 0.002 -14"><span class='ocrx_word' id='word_1_513' title='bbox 87 2794 195 2832; x_wconf 88' lang='lat' dir='ltr'>tibus</span> <span class='ocrx_word' id='word_1_514' title='bbox 215 2798 293 2831; x_wconf 84' lang='lat' dir='ltr'>iam</span> <span class='ocrx_word' id='word_1_515' title='bbox 325 2796 499 2834; x_wconf 90' lang='lat' dir='ltr'>nobilem</span> <span class='ocrx_word' id='word_1_516' title='bbox 534 2798 818 2844; x_wconf 86' lang='lat' dir='ltr'>perfectionem</span> <span class='ocrx_word' id='word_1_517' title='bbox 854 2800 958 2837; x_wconf 85' lang='lat' dir='ltr'>sicut</span> <span class='ocrx_word' id='word_1_518' title='bbox 989 2803 1051 2838; x_wconf 84' lang='lat' dir='ltr'>est</span> <span class='ocrx_word' id='word_1_519' title='bbox 1069 2800 1204 2837; x_wconf 86' lang='lat' dir='ltr'>anima</span> <span class='ocrx_word' id='word_1_520' title='bbox 1236 2799 1456 2837; x_wconf 87' lang='lat' dir='ltr'>rationalis.</span> <span class='ocrx_word' id='word_1_521' title='bbox 1478 2799 1576 2835; x_wconf 86' lang='lat' dir='ltr'>Sunt</span> <span class='ocrx_word' id='word_1_522' title='bbox 1613 2807 1707 2845; x_wconf 83' lang='lat' dir='ltr'>ergo</span> 
     </span>
    </p>
   </div>
   <div class='ocr_carea' id='block_1_5' title="bbox 87 2841 1708 2937">
    <p class='ocr_par' dir='ltr' id='par_1_13' title="bbox 87 2841 1708 2937">
     <span class='ocr_line' id='line_1_58' title="bbox 87 2841 1708 2937; baseline 0.002 -59"><span class='ocrx_word' id='word_1_523' title='bbox 87 2841 597 2937; x_wconf 45' lang='lat' dir='ltr'>{riigrgliggfflisuffissdilgsnitatis</span> <span class='ocrx_word' id='word_1_524' title='bbox 616 2846 831 2892; x_wconf 85' lang='lat' dir='ltr'>cujuslibet</span> <span class='ocrx_word' id='word_1_525' title='bbox 845 2846 1037 2885; x_wconf 84' lang='lat' dir='ltr'>hominis.</span> <span class='ocrx_word' id='word_1_526' title='bbox 1054 2848 1141 2885; x_wconf 89' lang='lat' dir='ltr'>Non</span> <span class='ocrx_word' id='word_1_527' title='bbox 1157 2846 1281 2894; x_wconf 84' lang='lat' dir='ltr'>igitur</span> <span class='ocrx_word' id='word_1_528' title='bbox 1295 2846 1343 2883; x_wconf 89' lang='lat' dir='ltr'>ab</span> <span class='ocrx_word' id='word_1_529' title='bbox 1363 2845 1524 2882; x_wconf 87' lang='lat' dir='ltr'>homine</span> <span class='ocrx_word' id='word_1_530' title='bbox 1543 2844 1708 2883; x_wconf 86' lang='lat' dir='ltr'>debetur</span> 
     </span>
    </p>
   </div>
  </div>
 </body>
</html>
