1894 3223
153 145 225 179 576
774 138 861 172 LIB.
890 138 947 176 lv,
977 137 1077 172 CAP.
1106 138 1166 172 Li.

159 222 271 260 liberi
291 220 456 263 arbitrii,
476 219 563 256 sine
594 227 673 264 quo
702 217 838 254 nullus
859 222 972 254 actus
1000 217 1152 254 homini
1171 218 1212 254 in
1234 218 1391 265 culpam
1412 218 1640 264 imputatur.
1664 219 1784 264 Opor‹

157 274 212 307 tet
232 268 355 315 igitur
375 266 503 302 dicere
524 265 564 302 in
584 265 641 302 eis
679 273 768 302 esse
799 268 1003 310 peccatum
1026 274 1093 310 per
1125 265 1319 312 originem
1339 265 1576 309 traductum,
1599 275 1720 312 quum
1740 267 1783 303 in

156 315 345 362 operibus
376 313 444 349 Dei
467 316 504 349 et
530 312 713 349 Ecclesiae
731 311 832 348 nihil
853 311 905 348 sit
924 320 1069 348 vanum
1097 314 1135 349 et
1163 312 1322 349 frustra.
1342 331 1390 339 —
1407 312 1448 349 Si
1479 316 1611 350 autem
1632 312 1784 350 dicatur

154 361 263 409 quod
286 360 512 407 Baptismus
532 359 752 396 infantibus
773 359 900 403 datur,
924 367 1004 395 non
1025 361 1068 396 ut
1088 367 1113 396 a
1130 361 1292 404 peccato
1311 359 1564 400 mundentur,
1582 359 1651 397 sed
1671 363 1714 397 ut
1733 360 1783 397 ad

158 417 323 455 regnum
347 407 414 443 Dei
434 406 678 452 perveniant,
697 415 775 453 quo
798 406 990 451 perveniri
1030 414 1111 442 non
1131 408 1261 451 potest
1287 405 1374 443 sine
1404 407 1606 452 Baptismo
1643 406 1781 454 (quiim

156 455 351 493 Dominus
378 454 481 491 dicat
503 464 512 491 :
531 454 615 490 Nisi
631 454 711 498 quis
729 457 876 489 renatus
892 454 1006 497 fuerit
1025 462 1069 489 ex
1088 462 1186 498 aqua
1215 455 1250 489 et
1268 452 1410 498 Spiritu
1427 456 1563 498 sancto,
1584 464 1656 490 non
1666 457 1784 499 potest

155 503 357 538 introirem
376 510 527 546 requam
545 501 612 536 Dei
631 499 788 546 [Jomzm
807 509 865 544 111,
888 499 953 546 5]),
982 499 1059 537 hoc
1077 508 1224 537 vanum
1242 502 1316 537 est.
1337 499 1477 537 Nullus
1495 501 1597 537 enim
1611 510 1634 538 a
1657 510 1781 548 regno

157 549 224 586 Dei
248 548 471 585 excluditur
490 547 569 584 nisi
588 551 747 593 propteir
767 547 940 594 aliquam
961 547 1132 592 culpam.
1165 546 1273 584 Finis
1293 546 1395 583 enim
1418 547 1550 585 omnis
1577 548 1782 586 rationalis

157 600 346 633 creaturae
368 598 427 632 est
448 598 490 631 ut
522 594 571 631 ad
597 593 880 631 beatitudinem
911 594 1126 639 perveniat,
1148 603 1236 640 quae
1267 602 1358 631 esse
1381 602 1463 630 non
1482 597 1613 640 potest
1640 595 1719 632 nisi
1739 595 1782 632 in

157 652 281 689 regno
310 643 404 687 Dei3
427 641 533 688 quod
573 641 732 687 quidem
763 641 862 677 nihil
883 644 942 677 est
963 641 1070 678 aliud
1103 649 1222 688 quam
1245 640 1430 693 ordinata·
1451 641 1624 678 societas
1643 651 1783 680 eorum

154 690 222 736 qui
243 689 378 726 divina
397 689 552 726 visione
575 690 773 732 fruuntur,
797 688 837 725 in
866 697 944 734 qua
974 698 1067 725 vera
1085 688 1288 725 beatitudo
1318 688 1516 732 consistit,
1539 691 1581 725 ut
1609 693 1715 734 patet
1733 699 1783 726 ex

155 736 221 773 his
249 746 336 783 quae
370 740 464 773 sunt
499 737 663 772 ostensa
684 734 725 781 (l.
745 743 803 779 111,
830 745 863 772 c.
885 738 927 771 37
955 739 991 771 et
1012 734 1234 782 seq.)Nihil
1257 738 1415 772 autema
1449 734 1531 786 ,fine
1563 743 1637 772 suo
1652 735 1784 774 deficit

156 783 235 820 nisi
254 786 412 829 propter
430 782 592 829 aliquod
612 785 831 828 peccatum.
853 782 892 819 Si
903 782 1024 829 igitur
1038 782 1148 828 pueri
1162 781 1337 820 nondum
1351 781 1535 827 baptizati
1550 781 1598 819 ad
1614 791 1782 829 regnum

157 831 225 867 Dei
247 830 451 876 pervenire
474 838 553 866 non
583 833 767 876 possunt,
791 833 945 875 oportet
962 830 1092 866 dicere
1112 838 1201 866 esse
1221 829 1262 866 in
1283 829 1343 866 eis
1378 828 1538 875 aliquod
1559 834 1780 876 peccatum.

153 877 218 914 Sic
237 877 370 923 igitur,
393 876 613 914 secundum
636 876 839 913 catholicae
866 876 956 913 fidei
992 876 1257 920 traditionem,
1278 875 1494 914 tenendum
1513 880 1573 913 est
1597 875 1782 915 homines

157 924 269 962 nasci
289 933 378 961 cum
396 928 559 971 peccato
577 923 775 972 originali.
796 924 860 971 (De
881 924 988 965 malo,
1007 933 1044 971 q.
1065 933 1123 969 iv,
1151 927 1223 961 art.
1244 921 1296 970 6.)

844 1070 1011 1112 CAPUT
1027 1071 1090 1112 LI.

511 1191 762 1219 OBJECTIONES
795 1191 947 1219 CONTRA
978 1191 1179 1220 PECCATUM
1204 1191 1424 1220 ORIGINALE’.

205 1300 301 1336 Sunt
329 1302 458 1335 autem
478 1298 655 1344 quaedam
677 1298 806 1335 adhuc
826 1308 912 1345 quae
931 1298 1082 1335 veritati
1105 1298 1304 1336 adversari
1324 1298 1520 1336 videntur.

208 1348 416 1382 Peccatum
439 1347 542 1381 enim
581 1345 700 1382 unius
741 1346 830 1382 aliis
851 1354 930 1381 non
969 1346 1184 1391 imputatur
1211 1345 1260 1383 ad
1293 1346 1473 1392 culpam;
1496 1345 1600 1382 unde
1639 1345 1783 1384 dicitur

156 1393 265 1440 quod
286 1393 382 1438 filius
415 1403 485 1427 non
517 1395 642 1437 portat
671 1394 901 1437 iniquitatem
915 1394 1036 1437 patris
1056 1392 1212 1439 (Ezech.,
1234 1401 1349 1437 XVIII,
1371 1393 1451 1438 19);
1481 1397 1518 1430 et
1542 1392 1661 1439 hujus
1680 1393 1782 1431 ratio

162 1444 221 1477 est
237 1440 327 1486 quia
350 1447 427 1475 non
453 1439 664 1475 laudamur*
685 1448 812 1485 neque
831 1440 1099 1484 vituperamur
1119 1439 1197 1476 nisi
1220 1449 1267 1476 ex
1287 1438 1352 1476 his
1372 1439 1515 1486 quaein
1536 1440 1653 1477 nobis
1674 1442 1780 1478 sunt.

159 1488 248 1523 Haec
268 1490 396 1522 autem
421 1490 514 1522 sunt
534 1495 620 1532 quae
633 1490 769 1522 nostra
790 1487 991 1523 voluntate
1006 1486 1308 1524 committimus.
1329 1487 1417 1524 Non
1438 1486 1557 1533 igitur
1576 1491 1782 1533 peccatum

158 1533 274 1581 primi
294 1533 470 1569 hominis
491 1533 561 1569 toti
587 1533 761 1570 humano
783 1533 917 1580 generi
939 1534 1166 1579 imputatur.

203 1581 239 1617 Si
263 1589 354 1617 vero
376 1580 465 1627 quis
487 1579 589 1616 dicat
619 1581 738 1626 quod,
770 1590 849 1617 uiio
870 1584 1070 1626 peccante,
1104 1589 1244 1618 omnes
1276 1584 1538 1628 peccaverunt
1556 1581 1596 1617 iii
1617 1581 1718 1627 ipso,
1738 1584 1783 1619 ut

154 1627 369 1673 Apostolus
391 1627 519 1663 dicere
541 1627 695 1664 videtur
719 1627 847 1673 (Rom,
870 1637 909 1668 v,
929 1630 1000 1674 19),
1021 1628 1129 1664 etsie
1152 1628 1220 1664 uni
1240 1628 1552 1674 nonimputatur
1572 1631 1777 1674 peccatum

157 1675 335 1717 alterius,
366 1674 435 1711 sed
469 1683 586 1711 suum
618 1679 836 1720 peccatum,
866 1675 940 1711 lioc
968 1675 1099 1719 etiam,
1121 1678 1163 1712 ut
1182 1675 1349 1720 videtur,
1383 1680 1487 1712 stare
1516 1684 1597 1712 non
1620 1678 1780 1729 potequ

157 1721 250 1768 quia
269 1721 326 1757 illi
347 1722 414 1767 qui
449 1731 495 1757 ex
517 1721 638 1757 Adam
672 1721 752 1758 nati
772 1726 878 1765 sunt,
914 1722 1072 1768 quando
1092 1722 1214 1758 Adam
1245 1723 1434 1768 peccavit,
1469 1722 1510 1758 in
1531 1731 1577 1759 eo
1598 1722 1778 1760 nondum

159 1772 271 1805 erant
291 1772 394 1813 actu,
428 1768 497 1804 sed
531 1768 671 1805 virtute
700 1773 867 1812 tantum,
900 1770 1003 1806 sicut
1029 1769 1070 1805 in
1091 1769 1218 1814 prima
1247 1770 1428 1816 origine3
1447 1779 1610 1815 peccare
1632 1773 1779 1811 autem,

157 1825 276 1862 quum
300 1815 352 1851 sit
371 1824 500 1867 agere,
523 1824 603 1852 non
623 1817 810 1862 competit
830 1816 910 1852 nisi
935 1816 1119 1853 existenti
1152 1816 1192 1853 in
1225 1820 1337 1862 actu3
1360 1826 1441 1855 non
1461 1817 1582 1864 igitur
1598 1817 1638 1854 iu
1658 1816 1782 1854 Adam

158 1871 297 1899 omnes
319 1871 582 1908 peccavimus.

204 1909 243 1945 Si
267 1913 397 1946 autem
418 1910 470 1945 ita
507 1909 659 1946 dicatur
685 1918 760 1946 nos
781 1909 821 1945 in
842 1909 963 1946 Adam
985 1919 1172 1956 peccasse
1192 1911 1307 1958 quasi
1338 1910 1586 1957 originaliter
1606 1910 1654 1948 ab
1675 1919 1722 1948 eo
1739 1910 1782 1948 in

157 1965 232 1992 nos
254 1960 457 2002 peccatum
479 1957 684 2001 proveniat
704 1956 823 1993 simul
855 1966 944 1993 cuin
973 1960 1126 2002 natura,
1157 1957 1234 1994 hoc
1263 1957 1381 1994 etiam
1404 1956 1654 2003 impossibile
1672 1957 1782 1996 vide-

155 2007 233 2039 tur.
255 2003 447 2039 Accidens
468 2003 588 2043 enim,
624 2012 743 2050 quum
766 2003 813 2039 de
850 2003 1027 2049 subjecto
1051 2003 1098 2040 ad
1129 2003 1351 2050 subjectum
1387 2013 1468 2042 non
1488 2007 1676 2049 transeat,
1699 2013 1782 2042 non

155 2053 288 2096 potest
325 2049 490 2093 traduci,
529 2050 608 2086 nisi
657 2049 877 2097 subjectum
926 2050 1166 2087 traducatur.
1204 2050 1430 2098 subjectum
1465 2055 1597 2088 autem
1630 2051 1782 2097 peccati

155 2097 289 2132 anima
309 2096 515 2133 rationalis
532 2100 605 2141 est,
627 2107 714 2143 quae
744 2106 823 2133 non
857 2097 1074 2135 traducitur
1090 2097 1131 2135 in
1161 2107 1236 2135 nos
1259 2108 1308 2135 ex
1325 2099 1453 2145 primo
1471 2101 1648 2144 parente,
1669 2098 1739 2136 sed
1758 2108 1783 2137 a

155 2144 234 2180 Deo
259 2143 461 2189 sigillatim
494 2148 648 2180 creatur
666 2144 704 2180 in
736 2153 992 2190 unoquoque,
1016 2148 1056 2181 ut
1090 2148 1298 2182 ostensum
1317 2149 1378 2182 est
1407 2145 1450 2192 (l.
1470 2154 1514 2190 11,
1535 2155 1570 2183 c.
1594 2145 1667 2192 86).
1691 2147 1780 2184 Non

154 2190 272 2238 igitur
292 2200 360 2235 per
378 2190 569 2237 originem
591 2195 793 2236 peccatum
817 2191 861 2228 ad
886 2201 960 2228 nos
983 2191 1030 2228 ab
1050 2191 1173 2229 Adam
1193 2192 1362 2230 derivari
1383 2197 1525 2239 potest.

201 2238 345 2278 Adhuc,
368 2237 402 2275 si
422 2241 626 2283 peccatum
647 2247 669 2275 a
682 2238 809 2284 primo
830 2242 991 2285 parente
1011 2239 1051 2275 in
1067 2239 1170 2277 alios
1191 2239 1402 2284 derivatur,
1421 2240 1515 2288 quia
1535 2239 1583 2277 ab
1597 2249 1645 2277 eo
1658 2241 1780 2287 origi-

155 2293 244 2320 nem
263 2285 437 2328 trahunt,
456 2294 577 2331 quum
602 2285 781 2322 Christus
802 2295 825 2323 a
860 2286 987 2331 primo
1018 2290 1179 2332 parente
1207 2287 1404 2334 originem
1439 2287 1606 2331 duxerit,
1627 2287 1782 2326 videtur

154 2331 259 2378 quod
281 2331 365 2377 ipse
380 2332 494 2368 etiam
509 2337 669 2377 peccato
687 2333 871 2379 originali
890 2333 1093 2379 suliJectus
1111 2333 1242 2379 fuerit3
1259 2334 1367 2382 quod
1386 2338 1446 2371 est
1464 2334 1637 2371 alienum
1651 2343 1675 2372 a
1687 2333 1777 2372 fide.

199 2380 389 2420 Praeterea,
414 2379 519 2425 quod
548 2380 805 2427 consequitur
825 2381 974 2427 aliquid
1008 2381 1226 2418 secundum
1254 2390 1369 2418 suam
1402 2381 1601 2426 originem
1621 2385 1780 2420 natura-

154 2425 232 2461 lem
256 2429 315 2462 est
334 2426 369 2462 ei
388 2425 580 2463 naturale.
612 2427 724 2471 Quod
754 2430 814 2464 est
845 2427 964 2464 alicui
994 2428 1174 2465 naturale
1193 2437 1273 2465 non
1295 2432 1356 2466 est
1383 2432 1587 2475 peceatum
1606 2428 1646 2464 in
1675 2428 1778 2475 ipso,

153 2473 255 2509 sicut
277 2473 317 2508 in
339 2473 446 2518 talpa
466 2482 546 2510 non
567 2478 627 2511 est
645 2479 850 2520 peccatum
873 2474 977 2521 quod
999 2475 1086 2512 visu
1106 2478 1226 2514 caret.
1250 2477 1336 2513 Nou
1354 2475 1475 2523 igitur
1494 2485 1563 2522 per
1583 2475 1778 2523 originem

153 2528 174 2556 a
191 2520 320 2565 primo
340 2520 500 2557 homine
520 2525 726 2566 peccatum
746 2521 795 2558 ad
817 2522 918 2559 alios
940 2522 1067 2568 potuit
1086 2521 1267 2561 derivari.

200 2567 238 2602 Si
262 2570 392 2603 autem
413 2567 568 2604 dicatur
589 2568 695 2615 quod
714 2573 916 2615 peccatum
937 2580 959 2606 a
980 2569 1108 2614 primo
1129 2569 1349 2616 parenteia
1366 2574 1550 2617 posteros
1580 2569 1779 2608 derivatur

153 2622 222 2664 pei·
239 2614 448 2666 originem,
469 2623 551 2652 non
570 2615 612 2652 in
633 2620 825 2662 quantum
839 2620 896 2653 est
916 2617 1124 2661 naturaliS,
1146 2617 1217 2655 sed
1237 2621 1426 2670 quantum
1449 2620 1510 2654 est
1528 2617 1678 2659 vitiata,
1701 2617 1776 2655 hoc

152 2662 282 2711 etia-iii,
306 2664 348 2697 ut
366 2662 533 2706 videtur,
567 2666 672 2700 stare
691 2671 772 2701 non
803 2667 946 2709 potest.
980 2664 1164 2702 Defectus
1195 2673 1300 2702 enlm
1320 2665 1361 2702 in
1384 2674 1503 2711 opere
1523 2668 1676 2702 naturae
1695 2671 1777 2702 non

151 2708 293 2742 accidit
309 2707 392 2758 'nisi
415 2718 482 2754 per
502 2708 698 2748 defectum
719 2710 887 2756 alicujus
905 2711 1098 2748 naturalis
1114 2711 1313 2757 principii,
1334 2712 1451 2757 sicut,
1472 2720 1542 2757 per
1556 2710 1776 2756 corruptio-

152 2761 241 2805 nem
265 2753 436 2800 aliquam
459 2766 546 2802 quae
567 2760 628 2794 est
660 2757 701 2794 in
723 2758 889 2801 semine,
924 2762 1141 2795 causantur
1171 2759 1418 2796 monstruosi
1452 2761 1589 2805 partus
1624 2758 1774 2795 anima-

150 2798 261 2835 lium.
282 2801 365 2836 Non
388 2806 446 2837 est
479 2807 609 2840 autem
642 2804 734 2841 dare
769 2805 939 2851 alicujus
974 2805 1167 2843 naturalis
1199 2806 1383 2853 principii
1416 2804 1710 2850 corruptionem
1733 2804 1776 2842 in

150 2845 327 2899 hum-ano
365 2848 530 2900 semine.
552 2852 638 2887 Non
679 2851 834 2888 videtur
871 2853 992 2899 igitur
1011 2852 1117 2899 quod
1145 2852 1308 2902 aliquod
1326 2856 1531 2900 peccatum
1552 2860 1601 2888 ex
1639 2851 1778 2890 vitiata

144 2901 305 2941 origine
320 2893 516 2932 derivetur
535 2896 577 2933 in
597 2901 780 2943 posteros
800 2908 824 2937 a
842 2901 971 2945 primo
992 2903 1167 2946 parente.
