1894 3223
142 161 208 197 '548
713 154 801 189 LIB.
832 153 887 195 IV,
916 152 1016 188 CAP,
1043 152 1195 189 XXXIII.

141 236 539 288 potestManifestum
551 237 611 271 est
624 237 754 273 autem
776 234 949 270 animam
964 232 1230 278 principaliter
1245 232 1292 269 de
1307 233 1458 269 ratione
1472 231 1644 268 hominis
1660 240 1767 276 esse,

143 294 263 333 quum
286 284 336 319 sit
355 282 441 328 ejus
463 282 601 318 forma.
624 281 661 318 Si
680 281 800 327 igitur
828 279 1005 316 Christus
1035 280 1208 315 animam
1238 289 1316 316 non
1338 279 1488 319 habuit,
1508 287 1626 315 verus
1647 277 1768 316 homo

143 341 222 370 non
243 330 328 373 suit,
351 337 472 375 quum
492 331 622 364 tamen
658 337 749 365 eum
766 326 969 363 hominem
990 326 1203 371 Apostolus
1223 330 1390 367 asserat,
1413 326 1577 363 dicens:
1602 326 1700 361 Unus
1719 327 1772 361 est

142 378 317 415 medicator
335 376 400 411 Dei
416 378 448 410 et
467 375 664 416 hominum,
684 375 785 409 homo
799 374 961 410 Christus
980 374 1075 408 Jesu.
1092 372 1124 418 (I
1137 374 1296 417 Tim.,11‚
1318 373 1369 419 5.)

188 424 332 462 Adhuc,
355 432 402 459 ex
422 422 555 459 anima
586 430 666 458 non
686 421 818 458 solum
838 420 939 456 ratio
957 419 1146 463 hominiS,
1170 419 1239 456 sed
1260 423 1297 455 et
1322 419 1572 466 singularum
1593 418 1719 464 partiu
1733 428 1772 455 m

144 471 231 517 eJ'us
265 469 458 515 dependet
478 480 486 512 ;
522 468 640 512 unde,
671 472 823 504 remota
854 467 998 510 anima,
1020 466 1176 511 oculus,
1196 474 1289 502 caro
1310 469 1347 502 et
1367 475 1414 503 os
1433 466 1606 503 hominis
1627 465 1772 502 mortui

147 517 347 564 aequivoce
380 516 576 555 dicuntur,
611 515 714 552 sicut
742 514 882 551 oculus
903 514 1032 560 pictus
1054 517 1120 549 aut
1140 513 1336 558 lapideus.
1355 513 1395 550 Si
1413 513 1534 559 igitur
1556 513 1595 549 in
1618 512 1770 549 Christo

144 573 226 602 non
260 563 333 600 suit
367 563 510 606 anima,
546 571 711 599 necesse
734 565 795 598 est
825 561 931 607 quod
964 569 1035 597 nec
1056 569 1146 596 vera
1167 569 1258 596 caro
1284 559 1326 596 in
1348 568 1395 596 eo
1412 559 1530 596 fuerit
1547 569 1620 596 nec
1641 560 1773 606 aliqua

145 611 224 648 alia
243 610 412 656 partium
432 608 632 650 hominis;
669 618 792 655 quum
828 611 959 644 tamen
995 607 1070 643 1100
1103 606 1353 643 Dominusin
1373 615 1416 643 se
1437 616 1526 643 esse
1555 606 1771 652 perhibeat,

145 658 298 695 dicens:
311 657 469 701 Spiritus
486 666 629 691 carnem
641 659 673 691 et
686 666 767 692 ossa
779 665 850 691 non
862 655 978 699 habet,
992 656 1084 689 sicut
1095 664 1148 689 me
1160 654 1290 689 videtis
1302 652 1680 698 habere.(Luc.,XXIv‚
1698 653 1771 699 39.)

191 705 373 749 Amplius,
407 702 511 749 quod
547 706 759 749 generatur
792 712 839 738 ex
872 701 1004 748 aliquo
1025 701 1176 737 vivente
1196 700 1304 737 filius
1324 700 1410 746 ejus
1430 700 1504 736 dici
1524 709 1601 736 non
1626 704 1769 745 potest,

145 751 225 790 nisi
246 751 287 787 in
308 750 444 786 eadem
468 749 598 795 specie
619 749 830 795 procedat;
850 757 928 785 non
951 748 1054 784 enim
1075 747 1217 784 vermis
1239 747 1381 783 dicitur
1401 746 1505 783 filius
1529 746 1711 783 animalis
1726 756 1774 783 ex

148 807 227 845 quo
247 799 470 844 generatur.
502 796 591 840 Sed,
616 796 650 833 si
683 796 860 833 Christus
881 795 1051 832 animam
1073 803 1152 831 non
1173 794 1349 838 haberet,
1372 802 1452 830 non
1474 795 1579 829 esset
1597 792 1773 838 ejusdem

148 844 293 891 speciei
315 853 406 880 cum
428 843 518 880 aliis
539 842 798 888 hominibus;
820 851 907 889 quae
923 842 1028 878 enim
1044 841 1263 878 secundum
1279 841 1443 877 formam
1462 839 1646 876 differunt
1676 839 1776 886 0]οε-

148 892 236 929 dem
269 890 414 935 speciei
448 899 537 927 esse
571 899 651 926 non
681 894 862 936 possunt.
897 891 982 925 Non
1004 889 1124 935 igitur
1144 888 1219 924 dici
1241 888 1381 934 poterit
1400 887 1505 934 quod
1528 886 1705 923 Christus
1726 886 1777 923 sit

148 938 256 976 filius
277 937 405 974 Mariae
424 937 596 983 Virginis
614 940 681 974 aut
705 937 811 984 quod
832 937 900 973 illa
919 936 970 973 sit
989 939 1113 973 mater
1130 935 1216 982 ejus
1235 947 1244 980 ;
1264 934 1370 981 quod
1393 938 1524 971 tamen
1544 934 1585 970 in
1606 942 1774 979 evange-

147 986 224 1023 lica
244 985 441 1030 Scriptura
460 984 665 1020 asseritur.

195 1034 384 1071 Praeterea,
416 1031 455 1067 in
492 1030 702 1077 Evangelio
737 1039 923 1076 expresse
945 1030 1088 1066 dicitur
1107 1029 1212 1076 quod
1234 1028 1410 1065 Christus
1432 1028 1602 1065 animam
1622 1026 1774 1071 hahuit,

151 1079 252 1116 sicui
286 1080 346 1115 est
377 1078 472 1114 illud
495 1090 503 1114 :
541 1079 671 1113 Tristis
703 1080 754 1113 est
785 1079 909 1113 anima
927 1088 1006 1113 meet
1026 1087 1137 1122 usque
1157 1076 1205 1111 ad
1223 1079 1369 1111 mortem
1391 1075 1534 1121 (Matth.
1557 1083 1668 1118 XXVI,
1691 1073 1774 1120 38);

152 1129 187 1162 et
211 1138 218 1162 :
240 1127 342 1162 Nunc
362 1126 486 1160 anima
505 1135 584 1160 mea
611 1125 831 1160 turbataest.
855 1124 1013 1170 (Jocmn.,
1036 1133 1105 1168 XII,
1127 1125 1203 1169 27).
1225 1125 1281 1166 Et,
1304 1132 1352 1158 ne
1374 1123 1471 1158 forte
1494 1122 1626 1159 dicant
1644 1121 1776 1166 ipsum

151 1172 288 1209 Filium
324 1172 390 1208 Dei
424 1171 595 1208 animam
624 1172 715 1215 dici,
736 1180 782 1207 eo
800 1171 905 1217 quod
927 1171 1146 1207 secundum
1167 1179 1303 1207 eorum
1324 1170 1562 1215 positionem
1581 1169 1668 1205 loco
1696 1167 1777 1204 ani-

150 1228 224 1256 mae
246 1222 283 1255 et
300 1218 431 1255 carnis
451 1218 512 1262 sit,
539 1219 774 1254 sumendum
795 1220 855 1254 est
873 1218 978 1264 quod
1000 1218 1191 1254 Dominus
1211 1217 1329 1253 dicit:
1351 1218 1564 1252 Potestatem
1586 1215 1695 1250 habeo
1714 1224 1777 1259 po-

151 1266 261 1301 nendi
280 1267 438 1300 (azimam
463 1276 577 1300 meam
597 1267 629 1300 et
648 1267 777 1300 iterum
798 1265 964 1300 sumendi
982 1275 1058 1299 eam
1080 1264 1237 1310 (Joann.,
1259 1271 1298 1307 Χ,
1321 1263 1376 1308 18)
1395 1275 1402 1306 ;
1425 1273 1471 1298 ex
1493 1271 1570 1307 quo
1590 1261 1776 1306 intelligi-

151 1317 215 1349 tur
235 1312 341 1349 aliud
375 1321 492 1358 quam
520 1312 691 1348 animam
712 1321 801 1348 esse
834 1312 875 1347 in
897 1311 1050 1348 Christo
1072 1311 1177 1357 quod
1197 1310 1335 1346 habuit
1351 1312 1581 1355 potestatem
1602 1307 1775 1354 ponendi

153 1359 325 1396 animam
346 1368 459 1394 suam
481 1362 518 1394 et
538 1358 733 1395 sumendi.
755 1360 840 1394 Non
861 1362 991 1394 autem
1012 1358 1084 1394 suit
1102 1357 1141 1394 in
1164 1360 1354 1402 potestate
1372 1356 1550 1401 corporis
1570 1355 1673 1401 quod
1695 1354 1777 1390 uni-

116 1435 121 1440 .
152 1410 259 1442 retur
280 1405 375 1441 Filio
398 1406 464 1440 Dei
486 1405 545 1441 vel
567 1407 815 1450 separaretur
835 1414 858 1441 a
879 1407 972 1448 Deo,
995 1414 1115 1450 Quum
1134 1404 1209 1440 hoc
1238 1403 1353 1440 etiam
1375 1406 1522 1439 naturae
1542 1404 1776 1447 potestatem

154 1452 327 1489 excedat.
363 1452 523 1497 Oportet
555 1451 675 1498 igitur
705 1451 873 1498 intelligi
900 1451 940 1487 in
974 1451 1126 1487 Christo
1158 1450 1263 1487 aliud
1286 1450 1410 1486 fuisse
1429 1449 1599 1486 animam
1615 1452 1652 1485 et
1671 1447 1777 1485 aliud

154 1499 393 1535 divinitatem
414 1498 497 1534 Filii
513 1500 593 1542 Dei,
617 1498 679 1534 cui
700 1498 837 1534 merito
860 1498 949 1534 talis
972 1501 1146 1543 potestas
1165 1497 1363 1533 tribuitur.

200 1547 298 1585 Item,
322 1545 493 1589 tristitia,
514 1545 572 1581 ira
593 1547 630 1581 et
648 1544 874 1591 hujusmodi
898 1545 1107 1590 passiones
1129 1544 1375 1581 suntanimae
1391 1543 1602 1586 sensitivee,
1619 1545 1660 1579 ut
1673 1544 1779 1588 patet

153 1603 222 1640 per
243 1592 527 1638 Philosophum
549 1592 834 1639 (Physic.,v11).
851 1594 938 1628 Haec
955 1595 1084 1629 autem
1106 1592 1146 1627 in
1168 1591 1321 1628 Christo
1343 1590 1465 1627 fuisse
1486 1600 1534 1626 ex
1558 1589 1777 1636 Evangeliis

155 1639 444 1685 comprobatur.
469 1640 627 1684 Oportet
646 1639 764 1686 igitur
784 1639 825 1675 in
847 1639 1000 1676 Christo
1022 1639 1146 1675 tuisse
1165 1639 1337 1675 animam
1359 1637 1606 1683 sensitivam,
1630 1637 1676 1674 de
1698 1645 1777 1683 qua

154 1687 315 1733 planum
337 1687 515 1733 estquod
535 1685 663 1723 differt
682 1696 704 1723 a
728 1690 868 1722 natura
889 1686 1023 1723 divina
1040 1686 1124 1722 Filii
1148 1686 1229 1722 Dei.

202 1734 290 1777 Sed,
313 1733 404 1780 quia
424 1736 553 1779 potest
571 1733 645 1769 dici
667 1733 840 1770 humana
858 1733 898 1769 in
921 1733 1140 1779 Evangeliis
1154 1732 1421 1778 metaphorice
1441 1732 1516 1769 dici
1536 1732 1582 1768 de
1605 1730 1773 1774 Christo,

156 1781 258 1817 sicut
276 1781 321 1817 de
346 1782 422 1817 Deo
443 1780 482 1816 in
503 1780 700 1827 plerisque
730 1780 828 1817 locis
860 1790 972 1817 sacra
995 1781 1193 1825 Scriptura
1214 1780 1400 1826 loquitur,
1423 1778 1695 1824 accipiendum
1718 1780 1779 1814 est

156 1827 299 1874 aliquid
321 1828 426 1873 quod
449 1836 612 1864 necesse
634 1828 686 1864 sit
706 1830 749 1864 ut
771 1827 925 1873 proprie
960 1827 1107 1864 dictum
1140 1827 1394 1873 intelligatur.
1430 1826 1537 1863 Sicut
1563 1825 1667 1862 enim
1701 1824 1778 1860 alia

156 1875 389 1920 corporalia,
412 1884 498 1921 quae
519 1875 565 1911 de
586 1874 741 1911 Christo
762 1874 1012 1921 evangelistae
1044 1876 1216 1917 narrant,
1251 1873 1404 1919 proprie
1435 1872 1715 1919 intelliguntur
1737 1873 1776 1907 et

156 1930 236 1958 non
256 1921 533 1966 metaphorice,
555 1922 608 1957 ita
623 1923 776 1967 oportet
796 1931 875 1957 non
898 1921 1162 1966 metaphorice
1185 1921 1230 1956 de
1254 1921 1340 1965 ipso
1361 1919 1527 1965 intelligi
1548 1917 1654 1965 quod
1669 1926 1777 1954 man-

157 1967 357 2004 ducaverit
374 1971 409 2004 et
431 1978 499 2013 per
523 1977 774 2013 consequens
796 1968 899 2014 quod
921 1967 1114 2004 esurierit.
1151 1967 1306 2004 Esurire
1336 1969 1465 2003 autem
1492 1974 1573 2002 non
1607 1967 1668 2000 est
1700 1964 1777 2001 nisi

157 2014 337 2051 habentis
359 2015 532 2051 animam
553 2014 794 2058 sensitivam,
816 2024 935 2060 quum
957 2015 1107 2051 esuries
1123 2014 1173 2050 sit
1192 2013 1388 2060 appetitus
1409 2012 1501 2049 cibi.
1522 2013 1683 2058 Oportet
1702 2011 1776 2058 igi·

155 2063 220 2098 tur
237 2061 341 2108 quod
364 2061 541 2098 Christus
555 2061 737 2098 habuerit
757 2061 932 2098 animam
954 2061 1197 2098 sensitivam.

775 2196 942 2238 CAPUT
969 2196 1151 2237 XXXIII.

157 2311 206 2341 DE
239 2312 391 2340 ERRORE
424 2311 678 2340 APOLLINARIS
715 2310 895 2340 DICENTIS
935 2311 1094 2341 ANIMAM
1141 2309 1395 2339 RATIONALEM
1440 2309 1520 2338 NON
1567 2309 1701 2338 FUISSE
1738 2308 1779 2336 IN

203 2370 377 2406 CHRIsTo,
396 2370 446 2398 ET
464 2370 514 2398 DE
539 2370 692 2399 ERRORE
717 2369 897 2398 ORIGENIS
923 2369 1099 2398 DICENTIS
1124 2369 1282 2398 ANIMAM
1307 2368 1459 2397 CHRISTI
1483 2367 1587 2396 ANTE
1612 2366 1779 2396 MUNDUM

203 2429 336 2458 FUISSE
374 2429 569 2458 GREATAM.

160 2579 166 2585 ἢ
203 2533 269 2570 His
287 2536 418 2570 autem
435 2533 671 2570 testimoniis
697 2532 935 2580 evangelicis
967 2532 1205 2578 Apollinaris
1239 2530 1460 2572 convictus,
1482 2530 1696 2568 consessus
1716 2532 1778 2567 est

157 2589 197 2616 in
216 2580 367 2617 Christo
387 2580 559 2617 animam
580 2580 808 2617 sensitivam
829 2580 968 2624 fuisse,
990 2583 1119 2615 tamen
1142 2579 1229 2616 sine
1262 2581 1392 2615 mente
1426 2581 1464 2614 et
1485 2577 1702 2619 intellectu,
1723 2576 1777 2613 ita

158 2627 261 2672 quod
282 2627 449 2664 Verbum
472 2627 538 2663 Dei
556 2626 742 2663 fueritilli
764 2626 904 2663 animae
924 2627 1012 2663 loco
1035 2626 1260 2664 intellectus
1275 2627 1314 2662 et
1332 2625 1490 2662 mentis.
1513 2624 1585 2662 Sed
1610 2633 1682 2660 nec
1698 2623 1774 2660 hoc

160 2673 306 2709 sufficit
326 2674 374 2710 ad
393 2673 711 2711 inconvenientia
731 2673 916 2719 praedicta
930 2673 1102 2709 vitanda.

206 2720 329 2770 Homo
343 2721 448 2757 enim
470 2721 642 2766 speciem
664 2721 826 2757 sortitur
846 2720 1059 2757 humanam
1081 2730 1127 2756 ex
1146 2719 1222 2756 hoc
1243 2719 1349 2765 quod
1370 2723 1541 2755 mentem
1560 2717 1775 2753 humanam

160 2767 197 2801 et
217 2769 407 2817 rationem
426 2767 557 2805 habet.
578 2768 614 2804 Si
634 2767 752 2813 igitur
770 2767 948 2804 Christus
971 2767 1045 2803 hoc
1066 2776 1146 2803 non
1166 2766 1314 2810 habuit,
1333 2774 1450 2802 verus
1471 2764 1590 2800 homo
1611 2763 1777 2800 nonfuit

161 2819 232 2863 nec
252 2813 427 2857 ejusdem
449 2814 591 2859 speciei
613 2814 836 2851 nobiscum.
857 2814 996 2850 Anima
1010 2816 1140 2850 autem
1156 2813 1307 2850 ratione
1328 2820 1468 2849 carens
1488 2810 1534 2846 ad
1557 2810 1671 2847 aliani
1687 2818 1774 2855 spe-

164 2866 261 2894 ciem
284 2860 448 2904 pertinet
468 2870 585 2906 quam
605 2861 738 2897 anima
754 2860 947 2897 rationem
967 2860 1143 2903 habens-;
1169 2860 1328 2902 etenim,
1358 2857 1575 2895 secundum
1596 2856 1775 2893 Philoso-

159 2904 282 2950 phum
301 2905 545 2953 (Metaphys.,
569 2915 655 2952 v111,
675 2910 768 2944 text.
784 2916 929 2946 comm.
953 2906 1024 2954 ¹0),
1046 2907 1190 2943 dicitur
1212 2905 1331 2953 quod,
1353 2905 1394 2941 in
1419 2902 1716 2942 definitionibus
1737 2907 1774 2940 et
