1894 3223
155 63 221 99 1¹8
759 58 848 96 LIB.
875 59 925 104 11,
951 59 1053 96 CAP.
1078 59 1167 96 xvi.

199 142 381 187 Amplius,
405 138 716 185 unumquodque
737 146 861 185 agens
880 138 956 175 sibi
990 137 1121 176 simile
1156 138 1262 186 agit3
1295 138 1379 186 agit
1407 137 1514 176 enim
1544 139 1767 177 secundum

153 189 258 236 quod
281 191 369 224 actu
391 190 463 223 est.
496 186 605 221 Illius
636 184 759 230 igitur
793 185 949 231 agentis
981 185 1055 222 erit
1087 186 1304 232 producere
1342 184 1540 230 effectum,
1565 186 1767 224 causando

153 236 287 280 aliquo
309 233 426 270 modo
448 233 614 268 sormam
647 230 821 268 materiae
853 231 1125 277 inhaerentem,
1158 232 1264 279 quod
1292 235 1353 269 est
1386 236 1472 269 actu
1501 241 1570 278 per
1601 232 1769 270 formam

153 281 230 319 sibi
252 281 523 322 inhaerentem,
558 280 594 313 et
625 285 706 314 non
740 287 807 323 per
837 281 960 315 totam
991 278 1255 316 substantiam
1290 288 1423 323 suam3
1453 279 1557 315 unde
1587 279 1769 317 Philoso-

151 328 256 374 phus
278 325 521 373 (Metaphys.‚
541 332 616 376 vn,
637 327 729 361 text.
751 333 896 362 comm.
917 324 977 372 28)
994 326 1133 371 probat
1152 326 1257 373 quod
1278 335 1341 363 res
1362 325 1600 369 materiales,
1620 326 1768 363 haben-

152 379 214 411 tes
234 374 382 410 formas
403 372 443 407 in
465 373 655 415 materiis,
678 375 918 417 generantur
943 382 966 409 a
991 373 1264 410 materialibus
1283 372 1507 419 agentibus,
1530 372 1769 411 habentibus

153 422 302 458 formas
323 419 362 454 in
385 417 562 460 materia,
582 426 662 454 non
683 427 705 454 a
722 418 861 456 formis
876 428 945 464 per
965 427 1007 456 se
1028 419 1306 457 existentibus.
1328 421 1432 457 Deus
1454 423 1584 456 autem
1607 428 1688 456 non
1708 422 1770 457 est

153 476 224 503 ens
244 469 333 502 actu
353 474 422 511 per
442 464 493 500 ali
525 464 592 500 uid
612 464 687 500 sibi
711 465 926 510 inhaerens,
950 465 1020 502 sed
1040 475 1109 511 per
1127 470 1250 504 totam
1277 475 1391 504 suam
1426 465 1706 511 substantiam,
1726 468 1770 504 ut

152 522 273 558 supra
300 511 340 557 (l.
362 520 388 555 1,
411 521 444 548 c.
463 513 504 548 18
540 511 748 557 probatum
767 515 839 548 est.
865 512 990 558 Igitur
1016 513 1200 559 proprius
1232 513 1375 550 modus
1407 523 1491 550 suae
1513 513 1684 550 actionis
1708 515 1771 551 est

151 563 194 597 ut
212 558 403 605 producat
425 567 505 594 rem
519 557 802 594 subsistentem
819 562 957 604 totam,
980 568 1061 595 non
1080 560 1210 596 solum
1231 569 1314 597 rem
1329 560 1601 604 inhaerentem,
1617 560 1771 598 scilicet

152 606 321 643 formam
342 606 382 641 in
405 605 581 641 materia.
605 606 677 641 Per
696 605 952 657 hunc-autem
975 606 1136 643 modum
1157 606 1239 653 agit
1258 615 1376 644 omne
1397 616 1521 653 agens
1553 607 1659 653 quod
1692 616 1771 645 ma-

152 653 292 689 teriam
315 652 355 688 in
376 652 530 697 agendo
561 660 641 688 non
674 655 852 699 requirit.
873 654 978 690 Deus
1007 652 1129 699 igitur
1151 654 1357 690 materiam
1388 654 1665 700 praejacentem
1687 663 1770 692 non

153 709 195 737 re
227 699 320 736 uirit
341 699 381 735 in
401 708 474 735 sua
487 699 657 735 actione.

218 749 298 791 tem,
320 746 484 782 materia
512 749 762 791 comparatur
782 746 829 782 ad
862 755 1000 792 agens,
1039 746 1144 784 sicut
1175 746 1372 792 recipiens
1402 747 1597 783 actionem
1622 755 1708 792 quae
1721 746 1770 783 ab

152 792 240 838 ipso
263 796 344 837 est;
376 796 488 829 actus
520 792 639 836 enim,
661 792 727 838 qui
759 796 819 829 est
839 793 993 839 agentis
1020 797 1062 830 ut
1085 803 1108 830 a
1135 803 1227 840 quo,
1250 797 1310 830 est
1336 793 1522 839 patientis
1543 797 1586 830 ut
1607 793 1647 829 in
1676 802 1769 839 quo.

151 840 276 885 Igitur
303 839 516 886 requiritur
546 840 710 876 materia
730 839 778 876 ab
796 839 930 886 aliquo
960 843 1116 887 agente,
1137 844 1178 877 ut
1197 840 1361 886 recipiat
1389 840 1588 877 actionem
1609 840 1739 885 ipsius
1758 852 1767 885 ;

152 886 240 932 ipsa
261 887 365 923 enim
387 887 490 923 actio
522 886 691 932 agentis,
713 886 754 922 in
774 887 945 932 patiente
976 890 1144 933 recepta,
1164 891 1224 924 est
1244 890 1355 924 actus
1376 887 1532 934 agentis
1562 891 1600 923 et
1617 887 1769 932 formae,

152 938 220 970 aut
237 934 370 979 aliqua
388 933 591 969 inchoatio
622 933 758 970 formae
776 934 818 970 in
839 933 940 979 ipso.
963 936 1068 972 Deus
1089 938 1220 972 autem
1240 943 1322 971 non
1342 935 1425 980 agit
1444 934 1600 971 actione
1620 934 1768 980 aliqua,

154 989 273 1026 quam
296 988 460 1017 necesse
490 980 542 1016 sit
562 980 603 1016 in
624 980 757 1026 aliquo
780 981 952 1026 patiente
983 981 1128 1027 recipi;
1149 982 1243 1028 quia
1263 990 1337 1018 sua
1356 981 1459 1018 actio
1477 984 1536 1018 est
1562 990 1635 1018 sua
1653 981 1770 1017 subs-

151 1028 290 1071 tantia,
311 1031 353 1063 ut
372 1036 492 1072 supra
512 1026 559 1073 (c.
576 1027 610 1073 6)
632 1027 839 1072 probatum
860 1031 933 1065 est.
955 1030 1041 1066 Non
1056 1028 1178 1076 igitur
1197 1028 1245 1065 ad
1264 1027 1563 1074 producendum
1585 1026 1768 1065 effectum

154 1074 320 1120 requirit
338 1074 542 1110 materiam
563 1074 850 1120 praejacentem.

198 1122 390 1165 Praeterea,
412 1129 528 1157 omne
549 1129 672 1167 agens
705 1121 810 1167 quod
829 1121 870 1158 in
891 1122 1045 1168 agendo
1065 1121 1230 1169 requirit
1247 1121 1452 1159 materiam
1477 1121 1767 1167 praejacentem,

153 1167 272 1218 habet
302 1167 505 1203 materiam
538 1168 874 1213 proportionatam
903 1178 986 1206 suae
1006 1168 1167 1214 actioni,
1191 1172 1232 1206 ut
1263 1168 1455 1216 quidquid
1481 1172 1541 1205 est
1561 1169 1602 1204 in
1626 1169 1768 1205 virtute

153 1214 308 1261 agentis
338 1218 462 1250 totum
494 1214 545 1250 sit
570 1214 612 1250 in
646 1215 822 1260 potentia
846 1216 1045 1260 materiae;
1070 1216 1169 1253 alias
1192 1224 1272 1252 non
1294 1218 1429 1261 posset
1459 1215 1499 1251 in
1527 1220 1657 1252 actum
1678 1224 1768 1261 pro-

153 1261 296 1298 ducere
317 1261 507 1307 quidquid
526 1265 585 1298 est
604 1261 645 1297 in
687 1270 760 1298 sua
779 1262 921 1299 virtute
941 1263 1079 1308 activa,
1103 1266 1140 1299 et
1159 1263 1217 1299 sic
1238 1262 1384 1299 frustra
1403 1262 1565 1300 haberet
1585 1262 1768 1299 virtutem

154 1308 202 1345 ad
234 1308 316 1344 illa.
332 1308 491 1344 Materia
518 1311 649 1344 autem
686 1317 766 1345 non
799 1309 916 1346 habet
947 1310 1065 1346 talem
1105 1310 1401 1356 proportionem
1435 1309 1483 1346 ad
1516 1311 1663 1353 Deum;
1687 1317 1767 1345 non

153 1355 260 1391 enim
282 1355 322 1390 in
342 1355 506 1391 materia
537 1358 597 1391 est
616 1355 792 1400 potentia
812 1355 860 1392 ad
891 1357 1150 1402 quantitatem
1184 1365 1488 1403 quamcumque,
1511 1360 1553 1393 ut
1574 1359 1678 1401 patet
1698 1365 1770 1402 per

153 1401 440 1450 Philosophum
458 1401 642 1447 (Physic.‚
661 1411 719 1447 111,
740 1405 833 1438 text.
855 1412 998 1440 comm.
1019 1402 1068 1450 6).
1091 1404 1220 1447 Quum
1240 1412 1335 1449 ergo
1365 1403 1498 1439 divina
1518 1403 1696 1448 potentia
1715 1402 1768 1440 sit

155 1448 322 1493 simplex
353 1451 390 1484 et
421 1447 587 1492 infinita,
623 1452 665 1484 ut
693 1452 900 1486 ostensum
933 1454 994 1487 est
1014 1450 1054 1497 (l.
1077 1458 1104 1494 1,
1125 1460 1159 1486 c.
1197 1452 1239 1486 18
1260 1453 1298 1486 et
1313 1449 1388 1496 43),
1411 1451 1514 1486 Deus
1546 1449 1668 1496 igitur
1687 1458 1769 1487 non

153 1495 319 1541 requirit
348 1495 550 1531 materiam
582 1495 855 1541 praejacentem
888 1506 935 1533 ex
956 1507 1033 1543 qua
1053 1496 1100 1534 de
1126 1497 1364 1534 necessitate
1385 1500 1488 1543 agat.

198 1542 343 1582 Adhuc,
365 1542 608 1578 diversarum
641 1551 771 1579 rerum
792 1543 958 1581 diversae
979 1547 1073 1581 sunt
1091 1544 1289 1587 materiae3
1312 1552 1393 1580 non
1414 1543 1520 1579 enim
1550 1546 1610 1580 est
1631 1543 1767 1582 eadem

154 1589 318 1624 materia
340 1588 607 1634 spiritualium
628 1592 665 1625 et
685 1590 964 1636 corporalium,
987 1599 1059 1627 nec
1081 1600 1291 1636 corporum
1311 1590 1532 1627 coelestium
1552 1594 1590 1626 et
1607 1599 1767 1636 corrup·

151 1636 350 1680 tibilium;
374 1636 479 1682 quod
498 1636 656 1682 quidem
674 1646 720 1673 ex
742 1637 817 1674 hoc
842 1641 946 1683 patet
968 1637 1073 1684 quod
1098 1638 1290 1683 recipere,
1323 1637 1428 1684 quod
1459 1641 1519 1674 est
1545 1637 1767 1683 proprietas

152 1682 343 1726 materiae,
365 1691 445 1718 non
478 1683 654 1729 ejusdem
685 1684 853 1721 rationis
873 1685 995 1722 estin
1026 1685 1252 1731 praedictis;
1284 1693 1375 1721 nam
1407 1684 1580 1730 receptio
1598 1693 1685 1731 quae
1708 1689 1769 1722 est

152 1729 194 1765 in
227 1729 501 1774 spiritualibus
533 1733 593 1766 est
613 1730 891 1777 intelligibilis,
908 1732 1012 1768 sicut
1042 1731 1267 1769 intellectus
1286 1731 1424 1777 recipit
1444 1731 1598 1777 species
1619 1731 1767 1768 intelli-

151 1775 334 1822 gibilium
356 1784 436 1812 non
453 1777 684 1828 'secundum
702 1787 790 1814 esse
822 1778 995 1815 materiae
1013 1790 1021 1823 3
1041 1787 1208 1823 corpora
1227 1787 1319 1815 vero
1341 1778 1643 1824 supercoelestia
1665 1778 1766 1815 reci·

152 1823 267 1868 piunt
285 1823 581 1859 innovationem
601 1824 714 1864 situs,
732 1833 811 1861 non
827 1829 958 1861 autem
973 1825 1270 1862 innovationem
1291 1825 1464 1865 essendi,
1481 1824 1586 1861 sicut
1599 1833 1768 1870 corpora

152 1869 355 1907 inferiora.
379 1871 465 1906 Non
482 1873 542 1906 est
559 1870 680 1915 igitur
699 1880 778 1908 una
798 1872 963 1908 materia
982 1881 1069 1919 quae
1089 1872 1142 1908 sit
1161 1872 1202 1908 in
1234 1871 1411 1917 potentia
1428 1871 1477 1908 ad
1498 1880 1587 1908 esse
1607 1872 1766 1909 univer-

153 1916 250 1954 sale.
284 1918 372 1962 Ipse
403 1919 532 1953 autem
566 1918 668 1953 Deus
702 1921 762 1954 est
782 1919 903 1955 totius
940 1927 1028 1955 esse
1062 1927 1185 1955 causa
1214 1918 1503 1955 universaliter.
1534 1919 1611 1964 Ipsi
1643 1919 1768 1965 igitur

152 1963 263 2046 ntisslla
284 1964 455 2045 materiat
466 1964 812 2010 proportionaliter
832 1965 1068 2011 respondet3
1091 1974 1172 2002 non
1192 1965 1313 2012 igitur
1333 1965 1538 2002 materiam
1560 1975 1608 2002 ex
1627 1974 1766 2004 neces-

153 2018 188 2048 Sl
209 2014 270 2047 ate
289 2020 328 2046 re
362 2020 434 2046 uiri
457 2038 465 2046 .

198 2020 382 2109 ᾼτηριῑέε,
404 2066 744 2104 quorumcumque
764 2058 807 2094 in
841 2067 973 2096 rerum
994 2062 1135 2096 natura
1169 2063 1229 2097 est
1247 2059 1381 2105 aliqua
1415 2059 1619 2105 proportio
1638 2063 1676 2096 et
1693 2059 1766 2097 ali-

155 2113 246 2150 quis
268 2104 378 2147 ordo,
396 2107 563 2156 oportet,
583 2113 706 2142 unum
725 2114 861 2143 eorum
881 2115 970 2143 esse
992 2106 1041 2143 ab
1061 2106 1154 2150 alio,
1175 2106 1237 2143 vel
1261 2106 1378 2143 ambo
1396 2106 1444 2143 ab
1465 2106 1598 2152 aliquo
1617 2106 1734 2144 tertio
1754 2117 1766 2143 ε

153 2153 307 2197 oportet
340 2159 445 2187 enim
481 2151 660 2188 ordinem
695 2152 737 2188 in
773 2162 852 2189 uno
882 2153 1086 2198 constitui,
1122 2153 1400 2199 respondendo
1432 2153 1480 2189 ad
1509 2153 1615 2190 aliud
1633 2166 1641 2198 ;
1664 2153 1765 2191 alias

154 2198 252 2235 ordo
275 2197 333 2234 vel
367 2198 569 2243 proportio
590 2203 696 2235 esset
717 2208 739 2235 a
759 2209 868 2244 casu,
889 2209 1005 2247 quem
1026 2200 1068 2236 in
1089 2200 1227 2246 primis
1247 2209 1378 2237 rerum
1389 2199 1597 2246 principiis
1619 2209 1767 2246 ponere

152 2248 214 2281 est
230 2245 494 2291 impossibile,
524 2245 618 2292 quia
637 2250 868 2292 sequeretur
899 2247 1027 2294 magis
1050 2247 1186 2284 omnia
1206 2247 1284 2284 alia
1304 2256 1393 2284 esse
1411 2257 1433 2283 a
1452 2256 1562 2284 casu.
1583 2247 1622 2284 Si
1646 2247 1767 2293 igitur

151 2292 204 2328 sit
226 2292 359 2339 aliqua
379 2291 544 2329 materia
562 2291 705 2329 divinae
720 2293 865 2330 actioni
884 2294 1196 2340 proportionata,
1221 2297 1374 2339 oportet
1393 2294 1455 2330 vel
1470 2294 1575 2340 quod
1598 2294 1765 2331 alterum

151 2338 208 2390 sit,
224 2339 272 2375 ab
306 2338 444 2384 altero,
475 2338 536 2375 vel
557 2342 767 2386 utrumque
788 2349 811 2377 a
840 2341 970 2378 tertio.
993 2341 1067 2378 Sed
1096 2350 1217 2387 quum
1240 2343 1345 2378 Deus
1367 2341 1419 2378 sit
1438 2342 1608 2387 primum
1634 2350 1706 2379 ens
1729 2345 1767 2378 et

150 2394 279 2431 prima
298 2395 433 2431 causa,
457 2394 537 2423 non
556 2389 686 2432 potest
706 2396 796 2425 esse
816 2386 981 2425 effectus
1002 2388 1189 2432 materiae,
1212 2397 1285 2425 nec
1313 2391 1444 2433 potest
1463 2397 1552 2425 esse
1572 2388 1620 2425 ab
1632 2388 1766 2435 aliqua

150 2433 266 2469 tertia
286 2442 420 2470 causa.
443 2433 692 2479 Relinquitur
711 2434 843 2480 igitur,
864 2435 898 2472 si
914 2435 1112 2472 invenitur
1132 2435 1266 2483 aliqua
1283 2435 1448 2473 materia
1466 2436 1766 2482 proportionata

152 2478 295 2516 divinae
315 2480 475 2521 actioni,
499 2480 604 2526 quod
622 2481 731 2518 illius
753 2482 838 2527 ipse
856 2482 908 2519 sit
926 2491 1061 2520 causa.

197 2526 341 2578 Adhuc,
361 2527 468 2579 quod
497 2530 558 2564 est
577 2527 616 2563 in
639 2528 798 2566 entibus
827 2529 1012 2574 primuni,
1046 2532 1201 2576 oportet
1219 2539 1309 2568 esse
1329 2539 1492 2567 causam
1514 2538 1651 2566 eorum
1674 2537 1764 2575 quae

152 2575 273 2616 sunt;
299 2582 332 2609 si
354 2582 457 2610 enim
492 2582 573 2611 non
594 2578 730 2612 essent
759 2579 934 2620 causata,
967 2585 1048 2614 non
1069 2580 1204 2614 essent
1223 2577 1272 2615 ab
1294 2577 1381 2623 ipso
1406 2577 1599 2615 ordinata,
1623 2580 1664 2612 ut
1681 2577 1764 2621 jam

151 2621 358 2671 ostensum
390 2624 450 2671 est
470 2620 510 2666 (l.
532 2630 558 2661 Ι,
578 2631 611 2658 c.
635 2622 706 2668 13).
734 2624 838 2660 Inter
856 2627 987 2660 actum
1008 2627 1139 2661 autem
1163 2628 1201 2661 et
1214 2624 1430 2671 potentiam
1454 2623 1546 2660 talis
1568 2626 1627 2659 est
1649 2623 1762 2668 ordo,

151 2664 271 2711 quod,
293 2665 384 2702 licet
410 2675 451 2718 in
480 2676 559 2719 uno
577 2671 614 2719 et
643 2669 779 2706 eodem
814 2670 920 2717 quod
951 2671 1189 2718 quandoque
1224 2674 1285 2709 est
1312 2669 1500 2716 potentia,
1523 2670 1763 2717 quandoque

151 2715 254 2757 actu,
277 2715 451 2765 potentia
473 2717 524 2765 sit
543 2723 650 2759 prior
669 2719 844 2762 tempore
865 2727 981 2764 quam
1005 2722 1116 2755 actus
1135 2718 1241 2765 (licet
1260 2720 1372 2754 actus
1392 2717 1445 2754 sit
1464 2717 1571 2762 prior
1592 2717 1763 2764 natura),

150 2760 296 2803 tamen,
318 2760 551 2805 simphciter
572 2761 783 2808 loquendo,
806 2768 957 2810 oportet
979 2769 1109 2803 actum
1130 2764 1305 2811 potentia
1323 2763 1494 2810 priorem
1523 2773 1634 2809 esse;
1657 2764 1764 2811 quod

149 2809 256 2850 patet
275 2815 324 2844 ex
343 2806 418 2844 hoc
439 2807 543 2854 quod
561 2810 738 2854 potentia
756 2819 838 2849 non
854 2811 1054 2851 reducitur
1070 2812 1112 2850 in
1129 2815 1259 2851 actum
1278 2810 1357 2849 nisi
1375 2820 1444 2858 per
1463 2820 1534 2849 ens
1565 2816 1668 2850 actu.
1688 2810 1763 2850 Sed
