1894 3223
673 118 758 154 LIB.
788 119 846 162 iv,
873 119 974 157 CAP.
1004 121 1103 158 Lxlt.
1632 128 1713 164 597*

79 195 207 232 dendo
231 201 469 248 pervenerat.
490 197 679 243 Amplius,
702 200 835 238 nullus
855 206 986 239 motus
1008 203 1144 241 localis
1166 205 1396 242 terminatur
1417 206 1535 243 simul
1556 206 1604 244 ad
1619 207 1720 246 duo-

79 242 179 279 loca.
200 242 448 295 Manifestum
470 247 530 280 cst
549 248 677 282 autem
700 247 774 284 hoc
796 254 1087 287 sacramentum
1111 251 1227 288 simul
1249 252 1288 288 in
1310 252 1474 290 diversis
1506 254 1700 293 altaribus

75 289 281 378 ,clelebrarn
303 291 387 346 Non
410 294 470 377 {est
488 299 582 339 ergo
600 293 788 339 possibile
810 296 915 342 quod
937 306 1004 342 per
1023 300 1174 336 motum
1197 298 1364 336 localem
1384 309 1528 347 corpus
1548 301 1694 339 Christi

78 350 90 377 1
122 351 130 377 i
154 348 242 377 esse
260 349 406 386 incipia
428 368 435 376 .

81 434 86 440 Ι
126 386 307 440 Secunda
323 387 536 440 dil'licultas
556 399 604 427 ex
622 389 711 428 loco
731 390 886 428 accidit.
907 393 991 429 Non
1017 393 1120 430 enim
1151 394 1332 431 semotim
1367 397 1497 439 partes
1525 395 1697 443 alicujus

77 443 118 471 in
139 433 305 487 diversis
327 434 426 472 locis
445 436 711 481 continentur,
743 438 830 483 ipso
862 439 1017 485 integro
1047 443 1313 485 permanente.
1355 441 1604 479 Manifestum
1637 446 1698 480 est

77 484 206 518 autem
226 491 266 518 in
287 482 361 519 hoc
382 488 631 521 sacramento
651 493 833 521 seorsum
857 494 945 522 esse
968 495 1109 531 panem
1131 490 1168 523 et
1189 487 1322 524 vinum
1347 487 1387 524 in
1416 488 1516 526 iocis
1540 498 1697 535 separa-

75 528 138 566 tis.
155 528 192 566 Si
212 528 331 576 igilur
351 540 442 568 caro
465 531 607 569 Christi
629 531 681 568 sit
701 531 773 568 sub
791 533 921 578 specie
943 534 1038 577 vini,
1058 533 1212 570 videtur
1233 534 1345 580 sequi
1379 535 1484 582 quod
1515 535 1695 574 Christus

77 584 160 613 non
180 581 381 614 ramaneat
404 578 569 625 integer,
588 578 657 615 sed
678 587 845 625 semper,
869 589 988 627 quum
1007 579 1083 617 hoc
1106 586 1396 618 sacramentum
1432 583 1573 629 agitur,
1609 583 1696 630 ejus

77 623 244 676 sangnis
265 633 287 661 a
307 634 472 671 corpore
493 629 709 671 separetur.
730 626 879 671 Adhuc,
903 627 1148 673 impossibile
1166 628 1317 665 videtur
1337 629 1441 675 quod
1463 631 1591 676 majus
1613 639 1698 667 cor-

75 679 152 759 Rus
181 680 218 708 in
242 671 330 711 loco
352 672 519 710 minoris
551 672 787 711 includatur.
824 675 1072 712 Manifestum
1112 678 1172 712 est
1205 679 1336 712 autem
1376 686 1510 713 verum
1549 686 1694 723 corpus
1715 705 1718 707 -

107 718 218 762 hristi
238 731 326 759 esse
347 721 509 768 majoris
530 721 761 768 quantitatis
782 731 898 768 quam
921 723 1034 768 panis
1055 723 1120 769 qui
1144 723 1183 760 in
1204 723 1315 760 altari
1336 722 1511 760 offertur.
1545 726 1696 771 Impos-

75 766 190 806 sibile
210 770 330 817 igitur
349 769 500 806 videtur
520 768 624 814 quod
652 778 786 820 verum
808 778 952 814 corpus
974 770 1116 807 Christi
1134 774 1257 807 totum
1282 774 1319 807 et
1337 771 1533 818 integrum
1556 772 1607 808 sit
1627 771 1695 810 ubi

76 816 229 853 videtur
249 826 337 853 esse
358 816 486 862 panis.
505 815 542 852 Si
565 818 694 852 autem
715 815 767 852 ibi
790 820 850 853 est
870 826 948 853 non
971 821 1110 862 totum,
1130 818 1199 855 sed
1217 818 1349 864 aliqua
1379 827 1470 864 pars
1501 818 1599 864 ejus,
1634 828 1698 855 re·

77 863 175 900 dibit
190 863 357 909 primum
378 863 676 905 inconveniens.
695 863 798 910 quod
821 872 987 910 semper,
1009 874 1129 911 quum
1151 865 1225 903 hoc
1245 870 1535 902 sacramentum
1551 866 1711 913 agitur,

80 919 225 956 corpus
247 910 390 948 Christi
415 919 482 956 per
501 914 630 956 partes
646 910 905 956 discerpatur.
927 932 971 938 -
988 912 1180 958 Amplius,
1201 912 1447 958 impossibile
1481 917 1540 949 est
1572 922 1696 950 unum

78 966 223 1003 corpus
246 957 284 994 in
307 957 487 1003 pluribus
508 957 608 994 locis
629 958 810 995 existere.
834 959 1081 995 lilanii'estum
1116 964 1175 996 est
1205 964 1335 996 autem
1367 959 1444 996 hoc
1474 968 1695 997 sacramen-

76 1008 161 1041 tum
182 1004 221 1041 in
242 1005 422 1050 pluribus
444 1005 543 1041 locis
563 1005 766 1041 celebrari.
800 1006 1050 1051 Impossibile
1082 1007 1202 1052 igitur
1231 1006 1385 1043 videtur
1417 1007 1521 1053 quod
1551 1015 1697 1052 corpus

81 1052 225 1089 Christi
248 1052 438 1088 veraciter
459 1052 498 1088 in
519 1051 594 1088 hoc
622 1056 871 1089 sacramento
904 1053 1176 1097 contineatur3
1209 1053 1285 1090 nisi
1330 1056 1426 1091 torte
1465 1053 1555 1101 quis
1591 1054 1697 1091 dicat

78 1098 181 1145 quod
205 1099 423 1136 secundum
445 1099 616 1144 aliquam
635 1099 866 1144 particulam
886 1104 944 1136 est
970 1100 1045 1143 hic,
1066 1104 1102 1136 ct
1119 1100 1338 1137 secundum
1361 1102 1477 1137 aliam
1498 1100 1606 1137 alibi.
1639 1100 1700 1137 Ad:

77 1145 183 1192 quod
202 1145 342 1182 ilerum
365 1146 542 1191 sequitur
557 1146 662 1192 quod
683 1155 749 1191 per
769 1146 1076 1183 celebrationem
1096 1147 1323 1193 huJ'usmodi
1345 1148 1580 1184 sacramenti
1609 1156 1696 1184 cor-

78 1201 154 1238 pus
175 1191 318 1230 Christi
337 1192 534 1229 dividatur
555 1192 594 1228 in
609 1196 752 1238 partes,
769 1202 890 1238 quum
910 1196 1040 1229 tamen
1059 1203 1132 1230 nec
1147 1195 1346 1239 quantitas
1362 1194 1541 1239 corporis
1555 1194 1696 1231 Christi

78 1238 260 1277 sulficere
287 1239 529 1292 videatur-ad
546 1242 604 1276 tot
623 1240 837 1286 particulas
859 1249 906 1277 ex
926 1249 972 1277 eo
993 1240 1225 1278 dividendas
1242 1241 1284 1278 in
1303 1245 1398 1288 quot
1418 1241 1519 1278 locis
1540 1241 1617 1279 hoc
1637 1250 1698 1279 sa-

77 1290 321 1324 eramentum
341 1291 552 1331 peragitur.

125 1334 251 1370 Tertia
270 1332 484 1370 difficultas
508 1336 569 1371 est
587 1343 635 1370 ex
655 1333 716 1371 his
737 1342 823 1380 quae
851 1333 891 1370 in
912 1333 987 1371 hoc
1006 1338 1255 1372 sacramento
1285 1344 1407 1372 sensu
1438 1335 1691 1381 percipimus.

80 1381 282 1418 Sentimus
315 1381 420 1418 enim
460 1380 669 1417 manifeste
699 1384 737 1417 et
765 1384 855 1426 post
891 1382 1231 1418 consecrationem
1260 1382 1300 1418 in
1338 1382 1413 1419 hoc
1447 1386 1697 1420 sacramento

81 1428 216 1465 omnia
233 1427 452 1465 accidentia
469 1427 584 1474 panis
602 1431 639 1464 et
657 1427 753 1471 vini,
776 1428 928 1464 scilicet
946 1428 1133 1473 colorem,
1166 1438 1362 1474 saporem,
1396 1429 1572 1474 odorem,
1595 1428 1704 1476 figu-

80 1484 177 1515 ram,
205 1475 462 1520 quantitatem
484 1478 522 1511 et
539 1474 709 1520 pondus,
732 1474 835 1512 circa
854 1484 941 1521 quae
961 1475 1088 1520 decipi
1111 1484 1190 1512 non
1213 1485 1442 1521 possumus,
1477 1477 1571 1523 quia
1605 1485 1696 1513 sen—

80 1530 150 1559 sus
170 1522 274 1558 circa
294 1521 451 1568 propria
470 1521 676 1559 sensibilia
695 1530 774 1558 non
808 1521 1013 1567 decipitur.
1045 1522 1278 1568 HuJ'usmodi
1311 1528 1441 1559 autem
1474 1522 1711 1560 accidentia.

77 1568 119 1605 in
142 1577 306 1614 corpore
327 1569 469 1606 Christi
489 1577 580 1605 esse
599 1577 679 1605 non
700 1573 869 1613 possunt
890 1569 993 1605 sicut
1013 1568 1053 1604 in
1072 1568 1263 1615 subjecto,
1283 1570 1469 1606 similiter
1486 1570 1603 1606 etiam
1623 1579 1699 1607 nec

79 1615 120 1653 in
142 1625 232 1652 aere
253 1615 471 1663 adjacenti3
493 1615 598 1662 quia,
619 1624 740 1667 quum
762 1615 932 1660 plurima
945 1625 1081 1652 eorum
1115 1616 1196 1653 sint
1228 1617 1447 1654 accidentia
1483 1616 1695 1658 naturalia,

78 1663 286 1709 requirunt
306 1662 526 1709 subjectum
546 1662 811 1699 determinatae
836 1667 998 1706 naturae,
1015 1672 1095 1699 non
1114 1663 1243 1709 qualis
1264 1668 1323 1701 est
1344 1668 1483 1701 natura
1515 1664 1698 1710 corporis

78 1708 242 1747 humani
259 1710 319 1746 vel
340 1709 456 1747 aeris.
475 1711 553 1746 Nec
573 1709 692 1746 etiani
712 1714 881 1754 possunt
901 1719 969 1755 per
989 1718 1031 1746 se
1060 1709 1288 1751 subsistere,
1322 1720 1443 1757 quum
1477 1711 1700 1748 accidentis

80 1765 168 1794 esse
189 1757 239 1794 sit
259 1757 391 1794 inesse
410 1769 418 1800 ;
441 1756 658 1793 accidentia
677 1761 821 1800 autem,
843 1766 964 1802 quum
986 1757 1062 1792 sint
1084 1757 1230 1802 formoe,
1251 1758 1486 1794 individuari
1506 1767 1588 1795 non
1610 1766 1701 1804 pos·

79 1807 174 1841 sunt
188 1804 266 1841 nisi
287 1813 355 1849 per
373 1803 594 1850 subjectum
613 1815 621 1847 ;
641 1802 759 1847 unde,
781 1809 932 1840 remoto
968 1803 1146 1850 subjecto
1160 1832 1169 1848 ,
1203 1808 1338 1841 essent
1372 1805 1507 1842 formae
1539 1805 1700 1842 univer-

79 1849 198 1888 sales.
222 1850 466 1897 Relinquitur
484 1850 605 1898 igitur
624 1849 851 1896 hujusmodi
876 1850 1094 1888 accidentia
1127 1860 1217 1888 esse
1243 1852 1284 1888 in
1305 1851 1389 1889 suis
1423 1851 1695 1890 determinatis

79 1897 281 1943 subjectis,
304 1897 458 1935 scilicet
475 1897 515 1934 in
536 1897 760 1934 substantia
775 1897 888 1943 panis
909 1900 946 1933 et
966 1897 1058 1940 vini,
1080 1901 1116 1934 et
1146 1907 1227 1935 non
1256 1898 1478 1936 substantia
1509 1899 1693 1946 corporis

80 1944 238 1985 Christi,
260 1954 382 1991 quum
402 1944 651 1990 impossibile
670 1944 848 1981 videatur
862 1944 939 1980 duo
957 1954 1123 1990 corpora
1143 1954 1232 1982 esse
1252 1946 1385 1983 simul.

126 1991 272 2036 Quarta
292 1990 504 2028 difficultas
523 1991 667 2028 accidit
685 2001 732 2028 ex
750 1991 1003 2037 passionibus
1022 1996 1060 2028 et
1077 1992 1314 2037 actionibus,
1339 2002 1426 2040 quae
1445 1996 1635 2040 apparent
1652 1993 1697 2030 in

79 2047 179 2084 pane
200 2041 238 2075 et
256 2038 350 2075 vino
369 2042 460 2084 post
478 2038 818 2075 consecrationem
837 2039 941 2075 sicut
956 2042 994 2075 et
1013 2041 1116 2076 ante.
1132 2040 1228 2076 Nam
1247 2040 1397 2085 vinum,
1419 2040 1454 2078 si
1485 2040 1526 2077 in
1550 2048 1700 2086 magna

79 2085 295 2131 quantitate
315 2089 551 2129 sumeretur,
571 2085 803 2122 calefaceret
822 2089 860 2121 et
877 2085 1102 2130 inebriaret,
1122 2086 1238 2132 panis
1265 2091 1395 2124 autem
1428 2091 1465 2124 et
1494 2087 1699 2137 consorgta-

78 2135 138 2169 ret
154 2135 192 2168 et
210 2131 398 2175 nutriret;
419 2131 602 2168 videntur
621 2132 752 2175 etiam,
771 2132 805 2168 si
828 2131 892 2168 diu
915 2135 952 2168 et
970 2132 1128 2170 incaute
1149 2138 1367 2178 serventur,
1396 2133 1595 2180 putrefieri
1615 2137 1653 2170 et
1671 2143 1713 2171 a.

77 2178 260 2216 muribus
279 2178 456 2223 comedi3
477 2178 657 2220 comburi
676 2178 792 2214 etiam
812 2182 982 2224 possunt
995 2182 1032 2215 et
1052 2179 1092 2215 in
1113 2180 1287 2216 cinerem
1303 2180 1428 2226 redigi
1444 2185 1694 2226 etvaporem;

80 2235 167 2272 quae
187 2225 321 2263 omnia
337 2225 493 2272 corpori
512 2225 655 2262 Christi
670 2225 881 2262 convenire
903 2234 983 2262 non
1007 2230 1189 2270 possunt,
1208 2236 1330 2272 quum
1350 2226 1449 2264 fides
1469 2227 1600 2273 ipsum
1621 2227 1697 2263 im-

77 2272 310 2318 passibilem
330 2272 528 2319 praedicet.
551 2271 802 2323 Impossibile
823 2272 944 2318 igitur
957 2272 1110 2309 videtur
1123 2274 1229 2320 quod
1243 2282 1388 2322 corpus
1401 2273 1544 2312 Christi
1561 2273 1602 2310 in
1616 2274 1701 2311 hoo

79 2323 329 2357 sacramento
345 2319 659 2356 substantialiter
678 2321 940 2356 contineatur.

126 2367 271 2410 Quinta
291 2365 504 2403 difficultas
522 2366 674 2403 videtur
691 2365 913 2417 specialiter
930 2365 1108 2417 accidere
1132 2376 1180 2403 ex
1215 2366 1404 2404 fractione
1438 2366 1568 2414 panis,
1604 2376 1695 2420 quae

73 2425 94 2461 q
106 2413 238 2450 uidem
259 2413 500 2451 sensibiliter
515 2416 676 2459 apparet
693 2421 766 2449 nec
780 2421 866 2449 sine
879 2412 1057 2458 sthecto
1073 2422 1162 2450 esse
1179 2418 1321 2459 potest.
1336 2414 1559 2451 Absurdum
1575 2417 1695 2451 etiam

72 2459 232 2497 videtur
249 2459 378 2497 dicere
397 2459 503 2507 quod
523 2460 630 2497 illius
661 2459 868 2496 fractionis
899 2459 1121 2504 subjectum
1153 2461 1205 2497 sit
1235 2470 1381 2509 corpus
1413 2461 1569 2498 Christi.
1604 2462 1694 2498 Non

72 2506 197 2555 igitur
214 2506 367 2544 videtur
385 2507 438 2544 ibi
460 2515 550 2544 esse
569 2515 714 2552 corpus
734 2505 888 2550 Christi,
915 2507 985 2543 sed
1006 2506 1136 2544 solum
1155 2507 1375 2545 substantia
1394 2508 1507 2554 panis
1541 2511 1579 2544 et
1596 2508 1692 2546 vini.

125 2554 213 2590 Haec
232 2553 352 2600 igitur
370 2557 408 2590 et
427 2553 654 2600 hujusmodi
673 2555 767 2590 sunt
784 2555 941 2604 propter
970 2562 1056 2599 quac
1077 2553 1257 2596 doctrina
1276 2555 1418 2593 Christi
1439 2559 1476 2595 et
1508 2554 1694 2596 Ecclesiae

73 2602 183 2639 circa
201 2599 277 2638 hoc
298 2604 590 2639 sacramentum
607 2600 706 2638 dura
722 2608 812 2638 esse
831 2599 998 2638 videtur.
