<?xml version="1.0" encoding="UTF-8"?>
<!DOCTYPE html PUBLIC "-//W3C//DTD XHTML 1.0 Transitional//EN"
    "http://www.w3.org/TR/xhtml1/DTD/xhtml1-transitional.dtd">
<html xmlns="http://www.w3.org/1999/xhtml" xml:lang="en" lang="en">
 <head>
  <title>
</title>
<meta http-equiv="Content-Type" content="text/html;charset=utf-8" />
  <meta name='ocr-system' content='tesseract 3.04.00' />
  <meta name='ocr-capabilities' content='ocr_page ocr_carea ocr_par ocr_line ocrx_word'/>
</head>
<body>
  <div class='ocr_page' id='page_1' title='image "./deveritatecathol00thomuoft_0195.png"; bbox 0 0 1894 3223; ppageno 0'>
   <div class='ocr_carea' id='block_1_1' title="bbox 686 112 1714 158">
    <p class='ocr_par' dir='ltr' id='par_1_1' title="bbox 686 112 1714 158">
     <span class='ocr_line' id='line_1_1' title="bbox 686 112 1714 158; baseline -0.002 -7"><span class='ocrx_word' id='word_1_1' title='bbox 686 113 775 151; x_wconf 89' lang='lat' dir='ltr'>LlB.</span> <span class='ocrx_word' id='word_1_2' title='bbox 803 113 851 158; x_wconf 90' lang='lat'>11,</span> <span class='ocrx_word' id='word_1_3' title='bbox 877 113 980 150; x_wconf 73' lang='lat' dir='ltr'>CAP.</span> <span class='ocrx_word' id='word_1_4' title='bbox 1006 112 1123 149; x_wconf 79' lang='lat' dir='ltr'><strong>XLIV.</strong></span> <span class='ocrx_word' id='word_1_5' title='bbox 1648 116 1714 150; x_wconf 75' lang='lat'>155</span> 
     </span>
    </p>
   </div>
   <div class='ocr_carea' id='block_1_2' title="bbox 90 193 1713 2484">
    <p class='ocr_par' dir='ltr' id='par_1_2' title="bbox 90 193 1713 667">
     <span class='ocr_line' id='line_1_2' title="bbox 90 193 1711 245; baseline -0.002 -10"><span class='ocrx_word' id='word_1_6' title='bbox 90 200 232 245; x_wconf 80' lang='lat' dir='ltr'>agente</span> <span class='ocrx_word' id='word_1_7' title='bbox 252 205 321 244; x_wconf 86' lang='lat' dir='ltr'>per</span> <span class='ocrx_word' id='word_1_8' title='bbox 339 199 490 234; x_wconf 89' lang='lat' dir='ltr'>motum</span> <span class='ocrx_word' id='word_1_9' title='bbox 510 198 663 232; x_wconf 85' lang='lat' dir='ltr'>tantum</span> <span class='ocrx_word' id='word_1_10' title='bbox 685 205 694 231; x_wconf 74' lang='grc' dir='ltr'>ε</span> <span class='ocrx_word' id='word_1_11' title='bbox 717 195 850 232; x_wconf 90' lang='lat' dir='ltr'>omnis</span> <span class='ocrx_word' id='word_1_12' title='bbox 868 195 974 231; x_wconf 92' lang='lat' dir='ltr'>enim</span> <span class='ocrx_word' id='word_1_13' title='bbox 995 198 1128 232; x_wconf 89' lang='lat' dir='ltr'>motus</span> <span class='ocrx_word' id='word_1_14' title='bbox 1150 194 1197 231; x_wconf 88' lang='lat' dir='ltr'>ad</span> <span class='ocrx_word' id='word_1_15' title='bbox 1229 193 1394 231; x_wconf 79' lang='lat' dir='ltr'>sormam</span> <span class='ocrx_word' id='word_1_16' title='bbox 1424 197 1485 231; x_wconf 87' lang='lat' dir='ltr'>est</span> <span class='ocrx_word' id='word_1_17' title='bbox 1506 203 1553 230; x_wconf 85' lang='lat' dir='ltr'>ex</span> <span class='ocrx_word' id='word_1_18' title='bbox 1584 193 1711 232; x_wconf 86' lang='lat' dir='ltr'>forma</span> 
     </span>
     <span class='ocr_line' id='line_1_3' title="bbox 92 241 1710 288; baseline -0.002 -7"><span class='ocrx_word' id='word_1_19' title='bbox 92 243 399 282; x_wconf 89' lang='lat' dir='ltr'>indeterminata</span> <span class='ocrx_word' id='word_1_20' title='bbox 418 242 458 279; x_wconf 90' lang='lat' dir='ltr'>in</span> <span class='ocrx_word' id='word_1_21' title='bbox 478 242 645 279; x_wconf 86' lang='lat' dir='ltr'>formam</span> <span class='ocrx_word' id='word_1_22' title='bbox 665 241 964 278; x_wconf 74' lang='lat' dir='ltr'>determinatam</span> <span class='ocrx_word' id='word_1_23' title='bbox 989 253 999 286; x_wconf 87' lang='lat'>;</span> <span class='ocrx_word' id='word_1_24' title='bbox 1032 242 1124 288; x_wconf 87' lang='lat' dir='ltr'>quia</span> <span class='ocrx_word' id='word_1_25' title='bbox 1149 241 1313 278; x_wconf 87' lang='lat' dir='ltr'>materia</span> <span class='ocrx_word' id='word_1_26' title='bbox 1346 249 1426 278; x_wconf 90' lang='lat' dir='ltr'>non</span> <span class='ocrx_word' id='word_1_27' title='bbox 1457 244 1587 286; x_wconf 87' lang='lat' dir='ltr'>potest</span> <span class='ocrx_word' id='word_1_28' title='bbox 1621 250 1710 278; x_wconf 86' lang='lat' dir='ltr'>esse</span> 
     </span>
     <span class='ocr_line' id='line_1_4' title="bbox 92 287 1711 337; baseline -0.002 -9"><span class='ocrx_word' id='word_1_29' title='bbox 92 290 242 337; x_wconf 86' lang='lat' dir='ltr'>absque</span> <span class='ocrx_word' id='word_1_30' title='bbox 261 290 370 328; x_wconf 91' lang='lat' dir='ltr'>omni</span> <span class='ocrx_word' id='word_1_31' title='bbox 392 289 532 333; x_wconf 83' lang='lat' dir='ltr'>forma,</span> <span class='ocrx_word' id='word_1_32' title='bbox 547 292 584 325; x_wconf 89' lang='lat' dir='ltr'>et</span> <span class='ocrx_word' id='word_1_33' title='bbox 606 288 666 326; x_wconf 91' lang='lat' dir='ltr'>sic</span> <span class='ocrx_word' id='word_1_34' title='bbox 684 289 1005 334; x_wconf 71' lang='lat' dir='ltr'>prresuppouitur</span> <span class='ocrx_word' id='word_1_35' title='bbox 1030 289 1164 335; x_wconf 86' lang='lat' dir='ltr'>aliqua</span> <span class='ocrx_word' id='word_1_36' title='bbox 1196 288 1323 325; x_wconf 84' lang='lat' dir='ltr'>forma</span> <span class='ocrx_word' id='word_1_37' title='bbox 1353 288 1395 324; x_wconf 89' lang='lat' dir='ltr'>in</span> <span class='ocrx_word' id='word_1_38' title='bbox 1426 287 1604 324; x_wconf 86' lang='lat' dir='ltr'>materia.</span> <span class='ocrx_word' id='word_1_39' title='bbox 1637 288 1711 325; x_wconf 88' lang='lat' dir='ltr'>Sed</span> 
     </span>
     <span class='ocr_line' id='line_1_5' title="bbox 92 334 1713 384; baseline -0.002 -9"><span class='ocrx_word' id='word_1_40' title='bbox 92 347 212 376; x_wconf 90' lang='lat' dir='ltr'>omne</span> <span class='ocrx_word' id='word_1_41' title='bbox 233 346 357 384; x_wconf 86' lang='lat' dir='ltr'>agens</span> <span class='ocrx_word' id='word_1_42' title='bbox 374 336 421 374; x_wconf 90' lang='lat' dir='ltr'>ad</span> <span class='ocrx_word' id='word_1_43' title='bbox 454 336 620 373; x_wconf 84' lang='lat' dir='ltr'>sormam</span> <span class='ocrx_word' id='word_1_44' title='bbox 647 335 774 372; x_wconf 88' lang='lat' dir='ltr'>solam</span> <span class='ocrx_word' id='word_1_45' title='bbox 806 336 1048 372; x_wconf 81' lang='lat' dir='ltr'>materialem</span> <span class='ocrx_word' id='word_1_46' title='bbox 1082 339 1236 381; x_wconf 90' lang='lat' dir='ltr'>oportet</span> <span class='ocrx_word' id='word_1_47' title='bbox 1271 334 1377 382; x_wconf 89' lang='lat' dir='ltr'>quod</span> <span class='ocrx_word' id='word_1_48' title='bbox 1407 334 1460 372; x_wconf 91' lang='lat' dir='ltr'>sit</span> <span class='ocrx_word' id='word_1_49' title='bbox 1490 343 1615 378; x_wconf 58' lang='lat' dir='ltr'>agens</span> <span class='ocrx_word' id='word_1_50' title='bbox 1643 344 1713 381; x_wconf 89' lang='lat' dir='ltr'>per</span> 
     </span>
     <span class='ocr_line' id='line_1_6' title="bbox 91 381 1711 428; baseline -0.001 -7"><span class='ocrx_word' id='word_1_51' title='bbox 91 389 244 422; x_wconf 90' lang='lat' dir='ltr'>motum</span> <span class='ocrx_word' id='word_1_52' title='bbox 265 396 273 426; x_wconf 87' lang='lat'>;</span> <span class='ocrx_word' id='word_1_53' title='bbox 296 392 385 421; x_wconf 93' lang='lat' dir='ltr'>cum</span> <span class='ocrx_word' id='word_1_54' title='bbox 407 383 513 420; x_wconf 89' lang='lat' dir='ltr'>enim</span> <span class='ocrx_word' id='word_1_55' title='bbox 536 383 670 420; x_wconf 83' lang='lat' dir='ltr'>sormae</span> <span class='ocrx_word' id='word_1_56' title='bbox 688 383 912 419; x_wconf 77' lang='lat' dir='ltr'>materiales</span> <span class='ocrx_word' id='word_1_57' title='bbox 934 391 1013 419; x_wconf 92' lang='lat' dir='ltr'>non</span> <span class='ocrx_word' id='word_1_58' title='bbox 1041 382 1122 419; x_wconf 88' lang='lat' dir='ltr'>sint</span> <span class='ocrx_word' id='word_1_59' title='bbox 1153 392 1221 428; x_wconf 88' lang='lat' dir='ltr'>per</span> <span class='ocrx_word' id='word_1_60' title='bbox 1251 391 1294 419; x_wconf 90' lang='lat' dir='ltr'>se</span> <span class='ocrx_word' id='word_1_61' title='bbox 1325 381 1606 427; x_wconf 73' lang='lat' dir='ltr'>subsistentes,</span> <span class='ocrx_word' id='word_1_62' title='bbox 1640 382 1711 420; x_wconf 90' lang='lat' dir='ltr'>sed</span> 
     </span>
     <span class='ocr_line' id='line_1_7' title="bbox 91 429 1712 475; baseline -0.001 -7"><span class='ocrx_word' id='word_1_63' title='bbox 91 440 226 469; x_wconf 89' lang='lat' dir='ltr'>earum</span> <span class='ocrx_word' id='word_1_64' title='bbox 249 440 338 468; x_wconf 90' lang='lat' dir='ltr'>esse</span> <span class='ocrx_word' id='word_1_65' title='bbox 359 430 412 468; x_wconf 89' lang='lat' dir='ltr'>sit</span> <span class='ocrx_word' id='word_1_66' title='bbox 431 430 472 467; x_wconf 91' lang='lat' dir='ltr'>in</span> <span class='ocrx_word' id='word_1_67' title='bbox 493 439 583 467; x_wconf 91' lang='lat' dir='ltr'>esse</span> <span class='ocrx_word' id='word_1_68' title='bbox 602 430 790 473; x_wconf 74' lang='lat' dir='ltr'>materiae,</span> <span class='ocrx_word' id='word_1_69' title='bbox 823 438 903 466; x_wconf 89' lang='lat' dir='ltr'>non</span> <span class='ocrx_word' id='word_1_70' title='bbox 933 433 1101 475; x_wconf 84' lang='lat' dir='ltr'>possunt</span> <span class='ocrx_word' id='word_1_71' title='bbox 1135 429 1297 474; x_wconf 84' lang='lat' dir='ltr'>produci</span> <span class='ocrx_word' id='word_1_72' title='bbox 1332 429 1372 466; x_wconf 90' lang='lat' dir='ltr'>in</span> <span class='ocrx_word' id='word_1_73' title='bbox 1405 438 1508 473; x_wconf 88' lang='lat' dir='ltr'>esse,</span> <span class='ocrx_word' id='word_1_74' title='bbox 1538 430 1615 467; x_wconf 79' lang='lat' dir='ltr'>nisi</span> <span class='ocrx_word' id='word_1_75' title='bbox 1650 430 1712 467; x_wconf 90' lang='lat' dir='ltr'>vel</span> 
     </span>
     <span class='ocr_line' id='line_1_8' title="bbox 91 476 1711 526; baseline -0.001 -11"><span class='ocrx_word' id='word_1_76' title='bbox 91 488 161 526; x_wconf 84' lang='lat' dir='ltr'>per</span> <span class='ocrx_word' id='word_1_77' title='bbox 179 478 419 515; x_wconf 82' lang='lat' dir='ltr'>creationem</span> <span class='ocrx_word' id='word_1_78' title='bbox 446 477 571 514; x_wconf 89' lang='lat' dir='ltr'>totius</span> <span class='ocrx_word' id='word_1_79' title='bbox 602 476 828 521; x_wconf 80' lang='lat' dir='ltr'>compositi,</span> <span class='ocrx_word' id='word_1_80' title='bbox 865 476 925 512; x_wconf 84' lang='lat' dir='ltr'>vel</span> <span class='ocrx_word' id='word_1_81' title='bbox 952 486 1020 522; x_wconf 88' lang='lat' dir='ltr'>per</span> <span class='ocrx_word' id='word_1_82' title='bbox 1052 476 1423 513; x_wconf 80' lang='lat' dir='ltr'>transmutationem</span> <span class='ocrx_word' id='word_1_83' title='bbox 1454 478 1628 514; x_wconf 75' lang='lat' dir='ltr'>materiae</span> <span class='ocrx_word' id='word_1_84' title='bbox 1662 476 1711 514; x_wconf 88' lang='lat' dir='ltr'>ad</span> 
     </span>
     <span class='ocr_line' id='line_1_9' title="bbox 90 523 1710 569; baseline -0.001 -7"><span class='ocrx_word' id='word_1_85' title='bbox 90 525 209 562; x_wconf 90' lang='lat' dir='ltr'>talem</span> <span class='ocrx_word' id='word_1_86' title='bbox 231 525 291 562; x_wconf 86' lang='lat' dir='ltr'>vel</span> <span class='ocrx_word' id='word_1_87' title='bbox 324 524 442 561; x_wconf 88' lang='lat' dir='ltr'>talem</span> <span class='ocrx_word' id='word_1_88' title='bbox 475 523 655 560; x_wconf 85' lang='lat' dir='ltr'>formam.</span> <span class='ocrx_word' id='word_1_89' title='bbox 690 523 940 568; x_wconf 79' lang='lat' dir='ltr'>Impossibile</span> <span class='ocrx_word' id='word_1_90' title='bbox 976 526 1034 560; x_wconf 86' lang='lat' dir='ltr'>est</span> <span class='ocrx_word' id='word_1_91' title='bbox 1070 523 1205 568; x_wconf 70' lang='lat' dir='ltr'>igitur,</span> <span class='ocrx_word' id='word_1_92' title='bbox 1235 523 1339 569; x_wconf 81' lang='lat' dir='ltr'>quod</span> <span class='ocrx_word' id='word_1_93' title='bbox 1374 523 1500 569; x_wconf 88' lang='lat' dir='ltr'>prima</span> <span class='ocrx_word' id='word_1_94' title='bbox 1531 523 1710 561; x_wconf 84' lang='lat' dir='ltr'>inductio</span> 
     </span>
     <span class='ocr_line' id='line_1_10' title="bbox 92 570 1710 617; baseline -0.001 -8"><span class='ocrx_word' id='word_1_95' title='bbox 92 572 309 610; x_wconf 86' lang='lat' dir='ltr'>formarum</span> <span class='ocrx_word' id='word_1_96' title='bbox 333 572 372 608; x_wconf 92' lang='lat' dir='ltr'>in</span> <span class='ocrx_word' id='word_1_97' title='bbox 393 571 558 607; x_wconf 89' lang='lat' dir='ltr'>materia</span> <span class='ocrx_word' id='word_1_98' title='bbox 577 571 629 608; x_wconf 91' lang='lat' dir='ltr'>sit</span> <span class='ocrx_word' id='word_1_99' title='bbox 649 570 697 607; x_wconf 89' lang='lat' dir='ltr'>ab</span> <span class='ocrx_word' id='word_1_100' title='bbox 728 571 861 617; x_wconf 86' lang='lat' dir='ltr'>aliquo</span> <span class='ocrx_word' id='word_1_101' title='bbox 893 574 1049 607; x_wconf 79' lang='lat' dir='ltr'>creante</span> <span class='ocrx_word' id='word_1_102' title='bbox 1085 571 1251 607; x_wconf 79' lang='lat' dir='ltr'>sormam</span> <span class='ocrx_word' id='word_1_103' title='bbox 1280 574 1447 615; x_wconf 83' lang='lat' dir='ltr'>tantum,</span> <span class='ocrx_word' id='word_1_104' title='bbox 1482 570 1553 608; x_wconf 91' lang='lat' dir='ltr'>sed</span> <span class='ocrx_word' id='word_1_105' title='bbox 1584 570 1633 607; x_wconf 92' lang='lat' dir='ltr'>ab</span> <span class='ocrx_word' id='word_1_106' title='bbox 1663 579 1710 608; x_wconf 93' lang='lat' dir='ltr'>eo</span> 
     </span>
     <span class='ocr_line' id='line_1_11' title="bbox 90 618 800 667; baseline -0.003 -11"><span class='ocrx_word' id='word_1_107' title='bbox 90 620 158 667; x_wconf 92' lang='lat' dir='ltr'>qui</span> <span class='ocrx_word' id='word_1_108' title='bbox 183 622 241 655; x_wconf 90' lang='lat' dir='ltr'>est</span> <span class='ocrx_word' id='word_1_109' title='bbox 262 622 418 656; x_wconf 74' lang='lat' dir='ltr'>creatorv</span> <span class='ocrx_word' id='word_1_110' title='bbox 434 618 557 655; x_wconf 90' lang='lat' dir='ltr'>totius</span> <span class='ocrx_word' id='word_1_111' title='bbox 575 618 800 664; x_wconf 86' lang='lat' dir='ltr'>compositi.</span> 
     </span>
    </p>

    <p class='ocr_par' dir='ltr' id='par_1_3' title="bbox 91 664 1710 1321">
     <span class='ocr_line' id='line_1_12' title="bbox 138 664 1710 711; baseline 0 -10"><span class='ocrx_word' id='word_1_112' title='bbox 138 666 282 706; x_wconf 81' lang='lat' dir='ltr'>Adhuc,</span> <span class='ocrx_word' id='word_1_113' title='bbox 314 669 447 702; x_wconf 87' lang='lat' dir='ltr'>motus</span> <span class='ocrx_word' id='word_1_114' title='bbox 479 665 526 702; x_wconf 90' lang='lat' dir='ltr'>ad</span> <span class='ocrx_word' id='word_1_115' title='bbox 568 665 734 702; x_wconf 86' lang='lat' dir='ltr'>formam</span> <span class='ocrx_word' id='word_1_116' title='bbox 761 668 821 702; x_wconf 91' lang='lat' dir='ltr'>est</span> <span class='ocrx_word' id='word_1_117' title='bbox 853 665 1051 711; x_wconf 86' lang='lat' dir='ltr'>posterior</span> <span class='ocrx_word' id='word_1_118' title='bbox 1078 664 1310 701; x_wconf 87' lang='lat' dir='ltr'>naturaliter</span> <span class='ocrx_word' id='word_1_119' title='bbox 1342 667 1452 702; x_wconf 87' lang='lat' dir='ltr'>motu</span> <span class='ocrx_word' id='word_1_120' title='bbox 1489 664 1710 702; x_wconf 91' lang='lat' dir='ltr'>secundum</span> 
     </span>
     <span class='ocr_line' id='line_1_13' title="bbox 91 711 1708 758; baseline -0.002 -8"><span class='ocrx_word' id='word_1_121' title='bbox 91 712 238 753; x_wconf 88' lang='lat' dir='ltr'>locum,</span> <span class='ocrx_word' id='word_1_122' title='bbox 250 721 340 750; x_wconf 89' lang='lat' dir='ltr'>cum</span> <span class='ocrx_word' id='word_1_123' title='bbox 355 713 405 750; x_wconf 92' lang='lat' dir='ltr'>sit</span> <span class='ocrx_word' id='word_1_124' title='bbox 421 715 534 749; x_wconf 91' lang='lat' dir='ltr'>actus</span> <span class='ocrx_word' id='word_1_125' title='bbox 547 712 675 757; x_wconf 82' lang='lat' dir='ltr'>magis</span> <span class='ocrx_word' id='word_1_126' title='bbox 688 711 917 757; x_wconf 77' lang='lat' dir='ltr'>imperfecti,</span> <span class='ocrx_word' id='word_1_127' title='bbox 931 716 972 748; x_wconf 91' lang='lat' dir='ltr'>ut</span> <span class='ocrx_word' id='word_1_128' title='bbox 987 711 1123 757; x_wconf 85' lang='lat' dir='ltr'>prohat</span> <span class='ocrx_word' id='word_1_129' title='bbox 1139 711 1407 757; x_wconf 87' lang='lat' dir='ltr'>Philosophus</span> <span class='ocrx_word' id='word_1_130' title='bbox 1423 711 1610 758; x_wconf 85' lang='lat' dir='ltr'>(Physic.‚</span> <span class='ocrx_word' id='word_1_131' title='bbox 1622 720 1708 756; x_wconf 84' lang='lat' dir='ltr'>vm,</span> 
     </span>
     <span class='ocr_line' id='line_1_14' title="bbox 91 756 1709 806; baseline -0.001 -10"><span class='ocrx_word' id='word_1_132' title='bbox 91 763 185 797; x_wconf 81' lang='lat' dir='ltr'>text.</span> <span class='ocrx_word' id='word_1_133' title='bbox 207 768 351 797; x_wconf 88' lang='lat' dir='ltr'>comm.</span> <span class='ocrx_word' id='word_1_134' title='bbox 373 759 446 806; x_wconf 82' lang='lat'><strong>57).</strong></span> <span class='ocrx_word' id='word_1_135' title='bbox 468 760 694 796; x_wconf 85' lang='lat' dir='ltr'>Posteriora</span> <span class='ocrx_word' id='word_1_136' title='bbox 714 764 844 795; x_wconf 88' lang='lat' dir='ltr'>autem</span> <span class='ocrx_word' id='word_1_137' title='bbox 866 759 906 795; x_wconf 83' lang='lat' dir='ltr'>in</span> <span class='ocrx_word' id='word_1_138' title='bbox 933 759 1091 795; x_wconf 80' lang='lat' dir='ltr'>entibus</span> <span class='ocrx_word' id='word_1_139' title='bbox 1121 758 1289 794; x_wconf 88' lang='lat' dir='ltr'>naturali</span> <span class='ocrx_word' id='word_1_140' title='bbox 1320 756 1458 794; x_wconf 80' lang='lat' dir='ltr'>ordine</span> <span class='ocrx_word' id='word_1_141' title='bbox 1493 763 1709 795; x_wconf 82' lang='lat' dir='ltr'>causantur</span> 
     </span>
     <span class='ocr_line' id='line_1_15' title="bbox 92 805 1699 852; baseline 0 -10"><span class='ocrx_word' id='word_1_142' title='bbox 92 816 117 843; x_wconf 92' lang='lat' dir='ltr'>a</span> <span class='ocrx_word' id='word_1_143' title='bbox 131 806 346 852; x_wconf 87' lang='lat' dir='ltr'>prioribus.</span> <span class='ocrx_word' id='word_1_144' title='bbox 367 808 493 844; x_wconf 86' lang='lat' dir='ltr'>Motus</span> <span class='ocrx_word' id='word_1_145' title='bbox 517 807 637 852; x_wconf 84' lang='lat' dir='ltr'>igitur</span> <span class='ocrx_word' id='word_1_146' title='bbox 657 806 705 842; x_wconf 89' lang='lat' dir='ltr'>ad</span> <span class='ocrx_word' id='word_1_147' title='bbox 728 807 892 842; x_wconf 83' lang='lat' dir='ltr'>sormam</span> <span class='ocrx_word' id='word_1_148' title='bbox 911 808 1098 842; x_wconf 86' lang='lat' dir='ltr'>causatur</span> <span class='ocrx_word' id='word_1_149' title='bbox 1117 814 1138 841; x_wconf 88' lang='lat' dir='ltr'>a</span> <span class='ocrx_word' id='word_1_150' title='bbox 1158 810 1268 841; x_wconf 89' lang='lat' dir='ltr'>motu</span> <span class='ocrx_word' id='word_1_151' title='bbox 1297 805 1516 842; x_wconf 89' lang='lat' dir='ltr'>secundum</span> <span class='ocrx_word' id='word_1_152' title='bbox 1551 806 1699 842; x_wconf 90' lang='lat' dir='ltr'>locum.</span> 
     </span>
     <span class='ocr_line' id='line_1_16' title="bbox 93 852 1706 890; baseline -0.001 0"><span class='ocrx_word' id='word_1_153' title='bbox 93 854 250 890; x_wconf 89' lang='lat' dir='ltr'>Primus</span> <span class='ocrx_word' id='word_1_154' title='bbox 272 857 402 890; x_wconf 88' lang='lat' dir='ltr'>autem</span> <span class='ocrx_word' id='word_1_155' title='bbox 421 856 553 890; x_wconf 90' lang='lat' dir='ltr'>motus</span> <span class='ocrx_word' id='word_1_156' title='bbox 588 853 806 890; x_wconf 89' lang='lat' dir='ltr'>secundum</span> <span class='ocrx_word' id='word_1_157' title='bbox 830 853 959 889; x_wconf 92' lang='lat' dir='ltr'>locum</span> <span class='ocrx_word' id='word_1_158' title='bbox 986 855 1044 888; x_wconf 84' lang='lat' dir='ltr'>est</span> <span class='ocrx_word' id='word_1_159' title='bbox 1059 855 1190 888; x_wconf 87' lang='lat' dir='ltr'>motus</span> <span class='ocrx_word' id='word_1_160' title='bbox 1209 852 1396 889; x_wconf 84' lang='lat' dir='ltr'>coelestis.</span> <span class='ocrx_word' id='word_1_161' title='bbox 1420 852 1557 889; x_wconf 89' lang='lat' dir='ltr'>Omnis</span> <span class='ocrx_word' id='word_1_162' title='bbox 1573 856 1706 889; x_wconf 86' lang='lat' dir='ltr'>motus</span> 
     </span>
     <span class='ocr_line' id='line_1_17' title="bbox 92 898 1708 946; baseline -0.001 -9"><span class='ocrx_word' id='word_1_163' title='bbox 92 900 216 946; x_wconf 78' lang='lat' dir='ltr'>igitur</span> <span class='ocrx_word' id='word_1_164' title='bbox 235 900 283 937; x_wconf 86' lang='lat' dir='ltr'>ad</span> <span class='ocrx_word' id='word_1_165' title='bbox 306 901 472 937; x_wconf 84' lang='lat' dir='ltr'>sormam</span> <span class='ocrx_word' id='word_1_166' title='bbox 491 899 533 936; x_wconf 86' lang='lat' dir='ltr'>fit</span> <span class='ocrx_word' id='word_1_167' title='bbox 552 899 748 937; x_wconf 84' lang='lat' dir='ltr'>mediante</span> <span class='ocrx_word' id='word_1_168' title='bbox 769 903 878 936; x_wconf 91' lang='lat' dir='ltr'>motu</span> <span class='ocrx_word' id='word_1_169' title='bbox 900 898 1063 935; x_wconf 88' lang='lat' dir='ltr'>coelesti.</span> <span class='ocrx_word' id='word_1_170' title='bbox 1087 900 1138 935; x_wconf 88' lang='lat' dir='ltr'>Ea</span> <span class='ocrx_word' id='word_1_171' title='bbox 1158 898 1279 944; x_wconf 81' lang='lat' dir='ltr'>igitur</span> <span class='ocrx_word' id='word_1_172' title='bbox 1307 908 1394 944; x_wconf 80' lang='lat' dir='ltr'>quae</span> <span class='ocrx_word' id='word_1_173' title='bbox 1426 908 1507 936; x_wconf 90' lang='lat' dir='ltr'>non</span> <span class='ocrx_word' id='word_1_174' title='bbox 1538 902 1708 944; x_wconf 87' lang='lat' dir='ltr'>possunt</span> 
     </span>
     <span class='ocr_line' id='line_1_18' title="bbox 92 944 1708 993; baseline -0.001 -9"><span class='ocrx_word' id='word_1_175' title='bbox 92 946 194 990; x_wconf 86' lang='lat' dir='ltr'>fieri,</span> <span class='ocrx_word' id='word_1_176' title='bbox 217 947 414 984; x_wconf 88' lang='lat' dir='ltr'>mediante</span> <span class='ocrx_word' id='word_1_177' title='bbox 433 950 542 984; x_wconf 92' lang='lat' dir='ltr'>motu</span> <span class='ocrx_word' id='word_1_178' title='bbox 561 947 728 991; x_wconf 86' lang='lat' dir='ltr'>coelesti,</span> <span class='ocrx_word' id='word_1_179' title='bbox 750 955 829 982; x_wconf 91' lang='lat' dir='ltr'>non</span> <span class='ocrx_word' id='word_1_180' title='bbox 849 949 1019 991; x_wconf 86' lang='lat' dir='ltr'>possunt</span> <span class='ocrx_word' id='word_1_181' title='bbox 1039 944 1121 981; x_wconf 86' lang='lat' dir='ltr'>fieri</span> <span class='ocrx_word' id='word_1_182' title='bbox 1143 946 1191 982; x_wconf 90' lang='lat' dir='ltr'>ab</span> <span class='ocrx_word' id='word_1_183' title='bbox 1213 946 1346 992; x_wconf 89' lang='lat' dir='ltr'>aliquo</span> <span class='ocrx_word' id='word_1_184' title='bbox 1367 950 1522 993; x_wconf 83' lang='lat' dir='ltr'>agente,</span> <span class='ocrx_word' id='word_1_185' title='bbox 1538 946 1604 992; x_wconf 86' lang='lat' dir='ltr'>qui</span> <span class='ocrx_word' id='word_1_186' title='bbox 1628 955 1708 983; x_wconf 89' lang='lat' dir='ltr'>non</span> 
     </span>
     <span class='ocr_line' id='line_1_19' title="bbox 94 992 1709 1041; baseline -0.002 -10"><span class='ocrx_word' id='word_1_187' title='bbox 94 998 226 1040; x_wconf 86' lang='lat' dir='ltr'>potest</span> <span class='ocrx_word' id='word_1_188' title='bbox 245 1003 361 1041; x_wconf 85' lang='lat' dir='ltr'>agere</span> <span class='ocrx_word' id='word_1_189' title='bbox 380 994 458 1030; x_wconf 91' lang='lat' dir='ltr'>nisi</span> <span class='ocrx_word' id='word_1_190' title='bbox 478 1003 546 1040; x_wconf 90' lang='lat' dir='ltr'>per</span> <span class='ocrx_word' id='word_1_191' title='bbox 565 997 730 1036; x_wconf 86' lang='lat' dir='ltr'>motum,</span> <span class='ocrx_word' id='word_1_192' title='bbox 751 992 906 1040; x_wconf 88' lang='lat' dir='ltr'>qualem</span> <span class='ocrx_word' id='word_1_193' title='bbox 928 996 1080 1038; x_wconf 87' lang='lat' dir='ltr'>oportet</span> <span class='ocrx_word' id='word_1_194' title='bbox 1101 1001 1190 1029; x_wconf 90' lang='lat' dir='ltr'>esse</span> <span class='ocrx_word' id='word_1_195' title='bbox 1211 997 1392 1038; x_wconf 78' lang='lat' dir='ltr'>agentem</span> <span class='ocrx_word' id='word_1_196' title='bbox 1426 993 1492 1039; x_wconf 91' lang='lat' dir='ltr'>qui</span> <span class='ocrx_word' id='word_1_197' title='bbox 1526 1002 1606 1029; x_wconf 88' lang='lat' dir='ltr'>non</span> <span class='ocrx_word' id='word_1_198' title='bbox 1642 1002 1709 1038; x_wconf 89' lang='lat' dir='ltr'>po-</span> 
     </span>
     <span class='ocr_line' id='line_1_20' title="bbox 92 1039 1710 1085; baseline -0.001 -8"><span class='ocrx_word' id='word_1_199' title='bbox 92 1040 266 1077; x_wconf 83' lang='lat' dir='ltr'>testnisi</span> <span class='ocrx_word' id='word_1_200' title='bbox 287 1040 475 1077; x_wconf 88' lang='lat' dir='ltr'>inducere</span> <span class='ocrx_word' id='word_1_201' title='bbox 513 1040 678 1076; x_wconf 84' lang='lat' dir='ltr'>formam</span> <span class='ocrx_word' id='word_1_202' title='bbox 702 1040 743 1076; x_wconf 90' lang='lat' dir='ltr'>in</span> <span class='ocrx_word' id='word_1_203' title='bbox 781 1039 958 1083; x_wconf 87' lang='lat' dir='ltr'>materia,</span> <span class='ocrx_word' id='word_1_204' title='bbox 981 1042 1022 1075; x_wconf 90' lang='lat' dir='ltr'>ut</span> <span class='ocrx_word' id='word_1_205' title='bbox 1039 1043 1246 1076; x_wconf 89' lang='lat' dir='ltr'>ostensum</span> <span class='ocrx_word' id='word_1_206' title='bbox 1281 1043 1341 1076; x_wconf 89' lang='lat' dir='ltr'>est</span> <span class='ocrx_word' id='word_1_207' title='bbox 1357 1040 1404 1085; x_wconf 89' lang='lat' dir='ltr'>(c.</span> <span class='ocrx_word' id='word_1_208' title='bbox 1421 1043 1466 1076; x_wconf 83' lang='lat'>20</span> <span class='ocrx_word' id='word_1_209' title='bbox 1486 1043 1522 1076; x_wconf 88' lang='lat' dir='ltr'>et</span> <span class='ocrx_word' id='word_1_210' title='bbox 1539 1039 1612 1085; x_wconf 87' lang='lat'>21).</span> <span class='ocrx_word' id='word_1_211' title='bbox 1637 1042 1710 1076; x_wconf 89' lang='lat' dir='ltr'>Per</span> 
     </span>
     <span class='ocr_line' id='line_1_21' title="bbox 95 1086 1707 1132; baseline -0.001 -8"><span class='ocrx_word' id='word_1_212' title='bbox 95 1090 248 1124; x_wconf 88' lang='lat' dir='ltr'>motum</span> <span class='ocrx_word' id='word_1_213' title='bbox 267 1091 395 1124; x_wconf 85' lang='lat' dir='ltr'>autem</span> <span class='ocrx_word' id='word_1_214' title='bbox 410 1087 609 1124; x_wconf 88' lang='lat' dir='ltr'>coelestem</span> <span class='ocrx_word' id='word_1_215' title='bbox 629 1095 707 1123; x_wconf 87' lang='lat' dir='ltr'>nou</span> <span class='ocrx_word' id='word_1_216' title='bbox 729 1086 1072 1132; x_wconf 89' lang='lat' dir='ltr'>possuntproduci</span> <span class='ocrx_word' id='word_1_217' title='bbox 1089 1086 1220 1123; x_wconf 81' lang='lat' dir='ltr'>multae</span> <span class='ocrx_word' id='word_1_218' title='bbox 1237 1086 1371 1123; x_wconf 67' lang='lat' dir='ltr'>formae</span> <span class='ocrx_word' id='word_1_219' title='bbox 1384 1086 1613 1130; x_wconf 87' lang='lat' dir='ltr'>sensibiles,</span> <span class='ocrx_word' id='word_1_220' title='bbox 1629 1087 1707 1123; x_wconf 92' lang='lat' dir='ltr'>nisi</span> 
     </span>
     <span class='ocr_line' id='line_1_22' title="bbox 92 1133 1703 1179; baseline -0.001 -8"><span class='ocrx_word' id='word_1_221' title='bbox 92 1134 362 1172; x_wconf 84' lang='lat' dir='ltr'>mediantibus</span> <span class='ocrx_word' id='word_1_222' title='bbox 382 1133 653 1170; x_wconf 87' lang='lat' dir='ltr'>determinatis</span> <span class='ocrx_word' id='word_1_223' title='bbox 687 1133 894 1178; x_wconf 89' lang='lat' dir='ltr'>principiis</span> <span class='ocrx_word' id='word_1_224' title='bbox 915 1133 1149 1178; x_wconf 87' lang='lat' dir='ltr'>suppositis,</span> <span class='ocrx_word' id='word_1_225' title='bbox 1172 1133 1276 1170; x_wconf 89' lang='lat' dir='ltr'>sicut</span> <span class='ocrx_word' id='word_1_226' title='bbox 1299 1133 1488 1169; x_wconf 86' lang='lat' dir='ltr'>animalia</span> <span class='ocrx_word' id='word_1_227' title='bbox 1525 1133 1703 1179; x_wconf 71' lang='lat' dir='ltr'>quaedam</span> 
     </span>
     <span class='ocr_line' id='line_1_23' title="bbox 93 1179 1710 1226; baseline -0.002 -8"><span class='ocrx_word' id='word_1_228' title='bbox 93 1189 175 1219; x_wconf 88' lang='lat' dir='ltr'>non</span> <span class='ocrx_word' id='word_1_229' title='bbox 188 1180 288 1218; x_wconf 89' lang='lat' dir='ltr'>fiunt</span> <span class='ocrx_word' id='word_1_230' title='bbox 302 1181 379 1218; x_wconf 90' lang='lat' dir='ltr'>nisi</span> <span class='ocrx_word' id='word_1_231' title='bbox 396 1191 442 1217; x_wconf 89' lang='lat' dir='ltr'>ex</span> <span class='ocrx_word' id='word_1_232' title='bbox 457 1181 624 1218; x_wconf 86' lang='lat' dir='ltr'>semine.</span> <span class='ocrx_word' id='word_1_233' title='bbox 641 1181 772 1217; x_wconf 88' lang='lat' dir='ltr'>Prima</span> <span class='ocrx_word' id='word_1_234' title='bbox 786 1181 908 1226; x_wconf 82' lang='lat' dir='ltr'>igitur</span> <span class='ocrx_word' id='word_1_235' title='bbox 931 1180 1127 1217; x_wconf 88' lang='lat' dir='ltr'>institutio</span> <span class='ocrx_word' id='word_1_236' title='bbox 1144 1180 1282 1217; x_wconf 87' lang='lat' dir='ltr'>harum</span> <span class='ocrx_word' id='word_1_237' title='bbox 1306 1181 1534 1222; x_wconf 77' lang='lat' dir='ltr'>formarum,</span> <span class='ocrx_word' id='word_1_238' title='bbox 1554 1179 1601 1215; x_wconf 89' lang='lat' dir='ltr'>ad</span> <span class='ocrx_word' id='word_1_239' title='bbox 1618 1190 1710 1226; x_wconf 87' lang='lat' dir='ltr'>qua-</span> 
     </span>
     <span class='ocr_line' id='line_1_24' title="bbox 93 1227 1709 1274; baseline -0.001 -9"><span class='ocrx_word' id='word_1_240' title='bbox 93 1237 181 1266; x_wconf 87' lang='lat' dir='ltr'>rum</span> <span class='ocrx_word' id='word_1_241' title='bbox 196 1227 496 1274; x_wconf 90' lang='lat' dir='ltr'>productionem</span> <span class='ocrx_word' id='word_1_242' title='bbox 510 1236 589 1265; x_wconf 89' lang='lat' dir='ltr'>non</span> <span class='ocrx_word' id='word_1_243' title='bbox 606 1227 751 1264; x_wconf 83' lang='lat' dir='ltr'>suflicit</span> <span class='ocrx_word' id='word_1_244' title='bbox 769 1231 900 1264; x_wconf 91' lang='lat' dir='ltr'>motus</span> <span class='ocrx_word' id='word_1_245' title='bbox 915 1227 1088 1264; x_wconf 87' lang='lat' dir='ltr'>coelestis</span> <span class='ocrx_word' id='word_1_246' title='bbox 1104 1227 1190 1264; x_wconf 90' lang='lat' dir='ltr'>sine</span> <span class='ocrx_word' id='word_1_247' title='bbox 1206 1227 1498 1272; x_wconf 79' lang='lat' dir='ltr'>praeexistentia</span> <span class='ocrx_word' id='word_1_248' title='bbox 1516 1227 1709 1264; x_wconf 89' lang='lat' dir='ltr'>similium</span> 
     </span>
     <span class='ocr_line' id='line_1_25' title="bbox 94 1274 1259 1321; baseline -0.002 -9"><span class='ocrx_word' id='word_1_249' title='bbox 94 1274 311 1312; x_wconf 87' lang='lat' dir='ltr'>formarum</span> <span class='ocrx_word' id='word_1_250' title='bbox 333 1275 374 1311; x_wconf 90' lang='lat' dir='ltr'>in</span> <span class='ocrx_word' id='word_1_251' title='bbox 395 1275 540 1320; x_wconf 86' lang='lat' dir='ltr'>specie,</span> <span class='ocrx_word' id='word_1_252' title='bbox 563 1278 717 1320; x_wconf 86' lang='lat' dir='ltr'>oportet</span> <span class='ocrx_word' id='word_1_253' title='bbox 737 1274 840 1321; x_wconf 84' lang='lat' dir='ltr'>quod</span> <span class='ocrx_word' id='word_1_254' title='bbox 863 1275 914 1311; x_wconf 91' lang='lat' dir='ltr'>sit</span> <span class='ocrx_word' id='word_1_255' title='bbox 934 1284 957 1311; x_wconf 89' lang='lat' dir='ltr'>a</span> <span class='ocrx_word' id='word_1_256' title='bbox 979 1274 1066 1311; x_wconf 92' lang='lat' dir='ltr'>solo</span> <span class='ocrx_word' id='word_1_257' title='bbox 1088 1279 1259 1310; x_wconf 87' lang='lat' dir='ltr'>creante.</span> 
     </span>
    </p>

    <p class='ocr_par' dir='ltr' id='par_1_4' title="bbox 93 1320 1713 1781">
     <span class='ocr_line' id='line_1_26' title="bbox 140 1320 1710 1369; baseline 0 -11"><span class='ocrx_word' id='word_1_258' title='bbox 140 1323 240 1362; x_wconf 81' lang='lat' dir='ltr'>Item,</span> <span class='ocrx_word' id='word_1_259' title='bbox 262 1322 366 1359; x_wconf 88' lang='lat' dir='ltr'>sicut</span> <span class='ocrx_word' id='word_1_260' title='bbox 386 1322 572 1369; x_wconf 66' lang='lat' dir='ltr'>(puysie,</span> <span class='ocrx_word' id='word_1_261' title='bbox 596 1331 652 1365; x_wconf 89' lang='lat'>111,</span> <span class='ocrx_word' id='word_1_262' title='bbox 675 1325 766 1358; x_wconf 78' lang='lat' dir='ltr'>text.</span> <span class='ocrx_word' id='word_1_263' title='bbox 789 1330 932 1358; x_wconf 90' lang='lat' dir='ltr'>comm.</span> <span class='ocrx_word' id='word_1_264' title='bbox 950 1321 1008 1367; x_wconf 81' lang='lat'>48)</span> <span class='ocrx_word' id='word_1_265' title='bbox 1029 1321 1186 1365; x_wconf 89' lang='lat' dir='ltr'>dicitur,</span> <span class='ocrx_word' id='word_1_266' title='bbox 1206 1321 1308 1357; x_wconf 89' lang='lat' dir='ltr'>idem</span> <span class='ocrx_word' id='word_1_267' title='bbox 1331 1325 1391 1358; x_wconf 85' lang='lat' dir='ltr'>est</span> <span class='ocrx_word' id='word_1_268' title='bbox 1409 1325 1542 1359; x_wconf 87' lang='lat' dir='ltr'>motus</span> <span class='ocrx_word' id='word_1_269' title='bbox 1568 1320 1710 1359; x_wconf 87' lang='lat' dir='ltr'>localis</span> 
     </span>
     <span class='ocr_line' id='line_1_27' title="bbox 93 1368 1713 1415; baseline 0 -10"><span class='ocrx_word' id='word_1_270' title='bbox 93 1369 217 1415; x_wconf 87' lang='lat' dir='ltr'>partis</span> <span class='ocrx_word' id='word_1_271' title='bbox 231 1372 270 1405; x_wconf 92' lang='lat' dir='ltr'>et</span> <span class='ocrx_word' id='word_1_272' title='bbox 288 1369 424 1414; x_wconf 90' lang='lat' dir='ltr'>totius,</span> <span class='ocrx_word' id='word_1_273' title='bbox 441 1372 485 1406; x_wconf 91' lang='lat' dir='ltr'>ut</span> <span class='ocrx_word' id='word_1_274' title='bbox 497 1369 620 1406; x_wconf 90' lang='lat' dir='ltr'>totius</span> <span class='ocrx_word' id='word_1_275' title='bbox 634 1372 747 1405; x_wconf 86' lang='lat' dir='ltr'>terrae</span> <span class='ocrx_word' id='word_1_276' title='bbox 761 1369 933 1405; x_wconf 89' lang='lat' dir='ltr'>etunius</span> <span class='ocrx_word' id='word_1_277' title='bbox 946 1368 1070 1415; x_wconf 77' lang='lat' dir='ltr'>glebae</span> <span class='ocrx_word' id='word_1_278' title='bbox 1085 1381 1093 1413; x_wconf 86' lang='lat'>;</span> <span class='ocrx_word' id='word_1_279' title='bbox 1116 1369 1169 1405; x_wconf 89' lang='lat' dir='ltr'>ita</span> <span class='ocrx_word' id='word_1_280' title='bbox 1187 1369 1352 1405; x_wconf 90' lang='lat' dir='ltr'>mutatio</span> <span class='ocrx_word' id='word_1_281' title='bbox 1368 1369 1637 1415; x_wconf 83' lang='lat' dir='ltr'>generationis</span> <span class='ocrx_word' id='word_1_282' title='bbox 1653 1372 1713 1406; x_wconf 90' lang='lat' dir='ltr'>est</span> 
     </span>
     <span class='ocr_line' id='line_1_28' title="bbox 94 1415 1707 1463; baseline -0.001 -10"><span class='ocrx_word' id='word_1_283' title='bbox 94 1415 232 1453; x_wconf 87' lang='lat' dir='ltr'>eadem</span> <span class='ocrx_word' id='word_1_284' title='bbox 253 1416 375 1453; x_wconf 89' lang='lat' dir='ltr'>totius</span> <span class='ocrx_word' id='word_1_285' title='bbox 395 1419 433 1453; x_wconf 89' lang='lat' dir='ltr'>et</span> <span class='ocrx_word' id='word_1_286' title='bbox 451 1416 588 1463; x_wconf 90' lang='lat' dir='ltr'>partis.</span> <span class='ocrx_word' id='word_1_287' title='bbox 611 1417 745 1452; x_wconf 85' lang='lat' dir='ltr'>Partes</span> <span class='ocrx_word' id='word_1_288' title='bbox 766 1420 896 1452; x_wconf 90' lang='lat' dir='ltr'>autem</span> <span class='ocrx_word' id='word_1_289' title='bbox 919 1416 1059 1452; x_wconf 91' lang='lat' dir='ltr'>horum</span> <span class='ocrx_word' id='word_1_290' title='bbox 1081 1415 1370 1463; x_wconf 83' lang='lat' dir='ltr'>generabilium</span> <span class='ocrx_word' id='word_1_291' title='bbox 1403 1420 1440 1452; x_wconf 88' lang='lat' dir='ltr'>et</span> <span class='ocrx_word' id='word_1_292' title='bbox 1472 1416 1707 1462; x_wconf 90' lang='lat' dir='ltr'>corruptibi-</span> 
     </span>
     <span class='ocr_line' id='line_1_29' title="bbox 94 1461 1708 1510; baseline 0 -11"><span class='ocrx_word' id='word_1_293' title='bbox 94 1461 193 1499; x_wconf 92' lang='lat' dir='ltr'>lium</span> <span class='ocrx_word' id='word_1_294' title='bbox 212 1467 463 1510; x_wconf 86' lang='lat' dir='ltr'>generantur,</span> <span class='ocrx_word' id='word_1_295' title='bbox 476 1463 726 1510; x_wconf 88' lang='lat' dir='ltr'>acquirentes</span> <span class='ocrx_word' id='word_1_296' title='bbox 742 1462 890 1499; x_wconf 84' lang='lat' dir='ltr'>formas</span> <span class='ocrx_word' id='word_1_297' title='bbox 906 1463 944 1499; x_wconf 91' lang='lat' dir='ltr'>in</span> <span class='ocrx_word' id='word_1_298' title='bbox 962 1466 1051 1499; x_wconf 89' lang='lat' dir='ltr'>actu</span> <span class='ocrx_word' id='word_1_299' title='bbox 1064 1472 1087 1499; x_wconf 88' lang='lat' dir='ltr'>a</span> <span class='ocrx_word' id='word_1_300' title='bbox 1106 1463 1244 1499; x_wconf 82' lang='lat' dir='ltr'>formis</span> <span class='ocrx_word' id='word_1_301' title='bbox 1259 1472 1347 1509; x_wconf 83' lang='lat' dir='ltr'>quae</span> <span class='ocrx_word' id='word_1_302' title='bbox 1368 1463 1512 1500; x_wconf 89' lang='lat' dir='ltr'>suntin</span> <span class='ocrx_word' id='word_1_303' title='bbox 1529 1463 1708 1507; x_wconf 88' lang='lat' dir='ltr'>materia,</span> 
     </span>
     <span class='ocr_line' id='line_1_30' title="bbox 95 1509 1708 1556; baseline 0.001 -11"><span class='ocrx_word' id='word_1_304' title='bbox 95 1517 179 1546; x_wconf 87' lang='lat' dir='ltr'>non</span> <span class='ocrx_word' id='word_1_305' title='bbox 198 1513 328 1546; x_wconf 86' lang='lat' dir='ltr'>autem</span> <span class='ocrx_word' id='word_1_306' title='bbox 351 1519 374 1547; x_wconf 91' lang='lat' dir='ltr'>a</span> <span class='ocrx_word' id='word_1_307' title='bbox 390 1509 529 1547; x_wconf 89' lang='lat' dir='ltr'>formis</span> <span class='ocrx_word' id='word_1_308' title='bbox 548 1513 656 1546; x_wconf 83' lang='lat' dir='ltr'>extra</span> <span class='ocrx_word' id='word_1_309' title='bbox 676 1510 879 1546; x_wconf 86' lang='lat' dir='ltr'>materiam</span> <span class='ocrx_word' id='word_1_310' title='bbox 899 1510 1160 1546; x_wconf 88' lang='lat' dir='ltr'>existentibus</span> <span class='ocrx_word' id='word_1_311' title='bbox 1179 1522 1187 1553; x_wconf 90' lang='lat'>;</span> <span class='ocrx_word' id='word_1_312' title='bbox 1209 1519 1298 1547; x_wconf 89' lang='lat' dir='ltr'>cum</span> <span class='ocrx_word' id='word_1_313' title='bbox 1319 1513 1498 1555; x_wconf 88' lang='lat' dir='ltr'>oporteat</span> <span class='ocrx_word' id='word_1_314' title='bbox 1512 1518 1708 1556; x_wconf 79' lang='lat' dir='ltr'>generans</span> 
     </span>
     <span class='ocr_line' id='line_1_31' title="bbox 95 1556 1706 1603; baseline 0 -11"><span class='ocrx_word' id='word_1_315' title='bbox 95 1565 186 1593; x_wconf 87' lang='lat' dir='ltr'>esse</span> <span class='ocrx_word' id='word_1_316' title='bbox 205 1556 335 1593; x_wconf 92' lang='lat' dir='ltr'>simile</span> <span class='ocrx_word' id='word_1_317' title='bbox 350 1560 552 1603; x_wconf 87' lang='lat' dir='ltr'>generato,</span> <span class='ocrx_word' id='word_1_318' title='bbox 568 1560 610 1593; x_wconf 91' lang='lat' dir='ltr'>ut</span> <span class='ocrx_word' id='word_1_319' title='bbox 625 1556 762 1601; x_wconf 90' lang='lat' dir='ltr'>probat</span> <span class='ocrx_word' id='word_1_320' title='bbox 774 1556 1042 1602; x_wconf 85' lang='lat' dir='ltr'>Philosophus</span> <span class='ocrx_word' id='word_1_321' title='bbox 1055 1557 1095 1592; x_wconf 90' lang='lat' dir='ltr'>in</span> <span class='ocrx_word' id='word_1_322' title='bbox 1110 1556 1248 1602; x_wconf 90' lang='lat' dir='ltr'>quinto</span> <span class='ocrx_word' id='word_1_323' title='bbox 1262 1557 1420 1602; x_wconf 79' lang='lat' dir='ltr'>Metaph.</span> <span class='ocrx_word' id='word_1_324' title='bbox 1436 1556 1542 1603; x_wconf 83' lang='lat' dir='ltr'>(text.</span> <span class='ocrx_word' id='word_1_325' title='bbox 1561 1566 1706 1594; x_wconf 84' lang='lat' dir='ltr'>comm.</span> 
     </span>
     <span class='ocr_line' id='line_1_32' title="bbox 93 1603 1708 1650; baseline 0 -11"><span class='ocrx_word' id='word_1_326' title='bbox 93 1603 230 1649; x_wconf 79' lang='lat'>21-28).</span> <span class='ocrx_word' id='word_1_327' title='bbox 252 1605 384 1650; x_wconf 85' lang='lat' dir='ltr'>Neque</span> <span class='ocrx_word' id='word_1_328' title='bbox 403 1604 524 1650; x_wconf 84' lang='lat' dir='ltr'>igitur</span> <span class='ocrx_word' id='word_1_329' title='bbox 542 1603 676 1640; x_wconf 86' lang='lat' dir='ltr'>totalis</span> <span class='ocrx_word' id='word_1_330' title='bbox 697 1603 908 1649; x_wconf 83' lang='lat' dir='ltr'>acquisitio</span> <span class='ocrx_word' id='word_1_331' title='bbox 943 1604 1158 1640; x_wconf 85' lang='lat' dir='ltr'>formarum</span> <span class='ocrx_word' id='word_1_332' title='bbox 1190 1604 1231 1639; x_wconf 89' lang='lat' dir='ltr'>in</span> <span class='ocrx_word' id='word_1_333' title='bbox 1265 1604 1429 1640; x_wconf 89' lang='lat' dir='ltr'>materia</span> <span class='ocrx_word' id='word_1_334' title='bbox 1461 1607 1592 1648; x_wconf 89' lang='lat' dir='ltr'>potest</span> <span class='ocrx_word' id='word_1_335' title='bbox 1623 1603 1708 1640; x_wconf 88' lang='lat' dir='ltr'>fieri</span> 
     </span>
     <span class='ocr_line' id='line_1_33' title="bbox 93 1650 1710 1697; baseline 0 -11"><span class='ocrx_word' id='word_1_336' title='bbox 93 1659 165 1696; x_wconf 84' lang='lat' dir='ltr'>per</span> <span class='ocrx_word' id='word_1_337' title='bbox 185 1654 335 1687; x_wconf 90' lang='lat' dir='ltr'>motum</span> <span class='ocrx_word' id='word_1_338' title='bbox 353 1650 401 1688; x_wconf 89' lang='lat' dir='ltr'>ab</span> <span class='ocrx_word' id='word_1_339' title='bbox 425 1650 558 1697; x_wconf 86' lang='lat' dir='ltr'>aliqua</span> <span class='ocrx_word' id='word_1_340' title='bbox 578 1650 802 1687; x_wconf 83' lang='lat' dir='ltr'>substantia</span> <span class='ocrx_word' id='word_1_341' title='bbox 817 1654 1010 1696; x_wconf 89' lang='lat' dir='ltr'>separata,</span> <span class='ocrx_word' id='word_1_342' title='bbox 1031 1650 1255 1696; x_wconf 88' lang='lat' dir='ltr'>cujusmodi</span> <span class='ocrx_word' id='word_1_343' title='bbox 1274 1654 1334 1687; x_wconf 89' lang='lat' dir='ltr'>est</span> <span class='ocrx_word' id='word_1_344' title='bbox 1354 1651 1545 1695; x_wconf 83' lang='lat' dir='ltr'>angelus;</span> <span class='ocrx_word' id='word_1_345' title='bbox 1563 1650 1630 1687; x_wconf 90' lang='lat' dir='ltr'>sed</span> <span class='ocrx_word' id='word_1_346' title='bbox 1648 1650 1710 1686; x_wconf 82' lang='lat' dir='ltr'>vel</span> 
     </span>
     <span class='ocr_line' id='line_1_34' title="bbox 94 1696 1708 1748; baseline -0.001 -14"><span class='ocrx_word' id='word_1_347' title='bbox 94 1700 250 1748; x_wconf 87' lang='lat' dir='ltr'>oportet</span> <span class='ocrx_word' id='word_1_348' title='bbox 273 1697 380 1744; x_wconf 91' lang='lat' dir='ltr'>quod</span> <span class='ocrx_word' id='word_1_349' title='bbox 408 1697 484 1734; x_wconf 90' lang='lat' dir='ltr'>hoc</span> <span class='ocrx_word' id='word_1_350' title='bbox 513 1696 581 1734; x_wconf 84' lang='lat' dir='ltr'>fiat</span> <span class='ocrx_word' id='word_1_351' title='bbox 599 1697 795 1734; x_wconf 85' lang='lat' dir='ltr'>mediante</span> <span class='ocrx_word' id='word_1_352' title='bbox 826 1701 968 1744; x_wconf 78' lang='lat' dir='ltr'>agente</span> <span class='ocrx_word' id='word_1_353' title='bbox 996 1705 1202 1743; x_wconf 88' lang='lat' dir='ltr'>corporeo,</span> <span class='ocrx_word' id='word_1_354' title='bbox 1237 1697 1296 1734; x_wconf 87' lang='lat' dir='ltr'>vel</span> <span class='ocrx_word' id='word_1_355' title='bbox 1325 1701 1496 1738; x_wconf 87' lang='lat' dir='ltr'>creante,</span> <span class='ocrx_word' id='word_1_356' title='bbox 1528 1697 1596 1744; x_wconf 90' lang='lat' dir='ltr'>qui</span> <span class='ocrx_word' id='word_1_357' title='bbox 1626 1697 1708 1744; x_wconf 82' lang='lat' dir='ltr'>agit</span> 
     </span>
     <span class='ocr_line' id='line_1_35' title="bbox 95 1747 329 1781; baseline 0 -1"><span class='ocrx_word' id='word_1_358' title='bbox 95 1751 183 1781; x_wconf 84' lang='lat' dir='ltr'>sine</span> <span class='ocrx_word' id='word_1_359' title='bbox 204 1747 329 1781; x_wconf 84' lang='lat' dir='ltr'>motu.</span> 
     </span>
    </p>

    <p class='ocr_par' dir='ltr' id='par_1_5' title="bbox 93 1790 1708 1931">
     <span class='ocr_line' id='line_1_36' title="bbox 141 1790 1707 1837; baseline 0.001 -11"><span class='ocrx_word' id='word_1_360' title='bbox 141 1790 286 1831; x_wconf 81' lang='lat' dir='ltr'>Adhuc,</span> <span class='ocrx_word' id='word_1_361' title='bbox 308 1790 414 1828; x_wconf 90' lang='lat' dir='ltr'>sicut</span> <span class='ocrx_word' id='word_1_362' title='bbox 428 1798 519 1828; x_wconf 85' lang='lat' dir='ltr'>esse</span> <span class='ocrx_word' id='word_1_363' title='bbox 539 1793 600 1828; x_wconf 90' lang='lat' dir='ltr'>est</span> <span class='ocrx_word' id='word_1_364' title='bbox 617 1791 788 1837; x_wconf 89' lang='lat' dir='ltr'>primum</span> <span class='ocrx_word' id='word_1_365' title='bbox 810 1791 850 1827; x_wconf 86' lang='lat' dir='ltr'>in</span> <span class='ocrx_word' id='word_1_366' title='bbox 866 1790 1086 1835; x_wconf 83' lang='lat' dir='ltr'>effectibus,</span> <span class='ocrx_word' id='word_1_367' title='bbox 1110 1791 1165 1828; x_wconf 89' lang='lat' dir='ltr'>ita</span> <span class='ocrx_word' id='word_1_368' title='bbox 1183 1791 1396 1837; x_wconf 86' lang='lat' dir='ltr'>respondet</span> <span class='ocrx_word' id='word_1_369' title='bbox 1412 1791 1548 1837; x_wconf 83' lang='lat' dir='ltr'>primae</span> <span class='ocrx_word' id='word_1_370' title='bbox 1563 1801 1707 1836; x_wconf 68' lang='lat' dir='ltr'>causae,</span> 
     </span>
     <span class='ocr_line' id='line_1_37' title="bbox 94 1836 1708 1884; baseline 0.001 -11"><span class='ocrx_word' id='word_1_371' title='bbox 94 1841 136 1874; x_wconf 89' lang='lat' dir='ltr'>ut</span> <span class='ocrx_word' id='word_1_372' title='bbox 155 1837 340 1884; x_wconf 87' lang='lat' dir='ltr'>proprius</span> <span class='ocrx_word' id='word_1_373' title='bbox 357 1836 536 1874; x_wconf 85' lang='lat' dir='ltr'>effectus.</span> <span class='ocrx_word' id='word_1_374' title='bbox 558 1839 654 1875; x_wconf 87' lang='lat' dir='ltr'>Esse</span> <span class='ocrx_word' id='word_1_375' title='bbox 675 1842 804 1875; x_wconf 90' lang='lat' dir='ltr'>autem</span> <span class='ocrx_word' id='word_1_376' title='bbox 827 1842 886 1875; x_wconf 90' lang='lat' dir='ltr'>est</span> <span class='ocrx_word' id='word_1_377' title='bbox 918 1847 984 1884; x_wconf 90' lang='lat' dir='ltr'>per</span> <span class='ocrx_word' id='word_1_378' title='bbox 1014 1838 1179 1875; x_wconf 84' lang='lat' dir='ltr'>formam</span> <span class='ocrx_word' id='word_1_379' title='bbox 1210 1843 1247 1874; x_wconf 91' lang='lat' dir='ltr'>et</span> <span class='ocrx_word' id='word_1_380' title='bbox 1276 1847 1357 1875; x_wconf 92' lang='lat' dir='ltr'>non</span> <span class='ocrx_word' id='word_1_381' title='bbox 1392 1848 1461 1884; x_wconf 89' lang='lat' dir='ltr'>per</span> <span class='ocrx_word' id='word_1_382' title='bbox 1489 1839 1708 1875; x_wconf 87' lang='lat' dir='ltr'>materiam.</span> 
     </span>
     <span class='ocr_line' id='line_1_38' title="bbox 93 1884 1703 1931; baseline 0.001 -10"><span class='ocrx_word' id='word_1_383' title='bbox 93 1884 226 1922; x_wconf 86' lang='lat' dir='ltr'>Prima</span> <span class='ocrx_word' id='word_1_384' title='bbox 244 1884 366 1931; x_wconf 80' lang='lat' dir='ltr'>igitur</span> <span class='ocrx_word' id='word_1_385' title='bbox 382 1884 597 1922; x_wconf 88' lang='lat' dir='ltr'>causalitas</span> <span class='ocrx_word' id='word_1_386' title='bbox 630 1885 847 1922; x_wconf 83' lang='lat' dir='ltr'>formarum</span> <span class='ocrx_word' id='word_1_387' title='bbox 874 1885 1044 1922; x_wconf 79' lang='lat' dir='ltr'>maxime</span> <span class='ocrx_word' id='word_1_388' title='bbox 1063 1890 1124 1922; x_wconf 88' lang='lat' dir='ltr'>est</span> <span class='ocrx_word' id='word_1_389' title='bbox 1143 1885 1278 1931; x_wconf 82' lang='lat' dir='ltr'>primae</span> <span class='ocrx_word' id='word_1_390' title='bbox 1294 1894 1424 1923; x_wconf 84' lang='lat' dir='ltr'>causae</span> <span class='ocrx_word' id='word_1_391' title='bbox 1441 1885 1703 1922; x_wconf 84' lang='lat' dir='ltr'>attribuenda.</span> 
     </span>
    </p>

    <p class='ocr_par' dir='ltr' id='par_1_6' title="bbox 91 1931 1711 2484">
     <span class='ocr_line' id='line_1_39' title="bbox 140 1931 1707 1979; baseline 0.002 -13"><span class='ocrx_word' id='word_1_392' title='bbox 140 1931 323 1977; x_wconf 75' lang='lat' dir='ltr'>Amplius,</span> <span class='ocrx_word' id='word_1_393' title='bbox 338 1940 428 1969; x_wconf 90' lang='lat' dir='ltr'>cum</span> <span class='ocrx_word' id='word_1_394' title='bbox 447 1939 565 1969; x_wconf 91' lang='lat' dir='ltr'>omne</span> <span class='ocrx_word' id='word_1_395' title='bbox 585 1941 709 1979; x_wconf 85' lang='lat' dir='ltr'>agens</span> <span class='ocrx_word' id='word_1_396' title='bbox 729 1935 821 1979; x_wconf 84' lang='lat' dir='ltr'>agat</span> <span class='ocrx_word' id='word_1_397' title='bbox 839 1932 915 1969; x_wconf 90' lang='lat' dir='ltr'>sibi</span> <span class='ocrx_word' id='word_1_398' title='bbox 937 1932 1082 1977; x_wconf 89' lang='lat' dir='ltr'>simile,</span> <span class='ocrx_word' id='word_1_399' title='bbox 1103 1932 1152 1969; x_wconf 91' lang='lat' dir='ltr'>ab</span> <span class='ocrx_word' id='word_1_400' title='bbox 1173 1932 1242 1970; x_wconf 91' lang='lat' dir='ltr'>illo</span> <span class='ocrx_word' id='word_1_401' title='bbox 1263 1933 1431 1979; x_wconf 87' lang='lat' dir='ltr'>acquirit</span> <span class='ocrx_word' id='word_1_402' title='bbox 1450 1931 1615 1969; x_wconf 85' lang='lat' dir='ltr'>effectus</span> <span class='ocrx_word' id='word_1_403' title='bbox 1632 1932 1707 1969; x_wconf 85' lang='lat' dir='ltr'>for·</span> 
     </span>
     <span class='ocr_line' id='line_1_40' title="bbox 93 1978 1710 2026; baseline 0.001 -11"><span class='ocrx_word' id='word_1_404' title='bbox 93 1985 200 2015; x_wconf 87' lang='lat' dir='ltr'>mam</span> <span class='ocrx_word' id='word_1_405' title='bbox 220 1978 285 2015; x_wconf 91' lang='lat' dir='ltr'>cui</span> <span class='ocrx_word' id='word_1_406' title='bbox 305 1987 376 2024; x_wconf 90' lang='lat' dir='ltr'>per</span> <span class='ocrx_word' id='word_1_407' title='bbox 394 1978 562 2017; x_wconf 85' lang='lat' dir='ltr'>formam</span> <span class='ocrx_word' id='word_1_408' title='bbox 585 1979 823 2026; x_wconf 84' lang='lat' dir='ltr'>acquisitam</span> <span class='ocrx_word' id='word_1_409' title='bbox 846 1979 1044 2016; x_wconf 87' lang='lat' dir='ltr'>similatur</span> <span class='ocrx_word' id='word_1_410' title='bbox 1067 1991 1076 2024; x_wconf 91' lang='lat'><em>;</em></span> <span class='ocrx_word' id='word_1_411' title='bbox 1098 1980 1203 2017; x_wconf 91' lang='lat' dir='ltr'>sicut</span> <span class='ocrx_word' id='word_1_412' title='bbox 1222 1979 1366 2017; x_wconf 90' lang='lat' dir='ltr'>domus</span> <span class='ocrx_word' id='word_1_413' title='bbox 1396 1980 1439 2016; x_wconf 90' lang='lat' dir='ltr'>in</span> <span class='ocrx_word' id='word_1_414' title='bbox 1460 1980 1638 2023; x_wconf 84' lang='lat' dir='ltr'>materia,</span> <span class='ocrx_word' id='word_1_415' title='bbox 1661 1979 1710 2016; x_wconf 89' lang='lat' dir='ltr'>ab</span> 
     </span>
     <span class='ocr_line' id='line_1_41' title="bbox 94 2025 1711 2073; baseline 0 -11"><span class='ocrx_word' id='word_1_416' title='bbox 94 2028 178 2062; x_wconf 82' lang='lat' dir='ltr'>arte</span> <span class='ocrx_word' id='word_1_417' title='bbox 198 2034 285 2071; x_wconf 84' lang='lat' dir='ltr'>quae</span> <span class='ocrx_word' id='word_1_418' title='bbox 299 2028 361 2062; x_wconf 89' lang='lat' dir='ltr'>est</span> <span class='ocrx_word' id='word_1_419' title='bbox 379 2025 535 2071; x_wconf 88' lang='lat' dir='ltr'>species</span> <span class='ocrx_word' id='word_1_420' title='bbox 555 2025 699 2063; x_wconf 91' lang='lat' dir='ltr'>domus</span> <span class='ocrx_word' id='word_1_421' title='bbox 718 2026 758 2063; x_wconf 90' lang='lat' dir='ltr'>in</span> <span class='ocrx_word' id='word_1_422' title='bbox 781 2026 926 2064; x_wconf 87' lang='lat' dir='ltr'>anima.</span> <span class='ocrx_word' id='word_1_423' title='bbox 950 2026 1025 2063; x_wconf 89' lang='lat' dir='ltr'>Sed</span> <span class='ocrx_word' id='word_1_424' title='bbox 1047 2027 1183 2064; x_wconf 90' lang='lat' dir='ltr'>omnia</span> <span class='ocrx_word' id='word_1_425' title='bbox 1200 2027 1431 2064; x_wconf 90' lang='lat' dir='ltr'>similantur</span> <span class='ocrx_word' id='word_1_426' title='bbox 1451 2028 1545 2071; x_wconf 85' lang='lat' dir='ltr'>Deo,</span> <span class='ocrx_word' id='word_1_427' title='bbox 1567 2027 1635 2073; x_wconf 90' lang='lat' dir='ltr'>qui</span> <span class='ocrx_word' id='word_1_428' title='bbox 1651 2029 1711 2063; x_wconf 89' lang='lat' dir='ltr'>est</span> 
     </span>
     <span class='ocr_line' id='line_1_42' title="bbox 94 2072 1709 2121; baseline 0.001 -14"><span class='ocrx_word' id='word_1_429' title='bbox 94 2075 207 2108; x_wconf 89' lang='lat' dir='ltr'>actus</span> <span class='ocrx_word' id='word_1_430' title='bbox 218 2072 405 2117; x_wconf 91' lang='lat' dir='ltr'>purus‚in</span> <span class='ocrx_word' id='word_1_431' title='bbox 421 2076 612 2119; x_wconf 90' lang='lat' dir='ltr'>quantum</span> <span class='ocrx_word' id='word_1_432' title='bbox 628 2074 746 2110; x_wconf 84' lang='lat' dir='ltr'>habet</span> <span class='ocrx_word' id='word_1_433' title='bbox 757 2073 905 2110; x_wconf 84' lang='lat' dir='ltr'>formas</span> <span class='ocrx_word' id='word_1_434' title='bbox 915 2083 983 2119; x_wconf 88' lang='lat' dir='ltr'>per</span> <span class='ocrx_word' id='word_1_435' title='bbox 996 2083 1096 2121; x_wconf 88' lang='lat' dir='ltr'>quas</span> <span class='ocrx_word' id='word_1_436' title='bbox 1110 2073 1210 2111; x_wconf 87' lang='lat' dir='ltr'>fiunt</span> <span class='ocrx_word' id='word_1_437' title='bbox 1223 2074 1264 2110; x_wconf 85' lang='lat' dir='ltr'>in</span> <span class='ocrx_word' id='word_1_438' title='bbox 1280 2078 1368 2111; x_wconf 89' lang='lat' dir='ltr'>actu</span> <span class='ocrx_word' id='word_1_439' title='bbox 1385 2085 1394 2118; x_wconf 91' lang='grc'><strong>;</strong></span> <span class='ocrx_word' id='word_1_440' title='bbox 1409 2074 1502 2111; x_wconf 90' lang='lat' dir='ltr'>etin</span> <span class='ocrx_word' id='word_1_441' title='bbox 1517 2077 1709 2119; x_wconf 90' lang='lat' dir='ltr'>quantum</span> 
     </span>
     <span class='ocr_line' id='line_1_43' title="bbox 94 2117 1707 2170; baseline 0.001 -16"><span class='ocrx_word' id='word_1_442' title='bbox 94 2117 245 2170; x_wconf 55' lang='lat' dir='ltr'>formas</span> <span class='ocrx_word' id='word_1_443' title='bbox 265 2123 467 2170; x_wconf 81' lang='lat' dir='ltr'>appetunt,</span> <span class='ocrx_word' id='word_1_444' title='bbox 489 2119 663 2158; x_wconf 90' lang='lat' dir='ltr'>divinam</span> <span class='ocrx_word' id='word_1_445' title='bbox 696 2120 1000 2157; x_wconf 88' lang='lat' dir='ltr'>similitudinem</span> <span class='ocrx_word' id='word_1_446' title='bbox 1035 2124 1217 2166; x_wconf 85' lang='lat' dir='ltr'>appetere</span> <span class='ocrx_word' id='word_1_447' title='bbox 1252 2121 1452 2158; x_wconf 89' lang='lat' dir='ltr'>dicuntur.</span> <span class='ocrx_word' id='word_1_448' title='bbox 1485 2120 1707 2157; x_wconf 88' lang='lat' dir='ltr'>Absurdum</span> 
     </span>
     <span class='ocr_line' id='line_1_44' title="bbox 93 2165 1708 2217; baseline 0.002 -17"><span class='ocrx_word' id='word_1_449' title='bbox 93 2168 217 2210; x_wconf 79' lang='lat' dir='ltr'>igitur</span> <span class='ocrx_word' id='word_1_450' title='bbox 245 2170 305 2202; x_wconf 90' lang='lat' dir='ltr'>est</span> <span class='ocrx_word' id='word_1_451' title='bbox 331 2165 461 2217; x_wconf 80' lang='lat' dir='ltr'>d1cere</span> <span class='ocrx_word' id='word_1_452' title='bbox 480 2167 586 2213; x_wconf 92' lang='lat' dir='ltr'>quod</span> <span class='ocrx_word' id='word_1_453' title='bbox 606 2176 735 2204; x_wconf 88' lang='lat' dir='ltr'>rerum</span> <span class='ocrx_word' id='word_1_454' title='bbox 761 2168 945 2204; x_wconf 79' lang='lat' dir='ltr'>formatio</span> <span class='ocrx_word' id='word_1_455' title='bbox 964 2167 1013 2205; x_wconf 85' lang='lat' dir='ltr'>ad</span> <span class='ocrx_word' id='word_1_456' title='bbox 1033 2168 1156 2204; x_wconf 88' lang='lat' dir='ltr'>alium</span> <span class='ocrx_word' id='word_1_457' title='bbox 1177 2168 1371 2213; x_wconf 87' lang='lat' dir='ltr'>pertineat</span> <span class='ocrx_word' id='word_1_458' title='bbox 1388 2176 1507 2214; x_wconf 83' lang='lat' dir='ltr'>quain</span> <span class='ocrx_word' id='word_1_459' title='bbox 1528 2167 1576 2204; x_wconf 89' lang='lat' dir='ltr'>ad</span> <span class='ocrx_word' id='word_1_460' title='bbox 1601 2176 1708 2203; x_wconf 88' lang='lat' dir='ltr'>crea-</span> 
     </span>
     <span class='ocr_line' id='line_1_45' title="bbox 94 2213 1706 2261; baseline 0.002 -14"><span class='ocrx_word' id='word_1_461' title='bbox 94 2214 222 2249; x_wconf 87' lang='lat' dir='ltr'>torem</span> <span class='ocrx_word' id='word_1_462' title='bbox 242 2221 421 2249; x_wconf 87' lang='lat' dir='ltr'>omnium</span> <span class='ocrx_word' id='word_1_463' title='bbox 447 2214 584 2251; x_wconf 86' lang='lat' dir='ltr'>Deum.</span> <span class='ocrx_word' id='word_1_464' title='bbox 605 2215 649 2250; x_wconf 88' lang='lat' dir='ltr'>Et</span> <span class='ocrx_word' id='word_1_465' title='bbox 667 2214 759 2251; x_wconf 91' lang='lat' dir='ltr'>inde</span> <span class='ocrx_word' id='word_1_466' title='bbox 780 2218 840 2252; x_wconf 89' lang='lat' dir='ltr'>est</span> <span class='ocrx_word' id='word_1_467' title='bbox 859 2213 965 2261; x_wconf 90' lang='lat' dir='ltr'>quod</span> <span class='ocrx_word' id='word_1_468' title='bbox 985 2214 1031 2252; x_wconf 87' lang='lat' dir='ltr'>ad</span> <span class='ocrx_word' id='word_1_469' title='bbox 1059 2215 1346 2252; x_wconf 77' lang='lat' dir='ltr'>excludendum</span> <span class='ocrx_word' id='word_1_470' title='bbox 1367 2215 1489 2251; x_wconf 88' lang='lat' dir='ltr'>istum</span> <span class='ocrx_word' id='word_1_471' title='bbox 1519 2223 1706 2258; x_wconf 86' lang='lat' dir='ltr'>errorem,</span> 
     </span>
     <span class='ocr_line' id='line_1_46' title="bbox 94 2257 1708 2311; baseline 0.002 -17"><span class='ocrx_word' id='word_1_472' title='bbox 94 2257 253 2303; x_wconf 71' lang='lat' dir='ltr'>Genes„</span> <span class='ocrx_word' id='word_1_473' title='bbox 273 2267 300 2303; x_wconf 94' lang='lat'>1,</span> <span class='ocrx_word' id='word_1_474' title='bbox 317 2260 488 2311; x_wconf 78' lang='lat' dir='ltr'>Moyses,</span> <span class='ocrx_word' id='word_1_475' title='bbox 508 2264 719 2307; x_wconf 86' lang='lat' dir='ltr'>postquam</span> <span class='ocrx_word' id='word_1_476' title='bbox 742 2261 894 2299; x_wconf 80' lang='lat' dir='ltr'>dixerat</span> <span class='ocrx_word' id='word_1_477' title='bbox 913 2263 1035 2298; x_wconf 90' lang='lat' dir='ltr'>Deum</span> <span class='ocrx_word' id='word_1_478' title='bbox 1054 2262 1096 2298; x_wconf 91' lang='lat' dir='ltr'>in</span> <span class='ocrx_word' id='word_1_479' title='bbox 1114 2262 1312 2308; x_wconf 89' lang='lat' dir='ltr'>principio</span> <span class='ocrx_word' id='word_1_480' title='bbox 1332 2261 1477 2299; x_wconf 86' lang='lat' dir='ltr'>coelum</span> <span class='ocrx_word' id='word_1_481' title='bbox 1497 2264 1535 2297; x_wconf 91' lang='lat' dir='ltr'>et</span> <span class='ocrx_word' id='word_1_482' title='bbox 1563 2265 1708 2297; x_wconf 87' lang='lat' dir='ltr'>terram</span> 
     </span>
     <span class='ocr_line' id='line_1_47' title="bbox 92 2305 1706 2356; baseline 0.001 -15"><span class='ocrx_word' id='word_1_483' title='bbox 92 2312 266 2356; x_wconf 80' lang='lat' dir='ltr'>creasse,</span> <span class='ocrx_word' id='word_1_484' title='bbox 288 2305 423 2342; x_wconf 81' lang='lat' dir='ltr'>subdit</span> <span class='ocrx_word' id='word_1_485' title='bbox 451 2308 655 2353; x_wconf 89' lang='lat' dir='ltr'>quomodo</span> <span class='ocrx_word' id='word_1_486' title='bbox 675 2309 811 2346; x_wconf 87' lang='lat' dir='ltr'>omnia</span> <span class='ocrx_word' id='word_1_487' title='bbox 847 2308 889 2345; x_wconf 90' lang='lat' dir='ltr'>in</span> <span class='ocrx_word' id='word_1_488' title='bbox 921 2308 1104 2354; x_wconf 83' lang='lat' dir='ltr'>proprias</span> <span class='ocrx_word' id='word_1_489' title='bbox 1133 2309 1289 2354; x_wconf 88' lang='lat' dir='ltr'>species</span> <span class='ocrx_word' id='word_1_490' title='bbox 1323 2307 1531 2345; x_wconf 84' lang='lat' dir='ltr'>formando</span> <span class='ocrx_word' id='word_1_491' title='bbox 1565 2307 1706 2344; x_wconf 90' lang='lat' dir='ltr'>distin-</span> 
     </span>
     <span class='ocr_line' id='line_1_48' title="bbox 92 2353 1709 2404; baseline 0.001 -16"><span class='ocrx_word' id='word_1_492' title='bbox 92 2355 207 2403; x_wconf 79' lang='lat' dir='ltr'>xerit.</span> <span class='ocrx_word' id='word_1_493' title='bbox 230 2353 275 2388; x_wconf 87' lang='lat' dir='ltr'>Et</span> <span class='ocrx_word' id='word_1_494' title='bbox 297 2353 511 2404; x_wconf 81' lang='lat' dir='ltr'>Apostolus</span> <span class='ocrx_word' id='word_1_495' title='bbox 529 2354 626 2392; x_wconf 85' lang='lat' dir='ltr'>dicit</span> <span class='ocrx_word' id='word_1_496' title='bbox 656 2355 752 2399; x_wconf 69' lang='lat' dir='ltr'>Col„</span> <span class='ocrx_word' id='word_1_497' title='bbox 775 2364 805 2400; x_wconf 91' lang='lat'>1,</span> <span class='ocrx_word' id='word_1_498' title='bbox 827 2357 884 2399; x_wconf 87' lang='lat'>16,</span> <span class='ocrx_word' id='word_1_499' title='bbox 906 2356 1013 2402; x_wconf 90' lang='lat' dir='ltr'>quod</span> <span class='ocrx_word' id='word_1_500' title='bbox 1032 2355 1072 2391; x_wconf 89' lang='lat' dir='ltr'>in</span> <span class='ocrx_word' id='word_1_501' title='bbox 1095 2356 1249 2392; x_wconf 90' lang='lat' dir='ltr'>Christo</span> <span class='ocrx_word' id='word_1_502' title='bbox 1271 2355 1432 2392; x_wconf 86' lang='lat' dir='ltr'>condita</span> <span class='ocrx_word' id='word_1_503' title='bbox 1458 2357 1552 2391; x_wconf 89' lang='lat' dir='ltr'>sunt</span> <span class='ocrx_word' id='word_1_504' title='bbox 1571 2353 1709 2391; x_wconf 88' lang='lat' dir='ltr'>omnia</span> 
     </span>
     <span class='ocr_line' id='line_1_49' title="bbox 93 2400 1705 2483; baseline 0.002 -49"><span class='ocrx_word' id='word_1_505' title='bbox 93 2405 293 2483; x_wconf 47' lang='lat' dir='ltr'>umyegsa,</span> <span class='ocrx_word' id='word_1_506' title='bbox 315 2407 399 2437; x_wconf 87' lang='lat' dir='ltr'>sive</span> <span class='ocrx_word' id='word_1_507' title='bbox 415 2409 503 2448; x_wconf 87' lang='lat' dir='ltr'>quae</span> <span class='ocrx_word' id='word_1_508' title='bbox 522 2400 566 2439; x_wconf 89' lang='lat' dir='ltr'>in</span> <span class='ocrx_word' id='word_1_509' title='bbox 584 2400 696 2440; x_wconf 89' lang='lat' dir='ltr'>coelis</span> <span class='ocrx_word' id='word_1_510' title='bbox 716 2405 824 2448; x_wconf 90' lang='lat' dir='ltr'>sunt,</span> <span class='ocrx_word' id='word_1_511' title='bbox 853 2402 939 2440; x_wconf 87' lang='lat' dir='ltr'>sive</span> <span class='ocrx_word' id='word_1_512' title='bbox 958 2410 1046 2450; x_wconf 83' lang='lat' dir='ltr'>quae</span> <span class='ocrx_word' id='word_1_513' title='bbox 1066 2402 1109 2440; x_wconf 88' lang='lat' dir='ltr'>in</span> <span class='ocrx_word' id='word_1_514' title='bbox 1136 2402 1268 2448; x_wconf 86' lang='lat' dir='ltr'>terris,</span> <span class='ocrx_word' id='word_1_515' title='bbox 1295 2402 1381 2440; x_wconf 89' lang='lat' dir='ltr'>sive</span> <span class='ocrx_word' id='word_1_516' title='bbox 1411 2400 1600 2447; x_wconf 83' lang='lat' dir='ltr'>visibilia,</span> <span class='ocrx_word' id='word_1_517' title='bbox 1619 2400 1705 2438; x_wconf 83' lang='lat' dir='ltr'>sive</span> 
     </span>
     <span class='ocr_line' id='line_1_50' title="bbox 91 2452 325 2484; baseline 0.004 -3"><span class='ocrx_word' id='word_1_518' title='bbox 91 2452 213 2483; x_wconf 78' lang='lat' dir='ltr'>mvisi</span> <span class='ocrx_word' id='word_1_519' title='bbox 244 2453 325 2484; x_wconf 82' lang='lat' dir='ltr'>iia.</span> 
     </span>
    </p>
   </div>
   <div class='ocr_carea' id='block_1_3' title="bbox 735 2552 1069 2596">
    <p class='ocr_par' dir='ltr' id='par_1_7' title="bbox 735 2552 1069 2596">
     <span class='ocr_line' id='line_1_51' title="bbox 735 2552 1069 2596; baseline 0 -2"><span class='ocrx_word' id='word_1_520' title='bbox 735 2552 906 2596; x_wconf 89' lang='lat' dir='ltr'>CAPUT</span> <span class='ocrx_word' id='word_1_521' title='bbox 931 2553 1069 2596; x_wconf 87' lang='lat' dir='ltr'><strong>XLIV.</strong></span> 
     </span>
    </p>
   </div>
   <div class='ocr_carea' id='block_1_4' title="bbox 92 2665 1707 2756">
    <p class='ocr_par' dir='ltr' id='par_1_8' title="bbox 92 2665 1707 2756">
     <span class='ocr_line' id='line_1_52' title="bbox 92 2665 1707 2701; baseline 0.003 -6"><span class='ocrx_word' id='word_1_522' title='bbox 92 2665 193 2701; x_wconf 83' lang='lat' dir='ltr'>QUOD</span> <span class='ocrx_word' id='word_1_523' title='bbox 225 2665 358 2696; x_wconf 77' lang='lat' dir='ltr'>RERUM</span> <span class='ocrx_word' id='word_1_524' title='bbox 392 2665 610 2696; x_wconf 79' lang='lat' dir='ltr'>DISTINCTIO</span> <span class='ocrx_word' id='word_1_525' title='bbox 639 2665 719 2696; x_wconf 81' lang='lat' dir='ltr'>NON</span> <span class='ocrx_word' id='word_1_526' title='bbox 748 2667 958 2697; x_wconf 82' lang='lat' dir='ltr'>PROGESSIT</span> <span class='ocrx_word' id='word_1_527' title='bbox 979 2667 1033 2697; x_wconf 80' lang='lat' dir='ltr'>Ex</span> <span class='ocrx_word' id='word_1_528' title='bbox 1062 2668 1289 2699; x_wconf 78' lang='lat' dir='ltr'>MERITORUM</span> <span class='ocrx_word' id='word_1_529' title='bbox 1322 2669 1402 2699; x_wconf 80' lang='lat' dir='ltr'>VEL</span> <span class='ocrx_word' id='word_1_530' title='bbox 1429 2669 1707 2701; x_wconf 75' lang='lat' dir='ltr'>DEMERITORUM</span> 
     </span>
     <span class='ocr_line' id='line_1_53' title="bbox 764 2725 1040 2756; baseline 0 -2"><span class='ocrx_word' id='word_1_531' title='bbox 764 2725 1040 2756; x_wconf 84' lang='lat' dir='ltr'><strong>DIVERSITATE.</strong></span> 
     </span>
    </p>
   </div>
   <div class='ocr_carea' id='block_1_5' title="bbox 93 2820 1708 2921">
    <p class='ocr_par' dir='ltr' id='par_1_9' title="bbox 93 2820 1708 2921">
     <span class='ocr_line' id='line_1_54' title="bbox 120 2820 1708 2871; baseline 0.004 -14"><span class='ocrx_word' id='word_1_532' title='bbox 120 2821 252 2871; x_wconf 33' lang='lat' dir='ltr'>‘Nunc</span> <span class='ocrx_word' id='word_1_533' title='bbox 267 2823 448 2866; x_wconf 89' lang='lat' dir='ltr'>superest</span> <span class='ocrx_word' id='word_1_534' title='bbox 467 2820 676 2858; x_wconf 89' lang='lat' dir='ltr'>ostendere</span> <span class='ocrx_word' id='word_1_535' title='bbox 694 2820 801 2868; x_wconf 87' lang='lat' dir='ltr'>quod</span> <span class='ocrx_word' id='word_1_536' title='bbox 820 2830 951 2859; x_wconf 89' lang='lat' dir='ltr'>rerum</span> <span class='ocrx_word' id='word_1_537' title='bbox 971 2821 1174 2860; x_wconf 86' lang='lat' dir='ltr'>distinctio</span> <span class='ocrx_word' id='word_1_538' title='bbox 1194 2831 1276 2862; x_wconf 89' lang='lat' dir='ltr'>non</span> <span class='ocrx_word' id='word_1_539' title='bbox 1295 2825 1492 2871; x_wconf 88' lang='lat' dir='ltr'>processit</span> <span class='ocrx_word' id='word_1_540' title='bbox 1507 2835 1555 2863; x_wconf 82' lang='lat' dir='ltr'>ex</span> <span class='ocrx_word' id='word_1_541' title='bbox 1585 2825 1708 2863; x_wconf 58' lang='lat' dir='ltr'>divers</span> 
     </span>
     <span class='ocr_line' id='line_1_55' title="bbox 93 2867 1707 2921; baseline 0.002 -15"><span class='ocrx_word' id='word_1_542' title='bbox 93 2872 152 2906; x_wconf 76' lang='lat' dir='ltr'>sis</span> <span class='ocrx_word' id='word_1_543' title='bbox 167 2867 342 2907; x_wconf 83' lang='lat' dir='ltr'>motibus</span> <span class='ocrx_word' id='word_1_544' title='bbox 361 2868 476 2910; x_wconf 85' lang='lat' dir='ltr'>liberi</span> <span class='ocrx_word' id='word_1_545' title='bbox 497 2867 649 2909; x_wconf 84' lang='lat' dir='ltr'>arbitrii</span> <span class='ocrx_word' id='word_1_546' title='bbox 680 2868 936 2908; x_wconf 83' lang='lat' dir='ltr'>rationalium</span> <span class='ocrx_word' id='word_1_547' title='bbox 961 2873 1251 2918; x_wconf 82' lang='lat' dir='ltr'>creaturarum,</span> <span class='ocrx_word' id='word_1_548' title='bbox 1283 2875 1327 2911; x_wconf 91' lang='lat' dir='ltr'>ut</span> <span class='ocrx_word' id='word_1_549' title='bbox 1352 2873 1487 2921; x_wconf 82' lang='lat' dir='ltr'>posuit</span> <span class='ocrx_word' id='word_1_550' title='bbox 1515 2873 1707 2920; x_wconf 80' lang='lat' dir='ltr'>Origenes</span> 
     </span>
    </p>
   </div>
  </div>
 </body>
</html>
