1894 3223
668 107 757 142 2113.
786 106 832 146 ll,
860 105 960 148 CAP.
986 108 1138 142 XLVIII.
1647 111 1709 144 177

89 190 199 229 enim
221 189 341 227 homo
360 197 428 241 per
447 197 491 226 50
511 187 748 234 praedicatur
766 187 812 223 de
831 186 1007 237 animali.
1034 187 1102 238 sed
1127 197 1148 223 0
1168 196 1375 226 converso.
1397 191 1440 226 Et
1466 190 1607 227 iterum
1631 200 1711 229 non

92 238 253 285 ponitur
282 236 501 283 subjectum
535 235 576 271 in
609 233 839 270 definitione
875 234 1089 279 prsedicam
1112 234 1180 271 sed
1202 244 1223 272 e
1253 244 1460 274 converso.
1482 239 1568 273 Non
1591 238 1712 285 igitur

92 284 290 332 praedictae
311 282 613 330 praedicationes
631 281 818 317 dicuntur
835 290 904 326 per
924 290 966 317 se
988 281 1140 318 ratione
1159 281 1252 319 dicti
1274 282 1440 321 ordinis.

139 333 328 370 Praeterea,
351 330 400 367 ab
420 329 559 367 eodem
596 327 746 374 aliquid
768 327 885 364 habet
916 336 1005 364 esse
1039 331 1076 364 et
1096 329 1301 366 unitatem.
1325 331 1451 368 Unum
1484 332 1590 368 enim
1618 341 1711 369 con-

93 378 277 425 sequitur
294 376 343 414 ad
364 385 450 414 ens.
470 377 564 413 Cum
587 375 708 421 igitur
723 384 745 411 a
765 375 891 411 forma
911 383 1159 426 unaquaeque
1179 385 1241 413 res
1263 377 1404 414 liabeat
1424 388 1526 419 esse,
1545 389 1566 415 a
1589 379 1714 417 forma.

94 426 211 462 etiam
233 424 394 461 babebit
409 423 613 460 unitatem.
632 422 670 458 Si
690 422 810 468 igitur
832 426 1031 467 ponantur
1048 431 1087 457 in
1110 423 1270 460 1101111110
1291 425 1424 469 plures
1446 426 1586 462 animze
1611 427 1713 464 sicut

94 472 263 509 diversae
285 472 436 515 formae,
459 470 578 507 1101110
615 477 694 506 11011
735 469 808 504 erit
830 477 959 520 unum·
991 477 1076 512 ens,
1099 470 1168 506 sed
1194 471 1329 516 plura3
1353 481 1423 509 nec
1445 473 1490 509 ad
1521 474 1712 511 unitatem

94 519 270 556 hominis
302 518 399 555 ordo
440 517 655 554 formarum
686 515 873 558 sufficiet,
895 525 987 562 quia
1010 525 1098 552 esse
1129 526 1250 554 unum
1293 519 1510 556 secandum
1533 521 1713 558 ordinem

94 575 177 604 non
195 569 255 603 est
272 574 362 602 esse
384 573 507 602 unum
529 563 775 609 simpliciter,
798 572 886 599 cnm
904 563 1035 599 unitas
1057 563 1209 601 ordinis
1237 565 1287 601 511
1318 566 1482 603 minima
1502 568 1711 605 unitatum.

142 614 244 657 item,
266 612 397 650 adbuc
416 611 559 648 redibit
579 610 810 656 praedictuni
831 610 1131 662 inconveniens,
1148 615 1190 647 ut
1211 611 1362 649 scilicet
1381 624 1427 651 ex
1447 615 1578 651 anima
1598 615 1713 652 intel-

96 659 238 697 lectiva
255 663 292 696 et
329 668 494 704 corpore
528 666 608 694 non
637 657 703 694 fiat
742 666 863 693 unum
890 657 1135 702 simplieiter,
1169 658 1238 694 sed
1272 661 1491 697 secundum
1528 662 1713 699 accidens

95 710 266 744 tantum.
288 707 413 744 Omne
435 706 541 742 enim
561 705 666 752 quod
688 703 846 741 advenit
867 704 985 740 alicui
1008 709 1107 755 ‘post
1126 706 1488 756 essencompletuin,
1503 709 1660 746 advenit
1677 709 1712 746 ei

92 753 409 795 accidentaliter,
431 761 521 790 cum
541 753 594 790 sit
609 756 718 788 extra
748 751 963 803 essentiam
982 759 1081 796 ejus.
1104 751 1297 805 Quaelibet
1316 756 1446 790 autem
1474 756 1599 792 forma
1620 756 1712 794 snb·

98 801 299 838 stantialis
333 800 427 837 facit
470 808 542 836 ens
581 798 819 844 completum
855 806 895 834 in
926 798 1355 849 ςο110100111151τ111110ος
1378 800 1470 838 facit
1503 803 1609 840 enim
1642 812 1713 841 ens

98 852 189 885 actu
210 851 248 884 et
269 848 344 884 1100
379 847 543 894 aliquid.
567 845 761 892 Quicquid
780 844 901 891 igitur
926 849 1202 896 postprimam
1223 846 1388 883 sormam
1411 848 1712 887 substantialem

95 895 254 932 advenit
273 894 344 937 rei,
366 894 662 931 accidentaliter
681 892 877 929 adveniet.
900 891 995 943 Cum
1017 895 1139 937 igitur
1159 893 1292 945 anima
1309 895 1495 932 nutritiva
1515 897 1567 933 sit
1588 897 1715 934 forma

101 941 379 979 substantialis
398 941 543 986 (vivum
581 940 686 976 enim
722 937 1038 989 substantialiter
1063 938 1110 975 de
1150 939 1310 976 homine
1330 942 1578 988 praedicatur,
1600 948 1638 980 et
1667 944 1714 981 de

98 988 292 1034 animali),
315 987 494 1034 sequitur
514 987 620 1033 quod
652 985 785 1022 anima
815 988 1007 1022 sensitiva
1022 985 1204 1023 adveniat
1224 987 1530 1034 accidentaliter,
1550 995 1585 1027 et
1607 991 1715 1028 sinii-

96 1029 186 1072 lite'r
204 1034 457 1078 intellectiva,
478 1037 516 1070 et
536 1034 594 1070 510
613 1042 740 1079 neque
770 1031 918 1069 animal
939 1039 1067 1084 neque
1090 1033 1208 1070 homo
1227 1034 1455 1081 significant
1472 1046 1594 1074 unum
1618 1039 1713 1075 51111-

97 1082 264 1128 pliciter,
287 1090 415 1128 neque
436 1080 597 1127 aliquod
615 1088 743 1126 genus
763 1083 831 1116 aut
847 1087 1002 1130 species
1023 1087 1064 1115 in
1084 1081 1390 1125 praedicamento
1406 1083 1653 1122 substantiae.

143 1129 325 1174 Amplius,
346 1128 380 1165 si
399 1128 534 1171 homo,
553 1127 772 1164 secundum
797 1126 974 1163 Platonis
1008 1128 1259 1172 sententiam,
1285 1137 1367 1166 11011
1403 1133 1463 1167 051
1497 1131 1648 1178 aliquid
1669 1141 1716 1169 ex

97 1175 233 1214 anima
263 1179 300 1212 et
331 1183 495 1220 corpore
527 1174 808 1220 compositum,
829 1172 899 1210 sed
918 1175 998 1225 ‚est
1017 1174 1151 1211 anima
1187 1179 1303 1212 utens
1341 1185 1519 1223 corpore,
1541 1182 1609 1216 aut
1640 1178 1715 1216 hoc

98 1223 335 1269 intelligitur
353 1222 485 1259 solum
514 1221 561 1258 de
580 1222 712 1258 anima
738 1220 991 1264 intellectiva,
1008 1223 1075 1257 aut
1109 1222 1156 1258 de
1177 1222 1304 1260 tribus
1338 1224 1563 1269 animabus,
1582 1225 1615 1262 si
1639 1229 1717 1263 tres

98 1273 207 1313 sunt,
229 1269 313 1306 sive
343 1269 390 1306 de
423 1268 578 1305 duabus
612 1277 761 1305 earum.
784 1267 822 1304 Si
861 1270 990 1304 autem
1013 1267 1069 1321 de·
1097 1268 1222 1306 tribus
1261 1269 1321 1307 vel
1350 1270 1518 1316 duabus,
1539 1273 1718 1319 sequitur

104 1316 210 1364 quod
235 1316 356 1354 homo
388 1324 470 1353 non
505 1317 559 1352 sit
578 1324 714 1360 unum,
737 1315 806 1352 sed
827 1314 906 1351 duo
942 1313 1002 1351 vel
1023 1318 1111 1353 tria.
1134 1318 1200 1353 Est
1237 1317 1342 1354 enim
1360 1321 1440 1355 tres
1476 1319 1620 1356 animae
1657 1320 1718 1357 vel

101 1363 243 1401 saltem
264 1363 364 1401 duae.
387 1363 427 1400 Si
459 1366 589 1400 autem
611 1363 686 1400 1100
715 1361 960 1408 intelligatur
988 1359 1035 1398 de
1055 1362 1188 1400 anima
1217 1363 1457 1402 intellectiva
1477 1370 1641 1410 tantum,
1665 1367 1720 1404 ita

101 1411 255 1448 scilicet
271 1409 377 1462 quod
398 1409 643 1456 intelligatur
677 1410 809 1446 anima
845 1407 1037 1446 sensitiva
1055 1419 1143 1447 esse
1165 1411 1292 1447 forma
1307 1413 1500 1458 corporis,
1523 1417 1560 1450 et
1586 1414 1719 1450 anima

102 1457 341 1494 intellectiva
379 1461 494 1493 utens
532 1465 696 1503 corpore
732 1456 905 1493 animato
939 1458 977 1492 et
1004 1457 1232 1494 sensificatio
1272 1459 1323 1495 sit
1343 1459 1477 1504 1101110,
1500 1465 1717 1507 sequentur

102 1504 234 1540 adhuc
266 1503 601 1547 inconvenientia,
629 1503 782 1540 scilicet
817 1501 923 1549 quod
964 1501 1084 1540 homo
1119 1513 1199 1541 non
1221 1505 1273 1541 sit
1311 1506 1471 1551 animal,
1494 1507 1563 1544 sed
1584 1511 1716 1545 utatur

104 1550 267 1587 animali
301 1549 407 1597 (nam
428 1559 496 1596 per
519 1550 692 1587 animam
714 1549 947 1587 sensitivam
969 1550 1118 1598 aliquid
1139 1555 1198 1588 est
1215 1551 1446 1599 animal),et
1464 1553 1568 1600 quod
1598 1554 1718 1592 homo

103 1606 183 1634 non
203 1597 363 1640 sentiat,
385 1597 455 1635 sed
486 1600 617 1634 utatur
637 1606 677 1633 re
699 1597 916 1647 sentiente;
939 1604 1027 1642 quae
1057 1607 1146 1634 cuni
1186 1598 1266 1635 sint
1290 1599 1623 1641 inconvenientia,
1646 1602 1718 1638 ini-

102 1644 295 1691 possibile
318 1647 376 1681 est
414 1647 494 1681 tres
515 1645 669 1680 animas
702 1644 925 1680 substantia
955 1642 1182 1682 differentes
1222 1654 1310 1683 esse
1332 1646 1372 1683 in
1392 1646 1523 1693 nobis,
1546 1648 1719 1685 intellec-

103 1692 239 1736 tivam,
259 1690 493 1728 sensitivam
514 1694 552 1728 et
571 1691 812 1728 nutritivam.

147 1738 294 1778 Adhuc,
315 1747 364 1774 ex
383 1737 539 1775 duobus
561 1741 627 1774 aut
650 1738 832 1783 pluribus
854 1747 932 1775 non
947 1742 1075 1784 potest
1094 1738 1175 1775 fieri
1193 1740 1375 1784 unum,si
1396 1750 1476 1779 non
1497 1742 1551 1780 sit
1569 1743 1717 1789 aliquid

102 1785 261 1829 uniens,
283 1784 363 1822 nisi
382 1793 506 1822 unum
543 1793 678 1821 eorum
701 1793 744 1821 se
777 1785 919 1822 habeat
937 1786 985 1824 ad
1016 1787 1182 1823 alterum
1210 1790 1252 1823 ut
1271 1791 1382 1824 actus
1418 1789 1466 1825 ad
1487 1791 1716 1836 potentiam.

97 1831 162 1870 Sic
182 1832 289 1869 enim
308 1840 356 1869 ex
374 1831 541 1869 materia
559 1835 597 1869 et
616 1832 743 1868 torma
773 1832 815 1868 fit
836 1842 972 1877 unum,
996 1833 1106 1869 nullo
1127 1833 1286 1870 vinculo
1308 1838 1494 1873 extraneo
1517 1845 1585 1873 eos
1607 1837 1718 1874 colli-

99 1882 230 1926 gente.
251 1878 289 1916 Si
317 1882 447 1916 autem
471 1878 511 1915 in
533 1879 693 1916 homine
720 1879 800 1917 sint
817 1880 951 1925 plures
973 1881 1128 1925 animae,
1151 1889 1232 1917 non
1251 1890 1293 1918 se
1313 1881 1458 1919 liabent
1478 1883 1526 1920 ad
1546 1884 1715 1920 invicem

102 1929 145 1963 ut
163 1925 329 1963 materia
348 1929 387 1962 et
420 1926 560 1970 forma,
582 1926 652 1963 sed
673 1934 812 1963 omnes
836 1931 1040 1973 ponuntur
1062 1930 1104 1964 ut
1136 1931 1248 1965 actus
1266 1928 1425 1975 quidam
1465 1934 1503 1967 et
1522 1931 1717 1977 principia

98 1973 328 2017 actionum;
350 1976 506 2018 oportet
523 1972 658 2018 igitur,
680 1973 715 2010 si
751 1973 940 2010 uniantur
960 1974 1008 2011 ad
1045 1974 1270 2011 faciendum
1293 1975 1443 2022 aliquid
1466 1986 1602 2022 unum,
1622 1982 1714 2024 puta

103 2019 305 2056 hominem
344 2019 405 2057 vel
443 2019 729 2072 animal,1quod
765 2021 817 2057 sit
842 2021 992 2068 aliquid
1024 2022 1287 2074 uniens-Hoc
1324 2027 1455 2075 autem
1487 2033 1568 2061 non
1590 2028 1719 2071 potest

101 2074 192 2103 esse
214 2074 373 2111 corpus,
397 2075 487 2103 cum
519 2075 648 2113 magis
668 2076 812 2112 corpus
834 2069 994 2105 uniatur
1033 2078 1100 2114 per
1139 2077 1326 2113 animam,
1345 2079 1458 2116 cujus
1478 2071 1637 2118 signum
1659 2076 1720 2109 est

100 2111 224 2159 quod,
257 2112 484 2149 discedente
521 2114 667 2158 anima,
707 2123 852 2160 corpus
887 2115 1132 2152 dissolvitur.
1172 2116 1423 2163 Relinquitur
1459 2118 1580 2165 igitur
1613 2119 1718 2166 qnod

102 2161 261 2204 oportet
278 2158 428 2206 aliquid
448 2159 657 2197 formalius
674 2169 777 2203 esse,
799 2162 905 2208 quod
924 2163 1017 2199 facit
1037 2172 1084 2198 ex
1104 2162 1184 2199 illis
1203 2163 1385 2209 pluribus
1418 2174 1561 2209 unum;
1587 2170 1624 2202 et
1643 2166 1719 2203 hoc

102 2205 236 2252 magis
259 2205 333 2242 erit
351 2206 486 2243 anima
503 2216 622 2253 quam
642 2207 712 2244 illa
740 2208 854 2254 plura
869 2219 956 2256 quae
980 2218 1050 2255 per
1069 2209 1201 2255 ipsum
1223 2210 1426 2248 uniuntur.
1444 2212 1481 2249 Si
1502 2212 1624 2259 igitur
1644 2213 1720 2250 hoc

102 2252 247 2289 iterum
266 2255 327 2289 est
347 2252 496 2290 liabens
516 2257 647 2299 partes
673 2254 850 2292 diversas
885 2260 923 2292 et
950 2265 1030 2293 non
1049 2259 1109 2293 est
1129 2265 1252 2293 unum
1289 2258 1509 2295 secundum
1529 2268 1585 2302 se,
1608 2268 1719 2305 opor-

103 2302 161 2336 tet
179 2298 309 2336 adhuc
328 2307 418 2337 0550
453 2299 604 2384 1111311111
637 2301 794 2338 uniens.
815 2303 910 2340 Cum
949 2303 1070 2349 igitur
1103 2312 1185 2340 non
1205 2303 1258 2340 sit
1288 2304 1396 2342 abire
1430 2305 1472 2341 in
1505 2306 1719 2351 inlinitum,

100 2348 260 2392 *oportet
278 2344 462 2383 devenire
482 2355 505 2384 a
552 2347 702 2394 aliquid
721 2349 828 2395 quod
848 2350 899 2386 sit
919 2349 1140 2387 seeundum
1163 2359 1207 2387 se
1225 2359 1348 2388 unum
1365 2362 1375 2395 ;
1396 2354 1434 2388 01
1452 2351 1527 2389 1100
1547 2352 1719 2390 maxime

100 2395 166 2430 est
193 2392 340 2430 anima.
360 2393 522 2439 Oportet
547 2393 670 2441 igitur
696 2394 736 2432 in
757 2404 838 2433 uno
856 2396 1031 2440 homine,
1052 2396 1114 2434 vel
1134 2397 1297 2434 animali
1318 2406 1438 2435 unam
1458 2401 1611 2435 tantum
1633 2398 1718 2436 ani-

103 2447 211 2477 mam
230 2447 334 2476 0550.

148 2487 250 2527 Item,
269 2485 304 2523 si
320 2485 360 2523 id
373 2485 479 2533 quod
498 2490 558 2524 est
576 2495 624 2525 ex
641 2491 751 2534 parte
770 2489 912 2527 animae
932 2490 973 2526 in
987 2489 1149 2527 homine
1163 2494 1223 2527 est
1243 2499 1291 2527 ex
1308 2490 1720 2540 pluribuscongrega-

31 2529 36 2557 ἕ
98 2535 202 2577 tum,
218 2536 375 2579 oportet
405 2532 525 2580 quod,
539 2533 644 2572 sient
669 2537 795 2572 totum
824 2540 1108 2583 congregatum
1130 2544 1174 2573 se
1204 2536 1321 2574 habet
1341 2537 1390 2575 ad
1410 2542 1534 2577 10111111
1555 2548 1715 2586 corpus,

36 2598 40 2600 ἡ
100 2578 160 2617 ita
178 2579 341 2626 singula
360 2579 409 2617 ad
432 2579 614 2626 singulas
632 2584 764 2626 partes
784 2583 963 2629 corporis
987 2594 994 2619 :
1016 2582 1122 2630 quod
1141 2582 1259 2620 etiam
1277 2593 1301 2620 a
1319 2585 1519 2631 positione
1541 2587 1718 2625 Platonis

103 2634 186 2664 non
205 2625 418 2664 discordat.
434 2626 610 2664 Ponehat
628 2627 735 2664 enim
755 2629 928 2666 animam
951 2628 1184 2666 rationalem
1218 2630 1258 2666 in
1291 2632 1466 2678 cerebro,
1488 2634 1718 2672 nutritivam

101 2671 147 2711 in
183 2673 337 2719 hepate,
365 2673 718 2720 concupiscibilem
749 2674 792 2711 in
825 2675 956 2712 corde.
978 2677 1059 2712 Hoc
1091 2679 1222 2714 autem
1253 2683 1414 2724 apparet
1449 2688 1539 2718 esse
1571 2680 1719 2719 falsum

34 2741 39 2746 -
98 2718 336 2766 dupliciter:
354 2720 483 2767 primo
511 2720 685 2773 quidem,
706 2721 802 2768 quia
831 2722 966 2770 aliqua
994 2730 1087 2768 pars
1115 2726 1176 2760 est
1205 2724 1348 2763 animae
1368 2735 1456 2773 quae
1487 2735 1569 2765 non
1587 2730 1720 2774 potest

102 2766 264 2804 attribui
283 2766 403 2805 alicui
432 2770 535 2814 parti
568 2769 763 2814 corporis,
796 2769 951 2806 scilicet
977 2768 1218 2821 intellectus,
1250 2771 1299 2809 de
1331 2781 1411 2820 quo
1445 2782 1567 2821 supra
1586 2775 1635 2822 (0.
1659 2774 1717 2821 56)

100 2815 313 2851 ostensum
332 2817 394 2852 est
409 2814 517 2862 quod
536 2822 617 2852 non
637 2818 697 2852 est
715 2814 886 2863 alicujus
898 2819 1020 2862 partis
1042 2817 1246 2862 corporis;
1267 2819 1459 2866 secundo,
1481 2821 1576 2868 quia
1595 2821 1719 2858 mani-

101 2857 250 2898 festum
269 2863 330 2899 est
348 2861 471 2908 quod,
486 2860 530 2899 in
558 2860 694 2899 eadem
729 2865 839 2908 parte
865 2862 1060 2910 corporis,
1073 2868 1262 2910 apparent
1280 2865 1525 2904 diversarum
1547 2868 1717 2913 partium

1499 2945 1537 2974 12
