1894 3223
109 167 175 202 514
534 190 537 191 γ
707 157 792 192 LIB.
823 155 880 198 tv,
908 153 1009 190 CAP.
1036 153 1128 189 XIII.

109 245 264 292 quidem
287 243 439 286 oportet
459 238 533 276 dici
567 247 613 274 ex
634 245 681 273 eo
713 235 817 282 quod
851 234 1026 285 seipsum
1049 233 1266 280 cognoscit.
1293 231 1386 284 Sed,
1420 231 1513 283 quia
1546 239 1627 283 non
1660 238 1725 268 co-

108 291 262 338 gnoscit
297 297 337 324 se
384 295 451 332 per
486 285 659 331 aliquam
707 282 880 328 speciem
924 281 1001 317 nisi
1044 289 1112 326 per
1153 282 1363 315 essentiam
1383 307 1391 322 ,
1432 287 1526 325 quin
1564 285 1644 314 imo
1686 279 1725 314 et

108 341 235 383 ipsum
277 334 360 379 ejus
395 332 616 377 intelligere
647 333 706 366 est
745 328 830 380 ejus
863 327 1050 370 essentia,
1087 326 1282 371 sapientia
1321 325 1386 361 Dei
1420 324 1580 361 habitus
1632 332 1722 376 esse

109 392 188 420 non
210 384 349 426 potest,
385 379 453 415 sed
483 382 542 414 est
573 377 660 422 ipsa
696 376 761 411 Dei
794 374 978 411 essentia.
1010 372 1260 409 Manifestum
1286 376 1346 408 est
1373 375 1502 408 autern
1530 381 1577 407 ex
1607 371 1724 407 d1ctis

109 429 212 476 quod
235 427 299 463 Dei
319 426 438 462 Filius
459 429 518 461 est
536 424 703 460 Verbum
725 426 761 458 et
781 420 985 465 conceptio
1008 419 1075 456 Dei
1094 419 1352 465 intelligentis
1373 419 1562 464 seipsum.
1586 417 1725 464 Sequi-

107 480 170 512 tur
190 475 307 521 igitur
328 473 431 519 quod
450 472 580 517 ipsum
601 470 669 506 Dei
688 468 869 507 Verbum,
895 470 1081 513 tanquam
1107 466 1305 511 sapienter
1323 469 1454 501 mente
1475 465 1608 501 divina
1629 473 1725 501 con·

110 526 278 567 ceptum,
300 519 453 565 proprie
475 521 666 563 concepta
684 525 753 553 seu
782 514 914 561 genita
948 513 1143 559 sapientia
1171 512 1345 556 dicatur3
1376 511 1480 548 unde
1512 511 1727 557 Apostolus

110 569 362 606 Christznnbei
380 566 597 610 sapientiam
618 563 808 600 nominat.
833 561 865 607 (I
878 561 1011 605 Cor.,1,
1032 560 1107 605 24.)
1126 561 1259 604 Ipsum
1277 562 1407 594 autem
1427 558 1628 604 sapientiae
1648 567 1730 594 ver-

108 616 202 652 buni
223 617 352 649 mente
374 616 605 656 conceptum
633 614 691 646 est
712 608 890 655 quaedam
920 607 1185 643 manitestatio
1216 604 1417 650 sapientiae
1450 604 1722 652 intelligentis,

113 662 210 699 sicut
232 664 268 696 et
288 661 328 695 in
349 659 464 695 nobis
485 656 792 694 omneshabitus
812 665 880 700 per
902 658 1012 690 actus
1027 653 1342 689 manifestantur.
1360 651 1460 696 Quia
1480 660 1573 698 ergo
1595 651 1728 688 divina

111 706 301 753 sapientia
323 706 389 742 lux
412 705 567 747 dicitur,
591 706 705 749 prout
724 703 762 738 in
779 710 876 747 puro
895 705 984 738 actu
1005 699 1246 746 cognitionis
1266 698 1448 735 consistit
1466 698 1580 743 (lucis
1595 702 1726 735 autem

110 753 374 791 manifestatio
397 751 583 797 splendor
601 750 729 796 ipsius
752 752 824 790 est,
853 748 900 784 ab
920 757 966 783 ea
984 746 1232 793 procedens),
1263 745 1542 782 convenienter
1574 749 1612 781 et
1636 746 1729 780 Ver·

110 802 201 837 bum
225 800 365 835 divinae
387 798 590 842 sapientire
606 796 794 842 splendor
812 795 912 831 lucis
925 794 1165 836 nominatur,
1184 792 1403 828 secundum
1419 791 1516 827 illud
1535 791 1728 836 Apostoli,

117 848 157 886 je
180 847 276 883 Filio
299 845 465 881 (ltcentis
492 857 499 880 ε
529 845 644 887 Quum
669 845 716 878 sit
748 842 916 887 splendor
946 842 1069 886 qlorz'ae
1103 839 1286 885 (Hebr.,1,
1308 839 1366 884 3);
1400 838 1503 874 unde
1540 842 1577 873 et
1609 838 1729 874 Filius

112 893 468 932 manifestationem
495 891 616 927 Patris
638 890 712 927 sibi
734 888 936 931 adscribit,
959 888 1095 924 dicens
1119 898 1127 923 ι
1149 888 1333 926 Pater....,
1352 885 1587 929 manifestavi
1605 894 1733 919 nomen

112 946 211 976 tamn
233 939 446 974 hominibus.
468 940 627 982 (Joanm,
649 945 748 979 XVII,
771 939 805 978 5,
821 935 870 981 6.)
892 936 940 971 Se
956 951 981 978 l,
1004 934 1096 971 licet
1125 933 1261 976 Filius,
1282 932 1348 978 qui
1379 936 1438 968 est
1460 931 1527 967 Dei
1547 931 1730 971 verbum,

114 987 265 1033 proprie
288 985 478 1031 sapientia
499 988 689 1029 concepta
709 983 874 1025 dicatur,
897 990 1042 1018 nomen
1062 984 1195 1016 tamen
1217 979 1419 1024 sapientiae
1441 978 1622 1015 absolute
1655 977 1732 1014 dic-

114 1039 193 1070 tum
215 1037 365 1077 oportet
387 1042 474 1068 esse
493 1040 702 1068 commune
732 1030 834 1066 Patri
870 1032 907 1065 et
933 1028 1041 1071 Filio,
1074 1036 1194 1073 quum
1231 1026 1423 1071 sapientia
1451 1034 1536 1071 quae
1557 1034 1626 1071 per
1644 1026 1734 1076 Vet-

113 1081 205 1117 bnni
230 1079 449 1122 resplendet
471 1079 517 1113 sit
541 1078 666 1114 Patris
687 1076 875 1118 essentia,
900 1079 941 1112 ut
960 1075 1107 1111 dictum
1130 1078 1202 1117 est,
1229 1073 1400 1109 essentia
1422 1081 1513 1108 vero
1539 1071 1662 1108 Patris
1683 1074 1733 1108 sit

114 1127 187 1162 sibi
211 1131 245 1163 rt
267 1126 358 1162 Filio
381 1125 616 1162 communis.

770 1233 936 1273 CAPUT
963 1232 1071 1272 XIII.

459 1348 557 1381 oron
583 1346 661 1375 NON
686 1347 756 1374 EST
782 1346 859 1374 Nisi
884 1345 983 1374 enus
1009 1345 1133 1373 Funus
1159 1345 1200 1372 ΙΝ
1224 1343 1385 1372 nirixis.

165 1451 262 1495 Quia
281 1458 373 1485 vero
394 1450 510 1492 Deus,
530 1447 785 1494 intelligendo
808 1447 998 1491 seipsum,
1021 1446 1156 1483 omnia
1179 1445 1255 1482 alia
1272 1444 1468 1491 intelligit,
1488 1449 1528 1481 ut
1547 1444 1587 1481 in
1607 1446 1737 1490 primo

116 1498 216 1534 libro
236 1500 440 1533 ostensum
463 1499 534 1538 est,
557 1494 733 1539 seipsum
754 1498 883 1530 autem
905 1502 985 1529 uno
1000 1496 1038 1529 et
1058 1492 1229 1537 simplici
1248 1492 1393 1528 intuitu
1416 1491 1599 1538 intelligit
1612 1501 1734 1538 quum

117 1553 232 1581 suuni
256 1543 473 1588 intelligere
496 1542 547 1577 sit
565 1550 681 1577 suum
704 1549 807 1581 esse,
830 1549 993 1576 necesse
1015 1539 1254 1576 estVerbum
1274 1538 1341 1574 Dei
1363 1547 1452 1575 esse
1475 1539 1635 1574 unicum
1648 1541 1734 1575 tan—

116 1596 212 1628 tuni.
237 1591 360 1633 Quum
385 1592 515 1625 autem
537 1588 578 1624 in
596 1587 737 1624 divinis
756 1586 850 1622 nihil
871 1586 977 1623 atiud
995 1586 1046 1623 sit
1066 1585 1148 1622 Filii
1165 1585 1368 1633 generatio
1385 1593 1503 1631 quam
1525 1585 1633 1622 verbi
1647 1594 1738 1621 con-

116 1638 257 1682 ceptio,
278 1636 455 1682 sequitur
475 1635 580 1681 quod
602 1643 679 1670 una
706 1634 793 1670 sola
826 1634 875 1670 sit
904 1633 1106 1680 generatio
1131 1632 1172 1668 in
1204 1632 1344 1668 divinis
1377 1636 1414 1668 et
1441 1631 1584 1669 unicus
1615 1632 1737 1668 Filius

117 1685 229 1721 solus
251 1694 272 1719 a
293 1685 403 1719 Patre
422 1682 592 1729 genitus.
616 1681 722 1717 Unde
755 1680 895 1717 dicitur
920 1693 928 1716 2
965 1680 1131 1716 Vidimus
1162 1680 1315 1724 moriam
1341 1678 1431 1723 ejus,
1458 1679 1611 1723 aloriam
1631 1681 1739 1724 quasi

119 1732 303 1774 Unigyeniti
319 1740 341 1765 a
359 1731 468 1765 Patre
489 1729 647 1775 (Joann.‚
669 1737 696 1772 ι,
720 1728 774 1772 14)
794 1743 801 1771 ·,
825 1731 862 1764 et
881 1727 1045 1764 iterum:
1064 1728 1276 1771 Uniaenz'tzcs
1296 1726 1424 1770 Filius,
1440 1727 1504 1771 qui
1533 1729 1585 1762 est
1600 1727 1641 1762 in
1653 1727 1739 1761 sinu

115 1779 251 1816 Patris,
274 1779 351 1821 ipse
369 1777 556 1811 enarravit
572 1775 689 1810 nobis.
718 1774 841 1820 (Ibicl.,
865 1774 936 1820 18.)
1263 1784 1266 1787 ·

165 1824 322 1859 Videtur
341 1827 471 1858 tamen
496 1832 543 1858 ex
562 1821 776 1867 praemissis
797 1821 907 1867 sequi
928 1820 1033 1867 quod
1055 1822 1092 1857 et
1103 1819 1217 1856 Verbi
1229 1819 1346 1856 divini
1368 1819 1417 1856 sit
1436 1819 1542 1856 aliud
1555 1818 1736 1862 verbum,

117 1875 155 1907 et
175 1870 255 1906 Filii
275 1870 324 1906 sit
344 1869 444 1905 alius
462 1869 582 1905 filius.
605 1869 817 1905 Ostensum
832 1870 891 1903 est
905 1867 1009 1903 enim
1028 1866 1133 1913 quod
1150 1866 1319 1903 Verbum
1334 1867 1398 1902 Dei
1412 1867 1463 1902 sit
1479 1867 1581 1902 Deus
1597 1874 1736 1909 verus;

118 1919 271 1962 oportet
294 1916 411 1962 igitur
431 1915 564 1951 omnia
587 1924 673 1961 quae
695 1916 773 1951 Deo
794 1914 1034 1951 conveniunt
1051 1913 1177 1950 Verbo
1194 1913 1261 1949 Dei
1282 1913 1505 1949 convenire.
1529 1913 1634 1948 Deus
1667 1921 1735 1949 au-

118 1968 197 1999 tem
219 1972 265 1999 ex
292 1962 524 1998 necessitate
546 1962 720 2006 seipsum
736 1960 916 2007 intelligit
935 1972 944 2003 ;
961 1964 998 1996 et
1017 1960 1183 1996 Verbum
1200 1959 1320 2005 igitur
1338 1959 1406 1995 Dei
1429 1959 1604 2004 seipsum
1625 1959 1739 1996 intel·

118 2010 218 2056 ligii.
243 2009 282 2045 Si
302 2009 433 2055 igitur,
460 2018 506 2043 ex
528 2007 604 2045 hoc
624 2008 728 2054 quod
752 2009 855 2043 Deus
889 2007 1063 2052 seipsum
1083 2006 1276 2053 intelligit,
1302 2006 1469 2042 Verbum
1491 2005 1538 2042 ab
1560 2014 1607 2042 eo
1627 2006 1735 2052 geni-

117 2060 200 2092 tum
224 2056 263 2091 in
285 2057 363 2091 Deo
396 2055 565 2099 ponitur,
591 2054 781 2100 consequi
811 2053 964 2090 videtur
989 2053 1093 2099 quod
1127 2053 1241 2089 etiam
1269 2057 1306 2089 et
1324 2053 1463 2095 Verbo,
1484 2052 1524 2088 in
1544 2055 1736 2098 quantum

119 2103 293 2147 seipsum
314 2101 507 2147 intelligit,
529 2100 635 2138 aliud
654 2102 816 2137 verbum
845 2101 1100 2143 attribuatur;
1122 2103 1160 2136 et
1187 2100 1243 2136 sic
1273 2099 1387 2135 Verbi
1416 2099 1486 2135 erit
1509 2099 1670 2135 verbum
1699 2102 1738 2136 et

119 2149 201 2186 Filii
226 2148 342 2185 tilius.
366 2150 408 2184 Et
428 2148 525 2184 illud
542 2147 717 2190 verbum,
740 2148 773 2184 si
790 2149 892 2184 Deus
913 2150 984 2191 est,
1000 2147 1141 2183 iterum
1161 2146 1335 2190 seipsum
1357 2146 1547 2193 intelliget
1567 2149 1605 2182 et
1621 2145 1740 2182 habe-

117 2195 171 2232 bit
195 2195 299 2231 aliud
328 2195 512 2237 verbum;
545 2194 658 2231 etsie
691 2194 729 2230 in
755 2193 952 2231 infinitum
983 2193 1183 2240 generatio
1205 2193 1334 2230 divina
1349 2193 1547 2238 procedet.

145 2242 289 2293 'Hujus
312 2245 441 2277 autem
464 2241 607 2278 solutio
627 2251 673 2277 ex
696 2240 910 2286 praemissis
927 2240 1063 2277 haberi
1085 2242 1226 2286 potest.
1250 2241 1378 2284 Quum
1398 2240 1501 2276 enim
1529 2241 1736 2277 ostensum

119 2292 169 2325 sit
190 2288 294 2334 quod
314 2288 481 2324 Verbum
502 2287 569 2324 Dei
589 2287 639 2324 sit
660 2289 777 2332 Deus,
800 2292 1006 2325 ostensum
1031 2290 1163 2324 tamen
1198 2290 1258 2323 est
1287 2287 1392 2333 quod
1427 2295 1509 2322 non
1541 2288 1601 2323 est
1634 2286 1739 2323 alius

120 2337 224 2372 Deus
246 2344 269 2372 a
290 2336 369 2372 Deo
389 2335 502 2380 cujus
523 2338 583 2372 est
602 2335 776 2379 verbum,
799 2334 868 2372 sed
895 2343 1000 2371 unus
1020 2334 1198 2379 omnino,
1221 2333 1297 2370 hoc
1316 2333 1403 2370 solo
1436 2333 1484 2370 ab
1505 2342 1552 2370 eo
1573 2332 1737 2370 distinc-

119 2385 201 2417 tum
226 2381 330 2427 quod
351 2381 398 2418 ab
419 2391 466 2418 eo
487 2385 546 2418 est
563 2384 605 2418 ut
623 2381 786 2418 verbum
805 2381 1038 2427 procedens.
1065 2380 1171 2418 Sicut
1202 2383 1332 2417 autem
1361 2380 1528 2417 Verbum
1563 2388 1645 2416 non
1677 2381 1743 2416 est

119 2429 220 2480 alius
237 2431 353 2471 Deus,
370 2428 424 2465 ita
443 2437 515 2465 nec
533 2432 593 2465 est
613 2428 714 2465 alius
734 2428 972 2473 intellectus,
991 2431 1029 2464 et
1043 2437 1113 2474 per
1132 2436 1384 2474 consequens
1404 2436 1478 2464 nec
1497 2426 1602 2463 aliud
1623 2426 1738 2463 intel-

119 2475 264 2522 ligere;
286 2475 390 2511 unde
415 2484 488 2512 nec
523 2475 627 2512 aliud
659 2475 836 2512 verbum.
874 2477 953 2511 Nec
985 2477 1118 2511 tamen
1148 2474 1325 2520 sequitur
1352 2474 1458 2520 quod
1491 2473 1540 2510 sit
1571 2473 1735 2510 verbum

120 2522 324 2566 suiipsius,
347 2521 566 2558 secundum
587 2521 692 2568 quod
719 2522 886 2559 Verbum
913 2521 1089 2567 seipsum
1108 2521 1317 2568 intelligit3
1352 2530 1442 2557 nam
1472 2520 1511 2556 in
1541 2519 1618 2558 hoc
1647 2520 1739 2557 solo

119 2568 282 2620 verbum
301 2578 324 2605 a
343 2568 494 2605 dicente
527 2568 794 2616 distinguitur,
817 2571 859 2605 ut
878 2568 1023 2606 dictum
1050 2571 1123 2611 est,
1157 2568 1262 2615 quod
1295 2571 1355 2605 est
1387 2568 1434 2604 ab
1464 2567 1576 2613 ipso;
1603 2566 1738 2603 omnia

120 2623 212 2660 ergo
234 2615 310 2651 alia
323 2615 585 2652 communiter
604 2615 851 2652 attribuenda
871 2619 964 2652 sunt
981 2617 1060 2651 Deo
1082 2614 1238 2657 dicenti,
1253 2614 1318 2660 qui
1347 2617 1407 2651 est
1423 2615 1547 2657 Pater,
1564 2616 1602 2650 et
1611 2611 1739 2649 Verbo

121 2661 225 2706 quod
247 2664 307 2698 est
326 2662 459 2702 Filius,
478 2665 637 2708 propter
654 2662 731 2698 hoc
745 2662 850 2709 quod
865 2662 981 2698 etiam
999 2661 1168 2698 Verbum
1189 2664 1250 2698 est
1267 2663 1372 2698 Deus
1389 2673 1396 2697 ε
1420 2661 1489 2698 sed
1509 2659 1585 2696 hoc
1603 2659 1736 2696 solum

121 2710 163 2742 ut
186 2706 234 2742 ab
254 2716 315 2758 eo·
337 2708 386 2744 sit
407 2709 569 2746 verbum
590 2708 893 2746 adscribendum
912 2711 973 2745 est
990 2708 1147 2754 proprie
1163 2707 1280 2751 Patri,
1296 2710 1335 2744 et
1351 2706 1428 2745 hoc
1448 2706 1553 2753 quod
1566 2707 1632 2742 ’est
1645 2714 1735 2742 esse

121 2753 243 2804 abeo
281 2753 433 2791 dicente
454 2755 746 2792 attribuendum
766 2757 826 2793 est
844 2754 999 2801 proprie
1029 2754 1139 2792 Filio.
1177 2756 1231 2791 Ex
1249 2763 1327 2801 quo
1357 2753 1474 2790 etiam
1501 2754 1604 2798 patet
1629 2752 1735 2798 quod

121 2798 242 2836 Filius
262 2808 342 2836 non
364 2805 424 2836 est
442 2800 653 2847 impotens,
675 2802 749 2838 etsi
786 2811 974 2849 generare
1009 2800 1133 2838 silium
1165 2810 1248 2838 non
1280 2800 1420 2846 possit,
1449 2807 1570 2845 quum
1598 2801 1735 2835 tamen

120 2846 234 2882 Pater
252 2850 412 2898 generet
432 2847 566 2883 Filium
591 2859 601 2892 3
622 2858 714 2885 nam
747 2849 881 2885 eadem
904 2848 1077 2893 potentia
1096 2851 1156 2885 est
1177 2846 1299 2884 Patris
1320 2849 1358 2883 et
1377 2844 1473 2888 Filii,
1493 2844 1596 2881 sicut
1613 2849 1649 2881 et
1670 2854 1735 2882 ea·

121 2891 210 2929 dem
231 2891 424 2929 divinitas.
447 2894 503 2937 Et,
523 2903 644 2940 quum
671 2895 872 2941 generatio
900 2895 941 2931 in
972 2894 1113 2931 divinis
1145 2894 1196 2930 sit
1228 2890 1483 2939 intelligibilis
1514 2891 1623 2929 verbi
1640 2900 1739 2929 con-
