1894 3223
698 151 784 187 Llss.
815 152 860 192 ll,
887 150 986 188 cxl).
1014 151 1060 187 11.
1622 154 1683 189 ¹07

471 408 745 462 LIBER
812 408 1289 464 SECUNDUS

767 706 934 748 CAPUT
964 707 994 748 1.

412 820 671 850 CONTINUATIO
700 820 945 855 SEQL'ENTIL'M
970 821 1022 850 AD
1050 820 1344 850 PRAECEDENTIA.

117 929 312 1013 Meditaltus
337 939 415 966 sum
434 931 473 1022 ῦς
493 928 657 966 omnibus
683 928 848 975 operibus
867 928 938 964 titis
960 940 969 963 :
991 929 1030 964 in
1049 928 1159 972 factis
1179 939 1353 966 manuum
1373 933 1520 967 tuarum
1534 931 1688 968 medita-

73 977 139 1013 bar
177 978 249 1014 Psa
270 1004 277 1013 .
299 984 414 1020 cxmr,
437 978 457 1013 5
478 1004 487 1012 .

118 976 184 1061 Re(i
205 1023 417 1069 cujuslibet
447 1021 621 1069 perfecta
652 1021 829 1070 cognitio
850 1021 985 1059 haberi
1008 1030 1089 1060 non
1108 1025 1250 1069 potest,
1287 1024 1364 1061 nisi
1388 1023 1474 1071 ejus
1505 1026 1683 1072 operatio

69 1073 346 1118 cognoscatur.
384 1070 437 1106 Ex
461 1068 579 1106 modo
611 1069 716 1106 enim
737 1068 981 1115 operationis
1011 1073 1048 1105 et
1069 1069 1199 1115 specie
1230 1079 1419 1108 mensura
1451 1075 1486 1108 et
1509 1073 1681 1119 qualitas

71 1117 226 1155 virtutis
245 1119 446 1163 pensatur.
467 1116 598 1153 Virtus
614 1125 705 1154 vero
726 1119 904 1153 naturam
924 1116 980 1152 rei
996 1120 1212 1161 monstram
1236 1118 1455 1155 secundum
1478 1119 1552 1156 hoc
1573 1120 1678 1158 enim

69 1163 379 1211 unumquodque
400 1166 535 1201 natum
555 1166 615 1201 est
635 1163 802 1210 operari,
828 1163 933 1210 quod
954 1168 1042 1200 actu
1064 1163 1180 1200 talem
1203 1168 1382 1202 naturam
1405 1166 1582 1203 sortitur.

118 1212 184 1249 Est
199 1214 329 1248 autem
345 1209 489 1257 duplex
503 1210 558 1247 rei
580 1211 769 1262 operatio,
787 1213 829 1247 ut
850 1209 1119 1256 Philosophus
1140 1211 1257 1248 tradit
1273 1212 1499 1260 (metaphys.
1522 1221 1576 1258 rx,
1593 1216 1684 1250 text.

71 1266 216 1296 comm.
239 1257 297 1305 ¹6)
319 1269 328 1295 t
352 1266 431 1295 una
450 1257 623 1305 quidem,
649 1267 735 1305 quae
756 1266 795 1293 in
817 1258 904 1303 ipso
926 1261 1110 1303 operante
1137 1262 1269 1295 manet
1290 1262 1327 1295 et
1358 1263 1417 1297 est
1437 1260 1564 1306 ipsius
1595 1269 1685 1306 ope-

70 1305 196 1343 rantis
213 1305 416 1352 perfectio,
439 1309 482 1343 ut
499 1305 660 1349 sentire,
682 1304 903 1357 intelligere
922 1305 1101 1357 etvelle;
1122 1305 1199 1342 alia
1220 1315 1326 1350 vero,
1348 1316 1435 1353 quae
1459 1308 1500 1343 in
1518 1307 1685 1345 exterio-

69 1361 154 1390 rem
182 1361 265 1389 rem
285 1352 441 1396 transit,
463 1361 550 1399 quae
578 1356 638 1389 est
661 1352 848 1398 perfectio
876 1351 966 1390 facti
989 1352 1093 1399 quod
1115 1361 1184 1398 per
1204 1353 1331 1399 ipsam
1352 1354 1622 1400 constituitur,
1645 1358 1687 1392 ut

70 1398 301 1444 calefacere,
329 1408 464 1437 secare
484 1403 522 1436 et
541 1398 748 1437 aedificare.

119 1448 288 1494 Utraque
308 1450 438 1484 autem
454 1446 647 1484 dictarum
667 1446 940 1492 operationum
960 1446 1146 1493 competit
1165 1448 1245 1484 Deo
1269 1458 1277 1484 :
1301 1447 1429 1494 prima
1453 1448 1625 1495 quidem,
1646 1448 1687 1485 in

72 1502 120 1531 eo
169 1493 246 1530 uod
267 1493 467 1541 inlelligit,
490 1494 583 1538 vult,
605 1494 750 1541 gaudet
769 1496 808 1531 et
827 1497 954 1538 amat;
975 1494 1054 1530 alia
1071 1502 1178 1538 vero,
1197 1494 1238 1530 in
1259 1503 1306 1532 eo
1323 1495 1427 1541 quod
1450 1504 1514 1532 res
1536 1496 1575 1531 in
1599 1503 1687 1532 esse

72 1548 144 1587 pro
177 1539 256 1578 ucit
277 1543 316 1577 et
334 1549 402 1578 eas
433 1544 642 1579 conservat
673 1543 712 1578 et
739 1540 852 1587 regit.
888 1540 986 1585 Quia
1016 1549 1108 1578 vero
1140 1541 1266 1586 prima
1294 1542 1470 1588 operatio
1499 1542 1687 1588 perfectio

74 1586 276 1634 operantis
296 1590 369 1631 est,
391 1587 568 1625 secunda
584 1595 676 1625 vero
698 1587 886 1633 perfectio
908 1587 1013 1631 sacti,
1035 1596 1159 1634 agens
1179 1591 1310 1626 autem
1326 1589 1556 1626 naturaliter
1575 1589 1685 1635 prius

77 1633 180 1673 facto
201 1637 262 1672 est
280 1637 318 1672 et
336 1642 459 1672 causa
484 1634 625 1681 ipsius,
647 1638 802 1681 oportet
823 1634 926 1681 quod
956 1635 1083 1680 prima
1109 1634 1301 1672 dictarum
1331 1636 1605 1682 operationum
1637 1636 1689 1675 sit

75 1681 175 1719 ratio
200 1681 385 1719 secundae
405 1684 443 1718 et
460 1690 546 1719 eam
577 1681 772 1728 praecedat
800 1681 1044 1726 naturaliter,
1074 1681 1178 1719 sicut
1206 1691 1327 1720 causa
1350 1681 1559 1727 effectum3
1581 1683 1688 1730 quod

75 1727 233 1776 quidem
256 1728 296 1765 in
317 1728 436 1766 rebus
465 1728 651 1766 humanis
684 1728 893 1766 manifeste
923 1732 1104 1774 apparet;
1136 1730 1406 1767 consideratio
1436 1730 1542 1767 enim
1562 1734 1600 1767 et
1618 1738 1686 1768 vo-

73 1772 209 1813 luntas
225 1774 388 1813 artificis
407 1775 645 1822 principium
666 1779 727 1812 est
758 1779 794 1812 et
815 1776 914 1812 ratio
938 1775 1227 1813 aedificationis.
1260 1776 1390 1815 Prima
1419 1777 1542 1824 igitur
1563 1776 1686 1814 dicta-

75 1830 163 1860 rum
180 1823 470 1869 operationum,
490 1826 678 1870 tanquam
698 1821 865 1868 simplex
883 1823 1086 1868 operantis
1107 1823 1311 1869 perfectio,
1326 1825 1546 1869 operationis
1563 1823 1688 1861 vindi-

73 1872 138 1907 cat
156 1867 233 1907 sibi
253 1877 399 1907 nomen
428 1869 491 1907 vel
513 1869 631 1908 etiam
654 1871 830 1913 actionis,·
862 1869 1038 1907 secunda
1068 1879 1175 1915 vero,
1206 1878 1252 1908 eo
1284 1870 1391 1918 quod
1423 1871 1477 1909 sit
1496 1871 1688 1918 perfectio

74 1913 181 1958 facti,
201 1917 373 1961 factionis
390 1924 536 1955 nomen
556 1916 727 1955 assumit
744 1928 753 1961 ;
776 1917 880 1954 unde
901 1916 1127 1954 manufacta
1143 1917 1329 1956 dicuntur
1348 1927 1449 1966 quae,
1473 1927 1543 1965 per
1562 1918 1688 1956 actio-

76 1971 168 2001 nem
189 1962 433 2010 hujusmodi,
455 1962 503 2001 ab
523 1963 672 2002 artifice
690 1964 728 2001 iu
751 1972 840 2002 esse
863 1964 1093 2010 procedunt.

124 2011 178 2047 De
197 2011 325 2057 prima
341 2013 473 2048 autem
494 2011 560 2048 Dei
577 2011 807 2058 operatione
824 2011 863 2048 in
886 2011 1120 2057 praecedenti
1143 2011 1243 2049 libro
1267 2011 1305 2059 (a
1322 2021 1407 2059 cap.
1427 2014 1474 2050 44
1493 2021 1620 2060 usque
1638 2013 1686 2052 ad

73 2056 160 2104 fin.)
176 2057 258 2104 jam
279 2057 467 2103 diximus,
487 2058 555 2096 uhi
576 2061 637 2096 est
655 2062 784 2096 actum
805 2058 852 2095 de
873 2058 1101 2105 cognitione
1122 2062 1160 2095 et
1176 2059 1377 2097 voluntate
1395 2058 1540 2098 divina.
1566 2060 1686 2106 Unde,

74 2103 126 2141 ad
148 2104 381 2151 completam
403 2104 545 2143 divinae
564 2106 741 2143 veritatis
767 2105 1142 2152 considerationem,
1164 2109 1286 2144 restat
1305 2115 1412 2144 nuno
1431 2106 1479 2144 de
1511 2107 1689 2146 secunda

73 2150 308 2235 gpfflssfione
328 2154 508 2198 tractare,
528 2161 598 2200 per
626 2161 745 2200 quam
777 2152 929 2190 scilicet
961 2160 1025 2190 res
1053 2152 1325 2200 producuntur
1357 2157 1395 2191 et
1416 2153 1689 2201 gubernantur

76 2293 77 2296 Ἰ
126 2245 248 2298 Quem
264 2245 422 2293 quidem
434 2245 614 2284 ordinem
629 2255 674 2284 ex
690 2246 907 2293 praemissis
921 2246 1048 2284 verbis
1063 2255 1220 2285 sumere
1234 2256 1464 2294 possumus.
1483 2249 1688 2286 praemittit

75 2289 317 2338 (Psalmlsta)
331 2293 644 2340 namqueprimae
653 2293 896 2339 operationis
908 2294 1219 2340 meditationem,
1229 2303 1350 2342 quum
1363 2295 1458 2332 dicit
1471 2307 1478 2331 :
1491 2296 1689 2332 Meditatas

74 2346 156 2374 sum
173 2339 214 2374 in
241 2339 404 2375 omnibus
429 2340 596 2386 operibus
614 2342 700 2381 tuis,
729 2344 772 2377 ut
799 2341 977 2387 operatio
998 2341 1045 2378 ad
1064 2341 1241 2379 divinum
1261 2341 1482 2388 intelligere
1507 2343 1568 2378 vel
1588 2343 1688 2379 velle

76 2383 281 2423 referatur.
313 2385 523 2434 subjungit
549 2395 642 2425 vero
671 2386 859 2425 factionis
879 2388 1190 2433 meditationem,
1216 2396 1337 2435 quum
1359 2388 1452 2425 dicit
1474 2399 1482 2424 :
1504 2389 1548 2425 In
1578 2390 1690 2433 factis

73 2439 249 2468 manuum
267 2435 414 2468 tuarum
430 2433 645 2476 meditabar,
658 2437 715 2479 ut,
733 2442 806 2518 ger
821 2435 923 2472 facta
938 2443 1080 2472 manus
1093 2435 1236 2481 ipsius,
1252 2434 1523 2481 intelligamus
1541 2435 1687 2475 coelum

75 2481 116 2563 ἒ
117 2481 340 2572 gfff-1303&
344 2479 490 2564 l‹latxlrtmia
508 2489 595 2527 quae
611 2489 729 2527 proce
760 2484 830 2518 unt
849 2481 891 2518 in
912 2489 1001 2518 esse
1021 2490 1044 2518 a
1063 2482 1157 2526 Deo,
1180 2481 1284 2518 sicut
1303 2480 1352 2519 ab
1372 2480 1520 2519 artifice
1547 2490 1695 2521 manu--

753 2637 922 2679 CAPUT
956 2638 1005 2678 ΙΙ.

148 2750 249 2786 QUOD
267 2750 549 2782 CONSIDERATIO
568 2750 855 2781 GREA'I'URARUM
872 2752 996 2781 'UTILIS
1012 2752 1082 2781 EST
1099 2752 1151 2782 AD
1168 2753 1275 2783 FIDEI
1293 2753 1613 2785 INSTRUGTIONEM.

124 2853 358 2902 Hujusmodi
378 2854 537 2902 quidem
557 2854 781 2892 divinorum
808 2855 1001 2894 factorum
1030 2855 1235 2895 meditatio
1261 2857 1310 2897 ad
1335 2857 1453 2898 fidem
1472 2858 1686 2900 humanam

72 2899 350 2941 instruendam
371 2901 418 2941 de
433 2904 513 2941 Deo
535 2902 763 2940 necessaria
779 2906 852 2939 est.
