1894 3223
143 169 214 204 414
736 159 824 196 ΜΒ.
851 159 917 202 111,
943 158 1046 195 cAP.
1074 158 1177 194 cxii.
1243 201 1246 205 .

805 325 975 368 CAPUT
1004 325 1105 368 CXI.

365 446 466 483 QUOD
493 444 666 477 SPECIALI
689 444 861 476 RATIONE
886 445 1100 475 CREATURAE
1125 444 1369 475 RATIONALES
1400 445 1550 476 DIVINAE

695 503 971 536 PROVIDENTIAE
1010 503 1251 534 SUBDUNT'U'R.

193 618 247 653 Ex
265 615 328 652 his
349 614 509 662 quidem
528 622 615 661 quae
636 621 758 659 supra
782 612 1044 650 determinata
1075 615 1183 656 sunt,
1204 611 1462 650 manifestum
1492 616 1554 650 est
1585 612 1691 660 quod
1713 612 1769 649 di-

150 663 239 700 vina
258 662 507 709 providentia
527 661 575 698 ad
596 660 733 698 omnia
755 668 799 696 se
816 659 1004 696 extendit.
1024 660 1186 705 Oportet
1204 662 1338 696 tamen
1372 660 1548 713 aliquam
1575 660 1773 697 rationem

147 709 406 757 providentiae
424 708 637 755 specialem
658 706 859 744 observari
878 706 984 744 circa
1004 705 1295 743 intellectuales
1315 709 1354 743 et
1372 707 1588 744 rationales
1609 710 1774 744 naturas

146 766 225 804 prae
247 756 338 793 aliis
374 755 593 799 creaturis;
626 754 859 801 praecellunt
888 753 994 790 enim
1031 753 1131 790 alias
1162 756 1364 791 creaturas
1395 756 1433 790 et
1459 753 1502 790 in
1532 753 1776 800 perfectione

148 808 299 841 naturae
335 806 373 840 et
401 803 443 839 in
472 802 664 849 dignitate
696 800 868 853 finis-ln
900 800 1144 853 perfectione
1177 800 1337 884 quidem
1371 800 1659 846 naturae,·quia
1688 801 1777 837 sola

147 854 329 888 creatura
348 849 556 887 rationalis
578 848 694 886 habet
714 847 936 885 dommium
956 857 1019 885 sui
1039 850 1166 893 actus,
1202 847 1310 885 ibere
1326 856 1370 885 se
1391 856 1514 894 agens
1535 847 1584 884 ad
1612 855 1777 893 operan-

148 897 241 935 dum
259 909 267 942 ;
290 900 439 934 caeterae
457 905 550 933 vero
572 898 762 933 creaturae
782 894 831 932 ad
852 904 973 942 opera
992 895 1152 941 propria
1170 894 1301 939 magis
1321 898 1494 941 aguntur
1506 903 1624 940 quam
1640 897 1775 940 agant,

146 948 190 982 ut
211 954 259 982 ex
278 944 518 990 supradictis
540 943 639 990 (cap.
663 942 744 985 110)
765 945 883 989 patet.
906 944 950 979 In
971 942 1163 989 dignitate
1184 945 1316 979 autem
1334 941 1441 984 finis,
1458 942 1552 989 quia
1567 941 1654 978 sola
1670 950 1775 978 crea·

147 995 236 1029 tura
256 990 537 1028 intellectualis
558 990 606 1027 ad
627 990 760 1036 ipsum
781 989 899 1026 finem
920 989 1104 1026 ultimum
1126 989 1304 1026 universi
1323 998 1398 1026 sua
1430 989 1661 1035 operatione
1688 997 1776 1035 per·

149 1038 281 1085 tingit,
303 1038 457 1075 scilicet
489 1037 772 1084 cognoscendo
808 1040 846 1073 et
873 1036 1044 1074 amando
1077 1038 1232 1082 Deum3
1263 1036 1351 1073 aliae
1382 1045 1476 1073 vero
1504 1039 1693 1072 creaturae
1727 1034 1775 1072 ad

148 1085 268 1122 finem
289 1085 469 1122 ultimum
487 1085 711 1131 pertingere
732 1092 812 1121 non
833 1087 1006 1130 possunt
1034 1083 1114 1120 nisi
1147 1093 1219 1129 per
1242 1083 1463 1167 ssliqualem
1495 1082 1774 1120 similitudinis

149 1133 277 1178 ipsius
295 1132 654 1178 participationem.
669 1131 807 1168 Omnis
826 1134 956 1168 autem
979 1131 1081 1168 ratio
1102 1134 1239 1176 operat
1285 1131 1348 1167 nis
1361 1130 1537 1167 variatur
1553 1129 1774 1167 secundum

150 1180 417 1216 diversitatem
449 1179 556 1223 finis,
587 1182 626 1215 et
654 1186 791 1215 eorum
836 1187 924 1225 quae
956 1177 1178 1223 operationi
1212 1177 1502 1223 subjiciuntur;
1538 1177 1643 1214 sicut
1673 1177 1775 1213 ratio

150 1226 340 1272 operandi
359 1235 427 1272 per
447 1229 569 1262 artem
591 1225 747 1262 diversa
766 1227 826 1262 est
848 1225 1070 1262 secundum
1098 1224 1366 1262 diversitatem
1388 1224 1481 1261 tinis
1517 1228 1553 1261 et
1584 1224 1774 1260 materiae.

148 1273 271 1311 Aliter
289 1273 393 1309 enim
415 1276 600 1318 operatur
619 1271 798 1309 medicus
824 1271 873 1308 ad
907 1271 1182 1318 aegritudinem
1213 1271 1453 1318 pellendam,
1474 1275 1513 1308 et
1546 1271 1592 1308 ad
1631 1271 1777 1308 sanita-

149 1324 228 1356 tem
251 1319 579 1364 conservandam,
601 1324 718 1366 atque
738 1319 852 1356 aliter
868 1319 908 1355 in
938 1319 1173 1365 corporibus
1194 1318 1459 1356 diversimode
1479 1317 1777 1364 complexiona-

150 1367 202 1403 tis
226 1379 234 1403 ε
257 1371 294 1403 et
316 1367 500 1403 similiter
519 1370 673 1412 oportet
690 1366 731 1402 in
749 1366 943 1412 regimine
964 1365 1135 1403 civitatis
1168 1365 1364 1403 diversam
1393 1365 1589 1402 rationem
1621 1365 1777 1402 ordinis

150 1414 352 1450 observari
376 1413 595 1450 secundum
619 1413 797 1450 diversas
818 1412 1070 1450 conditiones
1102 1421 1239 1449 corum
1279 1413 1346 1459 qui
1380 1412 1648 1458 subjiciuntur
1678 1412 1778 1457 regi·

150 1460 265 1504 mini,
289 1463 325 1496 et
345 1460 568 1496 secundum
590 1459 748 1496 diversa
766 1459 814 1496 ad
836 1468 924 1506 quae
954 1459 1191 1497 ordinantur
1210 1471 1220 1496 t
1241 1462 1396 1506 oportet
1424 1459 1530 1496 enim
1565 1459 1680 1495 aliter
1702 1459 1779 1495 dis·

149 1507 244 1553 poni
267 1506 414 1543 milites
436 1510 478 1543 ut
495 1507 577 1544 sint
595 1506 803 1554 praeparati
825 1506 873 1542 ad
893 1515 1083 1553 pugnam,
1103 1511 1141 1543 et
1160 1505 1332 1544 artifices
1351 1509 1395 1543 ut
1413 1505 1514 1544 bene
1543 1514 1587 1543 se
1607 1504 1780 1542 habeant

152 1555 258 1591 circa
278 1563 352 1590 sua
373 1563 507 1600 opera.
532 1554 596 1591 Sic
616 1553 738 1600 igitur
757 1557 794 1590 et
813 1553 892 1590 alia
908 1558 969 1591 est
984 1553 1138 1591 ordinis
1160 1553 1264 1591 ratio
1287 1553 1509 1591 secundum
1534 1561 1652 1599 quam
1674 1561 1780 1589 crea·

151 1605 249 1638 turae
271 1601 488 1638 rationales
509 1601 767 1647 providentiae
793 1599 936 1638 divinae
969 1600 1210 1646 subduntur,
1231 1603 1270 1638 et
1300 1600 1380 1638 alia
1406 1601 1628 1638 secundum
1659 1607 1778 1647 quam

149 1648 386 1685 ordinantur
402 1652 553 1685 caeterae
574 1652 778 1686 creaturae.

805 1793 975 1838 CAPUT
1011 1793 1139 1837 0le

245 1910 345 1945 QUOD
373 1910 585 1939 CREATURAE
608 1903 853 1939 RATIONALES
879 1907 1166 1939 GUBERNANTUR
1188 1907 1362 1939 PROPTER
1388 1907 1544 1938 SEIPSAS
1564 1907 1666 1938 ALIAE

692 1967 796 1996 VERO
822 1967 864 1996 IN
890 1967 1034 1996 ORDINE
1054 1967 1109 1997 AD
1145 1966 1234 1996 EAS.

198 2071 373 2108 Primum
393 2070 515 2117 igitur
533 2070 622 2117 ipsa
643 2070 819 2118 cognitio
839 2070 1124 2108 intellectualis
1144 2074 1311 2115 naturae‚
1333 2070 1554 2108 secundum
1578 2080 1697 2118 quam
1718 2075 1781 2109 est

150 2118 313 2156 domina
333 2118 395 2155 sui
415 2121 542 2162 actus,
563 2117 822 2164 providentiae
842 2126 978 2155 curam
998 2118 1180 2165 requirit,
1201 2127 1280 2165 qua
1298 2117 1375 2155 sibi
1394 2121 1554 2164 propter
1574 2127 1618 2155 se
1647 2119 1780 2164 provi-

150 2165 312 2211 deatur;
351 2164 522 2201 aliorum
540 2172 633 2202 vero
652 2164 845 2206 conditio,
867 2174 955 2212 quae
976 2173 1058 2202 non
1075 2165 1195 2202 habet
1213 2165 1436 2202 dominium
1457 2164 1520 2202 sui
1554 2168 1681 2210 actus,
1703 2165 1782 2204 boc

149 2212 298 2250 indicat
318 2211 424 2259 quod
445 2212 504 2249 eis
523 2220 605 2249 non
626 2215 787 2259 propter
806 2211 893 2258 ipsa
908 2221 1005 2250 cura
1021 2212 1286 2258 impendatur,
1305 2212 1376 2250 sed
1394 2212 1501 2250 velut
1515 2212 1564 2249 ad
1579 2212 1658 2250 alia
1675 2212 1778 2250 ordi·

150 2259 269 2297 natis.
289 2258 402 2303 Quod
423 2259 528 2296 enim
549 2257 598 2296 ab
618 2259 742 2296 altero
778 2262 932 2296 tantum
964 2259 1097 2307 agitur
1133 2259 1329 2297 rationem
1358 2259 1614 2297 instrumenti
1634 2258 1780 2305 habet3

150 2306 257 2354 quod
276 2315 369 2344 vero
390 2315 458 2353 per
478 2315 520 2343 se
552 2305 634 2353 agit
654 2305 774 2344 habet
801 2306 998 2344 rationem
1022 2306 1256 2354 principalis
1275 2306 1446 2354 agentis.
1466 2308 1780 2345 Instrumentum

150 2357 281 2391 autem
303 2362 383 2391 non
405 2353 595 2400 quaeritur
613 2357 774 2400 propter
809 2353 987 2399 seipsum
1025 2353 1096 2391 sed
1121 2357 1165 2391 ut
1183 2362 1231 2392 eo
1246 2354 1465 2401 principale
1486 2362 1611 2400 agens
1625 2356 1780 2391 utatur:

149 2401 255 2438 unde
273 2404 428 2447 oportet
444 2400 551 2453 quod
571 2401 705 2438 omnis
740 2401 985 2447 operationis
1021 2400 1231 2448 diligentia
1247 2409 1339 2485 guae
1371 2401 1478 2440 circa
1512 2402 1782 2439 instrumenta

152 2447 375 2493 adhibetur,
396 2447 445 2485 ad
464 2447 683 2494 principale
697 2456 821 2495 agens
841 2448 1036 2485 referatur
1052 2449 1157 2486 sicut
1180 2448 1230 2486 ad
1277 2457 1383 2486 nem.
1399 2447 1513 2493 Quod
1530 2451 1662 2486 autem
1674 2448 1781 2486 circa

148 2495 367 2542 principale
387 2504 511 2542 agens
531 2495 592 2532 vel
612 2495 661 2532 ab
683 2495 774 2542 ipso
809 2495 870 2532 vel
893 2495 942 2532 ab
963 2495 1043 2533 alio
1063 2494 1291 2541 adhibetur,
1308 2495 1351 2533 in
1371 2498 1564 2542 quantum
1585 2498 1646 2533 est
1669 2494 1780 2541 prin-

152 2542 278 2588 cipale
298 2550 436 2589 agens,
459 2544 618 2588 propter
637 2542 770 2589 ipsum
800 2546 875 2581 est.
901 2542 1178 2590 Disponuntur
1204 2551 1301 2590 ergo
1332 2552 1357 2580 a
1375 2544 1458 2581 Deo
1488 2541 1780 2580 intellectuales

151 2592 340 2627 creaturae
360 2591 474 2636 quasi
497 2592 658 2636 propter
677 2598 721 2628 se
741 2593 980 2637 procuratae,
998 2593 1189 2629 creaturae
1206 2598 1303 2628 vero
1321 2589 1411 2628 aliae
1441 2589 1558 2638 quasi
1586 2588 1636 2626 ad
1662 2587 1780 2626 ratio·

151 2635 262 2672 nales
281 2640 483 2674 creaturas
503 2636 711 2675 ordinatae.

196 2681 339 2733 adhuc,
365 2683 471 2730 quod
495 2683 717 2722 dominium
737 2683 934 2723 suiectus
970 2683 1089 2722 habet
1114 2682 1285 2722 liberum
1307 2686 1370 2723 est
1399 2683 1443 2721 in
1471 2681 1642 2730 agendo.
1664 2680 1780 2720 Liber
1828 2706 1832 2710 ·

151 2735 257 2764 enim
279 2733 338 2765 est
359 2730 425 2776 qui
447 2731 510 2768 sui
532 2739 655 2768 causa
674 2734 761 2776 est;
781 2731 890 2779 quod
916 2734 1050 2769 autem
1069 2731 1242 2778 quadam
1260 2730 1500 2769 necessitate
1518 2729 1567 2767 ab
1599 2728 1679 2766 alio
1698 2730 1780 2776 agi-

150 2776 215 2812 tur
234 2774 283 2811 ad
313 2777 563 2827 ‘operandum
585 2778 765 2816 servituti
799 2779 1022 2826 subjectum
1058 2781 1134 2816 est.
1168 2778 1308 2816 Omnis
1329 2777 1452 2824 igitur
1482 2775 1563 2813 alia
1596 2779 1779 2815 creatura

151 2820 384 2858 naturaliter
403 2823 581 2874 servituti
602 2824 781 2872 subjecta
805 2829 891 2870 est;
913 2825 1003 2864 sola
1031 2833 1127 2864 vero
1160 2823 1445 2862 intellectualis
1478 2825 1622 2861 natura
1652 2823 1774 2866 libera

153 2871 225 2905 est.
247 2869 292 2905 In
312 2868 487 2921 quolibet
507 2874 638 2907 autem
656 2872 851 2918 regimine
871 2872 1009 2910 liberis
1027 2871 1259 2919 providetur
1281 2875 1443 2918 propter
1457 2870 1632 2917 seipsos,
1648 2870 1776 2909 servis

152 2918 282 2953 autem
302 2919 346 2952 ut
364 2918 445 2953 sint
474 2924 516 2953 111
552 2925 667 2954 usum
700 2919 930 2956 liberorum.
951 2920 1014 2957 Sic
1044 2919 1168 2966 igitur
1191 2927 1263 2965 per
1289 2917 1465 2955 divinam
1485 2917 1775 2965 providentiam
