1894 3223
129 103 197 137 354
706 96 792 131 [ΑΒ.
822 96 884 138 ΙΙΙ,
913 95 1013 135 CAP.
1042 94 1185 135 LXXIV.

129 182 236 219 hunc
268 179 449 216 effectum
478 176 542 214 vel
570 176 698 220 illum,
719 178 878 221 propter
905 174 1010 222 quod
1043 179 1104 213 est
1134 175 1372 223 contingens
1410 175 1459 214 ad
1498 177 1745 215 utrumlibet.

130 228 255 274 Magis
290 226 410 271 igitur
442 222 613 269 pertinet
640 222 689 259 ad
720 221 1006 268 providentiam
1042 222 1216 260 divinam
1250 231 1487 261 conservare
1525 223 1745 262 libertatem

130 273 346 311 voluntatis
368 279 486 317 quam
506 268 819 316 contingentiam
839 268 881 305 in
898 269 1147 307 naturalibus
1166 269 1314 308 causis.

177 319 360 363 Amplius,
386 317 433 353 ad
454 315 741 362 providentiam
759 315 932 352 divinam
950 316 1119 362 pertinet
1137 319 1182 353 ut
1210 316 1328 353 rebus
1359 319 1492 354 utatur
1524 318 1744 355 secundum

129 366 293 404 modum
313 373 462 400 earum.
481 362 621 400 Modus
645 367 774 399 autem
795 362 937 409 agendi
959 362 1171 409 cujuslibet
1199 363 1256 399 rei
1285 364 1545 410 consequitur
1575 364 1741 402 formam

129 413 230 459 ejus,
252 420 338 457 quae
359 413 419 447 est
442 409 681 456 principium
713 409 904 454 actionis3
939 409 1066 447 forma
1097 413 1227 446 autem
1256 419 1326 456 per
1349 419 1468 457 quam
1500 411 1583 458 agit
1612 412 1751 448 volun-

129 459 227 496 tarie
249 466 371 504 agens
391 465 473 494 000
495 459 557 494 est
574 456 855 501 determinata3
877 456 959 502 agit
979 456 1083 492 enim
1105 456 1290 494 voluntas
1309 466 1379 503 per
1410 457 1579 495 sormam
1611 468 1748 504 appre-

130 506 298 542 hensam
319 505 367 540 ab
400 503 625 548 intellectu3
649 512 741 540 nam
770 503 918 540 bonum
952 504 1242 549 apprehensum
1273 507 1404 540 movet
1429 504 1673 542 voluntatem
1708 510 1750 542 ut

131 552 216 598 ejtis
250 550 467 597 objectum;
501 550 726 587 intellectus
758 553 888 587 autem
921 559 1002 587 non
1047 550 1164 586 habet
1207 559 1327 588 unam
1371 551 1540 588 sormam
1584 551 1750 590 effectus

131 598 445 638 determinatam,
463 597 532 634 sed
550 597 597 634 de
615 597 768 634 ratione
789 605 862 634 sua
879 600 938 633 est
956 600 999 633 ut
1019 595 1315 633 multitudinem
1337 597 1553 635 formarum
1574 608 1751 645 compre·

131 644 297 689 hendat3
321 647 358 681 et
377 647 537 691 propter
557 644 634 682 hoc
651 643 837 681 voluntas
862 643 1130 683 multiformes,
1159 642 1322 681 effectus
1352 645 1570 690 producere
1602 650 1745 692 potest.

131 693 216 728 Non
250 691 370 736 igitur
402 691 450 727 ad
483 691 677 727 rationem
715 690 972 737 providentiae
1002 690 1171 736 pertinet
1201 691 1307 737 quod
1338 691 1520 728 excludat
1554 692 1750 731 libertatis

129 739 386 776 voluntatem.

178 786 276 824 Item,
317 794 385 830 per
423 784 751 831 gubernationem
787 784 1076 831 cujuscumque
1113 783 1380 830 providentis,
1416 793 1481 822 res
1521 784 1750 831 gubernatae

132 831 382 869 deducuntur
401 831 450 868 ad
469 830 588 868 finem
608 831 931 875 convenientem;
948 831 1054 868 unde
1074 834 1113 868 et
1131 830 1178 868 de
1198 830 1446 877 providentia
1463 830 1595 868 divina
1611 832 1752 878 Grego-

130 879 215 915 rius
235 879 438 925 Nyssenus
472 877 579 923 dicit,
600 879 651 914 De
680 878 830 924 philos„
853 878 878 914 l.
900 887 987 922 vm,
1009 888 1043 915 c.
1065 880 1101 922 2,
1123 877 1230 924 quod
1246 880 1307 915 est
1328 891 1347 911 «
1371 877 1558 916 voluntas
1579 878 1648 916 Dei
1683 888 1752 924 per

133 934 251 972 quam
290 925 425 961 omnia
460 934 547 971 quae
579 928 673 962 sunt
712 925 1013 962 convenientem
1054 924 1333 963 deductionem
1365 925 1620 971 accipiunt».
1643 925 1754 963 Finis

132 975 264 1009 autem
287 971 688 1017 ultimus‘cujuslihet
707 975 895 1009 creaturae
913 975 972 1009 est
990 975 1033 1009 ut
1065 974 1335 1019 consequatur
1361 971 1536 1009 divinam
1570 972 1753 1009 similitu-

133 1018 281 1063 dinem,
303 1018 409 1056 sicut
429 1027 549 1065 supra
570 1019 618 1065 (c.
642 1018 698 1065 17)
720 1022 926 1056 ostensum
958 1022 1031 1062 est,
1052 1021 1161 1056 esset
1193 1018 1317 1066 igitur
1348 1018 1607 1065 providentiae
1641 1028 1755 1065 repu-

132 1073 278 1149 gnans,
301 1066 335 1102 si
355 1065 474 1102 alicui
504 1065 561 1102 rei
594 1065 893 1104 subtraheretur
927 1066 1038 1111 iliud,
1070 1074 1142 1113 per
1171 1065 1279 1113 quod
1310 1066 1538 1113 assequitur
1566 1066 1752 1104 similit-u-

161 1113 265 1149 inem
288 1112 477 1157 divinam,
500 1121 623 1159 agens
643 1116 775 1150 autem
794 1113 1064 1150 voluntarium
1100 1113 1328 1160 assequitur
1358 1112 1533 1150 divinam
1565 1113 1752 1151 similitu-

133 1159 265 1196 dinem
288 1159 329 1195 in
349 1159 439 1203 hoc,
462 1159 566 1205 quod
588 1159 709 1196 libere
744 1159 853 1206 agit:
876 1164 1083 1196 ostensum
1116 1163 1177 1196 est
1208 1159 1314 1196 enim
1346 1159 1388 1197 in
1419 1160 1547 1205 primo
1569 1158 1668 1206 (cap.
1692 1159 1751 1206 88)

133 1205 300 1289 liblerum
323 1205 530 1289 211¹}3ik3trium
549 1206 588 1244 in
610 1208 690 1243 Deo
710 1216 799 1243 esse
823 1218 830 1243 τ
856 1216 934 1243 000
956 1207 1079 1253 igitur
1106 1216 1179 1252 per
1202 1205 1489 1252 providentiam
1520 1206 1754 1253 prohibetur

132 1261 181 1289 vo
202 1252 350 1289 untatis
384 1252 394 1289 i
426 1255 544 1290 ertas.

181 1299 324 1340 Adhuc,
350 1299 598 1345 providentia
630 1303 691 1337 est
718 1299 1022 1346 multiplicative
1053 1300 1248 1337 bonorum
1280 1300 1321 1336 in
1355 1299 1475 1338 rebus
1504 1299 1751 1347 gubernatis.

132 1343 234 1382 Illud
257 1355 350 1392 ergo
371 1355 441 1392 per
460 1346 564 1392 quod
585 1347 708 1383 multa
728 1346 834 1384 bona
854 1347 1180 1384 subtraherentur
1203 1356 1227 1383 a
1259 1346 1378 1384 rebus
1399 1355 1480 1384 non
1510 1348 1680 1393 pertinet
1704 1347 1754 1385 ad

132 1392 435 1437 providentiam.
457 1392 494 1428 Si
520 1397 650 1430 autem
675 1393 837 1430 libertas
855 1394 1070 1431 voluntatis
1091 1393 1308 1437 tolleretur,
1330 1394 1455 1430 multa
1472 1393 1579 1432 hona
1598 1394 1752 1432 subtra—

134 1439 335 1475 herentur.
358 1439 575 1476 Tolleretur
594 1439 700 1477 enim
722 1440 811 1477 laus
828 1440 985 1477 virtutis
1006 1440 1204 1484 humanae,
1227 1448 1314 1486 quae
1335 1440 1446 1477 nulla
1476 1444 1537 1477 est
1563 1441 1598 1478 si
1632 1441 1754 1479 homo

134 1485 255 1521 libere
278 1492 357 1521 non
380 1485 473 1534 agit.
498 1486 717 1524 Tolleretur
737 1487 855 1524 etiam
869 1487 1026 1533 justitia
1045 1486 1290 1533 praemiantis
1310 1490 1350 1523 et
1377 1487 1595 1533 punientis,
1616 1488 1651 1525 si
1671 1497 1754 1526 non

133 1531 256 1568 libere
279 1532 398 1570 homo
420 1537 553 1579 ageret
570 1533 723 1571 bonum
759 1537 797 1570 et
825 1534 988 1579 malum,
1019 1537 1196 1572 cessaret
1226 1532 1344 1571 etiam
1375 1534 1678 1580 circumspectio
1711 1535 1754 1572 in

133 1579 331 1623 consiliis,
353 1589 440 1626 quae
475 1579 521 1616 de
550 1580 613 1618 his
638 1590 726 1627 quae
756 1580 796 1617 in
824 1582 1061 1619 necessitate
1098 1583 1271 1628 aguntur
1301 1581 1447 1618 frustra
1475 1585 1750 1619 tractarentur.

134 1627 245 1709 ffiset
285 1626 406 1672 igitur
446 1629 584 1664 contra
625 1628 881 1674 providentiae
914 1628 1107 1665 rationem
1143 1627 1177 1665 si
1207 1627 1505 1667 subtraheretur
1537 1629 1753 1666 voluntatis

151 1683 161 1708 1
195 1676 313 1709 crtus.

183 1719 278 1755 Hinc
300 1723 360 1756 est
380 1719 484 1767 quod
505 1720 660 1762 dicitur,
684 1721 801 1767 Eccl.,
821 1730 890 1764 xv,
912 1725 955 1759 14
977 1734 984 1758 :
1006 1724 1102 1759 Deus
1118 1722 1163 1759 ab
1185 1723 1289 1758 initio
1306 1724 1492 1759 constituit
1517 1723 1704 1767 hominem,
1721 1726 1755 1759 et

132 1767 281 1811 reliquit
300 1776 378 1802 eum
394 1768 434 1803 in
455 1778 567 1804 manu
587 1768 728 1804 consilii
742 1770 812 1806 sui.
841 1771 885 1805 Et
904 1769 1060 1812 iterum,
1082 1770 1126 1807 18
1146 1780 1156 1806 :
1173 1769 1269 1808 Ante
1288 1768 1463 1805 homiuem
1489 1771 1568 1805 vita
1586 1773 1619 1806 et
1642 1780 1750 1810 mers,

136 1812 267 1848 bonum
288 1816 318 1848 ct
338 1815 498 1858 malum,-
521 1814 617 1860 quod
629 1815 820 1860 placuerit,
843 1815 991 1852 dabitur
1011 1817 1081 1853 illi.

184 1861 255 1895 Per
276 1860 351 1896 hoc
382 1865 511 1898 autem
544 1861 765 1899 excluditur
794 1862 929 1908 opinio
965 1863 1188 1900 Stoicorum
1220 1861 1288 1908 qui
1319 1862 1538 1900 secundum
1572 1863 1751 1901 ordinem

134 1906 341 1951 quemdam
364 1916 573 1945 causarum
607 1908 1026 1956 intransgressibilem,
1048 1917 1164 1956 quem
1196 1908 1316 1946 Graeci
1344 1917 1613 1955 ymarmenem
1639 1919 1752 1947 voca-

133 1951 398 2046 {anhofmia
435 1964 481 1991 ex
515 1956 751 1991 necessitate
781 1956 962 1992 dicebant
996 1956 1216 2001 provenire.
1250 1955 1277 2002 (1
1316 1958 1430 2001 part„
1465 1967 1502 2003 q.
1543 1964 1639 2001 xxii,
1679 1961 1749 1994 art.

178 2008 215 2035 a(
273 2028 279 2035 .

752 2147 920 2188 CAPUT
957 2147 1129 2190 LXXIV.

273 2266 374 2300 QUOD
395 2267 535 2296 DIVINA
559 2266 823 2296 PROVIDENTIA
847 2267 926 2296 NON
944 2267 1136 2298 EXCLUDIT
1159 2269 1368 2300 FORTUNAM
1393 2270 1443 2299 ET
1467 2270 1608 2301 GASUM.

179 2378 232 2416 Ex
252 2376 471 2422 praemissis
493 2376 610 2415 etiam
631 2381 807 2424 apparet,
829 2378 935 2425 quod
961 2378 1094 2417 divina
1125 2379 1372 2426 providentia
1397 2389 1479 2418 non
1509 2380 1708 2419 subtrahit
1725 2389 1752 2420 a

131 2423 248 2475 rebus
272 2423 471 2461 fortunam
490 2426 529 2461 et
557 2432 711 2463 casum.
731 2426 775 2462 In
804 2425 882 2463 his*
904 2425 1010 2463 enim
1042 2435 1129 2474 quae
1158 2427 1200 2464 in
1234 2427 1379 2464 minori
1406 2431 1515 2474 parte
1548 2428 1748 2473 accidunt,

132 2469 318 2522 dicunt-ur
335 2479 423 2508 esse
446 2471 606 2510 fortuna
625 2475 664 2509 et
681 2480 814 2510 casus
843 2472 881 2510 Si
907 2476 1036 2511 autem
1071 2482 1151 2511 000
1184 2474 1438 2520 provenirent
1469 2474 1602 2521 aliqua
1630 2478 1673 2512 ut
1704 2473 1748 2513 in

131 2525 275 2569 minori
296 2521 418 2570 parte,
442 2518 578 2556 omnia
594 2528 642 2556 ex
663 2519 902 2557 necessitate
922 2520 1159 2558 acciderent.
1182 2523 1279 2558 Nam
1300 2530 1347 2558 ea
1365 2530 1452 2568 quae
1470 2526 1564 2559 sunt
1592 2520 1747 2559 contin-

131 2568 264 2615 genti-a
285 2567 387 2617 utin
406 2564 603 2612 pluribus,
621 2565 663 2604 in
685 2566 762 2604 hoc
783 2566 871 2604 solo
892 2575 916 2604 a
946 2568 1187 2606 necessariis
1220 2567 1422 2613 differunt,
1440 2568 1545 2615 quod
1575 2570 1749 2614 possunt

130 2618 171 2660 in
196 2619 338 2663 minori
359 2615 468 2657 parte
484 2611 665 2652 deficere.
681 2615 795 2652 Esset
813 2617 943 2652 autem
959 2618 1098 2652 contra
1110 2616 1302 2653 rationem
1319 2615 1574 2662 providentiae
1586 2614 1745 2659 divinae‚

131 2664 166 2692 si
188 2665 320 2694 omma
340 2668 386 2696 ex
409 2659 646 2699 necessitate
665 2661 953 2708 contingerent,
976 2665 1019 2700 ut
1036 2666 1242 2700 ostensum
1260 2666 1320 2700 est
1350 2671 1436 2708 cap.
1453 2661 1528 2708 72).
1558 2661 1680 2708 Igitur
1705 2664 1745 2698 et

129 2706 268 2785 contra
296 2705 490 2788 rationlem
519 2706 777 2754 providentiae
806 2708 949 2747 divinae
981 2712 1100 2754 esset,
1132 2709 1166 2747 si
1199 2709 1300 2747 nihil
1359 2711 1440 2746 eret
1459 2708 1664 2745 fortuitum
1708 2710 1746 2745 et

129 2757 249 2786 casua
270 2758 288 2784 e
312 2759 352 2786 m
372 2760 413 2787 re
445 2762 506 2790 us.

131 2842 138 2847 -
175 2796 356 2842 Amplius,
394 2801 531 2837 contra
566 2800 761 2841 rationem
793 2801 1049 2849 providentiae
1082 2806 1203 2848 esset,
1231 2802 1349 2840 sires
1369 2801 1746 2853 providentiaetsuh·

124 2846 237 2889 Jectae
273 2851 354 2882 non
384 2848 546 2891 agerent
564 2851 724 2894 propter
741 2847 892 2896 finem;
919 2857 1009 2888 cum
1029 2849 1284 2897 providentiae
1305 2849 1357 2886 sit
1389 2848 1524 2885 omnia
1555 2848 1739 2886 ordinare
