1894 3223
707 145 797 183 ΗΒ.
824 144 872 190 11,
899 144 1001 181 CAP.
1027 144 1114 181 xxi.
1655 145 1718 180 123

145 230 327 276 Amplius,
362 226 550 275 quicquid
589 230 650 264 est
688 229 894 263 causatum
930 225 1148 264 secuudum
1187 224 1361 272 aliquam
1398 228 1593 269 naturam,
1630 233 1711 261 non

100 280 231 324 potest
251 285 339 314 esse
357 275 483 328 prima
514 273 761 311 causaillius
792 277 957 315 naturae,
998 273 1067 310 sed
1100 272 1276 310 secunda
1307 275 1344 309 et
1376 271 1708 309 instrumentalis.

104 325 288 362 Socrates
309 321 539 369 en1m‚quia
553 320 669 358 habet
691 329 773 358 suae
787 320 1047 357 humanitatis
1059 329 1236 364 causam,
1251 327 1331 356 non
1347 322 1578 365 potestesse
1591 319 1718 368 prima

102 369 361 409 humanitatis
394 378 536 413 causa;
569 368 676 415 quia,
699 377 790 404 cum
820 367 1048 404 humanitas
1081 376 1155 404 sua
1189 367 1242 404 sit
1274 366 1322 403 ab
1355 365 1489 413 aliquo
1533 370 1715 410 causata,

104 420 339 465 sequeretur
355 415 461 463 quod
488 419 595 452 esset
621 414 817 460 suiipsius
838 423 974 457 causa,
993 423 1082 451 cum
1104 415 1155 451 sit
1173 414 1211 450 id
1233 413 1339 461 quod
1359 417 1420 450 est
1440 422 1507 458 per
1529 413 1717 450 humani-

102 468 244 508 tatem;
264 467 302 500 et
322 463 411 500 ideo
431 466 586 509 oportet
605 461 710 509 quod
730 470 927 508 generans
950 462 1162 498 univocum
1191 461 1243 498 sit
1268 461 1382 508 quasi
1413 469 1536 507 agens
1568 460 1716 497 instru-

103 511 276 550 mentale
296 514 478 556 respectu
497 510 584 555 ejus
603 518 691 556 quae
713 513 771 546 est
792 517 914 545 causa
934 508 1121 554 primaria
1141 509 1264 546 totius
1286 507 1448 554 speciei.
1473 509 1514 544 Et
1532 507 1623 544 inde
1653 509 1715 545 est

104 558 211 606 quod
232 560 387 605 oportet
404 565 545 594 omnes
563 565 708 594 causas
742 555 953 593 inferiores
984 559 1148 602 agentes
1181 556 1314 592 reduci
1350 555 1389 591 in
1423 563 1565 592 causas
1599 563 1717 600 supe·

104 605 247 650 rioreS,
269 605 373 642 sicut
392 603 718 641 instrumentales
740 603 780 639 in
796 603 1018 649 primarias.
1041 603 1180 640 Omnis
1213 605 1344 640 autem
1379 601 1458 638 alia
1491 601 1716 638 substantia

105 656 247 699 praeter
265 653 387 689 Deum
408 655 469 689 est
498 654 661 688 causata
682 651 722 686 in
753 655 944 696 quantum
976 650 1093 687 habet
1123 659 1212 686 esse
1245 653 1451 686 causatum
1484 649 1532 686 ab
1565 648 1658 693 alio,
1678 652 1720 686 ut

107 708 229 746 supra
249 699 456 745 probatum
478 702 552 735 est.
574 696 825 744 Impossibile
844 701 904 734 est
922 697 1042 743 igitur
1069 697 1174 743 quod
1208 696 1261 733 sit
1290 705 1412 733 causa
1442 696 1615 737 essendi,
1639 695 1718 733 nisi

106 747 212 784 sicut
231 745 546 784 instrumentalis
573 749 610 782 et
639 753 763 791 agens
795 745 833 780 in
867 744 1008 780 virtute
1041 743 1218 780 alterius.
1243 745 1554 780 Instrumentum
1585 747 1718 780 autem

107 801 312 841 nunquam
345 792 554 830 adhibetur
584 792 663 829 nisi
697 791 745 828 ad
780 791 1025 828 causandum
1055 790 1206 836 aliquid
1239 790 1442 842 perviam
1473 794 1620 827 motus.
1652 791 1718 827 Est

107 840 214 878 enim
238 840 337 877 ratio
359 839 612 877 instrumenti
633 839 736 885 quod
758 838 809 875 sit
830 846 993 875 movens
1015 841 1186 880 mo'tum3
1205 840 1353 874 creatio
1386 841 1515 874 autem
1548 846 1628 874 non
1659 840 1720 874 est

105 890 254 932 motus,
277 890 317 970 tlit
356 890 563 970 ogtensum
596 891 656 924 est
687 885 736 933 (c.
772 884 845 932 ¹7).
869 884 985 922 Nulla
1014 884 1136 932 igitur
1164 883 1388 922 substantia
1422 888 1561 930 praetcr
1595 886 1718 921 Deum

134 937 237 972 otest
257 944 278 971 a
298 934 376 980 iqui
427 942 574 971 creare.

105 943 130 981 p
153 982 254 1021 Item,
271 981 578 1018 instrumentum
600 979 809 1016 adhibetur
824 981 982 1024 propter
1001 978 1319 1015 convenientiam
1335 977 1419 1023 ejus
1434 987 1523 1015 cum
1540 982 1716 1024 causato,

107 1031 152 1065 ut
171 1028 224 1066 sit
244 1027 417 1064 medium
439 1027 542 1063 inter
560 1035 720 1063 causam
743 1025 910 1071 primam
929 1028 967 1062 et
986 1029 1208 1069 causatum,
1232 1029 1270 1061 et
1289 1025 1456 1071 attingat
1493 1030 1718 1072 utrumque,

107 1078 146 1112 et
166 1075 225 1112 sic
244 1073 451 1111 influentia
471 1073 587 1120 primi
621 1073 821 1119 perveniat
851 1072 899 1109 ad
932 1076 1138 1109 causatum
1174 1082 1242 1118 per
1261 1072 1584 1109 instrumentum.
1612 1073 1719 1109 Unde

107 1124 262 1168 oportet
280 1120 385 1167 quod
407 1120 459 1158 sit
479 1120 628 1167 aliquid
647 1120 843 1165 recipiens
864 1119 991 1165 primo
1013 1119 1276 1163 influentiam,
1299 1119 1340 1155 in
1360 1128 1406 1156 eo
1425 1119 1529 1166 quod
1564 1129 1632 1164 per
1662 1120 1721 1155 in-

107 1172 373 1206 strumentum
396 1171 602 1211 causatur;
624 1167 729 1214 quod
761 1170 821 1204 est
849 1170 987 1204 contra
1018 1167 1213 1204 rationem
1246 1166 1474 1210 creationis,
1496 1175 1588 1203 nam
1620 1166 1720 1203 nihil

105 1214 392 1262 praesupponit.
413 1214 662 1261 Relinquitur
691 1214 824 1261 igitur,
853 1214 958 1260 quod
992 1213 1092 1250 nihil
1125 1213 1233 1250 aliud
1265 1217 1405 1259 praeter
1435 1215 1558 1250 Deum
1591 1217 1722 1260 potest

107 1271 258 1307 creare,
278 1271 406 1309 neque
433 1262 537 1299 sicut
557 1261 774 1307 principale
795 1270 932 1307 agens,
955 1270 1082 1308 neque
1101 1261 1205 1298 sicut
1225 1261 1549 1298 instrumentum.

155 1311 348 1354 Praeterea,
379 1317 497 1346 omne
528 1317 654 1355 agens
686 1308 989 1345 instrumentale
1024 1308 1231 1355 exequitur
1259 1308 1455 1345 actionem
1492 1307 1722 1353 principalis

108 1357 269 1404 agentis
301 1365 372 1403 per
403 1356 576 1403 aliquam
609 1355 805 1393 actionem
838 1355 1037 1401 propriam
1067 1359 1106 1391 et
1143 1355 1442 1392 connaturalem
1476 1355 1579 1399 sihi;
1620 1355 1723 1392 sicut

109 1403 219 1441 calor
239 1402 434 1441 naturalis
452 1406 616 1450 generat
634 1412 793 1440 carnem
825 1402 1081 1440 dissolvendo
1113 1406 1150 1438 ct
1179 1403 1409 1449 digerendo,
1429 1405 1464 1439 et
1494 1411 1605 1440 serra
1634 1411 1723 1447 ope-

108 1455 218 1488 ratur
238 1450 287 1488 ad
306 1450 518 1488 factionem
539 1450 707 1495 scamni,
728 1449 915 1487 secando.
938 1449 974 1486 Si
997 1449 1118 1495 igitur
1134 1449 1262 1496 aliqua
1287 1454 1428 1486 natura
1448 1449 1499 1486 sit
1520 1459 1606 1495 quae
1628 1458 1720 1494 ope-

110 1501 221 1534 ratur
238 1498 285 1534 ad
319 1497 574 1541 creationem,
597 1497 701 1534 sicut
735 1497 1042 1533 instrumentum
1075 1497 1192 1541 primi
1222 1497 1408 1541 creantis,
1430 1500 1584 1542 oportet
1614 1495 1720 1542 quod

112 1544 189 1581 hoc
210 1548 395 1590 operetur
423 1553 492 1590 per
516 1544 688 1590 aliquam
721 1544 917 1580 actionem
948 1543 1119 1580 debitam
1142 1547 1179 1580 et
1212 1544 1411 1589 propriam
1444 1553 1526 1581 suae
1557 1547 1721 1580 naturae.

111 1590 283 1629 Effectus
301 1594 431 1628 autem
452 1591 699 1637 respondens
720 1591 867 1627 actioni
897 1590 1065 1636 propriae
1086 1591 1338 1627 instrumenti
1360 1594 1420 1628 est
1445 1591 1553 1636 prior
1583 1590 1624 1626 in
1657 1590 1723 1627 via

111 1638 385 1684 generationis
405 1647 522 1685 quam
541 1637 705 1674 eisectus
723 1637 970 1683 respondens
990 1637 1198 1683 principali
1222 1637 1376 1684 agenti;
1398 1647 1446 1674 ex
1475 1646 1553 1684 quo
1586 1646 1722 1684 prove-

111 1685 171 1722 nit
202 1685 308 1732 quod
339 1685 467 1731 primo
498 1685 629 1732 agenti
659 1684 759 1725 finis.
783 1684 946 1722 ultimus
978 1684 1204 1730 respondet.
1232 1685 1344 1721 Prior
1375 1685 1481 1721 enim
1512 1688 1572 1722 est
1591 1684 1716 1721 sectio

110 1731 209 1768 lieni
229 1741 345 1779 quam
368 1733 493 1769 forma
512 1732 680 1776 scamni,
702 1735 739 1768 et
759 1731 929 1778 digestio
951 1731 1028 1768 cibi
1058 1741 1174 1778 quam
1209 1732 1413 1778 generatio
1434 1732 1581 1769 carnis.
1605 1732 1724 1777 Opor-

109 1759 208 1831 teffiit
226 1779 347 1826 igitur
362 1778 515 1831 aliquid
533 1788 622 1831 esse
641 1778 823 1830 effectum
847 1788 916 1825 per
947 1780 1147 1824 propriam
1179 1779 1450 1824 operationem
1483 1779 1721 1815 instrumen-

109 1826 202 1863 talis
222 1829 407 1870 creantis,
429 1825 536 1872 quod
556 1829 609 1863 sit
640 1834 751 1871 prius
781 1826 820 1862 in
848 1825 911 1862 via
939 1825 1209 1871 generationis
1239 1835 1357 1872 quam
1391 1835 1494 1869 esse,
1519 1826 1623 1872 quod
1660 1829 1721 1863 est

109 1872 274 1910 effectus
293 1873 540 1919 respondens
565 1873 711 1910 actioni
730 1872 845 1918 primi
867 1873 1053 1909 creantis.
1076 1874 1155 1909 Hoc
1185 1876 1315 1910 autem
1348 1876 1409 1910 est
1436 1872 1686 1918 impossibile
1709 1884 1719 1910 ε

109 1928 200 1957 nam
219 1923 367 1967 quanto
389 1919 538 1967 aliquid
556 1923 617 1957 est
633 1920 900 1964 communius,
920 1923 1029 1957 tanto
1050 1925 1111 1957 est
1130 1919 1240 1966 prius
1264 1920 1305 1956 in
1337 1920 1401 1957 via
1432 1920 1718 1966 generationis,

109 1967 214 2004 sicut
233 1967 344 2014 prius
381 1971 442 2004 est
469 1967 617 2004 animal
648 1976 765 2014 quam
797 1967 916 2004 homo
947 1967 988 2003 in
1019 1967 1275 2012 generatione
1304 1967 1494 2011 hominis,
1519 1971 1559 2004 ut
1587 1967 1721 2004 Philo-

109 2014 262 2066 sophus
281 2013 376 2052 dicit
393 2014 435 2051 in
452 2014 554 2052 libro
567 2015 619 2050 De
637 2015 864 2059 perieratione
883 2014 1111 2050 animalium.
1129 2014 1381 2060 Impossibile
1403 2018 1463 2052 est
1491 2023 1584 2061 ergo
1612 2013 1718 2060 quod

109 2060 244 2144 {inqua
263 2064 445 2099 creatura
464 2064 582 2106 creet,
601 2069 729 2109 neque
750 2061 854 2098 sicut
870 2061 1089 2108 principale
1121 2070 1259 2108 agens,
1281 2070 1409 2109 neque
1440 2062 1724 2099 instrumenta-

126 2111 213 2144 iter.

136 2154 383 2207 ,Itemquod
404 2157 466 2194 est
492 2154 713 2194 secundum
745 2155 919 2202 aliquam
953 2158 1134 2193 naturam
1169 2158 1334 2200 tantum,
1354 2164 1435 2193 non
1467 2159 1598 2202 potest
1631 2164 1722 2193 esse

110 2201 344 2248 simplieiter
375 2202 486 2240 illius
521 2205 671 2240 naturae
706 2212 841 2240 causa.
885 2204 998 2240 Esset
1035 2203 1141 2240 enim
1174 2203 1368 2249 suiipsius
1413 2212 1548 2241 causa.
1589 2204 1725 2240 Potest

111 2252 243 2286 autem
263 2257 352 2301 esse
372 2257 494 2287 causa
517 2249 627 2287 illius
648 2253 798 2287 naturae
832 2250 873 2286 in
900 2250 989 2293 hoc,
1011 2249 1116 2287 sicut
1151 2249 1262 2287 Plato
1296 2254 1357 2287 est
1387 2259 1509 2288 causa
1540 2251 1724 2287 humanae

111 2298 263 2333 naturae
294 2304 336 2332 1n
368 2296 541 2341 Socrate,
574 2305 656 2334 non
685 2300 816 2335 autem
849 2296 1095 2343 simpliciter,
1117 2305 1163 2334 eo
1183 2297 1289 2344 quod
1318 2298 1404 2343 ipse
1425 2301 1485 2334 est
1507 2301 1662 2334 creatus
1683 2297 1725 2333 in

111 2342 288 2380 humana
307 2346 460 2380 natura.
492 2343 605 2387 Quod
634 2347 764 2381 autem
795 2347 855 2381 est
884 2352 1006 2381 causa
1038 2343 1208 2390 alicujus
1237 2344 1279 2381 in
1310 2344 1386 2381 hoc
1413 2348 1473 2381 est
1503 2343 1724 2380 attribuens

113 2392 296 2426 naturam
318 2399 569 2427 communem
591 2390 723 2435 alicui,
738 2400 808 2437 per
827 2391 932 2438 quod
947 2390 1199 2437 specificatur
1213 2391 1274 2428 vel
1290 2391 1561 2428 individuatur
1583 2401 1593 2425 ε
1617 2388 1723 2436 quod

111 2444 195 2473 non
212 2439 342 2482 potest
361 2445 451 2474 esse
470 2446 540 2482 per
559 2438 816 2481 creationem,
838 2447 926 2485 quae
944 2438 1045 2474 nihil
1067 2437 1340 2483 praesupponit
1359 2438 1423 2474 cui
1445 2436 1595 2484 aliquid
1615 2436 1721 2473 attri-

110 2481 256 2520 buatur
275 2492 344 2529 per
367 2483 578 2536 actionem.
600 2484 853 2530 Impossibile
885 2486 946 2524 est
977 2484 1099 2532 igitur
1127 2483 1289 2531 aliquod
1318 2492 1390 2523 ens
1423 2488 1600 2523 creatum
1633 2491 1724 2522 esse

111 2538 275 2568 causam
295 2530 459 2568 alterius
478 2539 548 2577 per
563 2530 819 2570 creationem.
1596 2560 1609 2567 ,

159 2577 343 2623 Amplius,
382 2585 473 2615 cum
507 2585 625 2614 omne
657 2587 780 2625 agens
808 2580 900 2626 agat
929 2577 1151 2616 secundum
1182 2577 1289 2625 quod
1331 2580 1422 2617 actu
1459 2582 1539 2625 est,
1570 2580 1726 2625 oportet

111 2624 276 2663 modum
295 2623 466 2662 actionis
486 2632 576 2662 esse
596 2625 815 2662 secundum
835 2625 996 2662 modum
1017 2628 1128 2662 actus
1149 2624 1277 2671 ipsius
1303 2625 1380 2671 rei;
1413 2626 1518 2664 unde
1551 2626 1724 2664 calidum

113 2671 222 2718 quod
255 2671 384 2718 magis
417 2675 478 2709 est
506 2671 548 2708 in
580 2674 670 2709 actu
701 2672 847 2709 caloris
879 2672 1007 2718 magis
1039 2671 1232 2710 calefacit.
1269 2672 1561 2721 cujuscumque
1602 2673 1725 2720 igitur

112 2721 226 2756 actus
247 2718 531 2756 determinatur
551 2719 600 2756 ad
618 2727 746 2765 genus
766 2723 804 2756 et
827 2718 877 2756 ad
909 2718 1083 2765 speciem
1115 2721 1154 2756 et
1183 2719 1382 2765 accidens,
1415 2720 1501 2768 ejus
1534 2720 1723 2758 virtutem

114 2768 272 2812 oportet
291 2774 380 2803 esse
401 2765 702 2803 determinatam
723 2765 772 2803 ad
792 2764 957 2803 effectus
977 2765 1130 2803 similes
1150 2767 1297 2813 agenti,
1315 2767 1357 2804 in
1377 2771 1568 2814 quantum
1584 2767 1724 2814 hujus-

114 2812 238 2858 modi,
258 2822 306 2849 ex
325 2822 372 2850 eo
393 2813 499 2861 quod
520 2822 638 2850 omne
659 2822 783 2859 agens
802 2813 884 2858 agit
903 2812 980 2851 sibi
1001 2813 1146 2851 simile.
1165 2814 1273 2852 Nihil
1302 2817 1433 2852 autem
1465 2815 1571 2862 quod
1604 2814 1723 2852 hahet

114 2866 221 2912 esse·
243 2859 548 2913 determinatum
579 2864 711 2907 potest
742 2869 833 2898 esse
874 2859 1030 2913 simile·
1051 2859 1209 2899 effectui
1250 2861 1428 2908 ejusdem
1472 2862 1631 2910 generis
1662 2859 1723 2897 vel

115 2913 278 2954 speciei,
297 2916 378 2947 nisi
410 2907 632 2948 secundum
660 2908 856 2948 rationem
896 2916 1056 2957 generis
1084 2908 1147 2947 vel
1174 2908 1336 2958 speciei.
1369 2910 1468 2948 Nam
1502 2909 1721 2948 secundum
