1894 3223
641 155 728 191 LlB.
756 154 805 197 11,
831 154 933 190 CAP.
962 153 1122 191 LXXXII.
1611 156 1680 192 2⁶23

61 240 156 275 sunt
185 236 516 274 individuationis
542 235 751 282 principia,
784 244 864 272 non
885 239 1015 272 autem
1038 242 1206 278 sensus3
1229 233 1335 281 quod
1353 234 1493 271 exinde
1519 237 1680 281 apparet

59 284 152 331 quia
174 292 320 321 sensus
341 287 401 320 est
417 283 732 330 particularium,
755 282 981 319 intellectus
1001 291 1093 319 vero
1119 281 1418 318 universalium.
1444 282 1551 318 Unde
1576 285 1679 328 patet

61 331 166 378 quod
200 339 345 368 sensus
377 331 583 376 patiuntur
609 339 632 366 a
661 330 780 366 rebus
812 329 1030 366 secundum
1063 329 1168 375 quod
1202 333 1296 365 sunt
1324 329 1363 365 in
1386 330 1564 371 materia,
1598 338 1678 366 non

60 382 191 415 autem
225 378 464 422 intellectus,
486 376 555 414 sed
585 376 805 414 secundum
826 376 931 423 quod
953 379 1046 413 sunt
1069 376 1288 413 abstractae.
1310 376 1449 413 Passio
1478 376 1599 422 igitur
1618 377 1679 413 in·

61 424 244 462 tellectus
266 428 325 461 est
342 424 492 476 absque
511 423 676 460 materia
695 423 906 469 corporali,
926 431 1005 460 non
1027 427 1155 459 autem
1178 423 1312 468 passio
1330 431 1489 460 sensus.

107 472 253 512 Adhuc,
290 471 434 509 diversi
467 480 613 508 sensus
644 474 738 508 sunt
758 470 969 516 perceptivi
1004 469 1248 506 diversorum
1285 470 1553 514 sensibilium,
1575 469 1681 507 sicut

60 518 174 556 visus
196 519 390 559 colorum,
408 518 569 555 auditus
589 526 796 556 sonorum.
819 519 906 554 Haec
926 520 1056 554 autem
1078 517 1286 554 diversitas
1307 517 1516 554 manifeste
1537 527 1583 553 ex
1604 516 1682 554 dis-

60 565 264 619 positione
284 574 526 613 organorum
549 565 705 602 diversa
725 565 946 611 contingit3
966 573 1056 600 nam
1079 572 1272 611 organum
1292 564 1403 601 visus
1421 567 1574 610 oportet
1590 572 1679 602 esse

60 621 104 651 in
124 613 302 659 potentia
321 613 369 649 ad
391 621 532 650 omnes
553 612 723 656 colores,
744 621 938 658 organum
965 611 1125 648 auditus
1157 611 1204 647 ad
1226 619 1365 648 omnes
1380 620 1530 650 sonos.
1550 611 1588 648 Si
1611 620 1680 648 au-

62 662 142 697 tem
170 659 254 697 haec
285 661 459 705 receptio
485 660 596 696 fieret
616 659 765 711 absque
796 667 947 705 organo
970 657 1179 704 corporali,
1211 657 1346 694 eadem
1377 658 1554 704 potentia
1574 659 1681 695 esse‘t

62 707 244 744 omnium
268 707 520 744 sensibilium
537 711 786 752 susceptiva3
808 715 898 742 nam
916 705 1040 742 virtus
1061 704 1332 742 immaterialis
1353 713 1395 742 se
1416 705 1533 742 habet
1549 714 1681 752 aequa·

62 753 166 797 liter,
188 758 379 801 quantum
401 754 448 791 de
467 763 510 790 se
531 758 604 798 est,
627 755 672 790 ad
693 762 832 789 omnes
864 751 1095 798 hujusmodi
1117 751 1328 798 qualitates
1345 763 1354 796 ;
1374 752 1478 788 unde
1508 752 1683 790 intellec·

63 803 142 844 tus,
165 801 231 848 qui
253 810 334 838 non
356 802 479 838 utitur
503 809 653 847 organo
674 800 884 846 corporali,
906 799 1042 836 omnia
1061 798 1270 835 sensibilia
1290 799 1511 845 cognoscit.
1529 799 1680 836 Sentire

64 847 186 895 igitur
203 856 282 885 non
305 847 346 885 fit
361 848 511 895 absque
530 856 681 894 organo
703 855 907 894 corporeo.
1253 893 1258 898 ·
1294 892 1300 898 ·
1327 893 1332 898 .

111 896 302 938 Praeterea,
335 904 481 932 sensus
513 894 779 940 corrumpitur
808 893 856 930 ab
888 892 1122 929 excellentia
1153 892 1419 937 sensibilium,
1448 902 1528 930 non
1549 896 1679 930 autem

64 941 319 984 intellectus;
353 942 447 988 quia
469 942 535 988 qui
569 941 754 987 intelligit
772 940 914 977 altiora
936 939 1248 986 intelligibilium
1278 948 1357 976 non
1380 940 1514 977 minus
1537 941 1682 986 poterit

65 988 144 1025 alia
161 989 372 1035 speculari,
394 988 464 1025 sed
485 988 628 1035 magis.
647 987 817 1024 Alterius
835 987 956 1034 igitur
975 987 1134 1033 generis
1156 990 1214 1023 est
1237 987 1373 1032 passio
1394 996 1539 1024 sensus
1558 997 1580 1024 a
1595 996 1683 1024 sen-

65 1035 187 1079 sibili,
208 1039 246 1072 et
265 1036 490 1073 intellectus
511 1035 559 1072 ab
580 1034 848 1080 iiitelligibi113
871 1033 1097 1071 intellectus
1116 1033 1274 1080 quidem
1298 1034 1432 1079 passio
1453 1034 1496 1070 sit
1529 1034 1679 1080 absque

65 1090 218 1128 organo
238 1082 435 1127 corporali
455 1092 464 1126 3
486 1082 622 1128 passio
652 1089 745 1118 vero
765 1090 911 1118 sensus
941 1089 1028 1117 cum
1052 1089 1204 1127 organo
1222 1081 1433 1127 corporali,
1455 1080 1569 1127 cujus
1589 1081 1678 1118 har-

64 1129 203 1166 monia
223 1129 391 1166 solvitur
408 1137 479 1175 per
498 1128 751 1166 sensibilium
772 1128 1062 1165 excellentiam.

113 1175 226 1220 Quod
255 1179 386 1213 autem
418 1176 528 1213 Plato
548 1175 646 1212 dixit
667 1175 731 1222 (De
750 1175 835 1220 leq„
854 1175 894 1221 x)
916 1174 1090 1212 animam
1121 1182 1211 1211 esse
1231 1178 1454 1211 moventem
1492 1174 1682 1221 seipsam,

64 1226 216 1262 certum
237 1231 326 1260 esse
344 1222 498 1260 videtur
517 1232 565 1260 ex
584 1222 660 1259 hoc
678 1222 784 1269 quod
805 1231 899 1268 erga
918 1231 1085 1268 corpora
1105 1225 1277 1268 apparet.
1292 1222 1451 1258 Nullum
1472 1221 1576 1259 enim
1596 1231 1682 1260 cor-

63 1277 141 1317 pus
171 1269 326 1307 videtur
359 1279 532 1314 movere,
552 1270 631 1306 nisi
655 1270 708 1306 sit
733 1273 884 1306 motum
905 1280 913 1313 ;
935 1269 1040 1306 unde
1060 1268 1170 1306 Plato
1190 1269 1362 1314 ponebat
1379 1277 1496 1306 omne
1517 1278 1681 1307 movens

64 1317 214 1354 moveri
232 1328 242 1362 ;
263 1321 314 1361 et,
348 1317 443 1364 quia
474 1325 554 1354 non
575 1317 655 1354 itur
673 1316 714 1353 in
735 1316 934 1353 infinitum
956 1319 1000 1353 ut
1028 1316 1340 1363 unumquodque
1360 1320 1512 1353 motum
1533 1317 1581 1354 ab
1602 1316 1682 1354 alio

64 1368 283 1409 moveatur,
312 1364 486 1411 ponebat
511 1364 683 1410 primum
714 1372 879 1400 movens
910 1363 951 1400 in
973 1372 1214 1410 unoquoque
1235 1363 1374 1400 ordine
1400 1372 1559 1400 movere
1583 1364 1685 1410 seip-

65 1419 170 1448 sum.
204 1412 247 1448 Et
278 1420 326 1448 ex
357 1411 433 1448 hoc
463 1410 703 1458 sequebatur
729 1411 916 1455 animam,
939 1419 1026 1457 quae
1048 1413 1108 1447 est
1127 1410 1299 1457 primum
1319 1419 1484 1448 movens
1505 1410 1546 1447 in
1566 1411 1682 1447 moti-

65 1457 143 1496 bus
163 1458 410 1502 animalium,
433 1466 522 1496 esse
546 1458 696 1504 aliquid
718 1467 882 1494 movens
904 1459 1097 1504 seipsum.

114 1505 195 1541 Hoc
215 1508 346 1542 autem
366 1508 472 1550 patet
492 1513 581 1542 esse
601 1505 746 1541 falsum
767 1504 989 1550 dupliciter.
1011 1504 1144 1541 Primo
1162 1503 1338 1551 quidem,
1359 1504 1454 1551 quia
1473 1504 1682 1550 probatum

67 1554 128 1589 est
148 1551 230 1598 (lib.
251 1560 280 1595 1,
301 1561 336 1589 c.
359 1551 417 1599 13)
437 1551 543 1598 quod
563 1560 681 1588 omne
702 1551 806 1598 quod
823 1554 1003 1588 movetur
1014 1560 1084 1597 per
1098 1559 1155 1595 se,
1169 1554 1229 1588 est
1243 1551 1546 1597 corpus3unde,
1560 1560 1682 1599 quum

67 1599 201 1636 anima
227 1606 308 1635 non
341 1598 394 1635 sit
421 1606 582 1645 corpus,
613 1598 862 1644 impossibile
884 1601 943 1634 est
965 1598 1093 1643 ipsam
1113 1598 1261 1634 moveri
1293 1598 1372 1634 nisi
1393 1607 1462 1644 per
1482 1599 1682 1636 accidens.

67 1644 264 1690 Secundo,
297 1646 404 1692 quia,
439 1654 558 1692 quum
584 1653 749 1682 movens
781 1645 822 1682 in
853 1648 1044 1691 quantum
1076 1643 1303 1691 hujusmodi
1326 1645 1378 1681 sit
1404 1649 1508 1691 actu,
1531 1649 1684 1683 motum

67 1696 197 1730 autem
232 1692 272 1729 in
304 1695 495 1744 quantum
531 1692 759 1738 hujusmodi
791 1693 844 1729 sit
870 1692 911 1728 in
940 1692 1130 1738 potentia,
1152 1692 1252 1728 nihil
1279 1695 1411 1729 autem
1440 1697 1570 1739 potest
1592 1701 1682 1731 esse

66 1738 288 1777 secundum
321 1739 425 1776 idem
450 1742 539 1776 actu
559 1743 595 1775 et
623 1738 814 1785 potentia,
845 1738 1096 1784 impossibile
1117 1739 1191 1775 erit
1210 1739 1314 1785 quod
1336 1739 1440 1775 idem
1462 1740 1684 1778 secundum

65 1786 170 1823 idem
200 1786 253 1824 sit
277 1794 442 1823 movens
474 1789 512 1822 et
530 1789 679 1823 motum
701 1797 709 1829 ;
737 1785 804 1823 sed
827 1789 994 1832 oportet,
1015 1785 1050 1822 si
1072 1785 1221 1832 aliquid
1241 1786 1386 1823 dicitur
1405 1786 1582 1832 seipsum
1603 1795 1686 1825 mo·

64 1841 177 1877 vens,
210 1833 315 1880 quod
339 1841 419 1870 una
441 1841 533 1879 pars
553 1833 640 1879 ejus
660 1833 713 1870 sit
741 1841 906 1870 movens
927 1835 965 1869 et
984 1832 1062 1869 alia
1080 1841 1172 1878 pars
1189 1832 1241 1869 sit
1260 1836 1392 1878 mota3
1414 1836 1453 1870 et
1470 1834 1546 1870 hoc
1563 1834 1684 1872 modo

64 1879 211 1917 dicitur
230 1880 378 1917 animal
395 1888 554 1917 movere
575 1880 766 1926 seipsum,
788 1880 883 1927 quia
900 1879 1033 1916 anima
1053 1883 1114 1916 est
1132 1888 1297 1917 movens
1315 1883 1353 1916 et
1371 1889 1517 1927 corpus
1533 1885 1686 1919 estmo-

63 1930 162 1965 tum.
184 1926 257 1964 Sed
278 1927 373 1974 quia
392 1927 502 1964 Plato
522 1927 695 1964 animam
716 1936 797 1964 non
816 1926 989 1973 ponebat
1005 1935 1095 1964 esse
1115 1935 1274 1973 corpus,
1296 1927 1387 1964 licet.
1407 1932 1584 1965 uteretur
1612 1937 1685 1965 no-

64 1974 172 2011 mine
205 1977 338 2011 motus
373 1974 440 2021 qui
460 1974 618 2020 proprie
638 1983 849 2020 corporum
872 1979 944 2017 est,
970 1982 1051 2010 non
1070 1977 1203 2011 tamen
1233 1974 1309 2011 hoc
1329 1974 1376 2011 de
1396 1979 1506 2012 motu
1526 1975 1686 2022 proprie

65 2020 171 2059 dicto
189 2020 450 2067 intelligebat,
472 2021 542 2058 sed
576 2021 795 2068 accipiebat
814 2024 965 2058 motum
986 2021 1241 2058 communius
1260 2030 1331 2067 pro
1352 2022 1526 2068 qualibet
1547 2031 1686 2069 opera-

63 2068 190 2112 tione,
223 2072 340 2114 prout
371 2068 489 2105 etiam
517 2068 751 2106 Aristoteles
783 2067 879 2105 dicit
898 2068 962 2114 (De
980 2069 1116 2108 anima,
1137 2076 1196 2112 111,
1217 2071 1311 2105 text.
1330 2078 1474 2106 comm.
1495 2069 1557 2116 28)
1577 2069 1685 2117 quod

65 2115 214 2153 sentire
234 2118 273 2152 et
291 2115 514 2162 intelligere
535 2118 629 2152 sunt
648 2118 781 2153 motus
801 2114 959 2162 quidam
979 2126 988 2159 ;
1009 2115 1068 2153 sic
1087 2118 1218 2153 autem
1239 2118 1373 2153 motus
1390 2125 1472 2153 non
1493 2120 1553 2153 est
1572 2120 1684 2154 actus

65 2161 274 2199 existentis
308 2161 348 2198 in
380 2162 570 2208 potentia,
605 2162 675 2199 sed
707 2166 820 2200 actus
839 2162 1016 2208 perfecti.
1048 2162 1171 2207 Unde,
1193 2171 1314 2209 quum
1335 2163 1490 2200 dicebat
1510 2163 1683 2201 animam

64 2216 224 2247 movere
256 2208 445 2255 seipsam,
478 2209 709 2246 intendebat
742 2218 809 2255 per
840 2210 917 2246 hoc
938 2208 1068 2246 dicere
1086 2208 1192 2256 quod
1212 2210 1301 2255 ipsa
1328 2214 1514 2256 operatur
1534 2210 1685 2257 absque

65 2255 311 2294 adminiculo
331 2256 525 2302 corporis,
547 2265 568 2293 e
589 2256 788 2294 contrario
809 2256 845 2293 ei
866 2256 971 2303 quod
995 2256 1137 2293 accidit
1152 2256 1195 2293 in
1215 2256 1306 2294 aliis
1320 2257 1474 2300 formis,
1497 2266 1584 2304 quae
1603 2265 1684 2294 non

67 2305 192 2348 agunt
216 2302 367 2349 absque
384 2303 551 2340 materia
568 2315 578 2347 ;
600 2312 682 2340 non
704 2303 811 2340 enim
828 2304 938 2340 calor
958 2303 1139 2340 calefacit
1155 2303 1382 2349 separatim,
1404 2304 1473 2341 sed
1489 2304 1679 2348 calidum,

67 2356 116 2385 ex
148 2357 227 2395 quo
255 2349 414 2386 volebat
445 2349 683 2387 concludere
704 2358 862 2387 omnem
883 2349 1056 2386 animam
1076 2349 1264 2387 motivam
1282 2358 1372 2388 esse
1392 2350 1655 2387 immortalem
1673 2361 1683 2396 3

64 2403 160 2479 {mtn
194 2395 299 2441 quod
326 2404 396 2441 per
425 2405 469 2433 se
500 2396 620 2433 habet
647 2397 934 2443 operationem,
964 2400 1004 2433 et
1021 2405 1092 2442 per
1110 2404 1154 2433 se
1176 2396 1426 2434 existentiam
1450 2396 1594 2433 habere
1614 2405 1685 2444 po-

83 2450 126 2478 es
148 2469 157 2478 .

113 2487 186 2526 Sed
213 2487 295 2535 jam
327 2490 536 2525 ostensum
568 2491 630 2526 est
646 2489 751 2536 quod
772 2489 950 2535 operatio
969 2489 1112 2525 animae
1130 2487 1311 2533 brutalis,
1333 2498 1420 2535 quae
1441 2492 1502 2526 est
1521 2489 1684 2536 sentire,

65 2543 149 2573 non
178 2538 310 2582 potest
341 2543 430 2572 esse
452 2535 540 2572 sine
569 2544 747 2581 corpore.
770 2536 890 2573 Multo
910 2538 1042 2572 autem
1062 2536 1190 2581 magis
1212 2535 1288 2572 hoc
1304 2539 1464 2582 apparet
1485 2536 1526 2573 in
1545 2545 1684 2582 opera·

65 2582 177 2620 tione
209 2582 310 2628 ejus,
343 2581 448 2628 quod
481 2584 542 2618 est
570 2585 779 2627 appetere;
800 2590 892 2619 nam
913 2582 1048 2618 omnia
1067 2591 1154 2628 quae
1174 2581 1223 2619 ad
1243 2583 1459 2628 appetitum
1483 2584 1685 2623 sensitivae

64 2629 191 2676 partis
222 2629 434 2675 pertinent,
457 2627 668 2666 manifeste
701 2637 791 2665 cum
820 2628 1151 2666 transmutatione
1182 2628 1317 2676 aliqua
1345 2630 1524 2676 corporis
1555 2629 1683 2675 fiunt:

63 2675 172 2714 unde
193 2679 232 2713 et
248 2675 461 2722 passiones
480 2675 623 2712 animae
644 2674 843 2712 dicuntur.

114 2723 168 2760 Ex
189 2723 335 2769 quibus
357 2721 538 2769 sequitur
558 2721 664 2768 quod
685 2730 758 2758 nec
783 2722 914 2767 ipsum
934 2729 1092 2758 movere
1120 2721 1174 2758 sit
1192 2722 1370 2768 operatio
1389 2723 1532 2761 animae
1555 2724 1683 2763 sensi·

64 2767 155 2806 tivae
175 2770 326 2816 absque
348 2778 513 2816 organo.
545 2769 630 2805 Non
653 2769 758 2820 enirn
779 2772 908 2820 movet
930 2768 1063 2805 anima
1083 2767 1250 2806 brutalis
1275 2770 1354 2807 nisi
1374 2779 1444 2817 per
1461 2779 1625 2808 sensum
1646 2774 1685 2808 et

67 2816 286 2862 appetitum
305 2828 315 2860 ;
338 2825 431 2854 nam
459 2816 588 2853 virtus
605 2824 692 2862 quae
722 2815 866 2853 dicitur
894 2824 1094 2862 exequens
1113 2819 1263 2853 motum
1282 2816 1376 2855 facit
1397 2817 1574 2855 membra
1594 2827 1684 2855 esse

67 2861 294 2900 obedientia
314 2862 481 2910 imperio
501 2864 723 2909 appetitus;
751 2861 855 2899 unde
875 2862 1004 2910 magis
1028 2865 1122 2900 sunt
1139 2863 1305 2901 virtutes
1323 2863 1574 2911 perficientes
1595 2873 1682 2901 cor-

64 2915 142 2956 pus
162 2908 211 2947 ad
241 2910 392 2948 moveri
417 2918 537 2958 quam
554 2909 720 2948 virtutes
739 2912 959 2948 moventes.
978 2908 1041 2947 Sic
1070 2909 1194 2957 igitur
1210 2914 1318 2958 patet
1336 2911 1442 2959 quod
1462 2911 1573 2948 nulla
1593 2920 1686 2957 ope·
