1894 3223
699 143 787 178 Llss.
817 143 862 182 ΙΙ,
890 142 989 178 CAP.
1017 142 1133 178 XLIV.
1663 147 1724 181 157

98 223 192 263 huic
212 223 367 270 corpori
387 222 490 261 uniri
512 231 592 260 non
614 226 675 260 est
695 223 728 259 ei
749 233 817 269 por
837 233 893 266 sc,
916 224 984 260 sed
1008 233 1076 270 pcr
1093 223 1295 261 accidens.
1319 224 1371 260 Ex
1392 223 1455 261 his
1477 226 1606 262 autern
1637 236 1723 272 qnae.

96 281 169 356 fler
189 271 376 308 accidens
397 271 603 315 uniuntur,
620 279 698 307 non
723 271 885 307 resultat
906 271 1039 323 aliqua
1068 271 1234 317 species,
1269 270 1362 317 quia
1398 279 1476 308 non
1512 270 1556 308 fit
1586 282 1633 309 ex
1667 274 1725 310 eis

128 327 222 355 num
244 327 313 364 per
334 327 376 355 se
398 329 407 362 3
430 326 509 354 non
531 317 635 354 enim
653 320 714 354 est
733 317 866 364 aliqua
884 326 1037 362 species
1055 318 1174 356 homo
1196 318 1311 355 albus
1324 318 1384 354 vel
1401 318 1519 355 homo
1543 320 1723 358 vestitus.

92 365 349 412 ,Relinquitur
366 365 487 411 igitur
506 364 612 411 quod
634 364 754 402 homo
774 373 854 402 non
875 365 926 402 sit
947 365 1079 412 aliqua
1100 366 1268 411 species,
1306 374 1378 402 nec
1402 366 1476 405 sol.
1511 374 1583 403 nec
1617 367 1722 408 luna,

93 421 173 449 ‚nec
194 411 343 458 aliquid
362 411 607 458 hujusmodi.

145 459 328 506 Amplius.
351 468 397 496 ea
417 468 505 505 quse
541 458 588 495 ad
624 458 763 495 merita
799 463 1100 506 consequuntur
1132 463 1301 505 possunt
1335 459 1374 496 in
1412 459 1557 497 mclIus
1587 460 1646 497 vel
1685 461 1727 498 in

98 506 216 554 pejus
243 505 400 543 mutari.
434 505 569 544 Merita
599 509 729 542 autem
761 510 797 542 et
831 506 1021 543 demerita
1054 511 1222 551 possunt
1253 507 1388 553 augeri
1419 507 1477 544 vel
1512 507 1653 552 minui,
1688 513 1726 545 et

101 553 299 600 praecipue
318 553 537 590 secundum
562 553 786 599 origenem,
810 553 875 600 qui
897 553 1050 590 dicebat
1071 554 1236 591 liberum
1259 554 1465 591 arbitrium
1512 554 1725 601 cujuslibet

100 604 289 638 creaturae
305 609 462 646 semper
485 609 575 637 esse
596 600 635 636 in
657 604 862 647 utramque
881 604 1027 646 partem
1051 600 1232 637 flexibile.
1255 601 1291 638 Si
1315 601 1436 647 igitur
1457 601 1589 639 anima
1611 603 1727 639 ratio-

101 647 206 685 nalis
225 647 301 685 hoc
317 656 461 694 corpus
476 651 691 685 consecuta
711 652 770 685 est
783 652 939 693 propter
954 648 1178 694 przcccdens
1191 647 1374 684 moritum
1396 648 1456 684 vel
1474 648 1722 693 demeritum,

102 698 291 748 sequetur
308 694 413 742 quod
436 695 562 742 possit
585 695 725 732 iterum
749 695 935 741 conjungi
956 695 1067 732 alte-ri
1089 695 1242 741 corpori
1264 706 1272 739 ;
1295 699 1332 731 et
1353 703 1430 731 non
1465 696 1593 732 solum
1616 697 1721 743 quod

101 750 235 780 anima
253 742 426 779 humana
446 746 624 780 assumat
643 742 748 779 aliud
767 752 912 788 corpus
935 742 1165 785 humanum,
1188 741 1255 778 scd
1279 742 1396 778 etiam
1415 742 1519 788 quod
1546 748 1724 781 assumat

103 789 341 836 quandoque
361 798 506 836 corpus
523 790 722 827 sidercum
744 803 751 834 ;
773 790 875 836 quod
900 792 959 826 est
980 789 1213 834 (secundnm
1241 789 1521 835 pythagorio-as
1557 790 1722 837 fabulas)

104 836 320 883 quamlibet
341 837 511 873 animam
533 837 736 883 quodlibet
765 846 909 882 corpus
944 836 1110 881 ingredi.
1151 837 1230 871 lloc
1260 839 1404 880 autem,
1438 839 1476 872 et
1505 837 1724 875 secundum

103 883 398 930 philosophiam
415 888 574 930 apparet
587 893 674 921 esse
688 892 911 921 erroneum.
932 883 1150 919 secundum
1167 892 1283 929 quam
1299 883 1569 920 determinatis
1587 885 1725 922 formis

105 934 143 967 et
163 930 385 968 motoribus
405 932 664 977 assignantur
685 930 954 967 determinatae
975 931 1149 967 materiae
1171 933 1206 966 et
1235 929 1495 967 determinata
1527 931 1692 968 mobilia
1716 944 1725 976 ;

105 980 142 1014 et
165 978 382 1014 secundum
407 977 521 1014 {idom
544 977 785 1021 haereticum,
807 986 893 1024 quae
910 977 1081 1014 animam
1099 977 1139 1013 in
1155 977 1562 1015 resurrectioneidem
1581 987 1726 1025 corpus

109 1033 312 1062 resumere
333 1025 520 1071 praedicat
540 1024 643 1070 quod
666 1024 839 1069 deponit.

151 1072 342 1116 Praeterea,
364 1081 485 1118 quum
505 1071 715 1108 multitudo
736 1071 823 1107 sine
857 1070 1083 1108 diversitate
1104 1080 1193 1107 esse
1234 1080 1311 1108 non
1334 1071 1475 1117 possit,
1500 1072 1533 1107 si
1567 1072 1729 1109 suerunt

105 1118 338 1164 aprincipio
359 1123 546 1155 creaturae
569 1119 784 1155 rationales
805 1118 843 1155 in
866 1118 1035 1164 quadam
1067 1118 1319 1154 multitudine
1357 1119 1596 1162 constitutas,
1617 1128 1729 1165 opor-

105 1166 176 1202 tuit
201 1165 240 1201 in
260 1165 318 1202 eis
340 1165 511 1212 aliquam
534 1165 800 1202 diversitatem
829 1165 966 1202 fuisse.
996 1165 1152 1211 Aliquid
1184 1174 1278 1211 ergo
1313 1165 1450 1202 habuit
1482 1174 1562 1202 una
1593 1175 1727 1203 earum

106 1212 210 1259 quod
234 1221 313 1249 non
337 1212 472 1250 habuit
504 1212 644 1256 altera;
676 1216 714 1248 et
734 1213 768 1250 si
805 1213 880 1250 hoc
915 1223 962 1249 ex
991 1212 1216 1249 diversitate
1249 1213 1376 1248 meriti
1415 1221 1494 1248 non
1528 1214 1727 1259 procedat,

106 1260 190 1306 pari
213 1260 364 1296 ratione
386 1269 458 1297 nec
479 1259 551 1297 fuit
573 1269 737 1297 necesse
760 1263 802 1297 ut
824 1259 972 1307 gradus
993 1259 1203 1297 diversitas
1224 1268 1271 1296 ex
1298 1259 1530 1296 meritorum
1563 1260 1728 1297 diversi-

106 1310 184 1344 tate
235 1307 443 1344 roveniret.

154 1316 254 1398 stege,
277 1354 410 1391 omnis
427 1354 630 1392 distinctio
652 1357 720 1391 aut
733 1358 794 1392 est
813 1355 1032 1392 secundum
1051 1353 1287 1390 divisionem
1309 1354 1554 1400 quantitatis,
1575 1364 1662 1401 quae
1691 1355 1728 1390 in

108 1401 208 1440 solis
229 1401 463 1447 corporibus
484 1405 557 1445 est,
577 1402 681 1438 unde
701 1402 740 1438 in
763 1402 999 1439 substantiis
1037 1401 1164 1446 primo
1196 1401 1353 1444 creatis,
1391 1401 1609 1438 secundum
1646 1402 1729 1438 Ori-

109 1457 264 1496 genem,
289 1458 377 1485 esse
398 1458 479 1485 non
503 1449 658 1494 potuit;
681 1453 747 1486 aut
767 1450 987 1486 secundum
1010 1448 1245 1485 divisionem
1269 1448 1489 1492 formalem,
1523 1459 1609 1495 qua]
1644 1449 1729 1485 sine

110 1495 257 1543 gradus
276 1495 501 1533 diversitate
520 1505 608 1533 esse
630 1505 709 1533 non
731 1500 872 1542 potest,
895 1505 1016 1543 quum
1038 1495 1128 1532 talis
1151 1495 1293 1531 divisio
1326 1495 1535 1532 reducatur
1568 1496 1616 1531 ad
1651 1496 1727 1541 pri-

109 1543 306 1580 vationem
329 1546 365 1579 et
386 1543 550 1579 sormam
574 1554 582 1585 ;
607 1546 644 1579 et
663 1543 721 1580 sic
743 1547 895 1588 oportet
915 1543 1019 1590 quod
1042 1543 1163 1580 altera
1186 1542 1402 1579 formarum
1434 1542 1728 1579 condivisarum

112 1590 164 1627 sit
185 1589 380 1626 melioret
402 1590 524 1626 altera
542 1590 658 1626 vilior
681 1602 689 1634 ;
711 1590 828 1631 unde,
855 1590 1074 1627 secundum
1096 1589 1396 1635 Philosophum,
1420 1589 1574 1634 species
1597 1599 1729 1626 rerum

111 1640 204 1674 sunt
226 1636 329 1674 sicut
348 1637 703 1684 numeri,quorum
740 1646 842 1673 unus
868 1637 978 1674 alteri
1010 1636 1117 1674 addit
1149 1639 1216 1673 aut
1248 1636 1404 1673 minuit.
1437 1636 1500 1673 Sic
1531 1636 1663 1682 igitur,
1696 1637 1730 1673 si

111 1684 270 1721 suerunt
291 1693 313 1721 a
333 1684 526 1730 principio
563 1684 696 1720 multae
729 1684 962 1722 substantiae
1002 1683 1216 1721 rationales
1249 1687 1402 1728 creatae,
1438 1686 1592 1730 oportet
1625 1683 1730 1730 quod

113 1731 231 1769 fuerit
252 1731 291 1767 in
316 1731 374 1768 eis
397 1731 544 1777 gradus
562 1731 784 1768 diversitas.

158 1779 257 1818 Item,
281 1778 314 1815 si
337 1781 525 1815 creaturae
545 1778 762 1815 rationales
798 1777 886 1815 sine
914 1777 1148 1824 corporibus
1177 1777 1395 1815 subsistere
1427 1780 1616 1824 possunt,
1649 1786 1728 1815 non

111 1825 186 1863 fuit
203 1825 474 1862 necessarium
496 1829 655 1871 propter
675 1824 830 1862 diversa
850 1825 988 1862 merita
1016 1825 1269 1862 rationalium
1302 1828 1570 1862 creaturarum
1602 1824 1728 1862 diver·

111 1872 269 1910 sitatem
291 1872 328 1908 in
351 1876 492 1910 natura
512 1871 708 1917 corporali
731 1872 883 1909 institui
909 1885 916 1915 ;
937 1872 1042 1919 quia,
1066 1876 1103 1909 et
1133 1872 1220 1910 sine
1249 1872 1476 1909 diversitate
1503 1881 1728 1918 corporum,

109 1922 265 1967 poterat
282 1919 464 1957 diversus
497 1919 645 1966 gradus
680 1919 722 1956 in
754 1919 990 1957 substantiis
1023 1920 1287 1957 rationalibus
1315 1919 1498 1956 inveniri.
1526 1919 1564 1956 Si
1597 1923 1728 1956 autem

110 1969 301 2005 creaturae
322 1966 537 2004 rationales
559 1967 646 2004 sine
671 1967 906 2012 corporibus
927 1967 1145 2004 subsistere
1166 1976 1245 2003 non
1268 1970 1451 2013 possunt,
1470 1975 1564 2013 ergo
1586 1976 1608 2002 a
1628 1967 1727 2012 prin-

112 2013 219 2060 cipio
236 2013 356 2051 simul
379 2023 468 2051 cum
490 2017 669 2051 creatura
689 2014 871 2052 rationali
897 2017 955 2051 est
977 2014 1093 2051 etiam
1112 2018 1290 2051 creatura
1302 2013 1520 2060 corporalis
1534 2013 1731 2051 instituta.

111 2060 234 2107 Major
259 2064 318 2098 est
336 2064 466 2098 autem
487 2061 675 2099 distantia
695 2061 915 2107 corporalis
933 2065 1121 2099 creaturae
1141 2062 1189 2098 ad
1220 2061 1466 2107 spiritualem
1495 2070 1614 2108 quam
1650 2061 1729 2107 spi·

114 2107 316 2145 ritualium
335 2112 602 2145 creaturarum
623 2108 670 2146 ad
692 2108 874 2145 invicem.
891 2108 930 2146 Si
948 2109 1069 2156 igitur
1083 2109 1310 2155 aprincipio
1328 2110 1430 2145 Deus
1448 2112 1527 2145 tam
1543 2117 1728 2155 magnam

115 2154 343 2192 distantiam
364 2155 405 2191 in
427 2155 512 2193 suis
534 2156 724 2193 creaturis
746 2156 918 2193 instituit
934 2156 1085 2203 absque
1104 2156 1304 2203 aliquibus
1325 2155 1478 2193 meritis
1504 2155 1728 2202 praeceden·

113 2201 237 2254 tibus,
257 2210 338 2239 non
357 2203 530 2248 oportuit
551 2203 689 2240 merita
717 2203 872 2240 diversa
902 2203 1124 2249 praecedere
1151 2203 1201 2241 ad
1233 2203 1310 2241 hoc
1341 2202 1449 2250 quod
1485 2201 1528 2240 in
1561 2202 1729 2240 diversis

115 2247 305 2296 gradibus
325 2253 512 2287 creaturae
531 2250 745 2287 rationales
766 2250 1081 2288 instituerentur.

108 2328 110 2330 ,
162 2296 305 2348 Adhuc,
327 2295 361 2333 si
383 2296 590 2336 diversitas
610 2300 800 2335 creaturae
821 2298 1038 2344 corporalis
1058 2297 1272 2343 respondet
1290 2295 1509 2334 diversitati
1538 2300 1727 2334 creaturae

116 2343 337 2388 rationalis,
360 2344 441 2390 pari
463 2344 615 2382 ratione
630 2347 669 2382 et
690 2345 950 2382 uniformitati
984 2344 1237 2382 rationalium
1265 2347 1533 2382 creaturarum
1564 2352 1726 2388 respon-

116 2391 225 2429 deret
239 2390 490 2442 uniformitas
504 2395 654 2430 naturae
671 2392 902 2438 corporalis.
923 2392 1183 2436 Fuissetergo
1197 2393 1337 2428 natura
1349 2389 1566 2438 corporalis
1583 2393 1727 2442 creata,

117 2438 236 2475 etiam
257 2446 291 2474 sl
310 2437 467 2475 diversa
482 2438 624 2476 merita
644 2439 851 2476 rationalis
872 2443 1059 2476 creaturae
1081 2447 1162 2475 non
1190 2437 1504 2484 praecessissent,
1534 2436 1604 2474 sed
1640 2445 1728 2473 unl-

117 2484 258 2523 formis
277 2496 285 2529 ;
308 2484 450 2522 fuisset
469 2484 589 2532 igitur
608 2489 738 2523 creata
756 2486 921 2523 materia
940 2486 1078 2532 prima,
1100 2494 1186 2531 quae
1207 2488 1267 2521 est
1286 2484 1473 2521 omnibus
1494 2483 1728 2530 corporibus

107 2531 357 2572 communis,
379 2531 448 2569 sed
469 2531 543 2568 sub
564 2540 642 2569 una
661 2535 813 2569 tantum
832 2532 972 2569 forma.
994 2533 1093 2568 Sunt
1109 2534 1238 2568 autem
1260 2531 1301 2568 in
1321 2531 1408 2577 ipsa
1425 2531 1559 2578 plures
1591 2531 1728 2568 formae

116 2578 159 2616 in
177 2579 366 2626 potentia.
389 2579 659 2616 Remansisset
678 2579 800 2625 igitur
816 2579 1056 2625 imperfecta,
1078 2578 1165 2615 sola
1189 2587 1269 2615 una
1288 2577 1375 2626 eJus
1407 2578 1536 2616 forma
1567 2578 1730 2615 reducta

107 2625 158 2666 -in
179 2629 325 2669 actum,
347 2626 452 2673 quod
473 2634 553 2662 non
575 2629 636 2663 est
654 2625 797 2663 divinae
817 2625 1059 2663 conveniens
1077 2624 1259 2662 bonitati.

162 2674 264 2715 Item,
286 2673 319 2710 si
343 2673 551 2710 diversitas
569 2673 786 2718 corporalis
814 2676 1003 2709 creaturae
1026 2671 1206 2719 sequitur
1238 2671 1419 2710 diversos
1450 2675 1584 2709 motus
1612 2671 1729 2709 liberi

116 2720 268 2758 arbitrii
290 2720 498 2758 rationalis
517 2723 722 2764 creaturae,
738 2719 934 2766 oportebit
953 2719 1082 2756 dicere
1110 2719 1216 2766 quod
1247 2728 1369 2759 causa
1400 2729 1521 2767 quare
1552 2722 1612 2756 est
1643 2723 1728 2756 tan-

115 2769 200 2804 tum
221 2777 326 2804 unus
347 2768 408 2805 sol
435 2768 476 2804 in
493 2767 656 2811 mundo,
683 2767 734 2804 sit
751 2767 844 2814 quia
863 2769 1014 2803 tantum
1039 2775 1115 2803 una
1137 2766 1344 2803 rationalis
1357 2770 1537 2804 creatura
1549 2766 1606 2803 sic
1621 2769 1729 2802 mota

115 2818 180 2851 est
199 2824 267 2861 per
287 2815 453 2852 liberum
476 2814 680 2852 arbitrium
701 2817 743 2850 ut
761 2813 840 2860 tali
871 2813 1028 2859 corpori
1058 2816 1273 2850 mereretur
1294 2813 1470 2861 adjungi.
1489 2815 1570 2851 Hoc
1595 2816 1727 2850 autem

112 2860 193 2898 :fuit
212 2871 237 2899 a
255 2871 350 2899 casu
365 2862 470 2909 quod
491 2870 571 2899 una
588 2865 741 2898 tantum
757 2861 815 2898 sic
838 2864 1029 2906 peccaret.
1049 2861 1117 2897 Est
1135 2859 1256 2907 igitur
1275 2870 1298 2897 a
1317 2869 1415 2898 casu
1431 2860 1537 2909 quod
1555 2860 1607 2898 sit
1623 2867 1728 2897 unus

117 2907 182 2947 sol
199 2907 242 2946 in
260 2909 424 2955 mundo,
445 2912 483 2946 et
496 2917 577 2947 non
594 2908 642 2946 ad
656 2907 935 2946 necessitatem
955 2907 1174 2955 corporalis
1189 2910 1352 2946 naturae.
