1894 3223
233 133 301 169 {48
793 126 905 162 vLIB.
933 127 979 169 11,
1007 125 1107 161 CAP.
1134 124 1278 161 ΧΧΧΙΧ.

236 223 285 250 ex
305 210 529 249 actionibus
550 208 718 246 infinitis
739 207 859 245 simul
881 206 1185 251 exsistentibus;
1208 209 1245 243 et
1265 204 1495 252 hujusmodi
1515 208 1610 242 sunt
1626 213 1759 242 causae
1779 213 1848 251 per

238 269 281 297 se
301 258 478 300 infinitae,
499 256 591 302 quia
611 264 747 292 earum
763 253 939 291 infinitas
952 253 1000 291 ad
1018 257 1223 291 causatum
1244 253 1471 299 requiritur.
1497 253 1541 289 In
1560 252 1695 289 causis
1717 256 1848 293 autem

237 313 318 342 non
339 304 459 340 simut
481 301 705 349 agentibus,
728 302 803 338 hoe
822 309 902 337 non
923 300 1260 346 estimpossibile,
1279 299 1501 336 secundum
1522 307 1592 335 eos
1608 299 1675 345 qui
1695 300 1850 344 ponunt

237 350 534 399 generationem
571 352 813 394 perpetuam.
854 349 943 384 Haec.
975 351 1105 384 autem
1137 346 1314 383 infinitas
1338 345 1482 382 accidit
1511 345 1666 390 causis;
1707 345 1851 382 accidit

237 398 343 435 enim
365 396 464 443 patri
485 395 656 432 Socratis
676 395 780 442 quod
803 394 856 431 sit
871 394 1034 431 alterius
1055 393 1162 431 filius
1179 393 1239 430 vel
1260 401 1340 429 non
1359 391 1486 437 filius;
1509 401 1589 429 non
1606 395 1736 429 autem
1752 391 1851 429 acci-

234 445 291 482 dit
306 443 462 485 baculo,
484 443 525 478 in
546 445 736 488 quantum
770 445 900 478 movet
923 440 1092 487 lapidem
1113 440 1220 487 quod
1250 440 1303 477 sit
1330 443 1463 476 motus
1493 448 1516 476 a
1547 447 1688 482 manu;
1722 441 1852 475 movet

235 491 341 528 enim
364 491 401 526 in
422 494 611 536 quantum
633 492 693 525 est
713 493 857 525 motus.

286 536 399 581 Quod
420 539 550 573 autem
570 535 617 572 de
639 535 848 572 animabus
879 534 1063 580 objicitur
1087 533 1290 571 difficilius
1312 538 1390 580 est;
1411 533 1481 572 sed
1498 537 1629 571 tamen
1651 533 1749 570 ratio
1770 541 1851 570 non

239 588 299 621 est
322 583 488 620 multum
521 582 645 627 utilis,
678 581 773 628 quia
806 581 931 618 multa
963 581 1164 626 supponit.
1198 581 1364 625 Quidam
1395 590 1566 627 namque
1593 581 1852 617 aeternitatem

237 630 374 667 mundi
398 629 643 675 ponentium,
665 631 886 674 posuerunt
903 628 1020 664 etiam
1043 627 1240 664 humanas
1257 628 1412 665 animas
1438 637 1519 664 non
1547 636 1636 664 esse
1655 631 1745 673 post
1770 635 1854 664 cor-

237 686 329 723 pus,
351 677 513 723 quidam
526 685 634 719 vero,
656 675 761 722 quod
779 684 826 711 ex
846 674 1032 711 omnibus
1048 673 1257 711 animabus
1273 683 1353 711 non
1366 678 1523 712 maneat
1538 674 1852 711 nisiintellectus

240 727 462 768 separatus,
484 722 545 759 vei
558 731 697 768 agens,
720 721 939 758 secundum
961 720 1169 767 quosdam,
1186 721 1246 757 vel
1267 722 1384 757 etiam
1406 721 1613 767 possibilis
1634 721 1853 757 secundum

244 770 346 807 alios
360 782 368 814 ;
383 769 541 817 quidam
559 773 690 806 autem
710 772 929 814 posuerunt
948 767 1244 804 circulationem
1261 768 1303 803 in
1320 768 1542 810 animabus,
1558 767 1734 804 dicentes
1749 767 1854 813 quod

242 817 389 854 eaedem
410 817 552 853 animae
571 819 661 861 post
681 816 814 862 aliqua
838 814 986 852 saecula
1006 815 1493 861 incoi·poi·antur‚quidam
1512 823 1604 850 vero
1624 822 1695 859 pro
1715 814 1853 850 incon-

239 863 418 947 veniffintli)
435 872 515 900 non
537 862 684 900 liabent
703 861 809 908 quod
827 861 1065 908 sintaliqua
1097 860 1253 897 infinita
1273 865 1362 898 actu
1392 861 1433 897 in
1463 861 1527 898 his
1556 870 1645 907 quae
1674 861 1854 898 ordinem

239 919 319 948 non
371 920 392 947 a
423 914 501 947 ent.

286 959 443 994 Postest
462 960 593 994 autem
625 955 828 993 efficacius
863 954 1022 1001 procedi
1046 955 1093 992 ad
1124 955 1199 992 hoc
1231 955 1518 992 ostendendum
1539 964 1583 991 ex
1604 953 1682 992 fine
1715 955 1858 993 divinae

238 1004 468 1048 voluntatis,
491 1007 534 1040 ut
563 1012 684 1049 supra
703 1002 753 1049 (c.
785 1001 845 1048 35)
864 1006 1012 1039 tactum
1033 1005 1106 1039 est.
1130 1003 1236 1039 Finis
1256 1002 1362 1039 enim
1391 1002 1534 1039 divinae
1569 1002 1785 1039 voluntatis
1815 1003 1860 1039 in

240 1059 370 1088 rerum
407 1050 668 1096 productione
699 1053 760 1086 est
794 1049 880 1095 ejus
915 1049 1087 1093 bonitas,
1110 1049 1150 1085 in
1180 1053 1372 1095 quantum
1403 1058 1473 1095 per
1501 1052 1664 1086 causata
1692 1049 1856 1085 manife—

239 1101 396 1135 statur:
432 1097 638 1142 potissime
658 1100 788 1133 autem
821 1095 1097 1132 manifestatur
1117 1095 1249 1132 divina
1268 1095 1393 1132 virtus
1420 1099 1459 1132 et
1492 1095 1649 1132 bonitas
1681 1105 1750 1141 per
1783 1095 1859 1133 hoc

238 1144 346 1191 quod
378 1153 440 1181 res
458 1144 544 1181 aliae
564 1146 704 1189 praeter
723 1143 853 1188 ipsum
876 1150 955 1179 non
974 1150 1129 1188 semper
1149 1143 1329 1179 fuerunt:
1352 1152 1398 1178 ex
1419 1143 1494 1179 hoc
1509 1143 1614 1179 enim
1635 1142 1858 1180 ostenditur

240 1190 451 1228 manifeste
487 1190 592 1236 quod
625 1199 688 1226 res
718 1190 804 1226 aliae
837 1192 976 1235 praeter
996 1189 1126 1235 ipsum
1156 1188 1204 1226 ab
1241 1189 1328 1235 ipso
1351 1198 1440 1226 esse
1474 1189 1632 1233 habent,
1664 1189 1858 1236 quianon

241 1247 397 1283 semper
419 1238 588 1274 suerunt.
607 1236 835 1274 Ostenditur
855 1236 971 1272 etiam
991 1236 1095 1282 quod
1116 1244 1195 1273 non
1214 1236 1296 1283 agit
1314 1244 1383 1282 per
1397 1236 1673 1273 necessitatem
1692 1240 1856 1280 naturae,

240 1288 280 1321 et
306 1284 410 1330 quod
442 1284 566 1321 virtus
600 1293 674 1320 sua
711 1287 771 1320 est
801 1282 956 1319 infinita
984 1282 1023 1319 iu
1068 1282 1235 1329 agendo.
1270 1284 1351 1319 Hoc
1385 1283 1489 1319 enim
1525 1282 1856 1320 convenientissi-

240 1340 348 1367 mum
376 1331 448 1367 fuit
465 1330 607 1367 divinae
629 1329 810 1370 bonitati,
833 1333 875 1365 ut
896 1329 1014 1366 rebus
1034 1330 1177 1366 creatis
1209 1329 1446 1375 principium
1480 1329 1701 1367 durationis
1733 1330 1855 1367 daret.

288 1379 341 1414 Ex
365 1378 426 1414 liis
458 1381 588 1414 autem
623 1386 709 1423 quae
744 1376 930 1422 praedicta
961 1379 1068 1420 sunt,
1096 1376 1218 1413 vitare
1244 1385 1460 1422 possumus
1493 1377 1672 1414 diversos
1702 1385 1856 1414 errores

241 1424 447 1471 gentilium
469 1424 796 1469 philosophorum
817 1431 985 1469 quorum
1004 1422 1164 1469 quidam
1188 1427 1408 1469 posuerunt
1427 1423 1631 1460 mumdum
1650 1426 1855 1467 aeternum,

241 1471 400 1517 quidam
439 1471 642 1507 materiam
677 1470 814 1506 mundi
847 1472 1047 1510 aeternam,
1069 1479 1117 1506 ex
1147 1479 1224 1516 qua
1245 1479 1293 1506 ex
1311 1470 1445 1516 aliquo
1474 1474 1650 1515 tempore
1684 1470 1858 1507 mundus

242 1518 362 1563 coepit
392 1518 587 1563 generari,
608 1516 669 1553 vel
689 1526 709 1553 a
730 1525 839 1561 casu,
860 1515 921 1552 vel
943 1516 991 1552 ab
1009 1516 1061 1553 ali
1094 1525 1144 1553 uo
1165 1516 1382 1562 intellectu,
1398 1520 1465 1553 aut
1484 1517 1602 1553 etiam
1623 1525 1771 1558 amore,
1792 1520 1860 1554 aut

241 1564 322 1600 lite.
344 1564 399 1600 Ab
421 1564 607 1600 omnibus
631 1563 736 1600 enim
772 1563 835 1601 liis
866 1562 1026 1609 ponitur
1053 1572 1075 1600 a
1093 1563 1201 1609 iquid
1222 1566 1363 1609 praeter
1386 1564 1509 1601 Deum
1529 1567 1733 1608 aeternum,
1753 1563 1855 1610 quod

241 1609 332 1648 fidei
350 1611 555 1648 catholicae
575 1613 780 1657 repugnat.

866 1756 1033 1798 CAPUT
1058 1756 1236 1797 XXXIX.

612 1878 711 1912 QUOD
736 1878 951 1908 DISTINCTIO
977 1878 1108 1908 RERUM
1131 1877 1208 1908 NON
1231 1878 1303 1908 EST
1326 1878 1354 1907 A
1378 1877 1488 1908 GASU.

290 1987 488 2032 Expeditis
510 1990 639 2023 autem
667 1986 730 2024 his
756 1996 843 2033 quae
862 1987 907 2024 ad
930 1996 1060 2024 rerum
1081 1987 1382 2033 productionem
1400 1987 1611 2034 pertinent,
1626 1992 1748 2026 restat
1767 1999 1856 2036 pro-

245 2035 358 2080 sequi
389 2043 434 2070 ea
453 2043 541 2079 quae
561 2037 654 2070 sunt
676 2034 966 2071 consideranda
985 2035 1024 2070 in
1046 2043 1177 2071 rerum
1197 2035 1475 2079 distinctione;
1496 2035 1537 2071 in
1564 2035 1709 2083 quibus
1730 2038 1857 2083 primo

243 2084 396 2126 oportet
424 2080 631 2117 ostendere
668 2080 773 2126 qumi
808 2090 936 2117 reruni
959 2081 1161 2118 distinctio
1194 2090 1272 2118 non
1304 2085 1364 2119 est
1395 2091 1420 2118 a
1450 2090 1570 2126 casu3
1598 2091 1717 2120 casus
1752 2085 1858 2121 enim

242 2135 323 2164 non
338 2127 535 2178 contingit
553 2127 631 2163 nisi
649 2126 690 2163 in
707 2127 966 2179 possibilibus
987 2128 1100 2165 aliter
1119 2137 1161 2165 se
1183 2128 1327 2165 habere
1349 2138 1358 2163 ε
1381 2138 1469 2175 quae
1489 2129 1593 2166 enim
1613 2134 1708 2167 sunt
1727 2140 1773 2167 ex
1794 2140 1858 2168 ne·

241 2177 440 2218 cessitate,
465 2177 502 2210 et
521 2183 690 2220 semper,
711 2183 790 2211 non
807 2174 978 2213 dicimus
998 2183 1087 2213 esse
1104 2184 1128 2212 a
1143 2183 1254 2213 casu.
1277 2176 1489 2213 ostensum
1507 2180 1568 2214 est
1586 2180 1715 2214 autern
1738 2185 1859 2223 supra

240 2220 290 2265 (c.
319 2221 377 2267 30)
399 2220 592 2272 quasdam
623 2229 686 2258 res
704 2224 856 2258 creatas
877 2230 980 2267 esse,
1001 2222 1042 2258 in
1073 2231 1240 2269 quarum
1273 2226 1413 2260 natura
1433 2231 1514 2260 non
1534 2227 1595 2260 est
1610 2223 1857 2269 possibilitas

240 2267 288 2303 ad
311 2276 389 2303 non
411 2276 513 2319 esse,
531 2270 635 2304 sicut
653 2271 746 2305 sunt
766 2268 998 2306 substantiae
1018 2269 1313 2314 immateriales,
1335 2274 1374 2306 et
1391 2269 1540 2317 absque
1566 2271 1854 2308 contrarietate.

243 2313 493 2351 Substantias
531 2314 652 2366 igitur
684 2323 826 2367 ¹eorum
858 2315 1106 2361 impossibile
1138 2320 1198 2353 est
1229 2325 1318 2353 esse
1350 2326 1372 2353 a
1392 2325 1501 2354 casu.
1524 2318 1768 2354 Suntautem
1790 2327 1859 2364 per

242 2369 354 2398 suam
377 2361 642 2399 substantiam
661 2361 711 2398 ad
729 2362 898 2399 invicem
915 2362 1124 2401 distinctae.
1146 2365 1286 2401 Earum
1304 2363 1426 2410 igitur
1439 2363 1641 2401 distinctio
1663 2372 1742 2401 non
1763 2369 1858 2402 esta

239 2416 349 2445 casu.

268 2455 469 2506 amplius,
484 2464 575 2492 cum
595 2464 715 2508 casus
735 2456 788 2494 sit
804 2459 956 2494 tantum
980 2458 1022 2494 in
1042 2456 1305 2503 possibilibus
1325 2457 1439 2495 allter
1455 2466 1498 2496 se
1518 2457 1734 2501 habere,-
1748 2458 1855 2503 prin-

240 2509 389 2553 cipium
416 2505 561 2554 autem·
588 2502 706 2549 hujus
737 2504 1017 2549 possibilitatis
1037 2508 1098 2541 est
1132 2504 1309 2548 materia,
1342 2513 1424 2541 non
1443 2508 1574 2542 autem
1595 2504 1733 2548 forma,
1767 2514 1854 2550 quae

240 2555 368 2599 magis
401 2548 636 2600 determinat
663 2550 969 2596 possibilitatem
999 2552 1173 2589 materiae
1205 2551 1253 2588 ad
1285 2559 1435 2595 unum;
1468 2560 1513 2588 ea
1533 2554 1662 2587 autem
1683 2560 1854 2597 quorum

240 2592 443 2646 distinctio
475 2599 534 2633 est
555 2606 576 2633 a
606 2596 746 2642 forma,
768 2606 846 2634 non
867 2597 1167 2645 distinguuntur
1201 2607 1225 2635 a
1255 2606 1366 2641 casu,
1395 2597 1465 2634 sed
1486 2598 1584 2634 forte
1619 2606 1665 2633 ea
1685 2606 1854 2644 quorum

239 2639 443 2692 distinctio
464 2647 524 2680 est
543 2652 566 2679 a
580 2644 772 2694 ⁴materia3
795 2645 1016 2690 specierum
1038 2649 1169 2683 autem
1190 2645 1394 2682 distinctio
1419 2647 1480 2680 est
1499 2653 1523 2680 a
1547 2643 1695 2688 forma;
1717 2645 1854 2691 singu-

240 2685 381 2723 larium
403 2691 533 2739 autem
554 2690 731 2735 eJusdem
752 2692 898 2737 speciei
919 2701 943 2728 a
961 2692 1144 2736 materia;
1159 2690 1418 2728 —distinctio
1435 2690 1554 2736 igitur
1570 2699 1699 2727 rerum
1716 2700 1856 2729 secun-

240 2731 333 2770 dum
353 2742 524 2779 speciem
546 2744 625 2772 non
647 2741 777 2781 potest
792 2747 882 2775 esse
902 2747 926 2775 a
956 2747 1053 2776 casu
1070 2766 1080 2783 ,
1101 2739 1170 2776 sed
1192 2739 1291 2775 rorte
1310 2737 1533 2782 aliquorum
1559 2736 1854 2775 individuorum

239 2787 356 2816 casus
377 2784 504 2825 potest
524 2790 612 2819 esse
634 2784 897 2822 distinctivus.

285 2826 429 2870 Adhuc,
459 2836 548 2864 cum
562 2873 568 2879 ·
584 2829 748 2867 materia
786 2831 838 2867 sit
875 2831 1112 2877 principium
1150 2834 1188 2867 et
1223 2838 1345 2867 causa
1380 2839 1511 2867 rerum
1548 2831 1784 2876 casualium,
1811 2835 1857 2870 ut

222 2876 446 2919 ,ostensum
465 2877 538 2920 est,
558 2883 601 2912 in
621 2883 756 2913 eorum
778 2876 950 2919 factione
967 2881 1098 2927 potest
1117 2885 1206 2916 esse
1223 2884 1357 2923 casus,
1376 2885 1464 2926 quae
1483 2886 1532 2916 ex
1549 2879 1715 2917 materia
1733 2887 1854 2926 gene·
