1894 3223
701 123 786 158 Ltss.
817 124 878 164 lii,
907 124 1006 157 mv.
1037 123 1168 157 (lxxii.
1666 123 1734 158 419

755 255 922 296 CAPUT
961 255 1095 296 exw.

455 369 557 404 (ποι)
582 370 682 398 rms
707 369 817 398 meis
843 369 993 397 Divixffi
1018 369 1088 397 EST
1115 369 1290 398 ninsscrio
1316 369 1394 397 DEi.

124 509 126 511 ,
161 469 262 513 Quia
293 477 385 505 vero
406 467 574 504 intentio
606 466 748 504 divinae
768 466 870 512 legis
907 466 954 502 ad
975 466 1050 502 hoc
1082 466 1352 511 principaliter
1371 471 1430 503 est
1453 471 1494 504 ut
1514 465 1633 504 hoino
1656 468 1736 505 Deo

113 514 324 557 adhaereat,
348 515 468 551 homo
502 518 632 551 autem
664 514 871 560 potissime
893 513 1065 549 adli-ieret
1087 514 1166 549 Deo
1186 522 1256 558 per
1277 521 1467 556 amorem,
1492 523 1654 551 necesse
1674 518 1736 551 est

112 562 219 609 quod
253 562 421 598 intentio
455 561 597 598 divina}
638 561 738 607 legis
775 561 1044 607 principaliter
1071 560 1277 597 ordinetur
1305 560 1354 597 ad
1375 561 1600 597 arnaudum.
1621 562 1735 605 Quod

113 612 245 647 autem
266 619 335 655 per
367 618 540 646 amorem
574 609 694 645 homo
716 607 884 644 maxime
914 609 993 643 Deo
1025 606 1237 651 ricimerem,
1269 607 1522 644 manifestum
1551 612 1627 645 cst.
1650 610 1735 646 Duo

114 656 222 694 enim
243 656 396 693 suntin
418 656 580 693 homine
599 655 746 701 quibus
767 656 845 691 Deo
866 658 995 700 potest
1030 654 1243 698 adliaercre,
1266 654 1491 690 intellectus
1526 655 1680 691 scilicet
1696 658 1736 691 et

113 703 299 741 voluntas
318 715 327 748 ;
350 712 440 740 nam
479 703 698 740 secuudum
721 702 932 738 inferiores
965 701 1107 737 animae
1145 704 1278 747 partes
1318 702 1397 737 Deo
1434 702 1632 743 mlliaerere
1654 711 1735 739 non

113 753 259 797 potest,
281 750 350 787 sed
381 749 637 787 inferioribus
674 749 805 786 rebus.
830 748 1013 786 Adliaesio
1043 752 1174 785 autem
1192 757 1280 800 quae
1310 752 1370 784 est
1390 758 1458 794 per
1478 749 1734 794 intellectum,

115 797 421 843 completionem
452 797 589 843 recipit
617 806 687 842 per
717 806 802 833 eam
825 805 911 843 quae
932 799 990 832 est
1019 795 1360 842 voluntatis‚quiu
1392 805 1462 841 per
1491 796 1733 832 voluntatem

114 843 237 882 homo
258 844 552 891 quodammodo
573 844 742 890 quiescit
763 844 802 880 in
824 853 870 880 eo
889 842 994 889 quod
1011 842 1236 879 intellectus
1256 842 1528 888 apprehendit.
1545 843 1736 880 Voluntas

115 896 247 939 autem
281 891 453 929 adhaeret
490 891 607 928 alicui
640 891 695 927 rei
725 891 785 927 vel
814 894 974 937 propter
993 899 1168 926 amorem
1188 889 1248 926 vel
1268 893 1428 935 propter
1448 890 1646 934 timorem,
1666 889 1736 927 sed

117 938 364 983 diil'c1·enter;
386 948 478 975 nam
498 938 533 975 ei
554 938 710 990 quidem
727 938 789 974 cui
808 938 973 974 inliaeret
993 941 1152 982 propter
1170 936 1352 973 timorem
1389 937 1555 973 inhaeret
1578 941 1735 982 propter

116 986 238 1030 aliud,
260 990 303 1022 ut
332 985 485 1022 scilicet
517 989 633 1021 evitet
670 985 831 1025 malum,
854 985 973 1031 quod,
996 984 1028 1020 si
1065 993 1144 1020 non
1175 983 1373 1020 adliaei‘eat
1405 985 1455 1028 ei,
1478 984 1676 1028 imminet;
1698 983 1734 1020 ei

116 1041 208 1069 vero
228 1032 290 1068 cui
307 1032 480 1068 adhaeret
499 1035 656 1077 propter
685 1041 858 1067 :imorem
882 1031 1054 1067 :idiiaeret
1074 1035 1232 1076 propter
1256 1031 1447 1075 seipsum.
1471 1031 1583 1074 Quod
1605 1035 1736 1068 autem

116 1083 177 1116 est
195 1083 353 1124 propter
383 1087 426 1115 se
447 1079 708 1124 principalius
734 1083 794 1114 est
814 1087 860 1114 eo
881 1078 987 1124 quod
1011 1082 1070 1113 est
1092 1081 1249 1122 propter
1268 1077 1390 1113 aliud.
1411 1077 1595 1114 Adliaesio
1617 1078 1740 1123 igitur

114 1126 265 1164 amoris
289 1125 337 1162 ad
352 1127 472 1162 Deum
489 1129 550 1161 est
571 1125 805 1171 potissimus
827 1125 969 1161 modus
988 1124 1022 1161 ei
1048 1123 1290 1160 adhaerendi.
1307 1124 1594 1170 Hoc-igiturest
1613 1125 1737 1170 potis—

117 1173 220 1211 sime
240 1172 435 1210 intentum
459 1172 498 1208 in
519 1171 653 1208 divina
667 1171 769 1218 lege.

162 1221 263 1265 Item,
282 1219 374 1256 finis
408 1218 621 1266 cujuslibet
653 1218 769 1265 legis,
801 1222 840 1255 et
875 1218 1071 1264 praecipue
1111 1217 1268 1258 divinae,
1290 1221 1351 1256 est
1388 1217 1573 1256 homines
1609 1218 1738 1256 facere

115 1266 260 1306 bonos.
284 1268 409 1304 Homo
427 1270 558 1303 autem
594 1265 737 1304 dicitur
765 1265 896 1303 bonus
924 1275 972 1302 ex
989 1275 1036 1302 eo
1056 1265 1161 1312 quod
1179 1264 1298 1302 habet
1314 1264 1559 1302 voluntatem
1576 1265 1737 1311 bonam,

107 1324 186 1360 -per
216 1323 334 1361 quam
365 1313 519 1351 reducit
553 1313 597 1351 in
635 1317 765 1350 actum
786 1312 979 1360 quidquid
1004 1312 1099 1349 boni
1121 1312 1163 1349 in
1182 1313 1270 1358 ipso
1292 1315 1374 1355 est3
1395 1313 1584 1350 voluntas
1604 1316 1737 1350 autem

107 1361 223 1399 bona
236 1365 297 1398 est
317 1371 364 1398 ex
383 1370 432 1399 eo
453 1360 560 1408 quod
580 1360 663 1398 vult
681 1360 846 1403 bonum,
860 1364 898 1397 et
914 1360 1112 1406 praecipue
1130 1360 1348 1396 maximum
1369 1359 1534 1404 bonum,
1556 1359 1663 1407 quod
1679 1365 1740 1397 est

116 1407 236 1451 sinis;
260 1411 409 1455 quanto
428 1408 550 1455 igitur
570 1407 799 1456 hujusmodi
830 1407 980 1444 bonum
1000 1407 1130 1452 magis
1147 1407 1333 1443 voluntas
1349 1407 1446 1450 vult,
1467 1410 1577 1444 tanto
1609 1407 1739 1454 magis

117 1455 240 1493 homo
274 1460 335 1492 est
365 1455 509 1492 bonus.
532 1454 607 1492 Sed
628 1455 756 1501 magis
793 1454 876 1491 vult
908 1454 1029 1491 homo
1050 1454 1088 1490 id
1116 1453 1222 1501 quod
1253 1454 1337 1490 vult
1368 1457 1528 1499 propter
1546 1463 1737 1499 amorem,

117 1511 237 1549 quam
251 1501 291 1539 id
311 1502 416 1549 quod
439 1502 522 1538 vult
540 1505 699 1548 propter
712 1502 893 1538 timorem
915 1504 1088 1544 tantum;
1110 1510 1201 1537 nam
1221 1500 1327 1547 quod
1348 1500 1431 1536 vult
1452 1504 1609 1547 propter
1622 1500 1739 1538 timo-

117 1558 200 1586 rem
236 1552 404 1591 tantum,
426 1548 570 1585 dicitur
606 1548 773 1586 mixtum
811 1547 1094 1591 involuntario,
1117 1548 1221 1584 sicut
1257 1547 1404 1593 aliquis
1439 1547 1525 1583 vult
1560 1547 1602 1584 in
1639 1547 1738 1584 mari

116 1596 400 1643 proJectionem
424 1596 612 1633 mercium
634 1599 792 1641 propter
812 1595 1006 1632 timorem.
1026 1596 1125 1640 Ergo
1147 1603 1258 1631 amor
1281 1594 1426 1630 summi
1455 1594 1564 1637 boni,
1587 1595 1740 1632 scilicet

118 1643 201 1686 Dei,
219 1643 388 1680 maxime
403 1643 495 1679 facit
514 1642 658 1686 bonos,
680 1646 718 1679 et
737 1642 980 1679 estmaxime
1002 1642 1196 1678 intentum
1217 1641 1258 1677 in
1279 1641 1411 1678 divina
1434 1641 1533 1687 lege.

164 1692 353 1732 Praeterea,
368 1689 527 1726 bonitas
544 1689 801 1726 hominis-est
819 1699 889 1735 per
905 1690 1088 1725 virtutem
1104 1700 1115 1733 ς
1135 1689 1261 1726 virtus
1275 1688 1380 1724 enim
1403 1692 1463 1725 est
1482 1698 1570 1734 quae
1589 1688 1739 1726 bonum

117 1736 212 1774 facit
241 1737 449 1774 habentem
469 1748 476 1779 ;
500 1736 604 1773 unde
624 1740 662 1772 et
685 1736 747 1773 lex
772 1736 940 1772 intendit
967 1736 1152 1773 homines
1181 1735 1310 1773 facere
1329 1735 1545 1779 virtuosos,
1568 1739 1606 1771 et
1639 1744 1738 1781 pree·

106 1787 230 1830 cepta
253 1783 355 1830 legis
387 1787 481 1820 sunt
509 1784 556 1820 de
577 1783 731 1820 actibus
771 1783 974 1820 virtutum.
996 1782 1071 1819 Sed
1102 1782 1150 1819 de
1184 1781 1415 1819 conditione
1435 1782 1594 1819 virtutis
1617 1785 1678 1819 est
1694 1785 1740 1819 ut

114 1830 319 1868 virtuosus
339 1833 378 1867 et
396 1829 561 1867 firmiter
580 1833 619 1867 et
650 1829 935 1866 delectabiliter
957 1832 1154 1875 operetur.
1177 1830 1259 1866 Hoc
1285 1832 1416 1866 autem
1456 1829 1550 1866 facit
1567 1828 1741 1867 maxime

99 1886 249 1922 ·amor;
271 1887 362 1915 nam
384 1887 432 1914 ex
455 1886 589 1914 amore
608 1877 759 1924 aliquid
778 1877 943 1914 firmiter
962 1881 999 1913 et
1020 1876 1306 1913 delectabiliter
1327 1876 1509 1913 facimus.
1528 1876 1648 1912 Amor
1667 1876 1739 1923 igi-

115 1924 291 1962 turboni
311 1927 372 1962 est
389 1924 573 1962 ultimum
590 1924 786 1961 intentum
804 1924 842 1961 in
865 1924 952 1971 lege
974 1923 1124 1960 divina.

160 1971 306 2013 Adhuc,
323 1971 572 2019 legislatores
602 1971 770 2017 imperio
804 1971 904 2019 legis
933 1970 1048 2008 editae
1086 1973 1245 2007 movent
1269 1979 1339 2007 eos
1360 1970 1506 2017 quibus
1527 1969 1590 2007 lex
1609 1970 1737 2007 datur.

114 2020 161 2056 111
181 2019 369 2056 omnibus
397 2022 527 2056 autem
557 2028 645 2066 quae
669 2023 849 2055 movetur
870 2018 918 2055 ab
937 2018 1072 2064 aliquo
1093 2018 1221 2063 primo
1238 2021 1436 2062 movente,
1457 2021 1566 2055 tanto
1588 2016 1739 2064 aliquid

105 2066 330 2112 ,perfectius
347 2069 569 2110 moventur,
589 2069 738 2112 quanto
758 2065 887 2112 magis
907 2065 1116 2111 participat
1133 2065 1180 2103 de
1201 2065 1378 2101 motione
1399 2065 1516 2110 primi
1536 2064 1735 2102 moventis

115 2116 155 2148 et
171 2112 218 2149 de
239 2112 501 2149 similitudine
530 2113 674 2158 ipsius.
698 2113 803 2149 Deus
823 2116 968 2156 autem,
983 2112 1050 2158 qui
1070 2115 1132 2149 est
1165 2111 1267 2159 legis
1290 2111 1432 2149 divinae
1455 2112 1581 2157 dator,
1603 2111 1739 2148 omnia

116 2157 211 2195 facit
230 2163 389 2204 propter
409 2168 525 2195 suum
547 2168 736 2195 amorem.
759 2160 830 2203 Qui
855 2159 976 2205 igitur
990 2159 1065 2196 hoc
1081 2158 1202 2196 modo
1222 2158 1347 2196 tendit
1361 2159 1403 2195 in
1419 2160 1564 2204 ipsum,
1582 2158 1737 2194 scilicet

115 2205 300 2250 amando,
321 2205 610 2251 perfectissime
639 2210 818 2242 movetur
849 2207 889 2242 in
923 2206 1067 2251 ipsum.
1103 2207 1227 2243 Omne
1252 2209 1381 2242 autem
1405 2215 1528 2252 agens
1566 2204 1736 2241 intendit

103 2252 399 2297 perfectionem
419 2252 460 2289 in
483 2261 531 2290 eo
549 2252 658 2300 quod
691 2253 789 2299 agit.
812 2253 880 2290 Hic
908 2253 1030 2300 igitur
1047 2256 1108 2289 est
1143 2252 1236 2290 finis
1254 2253 1379 2289 totius
1412 2252 1671 2299 legislatoris,
1696 2255 1738 2287 ut

116 2298 238 2337 homo
259 2301 382 2336 Deum
403 2303 520 2337 amet.

163 2346 262 2384 Hine
280 2351 340 2383 est
359 2345 466 2392 quod
487 2345 634 2383 dicitur
653 2358 662 2383 ε
681 2347 786 2383 Finis
801 2348 971 2392 praecepti
987 2349 1038 2382 est
1055 2346 1216 2382 charitas
1234 2346 1268 2393 (Ι
1281 2347 1388 2390 Tim„
1404 2355 1431 2389 1,
1454 2346 1488 2391 5)
1507 2357 1515 2388 ;
1539 2348 1576 2381 et
1596 2344 1740 2381 dicitur

115 2393 222 2439 quod
238 2394 440 2429 mamimum
457 2395 493 2429 et
500 2394 668 2438 primum
695 2394 923 2439 mandatum,
945 2393 986 2430 in
1017 2393 1120 2438 lege,
1140 2396 1201 2430 est
1220 2405 1229 2429 ε
1249 2394 1387 2437 Diliqes
1416 2394 1607 2428 Dominum
1628 2392 1739 2427 Deum

114 2442 230 2476 tuum.
252 2439 411 2486 (Matth.,
433 2447 531 2484 xxii,
555 2442 616 2484 37,
636 2439 711 2485 38.)
734 2440 826 2476 Inde
846 2444 907 2476 est
935 2440 1040 2487 quod
1062 2440 1124 2476 lex
1152 2448 1269 2482 nova,
1290 2443 1477 2485 tanquam
1511 2438 1737 2483 perfectior,

113 2486 342 2570 {liciturlex
374 2486 638 2531 amoris3lex
669 2490 801 2523 autem
840 2490 969 2532 vetus,
985 2490 1175 2533 tanquam
1196 2485 1477 2531 imperfectior,
1498 2485 1643 2522 dicitur
1673 2485 1736 2522 lex

131 2541 284 2571 imoris.

743 2631 911 2673 CAPUT
949 2631 1105 2673 cxvn.

314 2746 416 2782 QUOD
450 2746 592 2776 DIVINA
615 2745 715 2776 LEGE
739 2745 970 2775 ORDINAMUR
992 2745 1046 2774 AD
1077 2745 1341 2775 DILEGTIONEM
1363 2747 1540 2776 PRoxffll.

96 2883 101 2886 r
161 2843 214 2882 Ex
228 2843 308 2882 hoc
327 2847 459 2882 autem
479 2842 661 2890 sequitur
676 2841 783 2890 quod
802 2841 937 2879 divina
951 2841 1013 2878 lex
1033 2841 1287 2880 dilectionem
1303 2843 1474 2889 proximi
1495 2843 1688 2882 intendat.

162 2891 323 2938 Oportet
347 2891 454 2929 enim
488 2890 681 2928 unionem
717 2897 808 2928 esse
845 2887 1013 2927 affectus
1047 2888 1152 2926 inter
1169 2897 1241 2927 eos
1255 2889 1408 2937 quibus
1439 2894 1501 2928 est
1518 2899 1624 2928 unus
1642 2889 1736 2928 finis
