1894 3223
133 173 202 209 402
729 163 817 198 LIB.
845 163 908 202 ΙΙΙ,
938 162 1038 198 CAP.
1067 163 1159 199 Cili.

183 247 410 293 Exemplum
431 245 550 282 etiam
571 243 677 291 quod
698 243 869 296 sumitur
884 242 931 280 de
950 242 1216 290 impressione
1243 244 1386 282 animae
1418 244 1459 281 in
1491 252 1637 291 corpus
1670 252 1756 282 non

134 298 302 335 multum
325 293 483 339 adjuvat
502 291 590 339 eJus
610 291 887 327 intentionem.
909 291 994 327 Non
1016 290 1122 327 enim
1143 300 1190 328 ex
1220 291 1538 337 apprehensione
1577 300 1620 329 se
1651 291 1758 328 uitur

136 344 267 389 aliqua
287 339 511 376 immutatio
543 338 738 384 corporis,
772 337 851 374 nisi
886 337 1194 383 apprehensioni
1228 338 1414 384 adjuncta
1445 338 1564 375 fuerit
1598 347 1621 375 a
1655 338 1760 376 ectio

136 389 281 435 aliqua,
303 390 346 424 ut
365 385 516 433 gaudii,
534 385 595 422 vel
619 384 789 429 timoris,
815 387 882 421 aut
903 384 1251 430 concupiscentiae,
1267 389 1335 422 aut
1354 385 1518 423 alterius
1537 385 1757 431 passionis.

136 433 369 481 Hujusmodi
391 436 522 470 autem
541 431 754 478 passiones
772 430 957 468 accidunt
977 440 1066 468 cum
1088 431 1222 478 aliquo
1245 431 1505 470 determinato
1530 436 1641 469 motu
1667 441 1760 468 cor-

136 482 211 526 dis,
231 490 277 518 ex
298 488 376 527 quo
395 479 655 526 consequitur
673 478 841 515 ulterius
861 478 1085 515 immutatio
1106 478 1230 515 totius
1251 479 1443 524 corporis,
1458 479 1520 516 vel
1536 479 1757 516 secundum

134 532 286 566 motum
305 527 486 570 localem,
507 526 567 562 vel
589 525 808 563 secundum
830 525 1103 562 alterationem
1125 525 1298 572 aliquam
1322 536 1330 563 :
1353 525 1458 562 unde
1480 526 1610 563 adhuc
1626 535 1760 562 rema-

134 579 201 660 get
221 574 326 621 quod
348 572 612 656 applrehelnsio
632 571 865 609 substantiae
885 571 1106 618 spiritualis
1123 580 1204 608 non
1225 571 1365 609 alterat
1384 581 1529 619 corpus
1561 573 1640 610 nisi
1675 581 1758 609 me-

163 622 266 659 iante
288 624 398 658 motu
434 629 506 657 oca
523 619 550 657 i.

182 668 293 712 Quod
317 671 448 704 autem
471 667 518 703 de
539 664 801 704 fascinatione
835 664 989 702 inducit
1027 674 1108 701 non
1139 664 1188 702 oh
1209 664 1285 702 1100
1315 665 1470 711 accidit,
1494 665 1588 712 quia
1620 674 1760 712 appre-

135 715 277 753 hensio
298 714 419 751 unius
439 713 667 750 immediate
684 713 1020 758 immutatcorpus
1033 711 1211 756 alterius,
1228 711 1298 749 sed
1319 713 1412 759 quia
1432 714 1629 749 mediante
1647 716 1758 749 motu

136 762 267 800 cordis
288 761 470 798 immutat
490 769 636 807 corpus
657 759 927 806 conjunctum,
950 758 1064 805 cujus
1081 759 1304 796 immutatio
1321 760 1500 804 pervenit
1516 759 1563 796 ad
1580 760 1759 804 oculum,

136 819 159 846 a
179 817 256 856 quo
278 808 386 845 infici
407 812 537 854 potest
553 807 702 854 aliquid
724 806 1004 847 extrinsecum,
1024 806 1220 852 praecipue
1232 806 1266 843 si
1284 806 1336 843 sit
1356 806 1473 843 facile
1494 806 1760 850 immutabile,

137 856 239 893 sicut
261 856 378 892 etiam
401 855 542 892 oculus
564 857 819 891 menstruatae
837 853 962 890 inficit
983 852 1202 898 speculum.

184 902 414 939 Substantia
439 902 561 948 igitur
583 901 802 948 spiritualis
823 904 952 937 creata
966 900 1127 946 propria
1142 899 1284 937 virtute
1303 898 1454 936 nullam
1469 898 1762 937 formamindu·

137 959 225 987 cere
239 949 419 995 potestin
432 948 637 985 materiam
652 948 911 994 corporalem,
933 947 1047 994 quasi
1068 947 1233 984 materia
1242 946 1289 984 ad
1303 947 1379 984 hoc
1397 947 1473 984 sibi
1490 946 1762 991 obediente‚ut

138 1000 250 1034 exeat
266 996 307 1032 in
329 999 458 1033 actum
478 995 648 1042 alicujus
667 996 817 1039 formae,
840 994 918 1031 nisi
939 1004 1008 1040 per
1027 997 1179 1031 motum
1193 994 1359 1031 localem
1376 993 1546 1041 alicujus
1563 993 1760 1040 corporis.

138 1044 205 1080 Est
225 1043 329 1079 enim
346 1043 421 1080 1100
440 1043 480 1079 in
491 1042 634 1079 virtute
655 1042 886 1079 substantiae
900 1041 1119 1087 spiritualis
1140 1044 1496 1087 creatae,utcorpus
1512 1040 1671 1078 obediat
1681 1040 1760 1078 sibi

138 1090 186 1127 ad
206 1093 355 1127 motum
379 1090 572 1134 localem;
594 1089 790 1126 movendo
816 1092 945 1125 autem
984 1088 1164 1124 localiter
1195 1088 1357 1135 aliquod
1386 1096 1546 1134 corpus,
1568 1087 1758 1125 adhihere

136 1141 268 1184 potest
289 1137 420 1183 aliqua
446 1137 678 1173 naturaliter
710 1135 835 1172 activa
867 1135 913 1171 ad
948 1134 1113 1172 effectus
1146 1135 1302 1181 aliquos
1337 1134 1630 1181 producendos,
1651 1135 1756 1172 sicut

139 1193 204 1221 ars
228 1183 381 1220 fabrilis
402 1183 562 1220 adhibet
579 1183 710 1229 ignem
731 1182 779 1219 ad
797 1182 1122 1218 molificationem
1144 1182 1342 1218 ferri.Hoc
1357 1185 1486 1218 autem
1506 1190 1585 1218 non
1608 1184 1668 1218 est
1683 1180 1756 1218 mi·

138 1230 365 1268 raculosum
388 1230 545 1276 proprie
565 1229 777 1276 loquendo.
798 1229 904 1265 Unde
924 1228 1161 1275 relinquitur
1181 1228 1286 1276 quod
1311 1228 1544 1265 substantiae
1571 1228 1760 1275 spiritua·

138 1277 199 1314 les
221 1281 360 1314 creatae
379 1286 459 1313 non
479 1276 626 1313 faciant
648 1276 840 1313 miracula
859 1275 1015 1321 propria
1036 1276 1193 1312 virtute.

186 1324 280 1361 Dico
304 1327 434 1360 autem
456 1324 615 1369 propria
632 1324 773 1360 virtute
795 1335 804 1358 ε
828 1323 921 1369 quia
941 1322 1040 1358 nihil
1056 1321 1479 1369 prohibethujusmodi
1497 1321 1759 1365 substantias,

139 1371 178 1407 in
203 1374 393 1417 quantum
417 1374 541 1417 agunt
560 1370 601 1406 in
619 1371 763 1406 virtute
784 1369 930 1413 divina,
952 1369 1144 1406 miracula
1163 1369 1291 1406 facere
1314 1381 1322 1405 ε
1344 1369 1450 1415 quod
1467 1369 1585 1405 etiam
1606 1378 1653 1406 ex
1683 1369 1760 1406 hoc

137 1417 293 1454 videtur
312 1417 418 1464 quod
436 1426 541 1453 unus
563 1416 660 1453 ordo
696 1416 928 1462 angelorum
962 1416 1186 1461 specialiter
1216 1416 1440 1461 deputatur,
1472 1418 1514 1452 ut
1545 1416 1762 1462 Gregorius

139 1464 235 1501 dicit
254 1464 376 1511 (hom.
394 1466 441 1500 24
462 1463 503 1500 in
530 1463 707 1510 Evang.)‚
726 1463 773 1500 ad
806 1462 997 1499 miracula
1032 1462 1223 1507 facienda,
1246 1463 1312 1509 qui
1346 1462 1465 1499 etiam
1497 1461 1594 1498 dicit
1628 1462 1762 1508 (Di-aL,

138 1510 193 1548 lib
230 1521 272 1554 11,
295 1519 379 1556 cap.
403 1510 463 1556 31)
482 1510 587 1557 quod
625 1510 785 1557 quidam
805 1509 930 1547 sancti
952 1509 1144 1546 miracula
1164 1510 1362 1546 interdum
1384 1509 1534 1546 faciunt
1554 1518 1600 1546 ex
1627 1512 1763 1555 potes·

137 1561 230 1601 tate,
253 1567 334 1594 non
352 1558 481 1594 solum
501 1567 547 1594 ex
568 1557 870 1594 intercessione.

187 1605 527 1642 Considerandum
546 1608 676 1641 tamen
697 1608 770 1648 est,
792 1603 1012 1651 quod‚cum
1033 1612 1096 1640 res
1117 1603 1272 1650 aliquas
1291 1603 1491 1640 naturales
1519 1602 1580 1640 vel
1612 1603 1762 1649 angeli,

137 1652 199 1689 vel
218 1652 420 1688 daemones
437 1651 651 1689 adhibeant
665 1651 711 1688 ad
728 1651 883 1698 aliquos
897 1650 1179 1688 determinatos
1192 1649 1371 1695 effectus,
1392 1653 1557 1687 utuntur
1569 1649 1627 1687 eis
1643 1650 1756 1697 quasi

138 1699 412 1736 instrumentis
435 1698 689 1745 quibusdam,
711 1699 815 1736 sicut
837 1698 1017 1735 medicus
1037 1698 1161 1735 utitur
1181 1701 1223 1734 ut
1255 1697 1532 1734 instrumentis
1558 1697 1762 1744 aliquibus

138 1745 273 1783 herbis
294 1746 342 1782 ad
362 1745 600 1783 sanandum.
625 1747 677 1782 Ex
696 1746 960 1783 instrumento
982 1748 1112 1782 autem
1133 1744 1311 1790 procedit
1330 1752 1411 1781 non
1432 1744 1564 1781 solum
1585 1753 1668 1781 suae
1683 1744 1761 1779 vii·-

137 1792 211 1830 tuti
233 1793 550 1838 correspondens
572 1791 751 1837 effect-us,
776 1792 846 1829 sed
866 1792 985 1829 etiam
1015 1791 1165 1838 aliquid
1195 1791 1299 1828 ultra
1329 1791 1530 1838 propriam
1560 1791 1762 1835 virtutem,

137 1839 180 1876 in
200 1843 391 1886 quantum
413 1839 494 1886 agit
514 1840 553 1876 in
573 1840 717 1876 virtute
735 1839 970 1885 principalis
1001 1839 1156 1885 agentis
1179 1849 1188 1875 ε
1211 1847 1321 1875 serra
1351 1839 1472 1879 enim,
1506 1840 1575 1874 aut
1606 1837 1762 1875 securis

137 1894 220 1922 non
240 1889 370 1931 potest
389 1886 517 1923 facere
537 1886 698 1930 lectum,
719 1885 798 1923 nisi
819 1886 860 1921 in
881 1888 1070 1932 quantum
1090 1888 1212 1931 agunt
1229 1888 1271 1921 ut
1291 1887 1408 1921 motae
1436 1884 1484 1921 ab
1505 1887 1587 1921 arte
1622 1884 1670 1921 ad
1702 1888 1761 1921 ta-

136 1932 215 1969 lem
236 1931 529 1977 effectum‚nec
546 1933 655 1970 calor
683 1932 878 1969 naturalis
904 1936 1042 1978 posset
1077 1940 1236 1968 carnem
1273 1940 1463 1978 generare
1500 1930 1580 1968 nisi
1617 1931 1763 1969 virtute

139 1979 282 2016 animae
303 1979 551 2026 vegetabilis,
573 1989 663 2025 quae
685 1979 809 2016 utitur
836 1979 924 2025 ipso
959 1978 1074 2026 quasi
1104 1978 1275 2024 quodam
1309 1978 1589 2015 instrumento.
1611 1978 1761 2015 Conve-

137 2026 254 2063 niens
273 2029 334 2063 est
351 2026 474 2073 igitur
493 2027 598 2073 quod
620 2035 666 2062 ex
687 2026 786 2071 ipsis
805 2026 924 2063 rebus
944 2025 1192 2063 naturalibus
1207 2025 1442 2071 proveniant
1455 2024 1578 2071 aliqui
1594 2025 1757 2063 altiores

136 2071 304 2155 effectus)
326 2082 380 2156 ωδ
394 2073 468 2110 1100
488 2073 594 2120 quod
614 2073 842 2119 spirituales
862 2072 1094 2111 substantiae
1113 2073 1172 2109 eis
1189 2075 1354 2109 utuntur
1373 2072 1487 2119 quasi
1521 2072 1762 2109 instrumen-

156 2128 190 2156 1s
240 2129 276 2156 ui
309 2128 354 2156 us
386 2129 462 2156 am.

184 2129 244 2203 Sa:
261 2175 355 2213 ergo
376 2167 468 2203 licet
486 2166 585 2204 tales
605 2164 770 2204 effectus
789 2165 1025 2214 simpliciter
1045 2165 1238 2203 miracula
1257 2164 1334 2202 dici
1364 2174 1445 2202 non
1477 2166 1648 2212 possint,
1667 2166 1763 2213 quia

137 2221 186 2250 ex
205 2213 454 2251 naturalibus
472 2213 605 2251 causis
625 2213 877 2260 proveniunt,
893 2213 1096 2250 mirabiles
1110 2216 1242 2250 tamen
1260 2212 1377 2249 nobis
1397 2212 1616 2250 redduntur
1632 2213 1761 2259 dupli-

137 2260 246 2297 citer.
270 2262 352 2297 Uno
373 2260 506 2306 modo,
526 2270 574 2298 ex
601 2260 678 2298 hoc
709 2261 815 2308 quod
845 2270 916 2307 per
947 2260 1176 2306 spirituales
1205 2259 1453 2297 substantias
1489 2260 1590 2298 tales
1628 2268 1763 2297 causae

136 2307 256 2344 modo
277 2307 394 2344 nobis
414 2308 652 2345 inconsueto
672 2308 721 2345 ad
741 2307 906 2345 effectus
924 2308 1110 2354 proprios
1130 2310 1384 2354 apponuntur
1405 2318 1414 2344 ε
1437 2307 1543 2344 unde
1577 2307 1762 2354 ingenio-

138 2362 272 2391 sorum
295 2353 490 2391 artificum
511 2363 632 2400 opera
650 2355 752 2392 mira
770 2355 1002 2400 redduntur,
1024 2364 1113 2392 cum
1134 2355 1182 2392 ab
1203 2354 1293 2392 aliis
1319 2362 1400 2391 non
1432 2354 1648 2401 percipitur
1665 2363 1763 2401 qua·

137 2400 228 2437 liter
247 2405 474 2447 operantur.
495 2402 582 2439 Alio
613 2402 748 2447 modo,
768 2411 816 2439 ex
845 2402 921 2439 hoc
953 2402 1059 2448 quod
1091 2410 1222 2439 causae
1254 2401 1456 2438 naturales
1488 2401 1679 2448 appositae
1712 2400 1762 2438 ad

138 2446 301 2500 effectus
321 2448 477 2495 aliquos
494 2448 786 2495 producendos,
808 2448 957 2496 aliquid
974 2448 1131 2485 virtutis
1152 2448 1375 2486 sortiuntur
1393 2449 1527 2486 exhoc
1542 2448 1648 2495 quod
1665 2451 1759 2485 sunt

136 2497 401 2532 instrumenta
420 2496 686 2542 spiritualium
707 2496 1018 2533 substantiarum
1039 2507 1048 2532 :
1068 2500 1105 2533 et
1126 2496 1202 2534 hoc
1219 2495 1348 2542 magis
1367 2496 1517 2533 accedit
1555 2496 1604 2532 ad
1637 2494 1761 2531 ratio-

137 2549 225 2578 nem
249 2542 445 2580 miraculi.
467 2542 494 2590 (l
514 2546 629 2589 part„
651 2553 688 2591 q.
710 2551 774 2589 CX,
796 2547 867 2581 art.
886 2543 938 2592 4.)
