1894 3223
100 84 168 121 408
696 75 784 112 ΠΒ.
812 74 877 117 ΙΙΙ,
905 73 1007 109 CAP.
1035 72 1142 112 CVII.

104 162 334 210 hujusmodi
357 157 647 196 intellectuales
667 154 901 192 substantiae
916 153 1240 193 suntsecundum
1259 163 1374 192 suam
1397 156 1578 191 naturam
1591 154 1723 193 malae.

148 211 291 252 Adhuc,
315 205 501 253 quicquid
529 208 590 240 est
617 201 661 242 in
700 202 818 240 rebus
846 204 1000 247 oportet
1029 201 1139 248 quod
1170 210 1294 240 causa
1320 200 1382 238 vel
1413 203 1621 238 causatum
1647 201 1718 246 sit;

103 256 279 304 alioquin
300 254 348 290 ad
369 252 447 290 alia
460 250 640 289 ordinem
660 258 739 286 1166
761 248 963 286 haberent.
983 250 1058 300 Aut
1087 247 1210 295 igitur
1233 247 1463 294 hujusmodi
1488 247 1724 286 substantiae

104 309 196 343 sunt
213 312 254 338 ca
263 310 341 337 6316
362 302 528 341 tautum,
546 301 612 334 aut
629 297 747 333 etiam
761 298 937 333 causata.
955 296 992 333 Si
1008 298 1162 333 tantum
1175 304 1320 341 causae,
1336 295 1484 333 malum
1500 303 1580 332 non
1594 297 1722 341 potest

104 359 192 388 esse
214 357 334 385 causa
360 345 531 391 alicujus
560 343 640 381 nisi
672 352 742 390 per
769 342 954 379 accidens
980 345 1023 379 ut
1057 351 1178 388 supra
1200 342 1301 388 (cap.
1334 342 1392 389 14)
1416 346 1625 380 ostensum
1643 346 1722 389 631;

104 405 220 434 omne
238 398 368 431 autern
386 392 492 440 quod
513 394 574 428 est
592 399 662 438 pei·
681 389 867 427 accidens
901 392 1055 436 oportet
1074 389 1209 426 reduci
1231 389 1280 426 ad
1303 389 1343 426 id
1362 389 1468 436 quod
1487 398 1558 436 per
1576 397 1620 427 se
1640 392 1725 426 est·-

105 445 258 489 oportet
278 441 399 487 igitur
418 438 525 486 quod
544 438 586 475 in
606 437 665 475 eis
686 437 739 475 sit
763 436 911 483 aliquid
934 436 1044 482 prius
1065 445 1181 489 quam
1203 445 1341 474 eorum
1361 436 1526 481 malitia,
1538 445 1608 482 per
1619 434 1726 483 quod

105 491 186 528 sint
204 497 349 526 causae.
372 486 487 524 Prius
507 488 639 523 autem
657 484 699 521 in
721 493 962 531 unoquoque
981 486 1042 520 est
1073 492 1160 529 eJus
1191 485 1333 520 natura
1358 487 1396 519 et
1427 483 1615 520 essentia.
1638 485 1727 520 Non

104 537 225 575 initur
247 533 465 573 secundum
486 541 600 570 suam
622 534 802 569 naturam
826 535 917 568 sunt
939 530 1052 568 1116166
1086 529 1316 576 hujusmodi
1349 530 1596 568 substantiae.
1618 530 1726 567 Idem

106 573 223 621 etiam
245 581 424 627 sequitur
444 580 478 618 si
498 579 578 617 sint
594 582 771 616 causata.
791 579 887 615 Nam
904 577 1060 614 nullum
1079 585 1204 624 agens
1233 577 1315 624 agit
1334 577 1413 614 nisi
1446 577 1658 614 intendens
1677 577 1724 615 ad

104 631 269 668 1166661.
292 628 435 666 Malum
472 635 566 673 ergo
600 634 681 663 non
711 628 843 672 potest
874 633 964 662 esse
999 624 1166 662 eftectus
1194 623 1365 670 alicujus
1394 633 1526 662 causae
1556 624 1723 670 61311161

106 677 305 715 accidens.
344 674 456 719 Quod
483 677 614 711 autem
652 675 840 710 causatur
874 681 944 718 per
975 671 1162 724 accidens
1192 674 1345 709 tanturn
1372 680 1454 708 non
1483 674 1614 718 potest
1637 680 1729 708 esse

107 723 328 762 secundum
348 725 544 765 naturam,
566 729 656 758 cum
678 719 810 757 omnis
832 722 971 756 natura
990 718 1293 756 determinatum
1313 718 1476 756 modum
1495 717 1729 765 habeatque

107 770 285 818 procedit
309 770 351 806 in
372 777 475 806 esse.
499 769 585 806 Non
607 770 668 804 est
686 766 808 813 igitur
826 765 1020 813 possibile
1040 764 1147 812 quod
1158 764 1633 812 hujusmodisubstantiae
1649 765 1732 802 sint

106 818 219 855 malas
240 816 460 854 secundum
477 824 591 852 suam
612 818 807 851 naturam.

153 865 336 910 Amplius,
358 861 669 909 unumquodque
685 861 836 898 entium
857 860 976 897 habet
994 859 1199 906 proprium
1217 868 1306 896 6336
1326 857 1546 911 secundum
1566 858 1730 911 [nodum

109 921 190 950 3666
206 915 370 948 naturae.
389 912 483 947 Esse
497 913 642 953 autem,
656 908 695 945 in
714 911 904 955 quantum
925 907 1169 953 hujusmodi,
1183 906 1423 951 esthonum3
1439 915 1553 953 cujus
1568 914 1730 952 signum

109 963 168 997 est
191 958 296 1005 quod
316 957 451 995 omnia
474 965 564 994 esse
587 959 788 1002 appetunt.
812 955 850 992 Si
870 954 992 1001 igitur
1013 953 1243 1001 hujusmodi
1258 953 1492 992 substantiae
1509 952 1731 991 secundum

111 1015 224 1044 suam
245 1008 427 1042 naturam
450 1006 584 1041 essent
605 1003 732 1047 malae,
756 1002 908 1040 nullum
931 1011 1019 1039 esse
1037 1001 1242 1039 haberent.

154 1055 254 1093 Item,
278 1056 484 1089 ostensum
505 1054 566 1088 est
584 1059 704 1097 supra
725 1049 807 1095 (lib.
829 1058 871 1094 11,
891 1058 976 1095 cap.
996 1048 1053 1095 15)
1074 1048 1181 1095 quod
1202 1047 1303 1086 nihil
1331 1050 1462 1094 potest
1481 1056 1571 1085 esse
1589 1047 1686 1095 quin
1707 1056 1733 1085 a

109 1100 238 1147 primo
261 1102 349 1136 ente
369 1107 459 1136 esse
479 1097 636 1142 habeat,
654 1101 691 1134 et
710 1097 816 1143 quod
836 1096 1008 1142 primum
1029 1105 1100 1133 ens
1132 1099 1193 1133 est
1220 1104 1422 1133 summum
1450 1095 1614 1132 bonum.
1635 1095 1729 1132 Cum

111 1151 243 1184 autem
264 1155 381 1183 611166
399 1153 537 1191 agens,
559 1144 600 1181 in
620 1148 812 1191 quantum
834 1143 1078 1189 hujusmodi,
1091 1146 1182 1189 agat
1195 1141 1272 1179 31111
1290 1142 1435 1186 simile,
1451 1144 1607 1187 oportet
1624 1141 1730 1188 quod

110 1204 158 1231 ea
196 1202 282 1240 quae
319 1202 340 1230 a
380 1193 507 1238 primo
546 1194 635 1228 ente
679 1194 773 1227 sunt
809 1190 915 1227 bona
952 1190 1045 1227 sint.
1082 1189 1283 1227 Praedicta}
1321 1189 1444 1235 igitur
1481 1188 1731 1233 substantiae‚

112 1240 332 1278 secundum
355 1240 460 1286 quod
475 1241 583 1283 sunt,
602 1241 640 1274 et
658 1242 838 1274 naturam
855 1237 1029 1284 aliquam
1042 1236 1200 1280 babent,
1219 1244 1301 1273 non
1312 1239 1483 1282 possunt
1497 1244 1586 1274 esse
1599 1237 1728 1273 malae.

158 1288 302 1331 Adhuc,
324 1285 572 1332 impossibile
591 1289 650 1322 est
670 1284 819 1331 aliquid
838 1293 927 1322 6336
948 1284 1054 1330 quod
1071 1284 1123 1321 sit
1137 1283 1414 1320 universaliter
1431 1283 1627 1329 privatum
1648 1293 1734 1329 par·

110 1334 339 1380 ticipatione
358 1333 467 1370 boni.
490 1334 584 1370 Cum
607 1332 713 1368 enim
734 1331 837 1368 idem
859 1331 910 1368 sit
926 1330 1136 1377 appetibile
1157 1334 1194 1367 et
1213 1330 1378 1374 bonum,
1399 1330 1432 1366 si
1454 1330 1604 1376 aliquid
1625 1334 1732 1367 esset

112 1382 275 1418 omnino
298 1389 437 1426 expers
457 1380 566 1423 boni,
587 1379 686 1415 nihil
702 1379 861 1415 haberet
882 1378 923 1414 16
944 1387 986 1415 36
1016 1377 1240 1424 appetibile.
1261 1377 1482 1423 Unicuique
1510 1380 1640 1415 autem
1673 1381 1732 1415 est

112 1427 322 1474 appetibile
345 1436 462 1464 suum
482 1435 586 1463 6336.
612 1426 770 1471 Oportet
790 1425 912 1471 igitur
926 1424 1046 1471 quod,
1070 1424 1104 1461 si
1126 1424 1274 1471 aliquid
1293 1423 1513 1461 secundum
1535 1432 1731 1461 36611166-

111 1484 239 1512 turam
262 1474 414 1511 dicatur
446 1473 609 1516 malum,
632 1472 738 1519 quod
773 1472 848 1509 hoc
873 1481 954 1508 non
984 1472 1037 1508 sit
1069 1471 1184 1523 quasi
1213 1470 1447 1517 simpliciter
1478 1470 1643 1513 malum,
1662 1471 1733 1508 sed

112 1521 206 1568 quia
230 1525 288 1558 est
310 1520 459 1558 malum
480 1519 586 1565 huic,
608 1520 669 1556 vel
686 1523 881 1566 *quantum
900 1518 948 1555 ad
968 1518 1063 1556 hoc:
1086 1522 1191 1556 sicut
1220 1526 1416 1555 venenum
1446 1526 1529 1555 non
1556 1521 1618 1556 est
1636 1518 1732 1555 sim-

110 1567 442 1615 plicitermalum,
464 1567 536 1604 sed
552 1566 646 1605 huic
667 1567 732 1604 cui
751 1570 811 1603 est
831 1566 1016 1604 nocivum
1039 1577 1049 1611 ;
1083 1565 1188 1603 unde
1217 1564 1323 1612 quod
1356 1568 1416 1603 est
1436 1564 1504 1603 alii
1534 1574 1732 1603 venenum

112 1620 172 1653 est
190 1615 300 1652 alteri
323 1615 449 1652 cibus.
473 1615 553 1651 Hoc
574 1617 702 1651 autem
726 1613 922 1660 contingit
939 1623 986 1650 ex
1006 1622 1054 1651 eo
1075 1612 1180 1660 quod
1196 1611 1346 1651 bonum
1368 1612 1604 1659 particulare
1624 1613 1730 1660 quod

113 1668 172 1700 est
189 1662 390 1709 proprium
412 1661 530 1708 hujus
559 1664 618 1699 est
647 1661 888 1698 contrarium
912 1661 1019 1698 bono
1038 1660 1264 1707 particulari
1298 1660 1404 1707 quod
1436 1662 1497 1697 est
1527 1660 1730 1706 proprium

112 1710 295 1753 alterius;
316 1710 419 1746 31661
439 1709 560 1752 calor,
582 1709 650 1755 qui
672 1712 731 1745 est
751 1708 899 1745 bonum
915 1708 1035 1754 ignis,
1052 1711 1112 1745 est
1132 1707 1375 1745 contrarium
1397 1706 1653 1754 frigoriquod
1671 1713 1733 1745 est

110 1757 260 1794 11611616
283 1766 407 1803 aquae,
431 1759 467 1793 et
487 1755 654 1793 destruit
670 1755 815 1801 ipsum.
848 1755 948 1792 Illud
969 1755 1090 1801 igitur
1109 1754 1214 1801 quod
1237 1754 1457 1792 seeundum
1479 1763 1592 1791 366111
1614 1758 1729 1792 natu-

111 1814 195 1841 ram
217 1803 423 1840 ordinatur
443 1804 483 1840 in
502 1803 652 1840 11666111
671 1812 751 1839 666
772 1802 1021 1848 particulare,
1042 1801 1111 1839 scd
1134 1802 1381 1847 simpliciter,
1401 1801 1650 1847 impossibile
1671 1805 1731 1838 est

113 1851 233 1898 quod,
273 1850 492 1888 secundum
532 1850 638 1887 hunc
676 1849 852 1893 modum,
887 1849 1016 1894 possit
1056 1849 1288 1886 naturaliter
1320 1848 1397 1885 dici
1438 1848 1601 1886 malum.
1641 1849 1730 1885 Tale

112 1901 243 1934 autem
265 1901 324 1934 est
338 1898 470 1934 omnis
489 1897 734 1940 intellectus;
757 1905 848 1932 nam
869 1897 954 1942 ejus
975 1896 1125 1932 bonum
1146 1899 1206 1932 631
1230 1895 1273 1932 16
1303 1895 1462 1941 propria
1483 1894 1730 1941 operatione,

112 1954 199 1991 quae
220 1948 279 1981 est
299 1944 584 1981 universalium
617 1947 654 1980 et
687 1952 825 1980 eorum
858 1952 944 1989 quae
987 1946 1081 1980 sunt
1117 1942 1364 1988 simpliciter.
1400 1944 1486 1979 Non
1522 1945 1583 1980 631
1609 1942 1734 1990 igitur

110 1991 304 2038 possibile
322 1990 426 2038 quod
448 1991 592 2038 aliquis
612 1990 836 2028 intellectus
857 1990 910 2026 sit
925 1990 1145 2027 secuudum
1163 1999 1276 2027 suam
1290 1993 1468 2026 naturam
1486 1989 1630 2034 malus,
1647 1998 1730 2027 non

112 2039 243 2076 solum
265 2038 510 2084 simpliciter,
539 2037 608 2074 sed
627 2047 699 2074 1166
719 2037 939 2074 secundum
959 2037 1067 2083 quid.

157 2087 257 2129 Item,
271 2085 313 2122 in
328 2094 569 2132 unoquoque
584 2085 753 2121 habente
772 2084 1029 2129 intellectum,
1052 2083 1222 2121 naturali
1243 2083 1383 2121 ordine
1403 2084 1630 2122 intellectus
1645 2094 1731 2122 616-

107 2136 173 2169 vet
194 2132 408 2179 appetitum
429 2144 437 2176 ;
459 2132 661 2178 proprium
681 2131 785 2168 enim
807 2131 1003 2177 objectum
1042 2131 1257 2168 voluntatis
1288 2135 1349 2168 est
1371 2130 1522 2168 1161111111
1554 2131 1732 2170 intellec-

109 2184 192 2216 tum
216 2191 223 2223 ;
245 2179 394 2216 bonum
417 2182 547 2216 autem
568 2179 784 2215 voluntatis
803 2182 863 2215 est
883 2178 923 2214 in
943 2188 990 2215 66
1012 2178 1117 2224 quod
1135 2178 1317 2224 sequitur
1334 2178 1605 2224 intellectum;
1628 2179 1734 2216 31661

110 2226 151 2262 111
173 2226 291 2263 661113
311 2225 460 2263 bonum
479 2229 539 2263 631
559 2225 664 2272 quod
686 2229 745 2262 est
763 2226 982 2262 secundum
1003 2225 1218 2269 rationem
1239 2224 1343 2272 quod
1367 2228 1498 2262 autem
1518 2229 1580 2263 est
1592 2230 1734 2272 praeter

109 2273 188 2310 1166
236 2273 383 2310 malum
429 2277 500 2309 est.
539 2273 714 2309 Naturali
753 2273 875 2319 igitur
909 2273 1048 2309 ordine
1077 2272 1302 2310 substantia
1335 2272 1617 2311 intellectualis
1649 2274 1733 2311 vult

108 2321 273 2357 11666111.
297 2319 549 2366 Impossibile
571 2324 630 2357 est
650 2320 771 2367 igitur
791 2319 896 2366 quod
912 2319 990 2357 11166
1008 2319 1241 2357 substantiae
1256 2319 1547 2358 intellectuales
1563 2329 1732 2368 quarum

109 2367 260 2404 auxilio
282 2368 447 2414 magicae
468 2370 573 2404 artes
594 2370 772 2411 utuntur,
791 2367 872 2404 sint
891 2367 1123 2404 naturaliter
1142 2367 1270 2404 malae.

156 2416 346 2459 Praeterea,
367 2424 456 2451 611111
476 2415 663 2451 voluntas
683 2414 819 2451 tendat
837 2414 878 2450 in
898 2414 1048 2451 bonum
1070 2414 1315 2451 intellectum
1330 2414 1563 2451 naturaliter
1576 2414 1732 2452 sicutin

106 2462 313 2514 'proprium
334 2461 531 2507 objectum
561 2465 599 2498 et
623 2461 757 2506 finem,
787 2461 1036 2508 impossibile
1066 2461 1252 2509 estquod
1284 2461 1419 2508 aliqua
1450 2461 1731 2500 intellectualis

110 2508 334 2546 substantia
353 2508 501 2546 malam,
520 2509 741 2547 secundum
761 2513 941 2546 naturam
963 2509 1105 2546 habeat
1122 2508 1380 2554 voluntatem,
1405 2508 1484 2546 nisi
1506 2508 1731 2547 intellectus

111 2555 195 2600 ejus
217 2556 449 2593 naturaliter
468 2559 570 2593 erret
588 2556 694 2594 circa
705 2556 900 2603 judiciuin
921 2556 1030 2594 boni.
1053 2556 1194 2594 Nullus
1221 2559 1353 2594 autem
1385 2555 1612 2593 intellectus
1638 2555 1731 2592 talis

108 2605 378 2646 potestesse:
401 2603 503 2641 falsa
529 2603 637 2641 enim
664 2603 818 2650 judicia
846 2604 888 2641 in
921 2604 1222 2651 operationibus
1246 2603 1474 2641 intellectus
1503 2606 1597 2641 sunt
1627 2602 1732 2640 sicut

109 2652 289 2686 monstra
318 2650 359 2686 in
388 2650 507 2688 rebus
537 2651 800 2696 naturalibus,
831 2661 918 2698 quae
948 2660 1030 2689 non
1059 2654 1154 2690 sunt
1191 2650 1412 2688 seeundum
1439 2653 1638 2694 naturam,
1659 2648 1731 2687 sed

108 2698 249 2747 praeter
261 2700 450 2747 'naturam
468 2710 476 2734 :
500 2707 591 2735 nam
611 2697 761 2736 bonum
781 2699 1008 2736 intellectus
1034 2702 1072 2735 et
1090 2698 1176 2745 ejus
1195 2697 1289 2736 finis
1314 2697 1506 2736 naturalis
1521 2700 1581 2734 est
1597 2696 1731 2741 cogni·

111 2745 168 2794 116
188 2745 378 2795 verit-atis.
396 2745 652 2795 ‘Impossibile
665 2750 725 2783 631
744 2746 865 2792 igitur
885 2746 990 2793 quod
1012 2746 1158 2793 aliquis
1177 2746 1404 2783 intellectus
1418 2744 1471 2781 sit
1488 2744 1730 2790 6111661616.-
1769 2755 1776 2762 ·

106 2787 198 2826 liter
215 2798 254 2825 111
279 2790 432 2842 Judicio
457 2792 537 2828 veri
567 2792 798 2839 decipiatur.
820 2795 953 2840 Neque
974 2794 1096 2840 igitur
1115 2792 1308 2840 possibile
1328 2791 1507 2837 estquod
1523 2791 1575 2828 311
1595 2790 1730 2838 aliqua

107 2835 336 2875 substantia
356 2837 636 2878 intellectualis
657 2840 809 2879 habens
828 2841 1060 2879 naturaliter
1080 2841 1225 2879 malam
1244 2839 1500 2877 voluntatem.
