<?xml version="1.0" encoding="UTF-8"?>
<!DOCTYPE html PUBLIC "-//W3C//DTD XHTML 1.0 Transitional//EN"
    "http://www.w3.org/TR/xhtml1/DTD/xhtml1-transitional.dtd">
<html xmlns="http://www.w3.org/1999/xhtml" xml:lang="en" lang="en">
 <head>
  <title>
</title>
<meta http-equiv="Content-Type" content="text/html;charset=utf-8" />
  <meta name='ocr-system' content='tesseract 3.04.00' />
  <meta name='ocr-capabilities' content='ocr_page ocr_carea ocr_par ocr_line ocrx_word'/>
</head>
<body>
  <div class='ocr_page' id='page_1' title='image "./deveritatecathol00thomuoft_0522.png"; bbox 0 0 1894 3223; ppageno 0'>
   <div class='ocr_carea' id='block_1_1' title="bbox 95 146 1135 193">
    <p class='ocr_par' dir='ltr' id='par_1_1' title="bbox 95 146 1135 193">
     <span class='ocr_line' id='line_1_1' title="bbox 95 146 1135 193; baseline -0.01 -1"><span class='ocrx_word' id='word_1_1' title='bbox 95 158 164 193; x_wconf 76' lang='lat'>482</span> <span class='ocrx_word' id='word_1_2' title='bbox 683 148 769 183; x_wconf 83' lang='lat' dir='ltr'>LtB.</span> <span class='ocrx_word' id='word_1_3' title='bbox 800 148 864 190; x_wconf 86' lang='lat'>111,</span> <span class='ocrx_word' id='word_1_4' title='bbox 891 147 992 182; x_wconf 88' lang='lat' dir='ltr'><strong>CAP.</strong></span> <span class='ocrx_word' id='word_1_5' title='bbox 1020 146 1135 183; x_wconf 74' lang='lat' dir='ltr'>cmx.</span> 
     </span>
    </p>
   </div>
   <div class='ocr_carea' id='block_1_2' title="bbox 97 227 1734 1027">
    <p class='ocr_par' dir='ltr' id='par_1_2' title="bbox 97 227 1728 462">
     <span class='ocr_line' id='line_1_2' title="bbox 97 227 1721 277; baseline -0.006 -4"><span class='ocrx_word' id='word_1_6' title='bbox 97 240 227 273; x_wconf 72' lang='lat' dir='ltr'>autem</span> <span class='ocrx_word' id='word_1_7' title='bbox 250 233 374 277; x_wconf 77' lang='lat' dir='ltr'>culpae</span> <span class='ocrx_word' id='word_1_8' title='bbox 406 228 626 276; x_wconf 71' lang='lat' dir='ltr'>praeteritae,</span> <span class='ocrx_word' id='word_1_9' title='bbox 655 237 775 274; x_wconf 87' lang='lat' dir='ltr'>quum</span> <span class='ocrx_word' id='word_1_10' title='bbox 811 227 928 263; x_wconf 87' lang='lat' dir='ltr'>fuerit</span> <span class='ocrx_word' id='word_1_11' title='bbox 958 227 1129 274; x_wconf 87' lang='lat' dir='ltr'>intensa,</span> <span class='ocrx_word' id='word_1_12' title='bbox 1161 237 1349 275; x_wconf 84' lang='lat' dir='ltr'>magnum</span> <span class='ocrx_word' id='word_1_13' title='bbox 1383 227 1496 265; x_wconf 78' lang='lat' dir='ltr'>affert</span> <span class='ocrx_word' id='word_1_14' title='bbox 1525 227 1721 264; x_wconf 84' lang='lat' dir='ltr'>dolorem.</span> 
     </span>
     <span class='ocr_line' id='line_1_3' title="bbox 98 273 1726 325; baseline -0.005 -7"><span class='ocrx_word' id='word_1_15' title='bbox 98 282 204 318; x_wconf 76' lang='lat' dir='ltr'>Unde</span> <span class='ocrx_word' id='word_1_16' title='bbox 227 289 294 325; x_wconf 85' lang='lat' dir='ltr'>per</span> <span class='ocrx_word' id='word_1_17' title='bbox 312 276 601 314; x_wconf 77' lang='lat' dir='ltr'>vehementiam</span> <span class='ocrx_word' id='word_1_18' title='bbox 624 274 847 311; x_wconf 77' lang='lat' dir='ltr'>dilectionis</span> <span class='ocrx_word' id='word_1_19' title='bbox 869 274 936 310; x_wconf 91' lang='lat' dir='ltr'>Dei</span> <span class='ocrx_word' id='word_1_20' title='bbox 959 277 995 310; x_wconf 92' lang='lat' dir='ltr'>et</span> <span class='ocrx_word' id='word_1_21' title='bbox 1016 274 1094 311; x_wconf 88' lang='lat' dir='ltr'>odii</span> <span class='ocrx_word' id='word_1_22' title='bbox 1116 275 1267 320; x_wconf 84' lang='lat' dir='ltr'>peccati</span> <span class='ocrx_word' id='word_1_23' title='bbox 1289 275 1473 321; x_wconf 81' lang='lat' dir='ltr'>praeteriti</span> <span class='ocrx_word' id='word_1_24' title='bbox 1498 273 1726 311; x_wconf 77' lang='lat' dir='ltr'>excluditur</span> 
     </span>
     <span class='ocr_line' id='line_1_4' title="bbox 99 320 1725 367; baseline -0.005 -2"><span class='ocrx_word' id='word_1_25' title='bbox 99 327 317 365; x_wconf 68' lang='lat' dir='ltr'>necessitas</span> <span class='ocrx_word' id='word_1_26' title='bbox 339 323 616 361; x_wconf 82' lang='lat' dir='ltr'>satisfactoriae</span> <span class='ocrx_word' id='word_1_27' title='bbox 645 321 706 358; x_wconf 80' lang='lat' dir='ltr'>vel</span> <span class='ocrx_word' id='word_1_28' title='bbox 733 321 972 367; x_wconf 79' lang='lat' dir='ltr'>purgatoriae</span> <span class='ocrx_word' id='word_1_29' title='bbox 993 330 1138 366; x_wconf 87' lang='lat' dir='ltr'>poenae;</span> <span class='ocrx_word' id='word_1_30' title='bbox 1158 325 1208 366; x_wconf 90' lang='lat' dir='ltr'>et,</span> <span class='ocrx_word' id='word_1_31' title='bbox 1232 321 1266 359; x_wconf 91' lang='lat' dir='ltr'>si</span> <span class='ocrx_word' id='word_1_32' title='bbox 1288 331 1368 358; x_wconf 92' lang='lat' dir='ltr'>non</span> <span class='ocrx_word' id='word_1_33' title='bbox 1389 322 1441 359; x_wconf 86' lang='lat' dir='ltr'>sit</span> <span class='ocrx_word' id='word_1_34' title='bbox 1472 325 1582 358; x_wconf 88' lang='lat' dir='ltr'>tanta</span> <span class='ocrx_word' id='word_1_35' title='bbox 1608 320 1725 357; x_wconf 73' lang='lat' dir='ltr'>vehe-</span> 
     </span>
     <span class='ocr_line' id='line_1_5' title="bbox 98 367 1728 420; baseline -0.005 -9"><span class='ocrx_word' id='word_1_36' title='bbox 98 374 246 411; x_wconf 73' lang='lat' dir='ltr'>mentia</span> <span class='ocrx_word' id='word_1_37' title='bbox 267 371 371 417; x_wconf 92' lang='lat' dir='ltr'>quod</span> <span class='ocrx_word' id='word_1_38' title='bbox 395 370 566 407; x_wconf 87' lang='lat' dir='ltr'>totaliter</span> <span class='ocrx_word' id='word_1_39' title='bbox 587 378 743 420; x_wconf 82' lang='lat' dir='ltr'>poenam</span> <span class='ocrx_word' id='word_1_40' title='bbox 757 368 952 413; x_wconf 82' lang='lat' dir='ltr'>excludat,</span> <span class='ocrx_word' id='word_1_41' title='bbox 974 371 1121 413; x_wconf 87' lang='lat' dir='ltr'>tamen,</span> <span class='ocrx_word' id='word_1_42' title='bbox 1135 372 1284 415; x_wconf 90' lang='lat' dir='ltr'>quanto</span> <span class='ocrx_word' id='word_1_43' title='bbox 1300 368 1572 405; x_wconf 82' lang='lat' dir='ltr'>vehementior</span> <span class='ocrx_word' id='word_1_44' title='bbox 1590 367 1728 412; x_wconf 60' lang='lat' dir='ltr'>suerit„</span> 
     </span>
     <span class='ocr_line' id='line_1_6' title="bbox 98 415 770 462; baseline -0.007 -5"><span class='ocrx_word' id='word_1_45' title='bbox 98 424 207 458; x_wconf 82' lang='lat' dir='ltr'>tanto</span> <span class='ocrx_word' id='word_1_46' title='bbox 230 419 361 454; x_wconf 88' lang='lat' dir='ltr'>minus</span> <span class='ocrx_word' id='word_1_47' title='bbox 383 418 429 454; x_wconf 92' lang='lat' dir='ltr'>de</span> <span class='ocrx_word' id='word_1_48' title='bbox 451 426 568 462; x_wconf 85' lang='lat' dir='ltr'>poena</span> <span class='ocrx_word' id='word_1_49' title='bbox 588 415 770 453; x_wconf 76' lang='lat' dir='ltr'>sufficiet.</span> 
     </span>
    </p>

    <p class='ocr_par' dir='ltr' id='par_1_3' title="bbox 98 462 1734 1027">
     <span class='ocr_line' id='line_1_7' title="bbox 148 462 1722 510; baseline -0.002 -10"><span class='ocrx_word' id='word_1_50' title='bbox 148 466 257 510; x_wconf 78' lang='lat' dir='ltr'>Quod</span> <span class='ocrx_word' id='word_1_51' title='bbox 288 474 381 501; x_wconf 75' lang='lat' dir='ltr'>vero</span> <span class='ocrx_word' id='word_1_52' title='bbox 411 474 480 510; x_wconf 91' lang='lat' dir='ltr'>per</span> <span class='ocrx_word' id='word_1_53' title='bbox 512 463 664 500; x_wconf 87' lang='lat' dir='ltr'>amicos</span> <span class='ocrx_word' id='word_1_54' title='bbox 694 463 877 506; x_wconf 84' lang='lat' dir='ltr'>facimus,</span> <span class='ocrx_word' id='word_1_55' title='bbox 900 471 969 508; x_wconf 88' lang='lat' dir='ltr'>per</span> <span class='ocrx_word' id='word_1_56' title='bbox 999 471 1075 500; x_wconf 89' lang='lat' dir='ltr'>nos</span> <span class='ocrx_word' id='word_1_57' title='bbox 1108 462 1220 508; x_wconf 90' lang='lat' dir='ltr'>ipsos</span> <span class='ocrx_word' id='word_1_58' title='bbox 1251 462 1379 500; x_wconf 79' lang='lat' dir='ltr'>facere</span> <span class='ocrx_word' id='word_1_59' title='bbox 1410 462 1604 506; x_wconf 79' lang='lat' dir='ltr'>videmur,</span> <span class='ocrx_word' id='word_1_60' title='bbox 1626 462 1722 508; x_wconf 85' lang='lat' dir='ltr'>quia</span> 
     </span>
     <span class='ocr_line' id='line_1_8' title="bbox 100 508 1722 556; baseline -0.003 -6"><span class='ocrx_word' id='word_1_61' title='bbox 100 513 275 551; x_wconf 87' lang='lat' dir='ltr'>amicitia</span> <span class='ocrx_word' id='word_1_62' title='bbox 297 522 343 548; x_wconf 82' lang='lat' dir='ltr'>ex</span> <span class='ocrx_word' id='word_1_63' title='bbox 364 511 520 548; x_wconf 81' lang='lat' dir='ltr'>duobus</span> <span class='ocrx_word' id='word_1_64' title='bbox 542 510 635 547; x_wconf 87' lang='lat' dir='ltr'>facit</span> <span class='ocrx_word' id='word_1_65' title='bbox 656 519 777 546; x_wconf 90' lang='lat' dir='ltr'>unum</span> <span class='ocrx_word' id='word_1_66' title='bbox 807 519 876 556; x_wconf 85' lang='lat' dir='ltr'>per</span> <span class='ocrx_word' id='word_1_67' title='bbox 893 508 1092 553; x_wconf 84' lang='lat' dir='ltr'>affectum,</span> <span class='ocrx_word' id='word_1_68' title='bbox 1115 513 1153 546; x_wconf 90' lang='lat' dir='ltr'>et</span> <span class='ocrx_word' id='word_1_69' title='bbox 1183 509 1378 555; x_wconf 86' lang='lat' dir='ltr'>praecipue</span> <span class='ocrx_word' id='word_1_70' title='bbox 1411 509 1570 546; x_wconf 90' lang='lat' dir='ltr'>dilectio</span> <span class='ocrx_word' id='word_1_71' title='bbox 1592 508 1722 545; x_wconf 84' lang='lat' dir='ltr'>chari·</span> 
     </span>
     <span class='ocr_line' id='line_1_9' title="bbox 99 555 1724 605; baseline -0.004 -8"><span class='ocrx_word' id='word_1_72' title='bbox 99 561 213 605; x_wconf 88' lang='lat' dir='ltr'>tatis;</span> <span class='ocrx_word' id='word_1_73' title='bbox 236 564 271 595; x_wconf 89' lang='lat' dir='ltr'>et</span> <span class='ocrx_word' id='word_1_74' title='bbox 295 559 397 603; x_wconf 85' lang='lat' dir='ltr'>ideo,</span> <span class='ocrx_word' id='word_1_75' title='bbox 419 558 604 604; x_wconf 84' lang='lat' dir='ltr'>sicutper</span> <span class='ocrx_word' id='word_1_76' title='bbox 615 556 806 602; x_wconf 87' lang='lat' dir='ltr'>seipsum,</span> <span class='ocrx_word' id='word_1_77' title='bbox 827 556 882 592; x_wconf 90' lang='lat' dir='ltr'>ita</span> <span class='ocrx_word' id='word_1_78' title='bbox 898 560 934 592; x_wconf 91' lang='lat' dir='ltr'>et</span> <span class='ocrx_word' id='word_1_79' title='bbox 955 566 1023 602; x_wconf 88' lang='lat' dir='ltr'>per</span> <span class='ocrx_word' id='word_1_80' title='bbox 1041 556 1163 592; x_wconf 86' lang='lat' dir='ltr'>alium</span> <span class='ocrx_word' id='word_1_81' title='bbox 1178 560 1309 602; x_wconf 88' lang='lat' dir='ltr'>potest</span> <span class='ocrx_word' id='word_1_82' title='bbox 1329 556 1473 602; x_wconf 89' lang='lat' dir='ltr'>aliquis</span> <span class='ocrx_word' id='word_1_83' title='bbox 1493 555 1724 593; x_wconf 77' lang='lat' dir='ltr'>satisfacere</span> 
     </span>
     <span class='ocr_line' id='line_1_10' title="bbox 101 603 1724 653; baseline -0.004 -9"><span class='ocrx_word' id='word_1_84' title='bbox 101 610 195 651; x_wconf 74' lang='lat' dir='ltr'>Deo,</span> <span class='ocrx_word' id='word_1_85' title='bbox 228 606 423 652; x_wconf 61' lang='lat' dir='ltr'>praecipue</span> <span class='ocrx_word' id='word_1_86' title='bbox 457 614 547 642; x_wconf 89' lang='lat' dir='ltr'>cum</span> <span class='ocrx_word' id='word_1_87' title='bbox 577 604 797 640; x_wconf 75' lang='lat' dir='ltr'>necessitas</span> <span class='ocrx_word' id='word_1_88' title='bbox 820 603 955 647; x_wconf 80' lang='lat' dir='ltr'>suerit;</span> <span class='ocrx_word' id='word_1_89' title='bbox 976 612 1066 639; x_wconf 87' lang='lat' dir='ltr'>nam</span> <span class='ocrx_word' id='word_1_90' title='bbox 1088 607 1125 639; x_wconf 88' lang='lat' dir='ltr'>et</span> <span class='ocrx_word' id='word_1_91' title='bbox 1144 612 1301 649; x_wconf 89' lang='lat' dir='ltr'>poenam</span> <span class='ocrx_word' id='word_1_92' title='bbox 1321 612 1437 649; x_wconf 90' lang='lat' dir='ltr'>quam</span> <span class='ocrx_word' id='word_1_93' title='bbox 1461 603 1613 639; x_wconf 88' lang='lat' dir='ltr'>amicus</span> <span class='ocrx_word' id='word_1_94' title='bbox 1634 611 1724 653; x_wconf 42' lang='lat' dir='ltr'>pro-</span> 
     </span>
     <span class='ocr_line' id='line_1_11' title="bbox 98 650 1727 701; baseline -0.003 -11"><span class='ocrx_word' id='word_1_95' title='bbox 98 658 185 701; x_wconf 84' lang='lat' dir='ltr'>pter</span> <span class='ocrx_word' id='word_1_96' title='bbox 206 654 334 699; x_wconf 87' lang='lat' dir='ltr'>ipsum</span> <span class='ocrx_word' id='word_1_97' title='bbox 359 652 501 698; x_wconf 84' lang='lat' dir='ltr'>patitur</span> <span class='ocrx_word' id='word_1_98' title='bbox 523 654 677 698; x_wconf 88' lang='lat' dir='ltr'>reputat</span> <span class='ocrx_word' id='word_1_99' title='bbox 697 651 843 697; x_wconf 86' lang='lat' dir='ltr'>aliquis</span> <span class='ocrx_word' id='word_1_100' title='bbox 868 660 912 687; x_wconf 86' lang='lat' dir='ltr'>ac</span> <span class='ocrx_word' id='word_1_101' title='bbox 946 650 979 687; x_wconf 94' lang='lat' dir='ltr'>si</span> <span class='ocrx_word' id='word_1_102' title='bbox 1013 650 1098 696; x_wconf 87' lang='lat' dir='ltr'>ipse</span> <span class='ocrx_word' id='word_1_103' title='bbox 1134 653 1332 695; x_wconf 88' lang='lat' dir='ltr'>pateretur</span> <span class='ocrx_word' id='word_1_104' title='bbox 1353 662 1361 686; x_wconf 91' lang='lat'>:</span> <span class='ocrx_word' id='word_1_105' title='bbox 1385 654 1421 686; x_wconf 90' lang='lat' dir='ltr'>et</span> <span class='ocrx_word' id='word_1_106' title='bbox 1451 650 1509 687; x_wconf 88' lang='lat' dir='ltr'>sic</span> <span class='ocrx_word' id='word_1_107' title='bbox 1541 658 1658 701; x_wconf 82' lang='lat' dir='ltr'>poena</span> <span class='ocrx_word' id='word_1_108' title='bbox 1690 659 1727 685; x_wconf 85' lang='lat' dir='ltr'>ei</span> 
     </span>
     <span class='ocr_line' id='line_1_12' title="bbox 101 697 1727 748; baseline -0.004 -10"><span class='ocrx_word' id='word_1_109' title='bbox 101 710 182 738; x_wconf 87' lang='lat' dir='ltr'>non</span> <span class='ocrx_word' id='word_1_110' title='bbox 205 701 313 737; x_wconf 82' lang='lat' dir='ltr'>deest</span> <span class='ocrx_word' id='word_1_111' title='bbox 337 700 427 736; x_wconf 80' lang='lat' dir='ltr'>duni</span> <span class='ocrx_word' id='word_1_112' title='bbox 453 698 615 744; x_wconf 82' lang='lat' dir='ltr'>patienti</span> <span class='ocrx_word' id='word_1_113' title='bbox 642 698 771 734; x_wconf 90' lang='lat' dir='ltr'>amico</span> <span class='ocrx_word' id='word_1_114' title='bbox 799 697 1038 742; x_wconf 88' lang='lat' dir='ltr'>compatitur</span> <span class='ocrx_word' id='word_1_115' title='bbox 1063 701 1100 733; x_wconf 88' lang='lat' dir='ltr'>et</span> <span class='ocrx_word' id='word_1_116' title='bbox 1119 700 1229 734; x_wconf 85' lang='lat' dir='ltr'>tanto</span> <span class='ocrx_word' id='word_1_117' title='bbox 1267 697 1437 742; x_wconf 87' lang='lat' dir='ltr'>amplius</span> <span class='ocrx_word' id='word_1_118' title='bbox 1471 699 1618 743; x_wconf 84' lang='lat' dir='ltr'>quanto</span> <span class='ocrx_word' id='word_1_119' title='bbox 1640 705 1727 748; x_wconf 82' lang='lat' dir='ltr'>ipse</span> 
     </span>
     <span class='ocr_line' id='line_1_13' title="bbox 102 743 1731 792; baseline -0.003 -8"><span class='ocrx_word' id='word_1_120' title='bbox 102 753 163 785; x_wconf 89' lang='lat' dir='ltr'>est</span> <span class='ocrx_word' id='word_1_121' title='bbox 184 748 218 784; x_wconf 88' lang='lat' dir='ltr'>ei</span> <span class='ocrx_word' id='word_1_122' title='bbox 241 756 362 784; x_wconf 80' lang='lat' dir='ltr'>causa</span> <span class='ocrx_word' id='word_1_123' title='bbox 392 746 580 792; x_wconf 84' lang='lat' dir='ltr'>patiendi.</span> <span class='ocrx_word' id='word_1_124' title='bbox 616 747 658 781; x_wconf 86' lang='lat' dir='ltr'>Et</span> <span class='ocrx_word' id='word_1_125' title='bbox 691 745 833 781; x_wconf 87' lang='lat' dir='ltr'>iterum</span> <span class='ocrx_word' id='word_1_126' title='bbox 854 743 1010 781; x_wconf 79' lang='lat' dir='ltr'>affectio</span> <span class='ocrx_word' id='word_1_127' title='bbox 1032 743 1236 781; x_wconf 86' lang='lat' dir='ltr'>charitatis</span> <span class='ocrx_word' id='word_1_128' title='bbox 1264 744 1304 780; x_wconf 91' lang='lat' dir='ltr'>in</span> <span class='ocrx_word' id='word_1_129' title='bbox 1336 753 1382 780; x_wconf 92' lang='lat' dir='ltr'>eo</span> <span class='ocrx_word' id='word_1_130' title='bbox 1419 743 1486 789; x_wconf 88' lang='lat' dir='ltr'>qui</span> <span class='ocrx_word' id='word_1_131' title='bbox 1512 751 1579 788; x_wconf 89' lang='lat' dir='ltr'>pro</span> <span class='ocrx_word' id='word_1_132' title='bbox 1599 751 1731 779; x_wconf 84' lang='lat' dir='ltr'>amico</span> 
     </span>
     <span class='ocr_line' id='line_1_14' title="bbox 101 790 1734 842; baseline -0.004 -11"><span class='ocrx_word' id='word_1_133' title='bbox 101 796 249 841; x_wconf 85' lang='lat' dir='ltr'>patitur</span> <span class='ocrx_word' id='word_1_134' title='bbox 268 794 362 831; x_wconf 84' lang='lat' dir='ltr'>facit</span> <span class='ocrx_word' id='word_1_135' title='bbox 384 793 509 840; x_wconf 73' lang='lat' dir='ltr'>magis</span> <span class='ocrx_word' id='word_1_136' title='bbox 532 792 846 829; x_wconf 73' lang='lat' dir='ltr'>satisfactionem</span> <span class='ocrx_word' id='word_1_137' title='bbox 881 794 960 828; x_wconf 88' lang='lat' dir='ltr'>Deo</span> <span class='ocrx_word' id='word_1_138' title='bbox 995 795 1195 837; x_wconf 78' lang='lat' dir='ltr'>acceptam</span> <span class='ocrx_word' id='word_1_139' title='bbox 1217 800 1334 838; x_wconf 86' lang='lat' dir='ltr'>quam</span> <span class='ocrx_word' id='word_1_140' title='bbox 1369 790 1401 826; x_wconf 89' lang='lat' dir='ltr'>si</span> <span class='ocrx_word' id='word_1_141' title='bbox 1425 798 1495 836; x_wconf 87' lang='lat' dir='ltr'>pro</span> <span class='ocrx_word' id='word_1_142' title='bbox 1518 799 1560 842; x_wconf 80' lang='lat' dir='ltr'>se</span> <span class='ocrx_word' id='word_1_143' title='bbox 1581 793 1734 841; x_wconf 72' lang='lat' dir='ltr'>patere.-⁴</span> 
     </span>
     <span class='ocr_line' id='line_1_15' title="bbox 102 837 1734 885; baseline -0.004 -7"><span class='ocrx_word' id='word_1_144' title='bbox 102 847 183 885; x_wconf 74' lang='lat' dir='ltr'>tur3</span> <span class='ocrx_word' id='word_1_145' title='bbox 205 841 281 878; x_wconf 84' lang='lat' dir='ltr'>hoc</span> <span class='ocrx_word' id='word_1_146' title='bbox 302 841 406 877; x_wconf 88' lang='lat' dir='ltr'>enim</span> <span class='ocrx_word' id='word_1_147' title='bbox 442 844 499 876; x_wconf 76' lang='lat' dir='ltr'>est</span> <span class='ocrx_word' id='word_1_148' title='bbox 531 843 720 885; x_wconf 67' lang='lat' dir='ltr'>promptae</span> <span class='ocrx_word' id='word_1_149' title='bbox 751 838 968 883; x_wconf 81' lang='lat' dir='ltr'>charitatis,</span> <span class='ocrx_word' id='word_1_150' title='bbox 1004 838 1102 875; x_wconf 90' lang='lat' dir='ltr'>illud</span> <span class='ocrx_word' id='word_1_151' title='bbox 1123 842 1254 876; x_wconf 84' lang='lat' dir='ltr'>autem</span> <span class='ocrx_word' id='word_1_152' title='bbox 1287 842 1346 875; x_wconf 90' lang='lat' dir='ltr'>est</span> <span class='ocrx_word' id='word_1_153' title='bbox 1376 840 1643 874; x_wconf 80' lang='lat' dir='ltr'>necessitatis.</span> <span class='ocrx_word' id='word_1_154' title='bbox 1676 837 1734 873; x_wconf 74' lang='lat' dir='ltr'>Ex</span> 
     </span>
     <span class='ocr_line' id='line_1_16' title="bbox 104 884 1728 934; baseline -0.004 -9"><span class='ocrx_word' id='word_1_155' title='bbox 104 898 181 933; x_wconf 84' lang='lat' dir='ltr'>quo</span> <span class='ocrx_word' id='word_1_156' title='bbox 204 887 394 933; x_wconf 68' lang='lat' dir='ltr'>accipitur</span> <span class='ocrx_word' id='word_1_157' title='bbox 415 887 519 934; x_wconf 88' lang='lat' dir='ltr'>quod</span> <span class='ocrx_word' id='word_1_158' title='bbox 551 896 655 923; x_wconf 83' lang='lat' dir='ltr'>nnus</span> <span class='ocrx_word' id='word_1_159' title='bbox 682 895 753 932; x_wconf 92' lang='lat' dir='ltr'>pro</span> <span class='ocrx_word' id='word_1_160' title='bbox 788 886 867 922; x_wconf 89' lang='lat' dir='ltr'>alio</span> <span class='ocrx_word' id='word_1_161' title='bbox 899 885 1130 922; x_wconf 82' lang='lat' dir='ltr'>satisfacere</span> <span class='ocrx_word' id='word_1_162' title='bbox 1149 888 1293 931; x_wconf 81' lang='lat' dir='ltr'>potest,</span> <span class='ocrx_word' id='word_1_163' title='bbox 1319 884 1536 926; x_wconf 67' lang='lat' dir='ltr'>dummpdo</span> <span class='ocrx_word' id='word_1_164' title='bbox 1561 887 1728 929; x_wconf 85' lang='lat' dir='ltr'>uterque</span> 
     </span>
     <span class='ocr_line' id='line_1_17' title="bbox 103 932 1734 980; baseline -0.004 -9"><span class='ocrx_word' id='word_1_165' title='bbox 103 936 142 972; x_wconf 90' lang='lat' dir='ltr'>in</span> <span class='ocrx_word' id='word_1_166' title='bbox 165 935 350 972; x_wconf 71' lang='lat' dir='ltr'>charitate</span> <span class='ocrx_word' id='word_1_167' title='bbox 371 935 499 971; x_wconf 84' lang='lat' dir='ltr'>fuerit.</span> <span class='ocrx_word' id='word_1_168' title='bbox 522 933 618 970; x_wconf 88' lang='lat' dir='ltr'>Hinc</span> <span class='ocrx_word' id='word_1_169' title='bbox 640 936 700 970; x_wconf 91' lang='lat' dir='ltr'>est</span> <span class='ocrx_word' id='word_1_170' title='bbox 719 933 823 980; x_wconf 87' lang='lat' dir='ltr'>quod</span> <span class='ocrx_word' id='word_1_171' title='bbox 841 933 1054 978; x_wconf 79' lang='lat' dir='ltr'>Apostolus</span> <span class='ocrx_word' id='word_1_172' title='bbox 1076 932 1167 969; x_wconf 87' lang='lat' dir='ltr'>dicit</span> <span class='ocrx_word' id='word_1_173' title='bbox 1188 944 1196 969; x_wconf 89' lang='lat'>:</span> <span class='ocrx_word' id='word_1_174' title='bbox 1227 933 1330 968; x_wconf 79' lang='lat' dir='ltr'>Alter</span> <span class='ocrx_word' id='word_1_175' title='bbox 1351 933 1499 967; x_wconf 72' lang='lat' dir='ltr'>alterius</span> <span class='ocrx_word' id='word_1_176' title='bbox 1520 940 1630 966; x_wconf 82' lang='lat' dir='ltr'>onera</span> <span class='ocrx_word' id='word_1_177' title='bbox 1644 939 1734 975; x_wconf 79' lang='lat' dir='ltr'>por-</span> 
     </span>
     <span class='ocr_line' id='line_1_18' title="bbox 104 979 1210 1027; baseline -0.004 -9"><span class='ocrx_word' id='word_1_178' title='bbox 104 986 187 1027; x_wconf 65' lang='lat' dir='ltr'>tate,</span> <span class='ocrx_word' id='word_1_179' title='bbox 208 985 239 1017; x_wconf 79' lang='lat' dir='ltr'>ct</span> <span class='ocrx_word' id='word_1_180' title='bbox 259 984 309 1017; x_wconf 76' lang='lat' dir='ltr'>sie</span> <span class='ocrx_word' id='word_1_181' title='bbox 340 982 583 1027; x_wconf 69' lang='lat' dir='ltr'>adimplebitis</span> <span class='ocrx_word' id='word_1_182' title='bbox 605 981 714 1025; x_wconf 67' lang='lat' dir='ltr'>leyem</span> <span class='ocrx_word' id='word_1_183' title='bbox 735 981 882 1017; x_wconf 73' lang='lat' dir='ltr'>Christi.</span> <span class='ocrx_word' id='word_1_184' title='bbox 907 979 1056 1026; x_wconf 53' lang='lat' dir='ltr'>(Galae,</span> <span class='ocrx_word' id='word_1_185' title='bbox 1079 989 1136 1024; x_wconf 75' lang='lat' dir='ltr'>VI,</span> <span class='ocrx_word' id='word_1_186' title='bbox 1158 979 1210 1026; x_wconf 78' lang='lat'>2.)</span> 
     </span>
    </p>
   </div>
   <div class='ocr_carea' id='block_1_3' title="bbox 760 1127 1098 1168">
    <p class='ocr_par' dir='ltr' id='par_1_4' title="bbox 760 1127 1098 1168">
     <span class='ocr_line' id='line_1_19' title="bbox 760 1127 1098 1168; baseline 0.003 -1"><span class='ocrx_word' id='word_1_187' title='bbox 760 1127 928 1168; x_wconf 77' lang='lat' dir='ltr'><strong>CAPUT</strong></span> <span class='ocrx_word' id='word_1_188' title='bbox 968 1127 1098 1168; x_wconf 88' lang='lat' dir='ltr'>CLIX.</span> 
     </span>
    </p>
   </div>
   <div class='ocr_carea' id='block_1_4' title="bbox 178 1241 1663 1334">
    <p class='ocr_par' dir='ltr' id='par_1_5' title="bbox 178 1241 1663 1334">
     <span class='ocr_line' id='line_1_20' title="bbox 178 1241 1663 1278; baseline -0.001 -7"><span class='ocrx_word' id='word_1_189' title='bbox 178 1242 278 1278; x_wconf 74' lang='lat' dir='ltr'><strong>QL‘OD</strong></span> <span class='ocrx_word' id='word_1_190' title='bbox 299 1242 587 1270; x_wconf 75' lang='lat' dir='ltr'>RATIONALITER</span> <span class='ocrx_word' id='word_1_191' title='bbox 606 1242 747 1270; x_wconf 71' lang='lat' dir='ltr'>HOMINI</span> <span class='ocrx_word' id='word_1_192' title='bbox 767 1241 990 1269; x_wconf 78' lang='lat' dir='ltr'><strong>IMPUTATUR</strong></span> <span class='ocrx_word' id='word_1_193' title='bbox 1012 1242 1045 1269; x_wconf 88' lang='lat' dir='ltr'>SI</span> <span class='ocrx_word' id='word_1_194' title='bbox 1066 1241 1118 1269; x_wconf 78' lang='lat' dir='ltr'>AD</span> <span class='ocrx_word' id='word_1_195' title='bbox 1138 1242 1245 1270; x_wconf 86' lang='lat' dir='ltr'><strong>DEUM</strong></span> <span class='ocrx_word' id='word_1_196' title='bbox 1264 1241 1341 1270; x_wconf 72' lang='lat' dir='ltr'>NON</span> <span class='ocrx_word' id='word_1_197' title='bbox 1364 1241 1663 1277; x_wconf 71' lang='lat' dir='ltr'>CONVERTATUss,</span> 
     </span>
     <span class='ocr_line' id='line_1_21' title="bbox 520 1300 1315 1334; baseline -0.001 -6"><span class='ocrx_word' id='word_1_198' title='bbox 520 1300 694 1334; x_wconf 81' lang='lat' dir='ltr'><strong>QUAMVIS</strong></span> <span class='ocrx_word' id='word_1_199' title='bbox 711 1300 786 1329; x_wconf 86' lang='lat' dir='ltr'>HOC</span> <span class='ocrx_word' id='word_1_200' title='bbox 804 1300 890 1328; x_wconf 79' lang='lat' dir='ltr'>SINE</span> <span class='ocrx_word' id='word_1_201' title='bbox 912 1300 1057 1329; x_wconf 74' lang='lat' dir='ltr'><strong>GRATIA</strong></span> <span class='ocrx_word' id='word_1_202' title='bbox 1073 1300 1152 1329; x_wconf 77' lang='lat' dir='ltr'>NON</span> <span class='ocrx_word' id='word_1_203' title='bbox 1172 1300 1315 1329; x_wconf 84' lang='lat' dir='ltr'>POSSIT.</span> 
     </span>
    </p>
   </div>
   <div class='ocr_carea' id='block_1_5' title="bbox 105 1402 1742 2770">
    <p class='ocr_par' dir='ltr' id='par_1_6' title="bbox 106 1402 1738 1731">
     <span class='ocr_line' id='line_1_22' title="bbox 156 1402 1738 1450; baseline 0.001 -12"><span class='ocrx_word' id='word_1_204' title='bbox 156 1405 284 1447; x_wconf 72' lang='lat' dir='ltr'>Quam</span> <span class='ocrx_word' id='word_1_205' title='bbox 317 1407 461 1447; x_wconf 86' lang='lat' dir='ltr'>autem,</span> <span class='ocrx_word' id='word_1_206' title='bbox 491 1402 593 1440; x_wconf 90' lang='lat' dir='ltr'>sicut</span> <span class='ocrx_word' id='word_1_207' title='bbox 622 1413 668 1440; x_wconf 81' lang='lat' dir='ltr'>ex</span> <span class='ocrx_word' id='word_1_208' title='bbox 702 1403 917 1448; x_wconf 82' lang='lat' dir='ltr'>praemissis</span> <span class='ocrx_word' id='word_1_209' title='bbox 942 1403 1121 1444; x_wconf 86' lang='lat' dir='ltr'>habetur,</span> <span class='ocrx_word' id='word_1_210' title='bbox 1153 1403 1194 1440; x_wconf 86' lang='lat' dir='ltr'>in</span> <span class='ocrx_word' id='word_1_211' title='bbox 1220 1403 1339 1440; x_wconf 86' lang='lat' dir='ltr'>finem</span> <span class='ocrx_word' id='word_1_212' title='bbox 1372 1403 1554 1440; x_wconf 87' lang='lat' dir='ltr'>ultimum</span> <span class='ocrx_word' id='word_1_213' title='bbox 1593 1403 1738 1450; x_wconf 83' lang='lat' dir='ltr'>aliquis</span> 
     </span>
     <span class='ocr_line' id='line_1_23' title="bbox 108 1449 1736 1497; baseline 0 -10"><span class='ocrx_word' id='word_1_214' title='bbox 108 1451 219 1497; x_wconf 70' lang='lat' dir='ltr'>dirigi</span> <span class='ocrx_word' id='word_1_215' title='bbox 242 1459 321 1486; x_wconf 89' lang='lat' dir='ltr'>non</span> <span class='ocrx_word' id='word_1_216' title='bbox 343 1450 469 1495; x_wconf 81' lang='lat' dir='ltr'>possit</span> <span class='ocrx_word' id='word_1_217' title='bbox 491 1450 567 1486; x_wconf 89' lang='lat' dir='ltr'>nisi</span> <span class='ocrx_word' id='word_1_218' title='bbox 587 1449 732 1487; x_wconf 72' lang='lat' dir='ltr'>auxilio</span> <span class='ocrx_word' id='word_1_219' title='bbox 759 1450 896 1486; x_wconf 79' lang='lat' dir='ltr'>divinae</span> <span class='ocrx_word' id='word_1_220' title='bbox 917 1450 1064 1497; x_wconf 69' lang='lat' dir='ltr'>gratiae,</span> <span class='ocrx_word' id='word_1_221' title='bbox 1090 1450 1176 1487; x_wconf 90' lang='lat' dir='ltr'>sine</span> <span class='ocrx_word' id='word_1_222' title='bbox 1209 1460 1287 1496; x_wconf 89' lang='lat' dir='ltr'>qua</span> <span class='ocrx_word' id='word_1_223' title='bbox 1315 1450 1431 1486; x_wconf 88' lang='lat' dir='ltr'>etiam</span> <span class='ocrx_word' id='word_1_224' title='bbox 1452 1450 1587 1487; x_wconf 90' lang='lat' dir='ltr'>nullus</span> <span class='ocrx_word' id='word_1_225' title='bbox 1608 1453 1736 1495; x_wconf 88' lang='lat' dir='ltr'>potest</span> 
     </span>
     <span class='ocr_line' id='line_1_24' title="bbox 106 1496 1737 1543; baseline 0 -9"><span class='ocrx_word' id='word_1_226' title='bbox 106 1498 250 1534; x_wconf 72' lang='lat' dir='ltr'>habere</span> <span class='ocrx_word' id='word_1_227' title='bbox 273 1507 318 1533; x_wconf 82' lang='lat' dir='ltr'>ea</span> <span class='ocrx_word' id='word_1_228' title='bbox 340 1506 426 1543; x_wconf 69' lang='lat' dir='ltr'>quae</span> <span class='ocrx_word' id='word_1_229' title='bbox 447 1499 540 1533; x_wconf 84' lang='lat' dir='ltr'>sunt</span> <span class='ocrx_word' id='word_1_230' title='bbox 561 1496 787 1534; x_wconf 84' lang='lat' dir='ltr'>necessaria</span> <span class='ocrx_word' id='word_1_231' title='bbox 808 1497 855 1533; x_wconf 90' lang='lat' dir='ltr'>ad</span> <span class='ocrx_word' id='word_1_232' title='bbox 876 1497 1118 1534; x_wconf 85' lang='lat' dir='ltr'>tendendum</span> <span class='ocrx_word' id='word_1_233' title='bbox 1137 1497 1176 1533; x_wconf 89' lang='lat' dir='ltr'>in</span> <span class='ocrx_word' id='word_1_234' title='bbox 1196 1497 1378 1534; x_wconf 87' lang='lat' dir='ltr'>ultimum</span> <span class='ocrx_word' id='word_1_235' title='bbox 1399 1497 1532 1540; x_wconf 82' lang='lat' dir='ltr'>finem,</span> <span class='ocrx_word' id='word_1_236' title='bbox 1555 1496 1657 1534; x_wconf 90' lang='lat' dir='ltr'>sicut</span> <span class='ocrx_word' id='word_1_237' title='bbox 1678 1501 1737 1534; x_wconf 90' lang='lat' dir='ltr'>est</span> 
     </span>
     <span class='ocr_line' id='line_1_25' title="bbox 107 1543 1737 1591; baseline -0.001 -10"><span class='ocrx_word' id='word_1_238' title='bbox 107 1545 219 1586; x_wconf 67' lang='lat' dir='ltr'>fides,</span> <span class='ocrx_word' id='word_1_239' title='bbox 244 1554 348 1589; x_wconf 74' lang='lat' dir='ltr'>spes,</span> <span class='ocrx_word' id='word_1_240' title='bbox 371 1544 529 1580; x_wconf 88' lang='lat' dir='ltr'>dilectio</span> <span class='ocrx_word' id='word_1_241' title='bbox 551 1546 588 1580; x_wconf 91' lang='lat' dir='ltr'>et</span> <span class='ocrx_word' id='word_1_242' title='bbox 608 1544 914 1590; x_wconf 76' lang='lat' dir='ltr'>perseverantia,</span> <span class='ocrx_word' id='word_1_243' title='bbox 937 1546 1067 1590; x_wconf 89' lang='lat' dir='ltr'>potest</span> <span class='ocrx_word' id='word_1_244' title='bbox 1091 1544 1208 1581; x_wconf 86' lang='lat' dir='ltr'>alicui</span> <span class='ocrx_word' id='word_1_245' title='bbox 1227 1544 1350 1581; x_wconf 84' lang='lat' dir='ltr'>videri</span> <span class='ocrx_word' id='word_1_246' title='bbox 1367 1546 1472 1591; x_wconf 87' lang='lat' dir='ltr'>quod</span> <span class='ocrx_word' id='word_1_247' title='bbox 1494 1553 1574 1580; x_wconf 90' lang='lat' dir='ltr'>non</span> <span class='ocrx_word' id='word_1_248' title='bbox 1595 1544 1645 1581; x_wconf 89' lang='lat' dir='ltr'>sit</span> <span class='ocrx_word' id='word_1_249' title='bbox 1665 1543 1737 1581; x_wconf 90' lang='lat' dir='ltr'>ho-</span> 
     </span>
     <span class='ocr_line' id='line_1_26' title="bbox 106 1590 1737 1638; baseline -0.001 -9"><span class='ocrx_word' id='word_1_250' title='bbox 106 1592 204 1629; x_wconf 87' lang='lat' dir='ltr'>mini</span> <span class='ocrx_word' id='word_1_251' title='bbox 224 1591 497 1636; x_wconf 84' lang='lat' dir='ltr'>imputandum</span> <span class='ocrx_word' id='word_1_252' title='bbox 524 1590 557 1628; x_wconf 91' lang='lat' dir='ltr'>si</span> <span class='ocrx_word' id='word_1_253' title='bbox 590 1591 784 1636; x_wconf 82' lang='lat' dir='ltr'>praedictis</span> <span class='ocrx_word' id='word_1_254' title='bbox 820 1595 964 1636; x_wconf 80' lang='lat' dir='ltr'>careat,</span> <span class='ocrx_word' id='word_1_255' title='bbox 995 1591 1190 1637; x_wconf 77' lang='lat' dir='ltr'>praecipue</span> <span class='ocrx_word' id='word_1_256' title='bbox 1223 1601 1344 1638; x_wconf 89' lang='lat' dir='ltr'>quum</span> <span class='ocrx_word' id='word_1_257' title='bbox 1378 1591 1566 1628; x_wconf 79' lang='lat' dir='ltr'>auxilium</span> <span class='ocrx_word' id='word_1_258' title='bbox 1598 1591 1737 1628; x_wconf 80' lang='lat' dir='ltr'>divinae</span> 
     </span>
     <span class='ocr_line' id='line_1_27' title="bbox 108 1638 1736 1685; baseline 0 -11"><span class='ocrx_word' id='word_1_259' title='bbox 108 1639 242 1685; x_wconf 61' lang='lat' dir='ltr'>gratiae</span> <span class='ocrx_word' id='word_1_260' title='bbox 262 1638 403 1674; x_wconf 87' lang='lat' dir='ltr'>mereri</span> <span class='ocrx_word' id='word_1_261' title='bbox 425 1647 504 1674; x_wconf 91' lang='lat' dir='ltr'>non</span> <span class='ocrx_word' id='word_1_262' title='bbox 526 1638 666 1683; x_wconf 79' lang='lat' dir='ltr'>possit,</span> <span class='ocrx_word' id='word_1_263' title='bbox 683 1647 755 1674; x_wconf 91' lang='lat' dir='ltr'>nec</span> <span class='ocrx_word' id='word_1_264' title='bbox 771 1638 817 1675; x_wconf 85' lang='lat' dir='ltr'>ad</span> <span class='ocrx_word' id='word_1_265' title='bbox 840 1640 963 1674; x_wconf 88' lang='lat' dir='ltr'>Deum</span> <span class='ocrx_word' id='word_1_266' title='bbox 979 1639 1153 1675; x_wconf 88' lang='lat' dir='ltr'>converti</span> <span class='ocrx_word' id='word_1_267' title='bbox 1174 1638 1250 1675; x_wconf 85' lang='lat' dir='ltr'>nisi</span> <span class='ocrx_word' id='word_1_268' title='bbox 1269 1640 1372 1675; x_wconf 90' lang='lat' dir='ltr'>Deus</span> <span class='ocrx_word' id='word_1_269' title='bbox 1398 1647 1488 1675; x_wconf 88' lang='lat' dir='ltr'>eum</span> <span class='ocrx_word' id='word_1_270' title='bbox 1508 1641 1736 1683; x_wconf 88' lang='lat' dir='ltr'>convertat;</span> 
     </span>
     <span class='ocr_line' id='line_1_28' title="bbox 108 1685 1087 1731; baseline -0.001 -10"><span class='ocrx_word' id='word_1_271' title='bbox 108 1686 207 1722; x_wconf 89' lang='lat' dir='ltr'>nulli</span> <span class='ocrx_word' id='word_1_272' title='bbox 230 1685 333 1721; x_wconf 89' lang='lat' dir='ltr'>enim</span> <span class='ocrx_word' id='word_1_273' title='bbox 351 1685 565 1730; x_wconf 84' lang='lat' dir='ltr'>imputatur</span> <span class='ocrx_word' id='word_1_274' title='bbox 587 1685 692 1731; x_wconf 86' lang='lat' dir='ltr'>quod</span> <span class='ocrx_word' id='word_1_275' title='bbox 713 1685 760 1721; x_wconf 83' lang='lat' dir='ltr'>ab</span> <span class='ocrx_word' id='word_1_276' title='bbox 782 1685 858 1722; x_wconf 85' lang='lat' dir='ltr'>alio</span> <span class='ocrx_word' id='word_1_277' title='bbox 881 1686 1087 1731; x_wconf 79' lang='lat' dir='ltr'>dependet.</span> 
     </span>
    </p>

    <p class='ocr_par' dir='ltr' id='par_1_7' title="bbox 106 1731 1740 2201">
     <span class='ocr_line' id='line_1_29' title="bbox 157 1731 1736 1780; baseline 0.001 -13"><span class='ocrx_word' id='word_1_278' title='bbox 157 1732 269 1775; x_wconf 74' lang='lat' dir='ltr'>Quod</span> <span class='ocrx_word' id='word_1_279' title='bbox 291 1732 324 1769; x_wconf 90' lang='lat' dir='ltr'>si</span> <span class='ocrx_word' id='word_1_280' title='bbox 341 1731 416 1768; x_wconf 84' lang='lat' dir='ltr'>hoc</span> <span class='ocrx_word' id='word_1_281' title='bbox 435 1732 688 1777; x_wconf 76' lang='lat' dir='ltr'>concedatur,</span> <span class='ocrx_word' id='word_1_282' title='bbox 711 1733 825 1778; x_wconf 85' lang='lat' dir='ltr'>plura</span> <span class='ocrx_word' id='word_1_283' title='bbox 845 1733 1163 1770; x_wconf 75' lang='lat' dir='ltr'>inconvenientia</span> <span class='ocrx_word' id='word_1_284' title='bbox 1179 1733 1371 1780; x_wconf 83' lang='lat' dir='ltr'>consequi</span> <span class='ocrx_word' id='word_1_285' title='bbox 1388 1732 1644 1770; x_wconf 82' lang='lat' dir='ltr'>manifestum</span> <span class='ocrx_word' id='word_1_286' title='bbox 1663 1735 1736 1770; x_wconf 91' lang='lat' dir='ltr'>est.</span> 
     </span>
     <span class='ocr_line' id='line_1_30' title="bbox 106 1779 1736 1827; baseline 0 -11"><span class='ocrx_word' id='word_1_287' title='bbox 106 1780 299 1825; x_wconf 83' lang='lat' dir='ltr'>Sequetur</span> <span class='ocrx_word' id='word_1_288' title='bbox 320 1780 423 1815; x_wconf 89' lang='lat' dir='ltr'>enim</span> <span class='ocrx_word' id='word_1_289' title='bbox 438 1779 542 1825; x_wconf 85' lang='lat' dir='ltr'>quod</span> <span class='ocrx_word' id='word_1_290' title='bbox 561 1779 627 1816; x_wconf 87' lang='lat' dir='ltr'>ille</span> <span class='ocrx_word' id='word_1_291' title='bbox 659 1780 725 1827; x_wconf 89' lang='lat' dir='ltr'>qui</span> <span class='ocrx_word' id='word_1_292' title='bbox 755 1779 872 1816; x_wconf 89' lang='lat' dir='ltr'>fidem</span> <span class='ocrx_word' id='word_1_293' title='bbox 898 1789 978 1817; x_wconf 86' lang='lat' dir='ltr'>non</span> <span class='ocrx_word' id='word_1_294' title='bbox 999 1780 1130 1824; x_wconf 84' lang='lat' dir='ltr'>habet,</span> <span class='ocrx_word' id='word_1_295' title='bbox 1152 1789 1225 1817; x_wconf 88' lang='lat' dir='ltr'>nec</span> <span class='ocrx_word' id='word_1_296' title='bbox 1246 1789 1370 1826; x_wconf 87' lang='lat' dir='ltr'>spem,</span> <span class='ocrx_word' id='word_1_297' title='bbox 1393 1790 1465 1816; x_wconf 90' lang='lat' dir='ltr'>nec</span> <span class='ocrx_word' id='word_1_298' title='bbox 1487 1779 1736 1817; x_wconf 88' lang='lat' dir='ltr'>dilectionem</span> 
     </span>
     <span class='ocr_line' id='line_1_31' title="bbox 107 1826 1737 1874; baseline 0.001 -12"><span class='ocrx_word' id='word_1_299' title='bbox 107 1827 190 1871; x_wconf 88' lang='lat' dir='ltr'>Dei,</span> <span class='ocrx_word' id='word_1_300' title='bbox 225 1835 296 1863; x_wconf 89' lang='lat' dir='ltr'>nec</span> <span class='ocrx_word' id='word_1_301' title='bbox 329 1826 660 1871; x_wconf 78' lang='lat' dir='ltr'>perseverantiam</span> <span class='ocrx_word' id='word_1_302' title='bbox 695 1827 734 1862; x_wconf 90' lang='lat' dir='ltr'>in</span> <span class='ocrx_word' id='word_1_303' title='bbox 759 1827 878 1871; x_wconf 79' lang='lat' dir='ltr'>bono,</span> <span class='ocrx_word' id='word_1_304' title='bbox 903 1836 980 1863; x_wconf 90' lang='lat' dir='ltr'>non</span> <span class='ocrx_word' id='word_1_305' title='bbox 1017 1827 1067 1863; x_wconf 90' lang='lat' dir='ltr'>sit</span> <span class='ocrx_word' id='word_1_306' title='bbox 1086 1836 1203 1872; x_wconf 87' lang='lat' dir='ltr'>poena</span> <span class='ocrx_word' id='word_1_307' title='bbox 1234 1827 1392 1874; x_wconf 86' lang='lat' dir='ltr'>dignus,</span> <span class='ocrx_word' id='word_1_308' title='bbox 1431 1836 1522 1863; x_wconf 90' lang='lat' dir='ltr'>cum</span> <span class='ocrx_word' id='word_1_309' title='bbox 1550 1835 1737 1872; x_wconf 83' lang='lat' dir='ltr'>expresse</span> 
     </span>
     <span class='ocr_line' id='line_1_32' title="bbox 109 1873 1734 1918; baseline -0.001 -9"><span class='ocrx_word' id='word_1_310' title='bbox 109 1873 260 1909; x_wconf 79' lang='lat' dir='ltr'>dicatur</span> <span class='ocrx_word' id='word_1_311' title='bbox 279 1882 287 1907; x_wconf 92' lang='lat'><strong>:</strong></span> <span class='ocrx_word' id='word_1_312' title='bbox 313 1873 382 1916; x_wconf 68' lang='lat' dir='ltr'>Qui</span> <span class='ocrx_word' id='word_1_313' title='bbox 403 1874 608 1908; x_wconf 73' lang='lat' dir='ltr'>incredulus</span> <span class='ocrx_word' id='word_1_314' title='bbox 629 1876 680 1909; x_wconf 80' lang='lat' dir='ltr'>est</span> <span class='ocrx_word' id='word_1_315' title='bbox 700 1874 793 1909; x_wconf 76' lang='lat' dir='ltr'>Filio</span> <span class='ocrx_word' id='word_1_316' title='bbox 814 1884 883 1909; x_wconf 79' lang='lat' dir='ltr'>mm</span> <span class='ocrx_word' id='word_1_317' title='bbox 908 1873 1045 1909; x_wconf 75' lang='lat' dir='ltr'>videbit</span> <span class='ocrx_word' id='word_1_318' title='bbox 1063 1876 1190 1917; x_wconf 80' lang='lat' dir='ltr'>vitam,</span> <span class='ocrx_word' id='word_1_319' title='bbox 1211 1874 1273 1909; x_wconf 81' lang='lat' dir='ltr'>sed</span> <span class='ocrx_word' id='word_1_320' title='bbox 1294 1875 1352 1909; x_wconf 79' lang='lat' dir='ltr'>ira</span> <span class='ocrx_word' id='word_1_321' title='bbox 1383 1876 1449 1910; x_wconf 73' lang='lat' dir='ltr'>Dei</span> <span class='ocrx_word' id='word_1_322' title='bbox 1479 1876 1599 1909; x_wconf 78' lang='lat' dir='ltr'>manet</span> <span class='ocrx_word' id='word_1_323' title='bbox 1630 1883 1734 1918; x_wconf 81' lang='lat' dir='ltr'>super</span> 
     </span>
     <span class='ocr_line' id='line_1_33' title="bbox 107 1919 1738 1966; baseline 0.001 -11"><span class='ocrx_word' id='word_1_324' title='bbox 107 1930 200 1956; x_wconf 80' lang='lat' dir='ltr'>eum.</span> <span class='ocrx_word' id='word_1_325' title='bbox 224 1920 382 1966; x_wconf 60' lang='lat' dir='ltr'>Momm„</span> <span class='ocrx_word' id='word_1_326' title='bbox 399 1929 456 1962; x_wconf 86' lang='lat'>111,</span> <span class='ocrx_word' id='word_1_327' title='bbox 479 1920 553 1965; x_wconf 69' lang='grc'>35.)</span> <span class='ocrx_word' id='word_1_328' title='bbox 576 1922 631 1964; x_wconf 92' lang='lat' dir='ltr'>Et,</span> <span class='ocrx_word' id='word_1_329' title='bbox 655 1930 744 1956; x_wconf 88' lang='lat' dir='ltr'>cum</span> <span class='ocrx_word' id='word_1_330' title='bbox 766 1921 902 1957; x_wconf 87' lang='lat' dir='ltr'>nullus</span> <span class='ocrx_word' id='word_1_331' title='bbox 924 1921 971 1957; x_wconf 90' lang='lat' dir='ltr'>ad</span> <span class='ocrx_word' id='word_1_332' title='bbox 992 1921 1244 1957; x_wconf 79' lang='lat' dir='ltr'>beatitudinis</span> <span class='ocrx_word' id='word_1_333' title='bbox 1266 1919 1384 1957; x_wconf 85' lang='lat' dir='ltr'>finem</span> <span class='ocrx_word' id='word_1_334' title='bbox 1406 1920 1490 1957; x_wconf 86' lang='lat' dir='ltr'>sine</span> <span class='ocrx_word' id='word_1_335' title='bbox 1517 1920 1738 1966; x_wconf 81' lang='lat' dir='ltr'>praemissis</span> 
     </span>
     <span class='ocr_line' id='line_1_34' title="bbox 111 1966 1737 2013; baseline 0 -10"><span class='ocrx_word' id='word_1_336' title='bbox 111 1966 327 2012; x_wconf 77' lang='lat' dir='ltr'>perveniat,</span> <span class='ocrx_word' id='word_1_337' title='bbox 351 1969 539 2012; x_wconf 87' lang='lat' dir='ltr'>sequetur</span> <span class='ocrx_word' id='word_1_338' title='bbox 559 1967 724 2004; x_wconf 87' lang='lat' dir='ltr'>ulterius</span> <span class='ocrx_word' id='word_1_339' title='bbox 745 1968 848 2013; x_wconf 87' lang='lat' dir='ltr'>quod</span> <span class='ocrx_word' id='word_1_340' title='bbox 872 1967 992 2013; x_wconf 79' lang='lat' dir='ltr'>aliqui</span> <span class='ocrx_word' id='word_1_341' title='bbox 1018 1966 1200 2004; x_wconf 87' lang='lat' dir='ltr'>homines</span> <span class='ocrx_word' id='word_1_342' title='bbox 1222 1967 1301 2004; x_wconf 89' lang='lat' dir='ltr'>sint</span> <span class='ocrx_word' id='word_1_343' title='bbox 1331 1967 1398 2013; x_wconf 90' lang='lat' dir='ltr'>qui</span> <span class='ocrx_word' id='word_1_344' title='bbox 1431 1976 1502 2004; x_wconf 87' lang='lat' dir='ltr'>nec</span> <span class='ocrx_word' id='word_1_345' title='bbox 1536 1967 1737 2004; x_wconf 84' lang='lat' dir='ltr'>beatitudi-</span> 
     </span>
     <span class='ocr_line' id='line_1_35' title="bbox 109 2014 1737 2060; baseline 0.001 -11"><span class='ocrx_word' id='word_1_346' title='bbox 109 2022 201 2050; x_wconf 86' lang='lat' dir='ltr'>nem</span> <span class='ocrx_word' id='word_1_347' title='bbox 224 2016 520 2059; x_wconf 80' lang='lat' dir='ltr'>consequantur</span> <span class='ocrx_word' id='word_1_348' title='bbox 541 2022 613 2050; x_wconf 91' lang='lat' dir='ltr'>nec</span> <span class='ocrx_word' id='word_1_349' title='bbox 631 2023 787 2060; x_wconf 88' lang='lat' dir='ltr'>poenam</span> <span class='ocrx_word' id='word_1_350' title='bbox 809 2014 1007 2059; x_wconf 86' lang='lat' dir='ltr'>patiantur</span> <span class='ocrx_word' id='word_1_351' title='bbox 1026 2024 1048 2051; x_wconf 88' lang='lat' dir='ltr'>a</span> <span class='ocrx_word' id='word_1_352' title='bbox 1067 2016 1146 2051; x_wconf 89' lang='lat' dir='ltr'>Deo</span> <span class='ocrx_word' id='word_1_353' title='bbox 1164 2026 1172 2058; x_wconf 86' lang='lat'>;</span> <span class='ocrx_word' id='word_1_354' title='bbox 1203 2014 1317 2059; x_wconf 85' lang='lat' dir='ltr'>cujus</span> <span class='ocrx_word' id='word_1_355' title='bbox 1332 2014 1574 2050; x_wconf 88' lang='lat' dir='ltr'>contrarium</span> <span class='ocrx_word' id='word_1_356' title='bbox 1601 2017 1737 2051; x_wconf 86' lang='lat' dir='ltr'>osten-</span> 
     </span>
     <span class='ocr_line' id='line_1_36' title="bbox 109 2059 1739 2108; baseline 0.001 -11"><span class='ocrx_word' id='word_1_357' title='bbox 109 2060 214 2097; x_wconf 82' lang='lat' dir='ltr'>ditur</span> <span class='ocrx_word' id='word_1_358' title='bbox 234 2070 281 2095; x_wconf 75' lang='lat' dir='ltr'>ex</span> <span class='ocrx_word' id='word_1_359' title='bbox 302 2069 348 2096; x_wconf 86' lang='lat' dir='ltr'>eo</span> <span class='ocrx_word' id='word_1_360' title='bbox 370 2060 473 2106; x_wconf 89' lang='lat' dir='ltr'>quod</span> <span class='ocrx_word' id='word_1_361' title='bbox 489 2060 628 2097; x_wconf 87' lang='lat' dir='ltr'>dicitur</span> <span class='ocrx_word' id='word_1_362' title='bbox 648 2061 752 2108; x_wconf 88' lang='lat' dir='ltr'>quod</span> <span class='ocrx_word' id='word_1_363' title='bbox 772 2061 1007 2098; x_wconf 81' lang='lat' dir='ltr'>omnibusin</span> <span class='ocrx_word' id='word_1_364' title='bbox 1029 2061 1158 2098; x_wconf 86' lang='lat' dir='ltr'>divino</span> <span class='ocrx_word' id='word_1_365' title='bbox 1175 2059 1323 2107; x_wconf 68' lang='lat' dir='ltr'>jndicio</span> <span class='ocrx_word' id='word_1_366' title='bbox 1339 2061 1620 2098; x_wconf 82' lang='lat' dir='ltr'>exsistentibus</span> <span class='ocrx_word' id='word_1_367' title='bbox 1637 2061 1739 2098; x_wconf 81' lang='lat' dir='ltr'>dice-</span> 
     </span>
     <span class='ocr_line' id='line_1_37' title="bbox 106 2107 1740 2153; baseline 0.001 -10"><span class='ocrx_word' id='word_1_368' title='bbox 106 2110 199 2143; x_wconf 86' lang='lat' dir='ltr'>tur:</span> <span class='ocrx_word' id='word_1_369' title='bbox 227 2108 411 2147; x_wconf 69' lang='lat' dir='ltr'>Venite...,</span> <span class='ocrx_word' id='word_1_370' title='bbox 432 2107 608 2151; x_wconf 73' lang='lat' dir='ltr'>possidete</span> <span class='ocrx_word' id='word_1_371' title='bbox 622 2110 794 2152; x_wconf 72' lang='lat' dir='ltr'>paratum</span> <span class='ocrx_word' id='word_1_372' title='bbox 823 2109 922 2144; x_wconf 69' lang='lat' dir='ltr'>vebis</span> <span class='ocrx_word' id='word_1_373' title='bbox 940 2119 1150 2153; x_wconf 75' lang='lat' dir='ltr'>re9⁷zum...,</span> <span class='ocrx_word' id='word_1_374' title='bbox 1169 2108 1230 2145; x_wconf 79' lang='lat' dir='ltr'>vel</span> <span class='ocrx_word' id='word_1_375' title='bbox 1254 2120 1261 2145; x_wconf 95' lang='lat'>:</span> <span class='ocrx_word' id='word_1_376' title='bbox 1293 2108 1515 2144; x_wconf 77' lang='lat' dir='ltr'>Disceclt&#39;te...</span> <span class='ocrx_word' id='word_1_377' title='bbox 1552 2109 1591 2143; x_wconf 82' lang='lat' dir='ltr'>in</span> <span class='ocrx_word' id='word_1_378' title='bbox 1617 2109 1740 2152; x_wconf 73' lang='lat' dir='ltr'>iqnem</span> 
     </span>
     <span class='ocr_line' id='line_1_38' title="bbox 107 2153 814 2201; baseline 0.003 -11"><span class='ocrx_word' id='word_1_379' title='bbox 107 2158 292 2190; x_wconf 72' lang='lat' dir='ltr'>aeternum.</span> <span class='ocrx_word' id='word_1_380' title='bbox 319 2153 477 2200; x_wconf 53' lang='lat' dir='ltr'>(Mutila,</span> <span class='ocrx_word' id='word_1_381' title='bbox 501 2162 595 2198; x_wconf 79' lang='lat' dir='ltr'>XXV,</span> <span class='ocrx_word' id='word_1_382' title='bbox 619 2158 662 2191; x_wconf 70' lang='lat'>34</span> <span class='ocrx_word' id='word_1_383' title='bbox 684 2158 719 2191; x_wconf 78' lang='lat' dir='ltr'>et</span> <span class='ocrx_word' id='word_1_384' title='bbox 739 2155 814 2201; x_wconf 68' lang='lat' dir='ltr'>sti.)</span> 
     </span>
    </p>

    <p class='ocr_par' dir='ltr' id='par_1_8' title="bbox 105 2200 1742 2770">
     <span class='ocr_line' id='line_1_39' title="bbox 157 2200 1737 2253; baseline 0.002 -17"><span class='ocrx_word' id='word_1_385' title='bbox 157 2200 213 2236; x_wconf 84' lang='lat' dir='ltr'>Ad</span> <span class='ocrx_word' id='word_1_386' title='bbox 235 2201 352 2246; x_wconf 83' lang='lat' dir='ltr'>liujus</span> <span class='ocrx_word' id='word_1_387' title='bbox 374 2201 634 2253; x_wconf 76' lang='lat' dir='ltr'>dubitationis</span> <span class='ocrx_word' id='word_1_388' title='bbox 650 2203 892 2239; x_wconf 86' lang='lat' dir='ltr'>solutionem</span> <span class='ocrx_word' id='word_1_389' title='bbox 909 2202 1245 2240; x_wconf 90' lang='lat' dir='ltr'>considerandum</span> <span class='ocrx_word' id='word_1_390' title='bbox 1268 2202 1461 2249; x_wconf 86' lang='lat' dir='ltr'>estquod,</span> <span class='ocrx_word' id='word_1_391' title='bbox 1481 2202 1572 2241; x_wconf 89' lang='lat' dir='ltr'>licet</span> <span class='ocrx_word' id='word_1_392' title='bbox 1589 2202 1737 2250; x_wconf 88' lang='lat' dir='ltr'>aliquis</span> 
     </span>
     <span class='ocr_line' id='line_1_40' title="bbox 109 2248 1736 2299; baseline 0.002 -16"><span class='ocrx_word' id='word_1_393' title='bbox 109 2256 180 2294; x_wconf 83' lang='lat' dir='ltr'>per</span> <span class='ocrx_word' id='word_1_394' title='bbox 203 2252 353 2299; x_wconf 81' lang='lat' dir='ltr'>motum</span> <span class='ocrx_word' id='word_1_395' title='bbox 377 2248 488 2285; x_wconf 79' lang='lat' dir='ltr'>liberi</span> <span class='ocrx_word' id='word_1_396' title='bbox 511 2248 661 2286; x_wconf 85' lang='lat' dir='ltr'>arbitrii</span> <span class='ocrx_word' id='word_1_397' title='bbox 691 2249 865 2286; x_wconf 90' lang='lat' dir='ltr'>divinam</span> <span class='ocrx_word' id='word_1_398' title='bbox 889 2250 1054 2296; x_wconf 81' lang='lat' dir='ltr'>gratiam</span> <span class='ocrx_word' id='word_1_399' title='bbox 1079 2259 1152 2287; x_wconf 87' lang='lat' dir='ltr'>nec</span> <span class='ocrx_word' id='word_1_400' title='bbox 1180 2250 1396 2297; x_wconf 89' lang='lat' dir='ltr'>promereri</span> <span class='ocrx_word' id='word_1_401' title='bbox 1428 2259 1500 2287; x_wconf 88' lang='lat' dir='ltr'>nec</span> <span class='ocrx_word' id='word_1_402' title='bbox 1532 2249 1736 2297; x_wconf 83' lang='lat' dir='ltr'>acquirere</span> 
     </span>
     <span class='ocr_line' id='line_1_41' title="bbox 107 2295 1737 2346; baseline 0.001 -14"><span class='ocrx_word' id='word_1_403' title='bbox 107 2299 252 2346; x_wconf 73' lang='lat' dir='ltr'>possit,</span> <span class='ocrx_word' id='word_1_404' title='bbox 274 2299 403 2340; x_wconf 87' lang='lat' dir='ltr'>potest</span> <span class='ocrx_word' id='word_1_405' title='bbox 423 2299 554 2332; x_wconf 87' lang='lat' dir='ltr'>tamen</span> <span class='ocrx_word' id='word_1_406' title='bbox 579 2295 756 2342; x_wconf 88' lang='lat' dir='ltr'>seipsum</span> <span class='ocrx_word' id='word_1_407' title='bbox 789 2297 980 2342; x_wconf 88' lang='lat' dir='ltr'>impedire</span> <span class='ocrx_word' id='word_1_408' title='bbox 1001 2307 1050 2333; x_wconf 91' lang='lat' dir='ltr'>ne</span> <span class='ocrx_word' id='word_1_409' title='bbox 1083 2307 1171 2334; x_wconf 88' lang='lat' dir='ltr'>eam</span> <span class='ocrx_word' id='word_1_410' title='bbox 1190 2297 1538 2343; x_wconf 85' lang='lat' dir='ltr'>recipiat3dicitur</span> <span class='ocrx_word' id='word_1_411' title='bbox 1563 2297 1668 2334; x_wconf 89' lang='lat' dir='ltr'>enim</span> <span class='ocrx_word' id='word_1_412' title='bbox 1688 2297 1737 2334; x_wconf 81' lang='lat' dir='ltr'>de</span> 
     </span>
     <span class='ocr_line' id='line_1_42' title="bbox 107 2342 1742 2388; baseline 0.001 -10"><span class='ocrx_word' id='word_1_413' title='bbox 107 2342 346 2388; x_wconf 80' lang='lat' dir='ltr'>quibusdam</span> <span class='ocrx_word' id='word_1_414' title='bbox 377 2354 383 2377; x_wconf 93' lang='lat'>:</span> <span class='ocrx_word' id='word_1_415' title='bbox 410 2344 592 2379; x_wconf 76' lang='lat' dir='ltr'>Diaeerunt</span> <span class='ocrx_word' id='word_1_416' title='bbox 619 2345 690 2379; x_wconf 86' lang='lat' dir='ltr'>Deo</span> <span class='ocrx_word' id='word_1_417' title='bbox 716 2356 727 2379; x_wconf 93' lang='lat'>.·</span> <span class='ocrx_word' id='word_1_418' title='bbox 754 2344 887 2381; x_wconf 82' lang='lat' dir='ltr'>Recede</span> <span class='ocrx_word' id='word_1_419' title='bbox 923 2355 946 2380; x_wconf 90' lang='lat' dir='ltr'>a</span> <span class='ocrx_word' id='word_1_420' title='bbox 976 2345 1091 2386; x_wconf 80' lang='lat' dir='ltr'>nobis,</span> <span class='ocrx_word' id='word_1_421' title='bbox 1125 2347 1158 2380; x_wconf 77' lang='lat' dir='ltr'>et</span> <span class='ocrx_word' id='word_1_422' title='bbox 1185 2345 1374 2381; x_wconf 82' lang='lat' dir='ltr'>scientiam</span> <span class='ocrx_word' id='word_1_423' title='bbox 1412 2346 1559 2380; x_wconf 79' lang='lat' dir='ltr'>viarum</span> <span class='ocrx_word' id='word_1_424' title='bbox 1587 2346 1742 2380; x_wconf 77' lang='lat' dir='ltr'>tuarum.</span> 
     </span>
     <span class='ocr_line' id='line_1_43' title="bbox 105 2389 1740 2438; baseline 0.003 -15"><span class='ocrx_word' id='word_1_425' title='bbox 105 2389 270 2424; x_wconf 75' lang='lat' dir='ltr'>nolumus</span> <span class='ocrx_word' id='word_1_426' title='bbox 304 2389 392 2435; x_wconf 85' lang='lat' dir='ltr'><strong>(J0b‚</strong></span> <span class='ocrx_word' id='word_1_427' title='bbox 415 2398 498 2434; x_wconf 80' lang='lat' dir='ltr'>xxr,</span> <span class='ocrx_word' id='word_1_428' title='bbox 527 2389 607 2437; x_wconf 76' lang='lat'>14);</span> <span class='ocrx_word' id='word_1_429' title='bbox 640 2393 703 2427; x_wconf 83' lang='lat' dir='ltr'>et:</span> <span class='ocrx_word' id='word_1_430' title='bbox 722 2392 799 2436; x_wconf 79' lang='lat' dir='ltr'>Ipsi</span> <span class='ocrx_word' id='word_1_431' title='bbox 829 2392 982 2435; x_wconf 77' lang='lat' dir='ltr'>fuerunt</span> <span class='ocrx_word' id='word_1_432' title='bbox 1010 2392 1154 2428; x_wconf 80' lang='lat' dir='ltr'>rebelles</span> <span class='ocrx_word' id='word_1_433' title='bbox 1174 2392 1316 2428; x_wconf 76' lang='lat' dir='ltr'>lumini.</span> <span class='ocrx_word' id='word_1_434' title='bbox 1340 2391 1430 2438; x_wconf 75' lang='lat' dir='ltr'>(Iob,</span> <span class='ocrx_word' id='word_1_435' title='bbox 1464 2399 1576 2435; x_wconf 81' lang='lat' dir='ltr'>XXIV,</span> <span class='ocrx_word' id='word_1_436' title='bbox 1597 2390 1670 2438; x_wconf 51' lang='lat'>134)</span> <span class='ocrx_word' id='word_1_437' title='bbox 1693 2393 1740 2428; x_wconf 73' lang='lat' dir='ltr'>Et</span> 
     </span>
     <span class='ocr_line' id='line_1_44' title="bbox 107 2436 1740 2488; baseline 0.002 -17"><span class='ocrx_word' id='word_1_438' title='bbox 107 2445 197 2488; x_wconf 78' lang='lat' dir='ltr'>cum</span> <span class='ocrx_word' id='word_1_439' title='bbox 245 2436 320 2472; x_wconf 89' lang='lat' dir='ltr'>hoc</span> <span class='ocrx_word' id='word_1_440' title='bbox 359 2436 408 2472; x_wconf 92' lang='lat' dir='ltr'>sit</span> <span class='ocrx_word' id='word_1_441' title='bbox 430 2437 468 2473; x_wconf 90' lang='lat' dir='ltr'>in</span> <span class='ocrx_word' id='word_1_442' title='bbox 502 2441 696 2482; x_wconf 84' lang='lat' dir='ltr'>potestate</span> <span class='ocrx_word' id='word_1_443' title='bbox 734 2438 847 2475; x_wconf 88' lang='lat' dir='ltr'>liberi</span> <span class='ocrx_word' id='word_1_444' title='bbox 868 2438 1033 2483; x_wconf 86' lang='lat' dir='ltr'>arbitrii,</span> <span class='ocrx_word' id='word_1_445' title='bbox 1056 2439 1246 2485; x_wconf 86' lang='lat' dir='ltr'>impedire</span> <span class='ocrx_word' id='word_1_446' title='bbox 1268 2439 1410 2476; x_wconf 84' lang='lat' dir='ltr'>divinae</span> <span class='ocrx_word' id='word_1_447' title='bbox 1430 2438 1586 2486; x_wconf 82' lang='lat' dir='ltr'>gratiae.</span> <span class='ocrx_word' id='word_1_448' title='bbox 1601 2447 1740 2484; x_wconf 79' lang='lat' dir='ltr'>recep-</span> 
     </span>
     <span class='ocr_line' id='line_1_45' title="bbox 105 2483 1735 2535; baseline 0.002 -17"><span class='ocrx_word' id='word_1_449' title='bbox 105 2485 256 2535; x_wconf 83' lang='lat' dir='ltr'>tionem</span> <span class='ocrx_word' id='word_1_450' title='bbox 286 2483 347 2520; x_wconf 88' lang='lat' dir='ltr'>vel</span> <span class='ocrx_word' id='word_1_451' title='bbox 377 2492 456 2520; x_wconf 90' lang='lat' dir='ltr'>non</span> <span class='ocrx_word' id='word_1_452' title='bbox 486 2484 690 2530; x_wconf 87' lang='lat' dir='ltr'>impedire,</span> <span class='ocrx_word' id='word_1_453' title='bbox 714 2494 793 2522; x_wconf 89' lang='lat' dir='ltr'>non</span> <span class='ocrx_word' id='word_1_454' title='bbox 816 2486 1014 2522; x_wconf 88' lang='lat' dir='ltr'>immerito</span> <span class='ocrx_word' id='word_1_455' title='bbox 1033 2486 1075 2522; x_wconf 89' lang='lat' dir='ltr'>in</span> <span class='ocrx_word' id='word_1_456' title='bbox 1105 2487 1260 2533; x_wconf 89' lang='lat' dir='ltr'>culpam</span> <span class='ocrx_word' id='word_1_457' title='bbox 1280 2486 1498 2532; x_wconf 85' lang='lat' dir='ltr'>imputatur</span> <span class='ocrx_word' id='word_1_458' title='bbox 1518 2486 1557 2522; x_wconf 85' lang='lat' dir='ltr'>ei</span> <span class='ocrx_word' id='word_1_459' title='bbox 1575 2485 1643 2533; x_wconf 86' lang='lat' dir='ltr'>qui</span> <span class='ocrx_word' id='word_1_460' title='bbox 1664 2485 1735 2522; x_wconf 85' lang='lat' dir='ltr'>im.-</span> 
     </span>
     <span class='ocr_line' id='line_1_46' title="bbox 105 2529 1731 2583; baseline 0.002 -18"><span class='ocrx_word' id='word_1_461' title='bbox 105 2529 376 2575; x_wconf 80' lang='lat' dir='ltr'>pedimentum</span> <span class='ocrx_word' id='word_1_462' title='bbox 411 2534 572 2583; x_wconf 68' lang='lat' dir='ltr'>praestat</span> <span class='ocrx_word' id='word_1_463' title='bbox 595 2532 731 2579; x_wconf 80' lang='lat' dir='ltr'>gratiae</span> <span class='ocrx_word' id='word_1_464' title='bbox 761 2533 993 2579; x_wconf 85' lang='lat' dir='ltr'>receptioni.</span> <span class='ocrx_word' id='word_1_465' title='bbox 1015 2534 1120 2571; x_wconf 91' lang='lat' dir='ltr'>Deus</span> <span class='ocrx_word' id='word_1_466' title='bbox 1151 2534 1273 2576; x_wconf 88' lang='lat' dir='ltr'>enim,</span> <span class='ocrx_word' id='word_1_467' title='bbox 1295 2537 1487 2581; x_wconf 84' lang='lat' dir='ltr'>quantum</span> <span class='ocrx_word' id='word_1_468' title='bbox 1520 2533 1561 2569; x_wconf 88' lang='lat' dir='ltr'>in</span> <span class='ocrx_word' id='word_1_469' title='bbox 1594 2542 1638 2570; x_wconf 88' lang='lat' dir='ltr'>se</span> <span class='ocrx_word' id='word_1_470' title='bbox 1658 2535 1731 2575; x_wconf 73' lang='lat' dir='ltr'>est,</span> 
     </span>
     <span class='ocr_line' id='line_1_47' title="bbox 105 2578 1733 2626; baseline 0 -14"><span class='ocrx_word' id='word_1_471' title='bbox 105 2580 267 2621; x_wconf 86' lang='lat' dir='ltr'>paratus</span> <span class='ocrx_word' id='word_1_472' title='bbox 289 2581 349 2614; x_wconf 89' lang='lat' dir='ltr'>est</span> <span class='ocrx_word' id='word_1_473' title='bbox 366 2578 554 2615; x_wconf 82' lang='lat' dir='ltr'>omnibus</span> <span class='ocrx_word' id='word_1_474' title='bbox 575 2579 743 2626; x_wconf 82' lang='lat' dir='ltr'>gratiam</span> <span class='ocrx_word' id='word_1_475' title='bbox 765 2580 878 2624; x_wconf 87' lang='lat' dir='ltr'>dare;</span> <span class='ocrx_word' id='word_1_476' title='bbox 902 2590 1022 2616; x_wconf 76' lang='lat' dir='ltr'>omnes</span> <span class='ocrx_word' id='word_1_477' title='bbox 1048 2581 1154 2618; x_wconf 85' lang='lat' dir='ltr'>enim</span> <span class='ocrx_word' id='word_1_478' title='bbox 1174 2581 1332 2618; x_wconf 81' lang='lat' dir='ltr'>homines</span> <span class='ocrx_word' id='word_1_479' title='bbox 1354 2580 1433 2616; x_wconf 82' lang='lat' dir='ltr'>vult</span> <span class='ocrx_word' id='word_1_480' title='bbox 1448 2580 1566 2617; x_wconf 82' lang='lat' dir='ltr'>salvos</span> <span class='ocrx_word' id='word_1_481' title='bbox 1584 2579 1733 2626; x_wconf 56' lang='lat' dir='ltr'>fremet</span> 
     </span>
     <span class='ocr_line' id='line_1_48' title="bbox 106 2622 1732 2675; baseline 0.003 -18"><span class='ocrx_word' id='word_1_482' title='bbox 106 2622 163 2674; x_wconf 36' lang='lat' dir='ltr'>ad·</span> <span class='ocrx_word' id='word_1_483' title='bbox 184 2625 402 2667; x_wconf 67' lang='lat' dir='ltr'>aquationem</span> <span class='ocrx_word' id='word_1_484' title='bbox 427 2627 593 2662; x_wconf 81' lang='lat' dir='ltr'>veritatis</span> <span class='ocrx_word' id='word_1_485' title='bbox 613 2628 747 2668; x_wconf 82' lang='lat' dir='ltr'>venire,</span> <span class='ocrx_word' id='word_1_486' title='bbox 771 2630 814 2664; x_wconf 87' lang='lat' dir='ltr'>ut</span> <span class='ocrx_word' id='word_1_487' title='bbox 828 2627 985 2664; x_wconf 88' lang='lat' dir='ltr'>dicitur.</span> <span class='ocrx_word' id='word_1_488' title='bbox 1008 2626 1038 2674; x_wconf 93' lang='lat'>(1</span> <span class='ocrx_word' id='word_1_489' title='bbox 1061 2629 1171 2673; x_wconf 64' lang='lat' dir='ltr'>Tim„</span> <span class='ocrx_word' id='word_1_490' title='bbox 1190 2636 1234 2673; x_wconf 83' lang='lat'>11,</span> <span class='ocrx_word' id='word_1_491' title='bbox 1253 2627 1305 2675; x_wconf 80' lang='lat'>4.)</span> <span class='ocrx_word' id='word_1_492' title='bbox 1325 2627 1401 2665; x_wconf 86' lang='lat' dir='ltr'>sed</span> <span class='ocrx_word' id='word_1_493' title='bbox 1420 2627 1478 2664; x_wconf 90' lang='lat' dir='ltr'>illi</span> <span class='ocrx_word' id='word_1_494' title='bbox 1499 2626 1575 2664; x_wconf 90' lang='lat' dir='ltr'>soli</span> <span class='ocrx_word' id='word_1_495' title='bbox 1604 2624 1732 2674; x_wconf 81' lang='lat' dir='ltr'>gratia</span> 
     </span>
     <span class='ocr_line' id='line_1_49' title="bbox 105 2671 1730 2721; baseline 0.002 -18"><span class='ocrx_word' id='word_1_496' title='bbox 105 2674 310 2714; x_wconf 78' lang='lat' dir='ltr'>privantur</span> <span class='ocrx_word' id='word_1_497' title='bbox 341 2671 408 2717; x_wconf 92' lang='lat' dir='ltr'>qui</span> <span class='ocrx_word' id='word_1_498' title='bbox 442 2672 484 2709; x_wconf 90' lang='lat' dir='ltr'>in</span> <span class='ocrx_word' id='word_1_499' title='bbox 517 2672 663 2719; x_wconf 87' lang='lat' dir='ltr'>seipsis</span> <span class='ocrx_word' id='word_1_500' title='bbox 697 2675 834 2721; x_wconf 83' lang='lat' dir='ltr'>gratiae</span> <span class='ocrx_word' id='word_1_501' title='bbox 874 2673 1204 2720; x_wconf 86' lang='lat' dir='ltr'>impedimentum</span> <span class='ocrx_word' id='word_1_502' title='bbox 1240 2678 1457 2721; x_wconf 86' lang='lat' dir='ltr'>praestant;</span> <span class='ocrx_word' id='word_1_503' title='bbox 1490 2673 1607 2717; x_wconf 82' lang='lat' dir='ltr'>sicut,</span> <span class='ocrx_word' id='word_1_504' title='bbox 1644 2671 1730 2708; x_wconf 87' lang='lat' dir='ltr'>sole</span> 
     </span>
     <span class='ocr_line' id='line_1_50' title="bbox 105 2716 1733 2770; baseline 0.002 -20"><span class='ocrx_word' id='word_1_505' title='bbox 105 2716 298 2753; x_wconf 88' lang='lat' dir='ltr'>mundum</span> <span class='ocrx_word' id='word_1_506' title='bbox 331 2718 597 2764; x_wconf 85' lang='lat' dir='ltr'>illuminante,</span> <span class='ocrx_word' id='word_1_507' title='bbox 620 2720 661 2757; x_wconf 89' lang='lat' dir='ltr'>in</span> <span class='ocrx_word' id='word_1_508' title='bbox 682 2721 837 2768; x_wconf 87' lang='lat' dir='ltr'>culpam</span> <span class='ocrx_word' id='word_1_509' title='bbox 873 2721 1091 2767; x_wconf 86' lang='lat' dir='ltr'>imputatur</span> <span class='ocrx_word' id='word_1_510' title='bbox 1125 2722 1161 2759; x_wconf 91' lang='lat' dir='ltr'>ei</span> <span class='ocrx_word' id='word_1_511' title='bbox 1184 2722 1252 2770; x_wconf 86' lang='lat' dir='ltr'>qui</span> <span class='ocrx_word' id='word_1_512' title='bbox 1287 2721 1428 2759; x_wconf 86' lang='lat' dir='ltr'>oculos</span> <span class='ocrx_word' id='word_1_513' title='bbox 1459 2718 1609 2757; x_wconf 79' lang='lat' dir='ltr'>claudit</span> <span class='ocrx_word' id='word_1_514' title='bbox 1627 2718 1661 2755; x_wconf 91' lang='lat' dir='ltr'>si</span> <span class='ocrx_word' id='word_1_515' title='bbox 1684 2727 1733 2755; x_wconf 85' lang='lat' dir='ltr'>ex</span> 
     </span>
    </p>
   </div>
   <div class='ocr_carea' id='block_1_6' title="bbox 105 2761 1732 2856">
    <p class='ocr_par' dir='ltr' id='par_1_9' title="bbox 105 2761 1732 2856">
     <span class='ocr_line' id='line_1_51' title="bbox 105 2761 1732 2856; baseline -0.001 -53"><span class='ocrx_word' id='word_1_516' title='bbox 105 2761 373 2856; x_wconf 38' lang='lat' dir='ltr'>1333&amp;ssquss</span> <span class='ocrx_word' id='word_1_517' title='bbox 385 2766 534 2803; x_wconf 84' lang='lat' dir='ltr'>malum</span> <span class='ocrx_word' id='word_1_518' title='bbox 558 2771 763 2815; x_wconf 86' lang='lat' dir='ltr'>sequatur,</span> <span class='ocrx_word' id='word_1_519' title='bbox 783 2768 876 2806; x_wconf 88' lang='lat' dir='ltr'>licet</span> <span class='ocrx_word' id='word_1_520' title='bbox 906 2768 1040 2807; x_wconf 85' lang='lat' dir='ltr'>videre</span> <span class='ocrx_word' id='word_1_521' title='bbox 1071 2777 1154 2807; x_wconf 89' lang='lat' dir='ltr'>non</span> <span class='ocrx_word' id='word_1_522' title='bbox 1172 2769 1302 2817; x_wconf 86' lang='lat' dir='ltr'>possit</span> <span class='ocrx_word' id='word_1_523' title='bbox 1338 2767 1418 2806; x_wconf 87' lang='lat' dir='ltr'>nisi</span> <span class='ocrx_word' id='word_1_524' title='bbox 1458 2765 1609 2804; x_wconf 78' lang='lat' dir='ltr'>lumine</span> <span class='ocrx_word' id='word_1_525' title='bbox 1630 2765 1732 2803; x_wconf 87' lang='lat' dir='ltr'>solis</span> 
     </span>
    </p>
   </div>
  </div>
 </body>
</html>
