1894 3223
745 133 832 169 LIB.
863 133 925 176 ΙΙΙ,
953 132 1054 168 CAP.
1082 132 1186 168 CLII.
1698 133 1763 168 471

146 216 298 254 milites
319 214 358 251 in
378 213 461 250 acie
482 216 637 259 oportet
656 213 760 249 uniri
783 217 820 249 et
834 214 1084 251 concorditer
1105 223 1235 260 agere,
1252 213 1299 250 ad
1322 213 1396 250 hoc
1416 212 1520 265 quod
1543 211 1763 255 Victoriam,

146 272 236 310 quae
270 265 330 298 est
359 260 584 297 communis
615 259 721 303 finis,
742 265 1051 307 consequantur.
1072 261 1178 297 Finis
1209 265 1338 297 autem
1371 260 1550 303 ultimus,
1573 260 1620 295 ad
1648 268 1765 305 quem

149 310 270 347 homo
293 316 361 354 per
380 307 572 343 auxilium
594 306 737 343 divinae
754 307 890 352 gratiae
912 308 1139 353 perducitur
1175 311 1233 344 cst
1253 308 1355 344 visio
1372 307 1438 343 Dei
1455 316 1523 352 per
1537 307 1766 350 essentiam,

146 365 237 403 quae
270 355 430 401 propria
459 357 519 391 est
554 354 682 399 ipsius
715 354 802 398 Dei3
833 357 870 390 et
905 356 964 391 sic
1000 355 1074 391 lioc
1107 353 1226 391 finale
1264 355 1411 391 bonum
1452 353 1770 390 communicatur

147 401 302 440 homini
332 410 355 437 a
388 402 481 438 Deo.
523 402 605 437 Non
648 403 777 446 potest
807 401 927 446 igitur
959 401 1078 437 homo
1107 401 1153 437 ad
1189 402 1294 438 hunc
1314 400 1433 437 finem
1482 400 1656 446 perduci,
1691 399 1768 437 nisi

146 449 311 486 uniatur
347 449 427 485 Deo
469 457 538 493 per
574 447 890 484 conformitatem
923 448 1153 491 voluntatis,
1184 448 1252 494 qui
1285 451 1344 484 est
1383 448 1571 493 proprius-
1602 447 1768 485 effectus

143 495 376 533 dilectionis
394 506 404 539 ;
425 503 516 531 narn
559 495 778 532 amicorum
816 495 1016 540 proprium
1049 499 1109 532 est
1147 494 1251 531 idem
1290 494 1389 531 velle
1430 498 1465 531 et
1499 495 1619 539 nolle,
1637 497 1675 530 et
1715 493 1762 531 de

147 542 298 580 eisdem
334 541 506 588 gaudere
535 545 574 578 et
611 541 756 579 dolere.
780 543 853 578 Per
881 542 1047 587 gratiam
1083 550 1176 585 ergo
1209 544 1363 587 gratum
1400 542 1607 578 facientem
1640 541 1761 593 homo

147 589 405 628 constituitur
436 589 503 626 Dei
547 589 726 634 dilector,
746 597 836 626 cum
867 597 938 635 per
986 597 1072 625 eam
1111 589 1230 625 homo
1268 588 1461 634 dirigatur
1496 589 1537 625 in
1574 588 1692 625 finem
1721 597 1759 625 et

145 636 486 674 communicatum
506 645 528 673 a
549 638 641 673 Deo.
1463 673 1474 681 ,

196 684 381 728 Amplius,
402 692 490 720 cum
525 682 615 720 finis
647 686 685 719 et
713 682 863 720 honum
893 682 946 720 sit
981 682 1183 729 proprium
1217 681 1413 728 objectum
1449 683 1647 728 appetitus
1683 682 1768 720 SIVe

149 729 331 774 affectus,
366 734 522 776 oportet
554 729 660 776 quod
697 739 766 776 per
798 730 962 776 gratiam
1003 733 1157 776 gratum
1193 729 1420 774 facientem,
1447 739 1534 776 quae
1568 729 1771 767 hominem

148 777 287 823 dirigit
306 778 346 814 in
369 777 551 814 ultimum
573 776 705 819 finem,
726 776 892 814 affectus
909 777 1085 813 hominis
1109 776 1379 822 principaliter
1398 775 1640 822 perficiatur.
1657 776 1771 813 Prin-

150 824 291 870 cipalis
314 827 445 861 autem
461 824 649 869 perfectio
666 823 832 861 affectus
847 828 906 860 est
926 824 1084 861 dilectio
1103 835 1111 867 ;
1133 823 1247 869 cujus
1263 824 1422 869 signum
1439 827 1497 859 est
1516 823 1621 870 quod
1637 823 1771 861 omnis

150 875 285 909 motus
313 870 479 909 affectus
512 871 560 908 ab
597 879 731 908 amore
764 871 985 914 de1·ivatur;
1010 871 1144 907 nullus
1173 871 1278 907 enim
1312 870 1509 907 desiderat
1539 874 1607 907 aut
1638 872 1773 916 sperat

151 921 220 956 aut
237 918 398 965 gaudet,
421 917 499 955 nisi
519 921 679 965 propter
714 917 863 954 bonum
901 922 1073 955 amatum
1090 929 1098 961 3
1115 917 1298 955 similiter
1326 920 1456 954 autem
1474 926 1602 964 neque
1623 916 1770 963 aliquis

149 965 300 1011 refugit
321 968 388 1001 aut
415 966 526 1002 timet
557 968 625 1002 aut
644 964 823 1001 tristatur
843 968 909 1002 aut
935 965 1132 1009 irascitur,
1153 965 1229 1001 nisi
1250 967 1408 1010 propter
1428 964 1468 1001 id
1489 964 1594 1011 quod
1615 967 1772 1001 contra-

150 1012 276 1049 riatur
301 1011 409 1048 hono
442 1015 587 1049 amato.
607 1012 842 1057 Principalis
863 1021 957 1058 ergo
975 1011 1138 1049 effectus
1168 1012 1304 1058 gratiae
1328 1014 1483 1058 gratum
1509 1011 1692 1048 facientis
1711 1013 1772 1048 est

155 1063 198 1095 ut
221 1058 340 1095 homo
367 1060 488 1096 Deum
513 1058 665 1104 diligat.

199 1106 301 1148 item,
323 1104 452 1142 forma
482 1114 550 1151 per
569 1113 686 1151 quam
719 1114 782 1142 res
806 1105 1014 1142 ordinatur
1046 1106 1087 1142 in
1108 1105 1282 1153 aliquem
1311 1103 1430 1141 finem
1464 1105 1659 1142 assimilat
1679 1112 1776 1152 quo-

150 1151 368 1189 dammodo
401 1160 483 1188 rem
505 1151 612 1188 illam
645 1151 740 1195 fini;
763 1152 867 1189 sicut
895 1161 1040 1198 corpus
1069 1161 1138 1197 per
1170 1153 1335 1188 formam
1372 1152 1576 1197 gravitatis
1604 1151 1773 1198 acquirit

157 1198 461 1236 similitudinem
483 1202 521 1235 et
541 1198 859 1236 conformitatem
879 1199 927 1235 ad
962 1200 1091 1236 locum
1115 1199 1163 1235 ad
1190 1207 1306 1244 quem
1330 1199 1560 1235 naturaliter
1578 1202 1770 1235 movetur.

155 1246 371 1283 ostensum
398 1249 460 1283 est
479 1248 609 1283 autem
641 1245 747 1292 quod
773 1245 901 1292 gratia
923 1249 1076 1292 gratum
1106 1245 1256 1282 faciens
1285 1249 1345 1281 est
1375 1245 1554 1291 quaedam
1585 1246 1711 1282 forma
1732 1245 1773 1282 in

152 1292 328 1337 homine,
348 1301 417 1338 per
436 1301 553 1339 quam
569 1292 775 1329 ordinatur
792 1293 840 1330 ad
863 1292 1046 1330 ultimum
1068 1292 1201 1337 finem,
1221 1292 1285 1339 qui
1308 1293 1411 1329 Deus
1431 1297 1503 1330 est.
1519 1295 1591 1329 Per
1605 1293 1773 1339 gratiam

153 1349 253 1386 ergo
273 1339 395 1377 homo
416 1339 484 1376 Dei
518 1339 822 1377 similitudinem
852 1340 1125 1386 consequitur.
1148 1339 1373 1376 Similitudo
1403 1343 1532 1376 autem
1567 1344 1626 1377 est
1657 1340 1774 1376 dilec-

154 1386 279 1424 tionis
297 1395 443 1430 causa3
465 1396 583 1424 omne
604 1387 710 1424 enim
739 1387 871 1424 simile
893 1386 1024 1434 diligit
1043 1387 1119 1424 sibi
1141 1387 1284 1424 simile.
1303 1388 1374 1422 Per
1397 1387 1563 1432 gratiam
1586 1395 1680 1434 ergo
1701 1387 1772 1424 ho-

154 1442 221 1471 mo
236 1432 407 1471 efficitur
427 1434 494 1471 Dei
518 1434 696 1471 dilector.

198 1482 388 1521 Praeterea,
405 1480 453 1518 ad
471 1481 752 1526 perfectionem
771 1481 1016 1526 operationis
1031 1480 1244 1527 requiritur
1262 1481 1367 1528 quod
1381 1481 1527 1528 aliquis
1543 1483 1774 1518 constanter

151 1530 192 1563 et
210 1530 389 1573 prompte
410 1531 606 1573 operetur.
623 1529 702 1564 Hoc
723 1532 853 1564 autem
871 1528 1066 1573 praecipue
1086 1528 1178 1564 facit
1199 1537 1323 1573 amor,
1340 1532 1498 1574 propter
1518 1537 1633 1574 quem
1654 1528 1772 1565 etiam

154 1573 333 1611 diflicilia
354 1577 392 1611 et
411 1575 547 1621 gravia
576 1574 677 1611 levia
696 1575 891 1611 videntur.
912 1576 1040 1618 Quum
1070 1575 1191 1621 igitur
1211 1584 1257 1611 ex
1281 1575 1408 1621 gratia
1428 1578 1582 1622 gratum
1605 1575 1774 1612 faciente

155 1624 337 1666 oporteat
357 1621 534 1658 hominis
557 1621 809 1667 operationes
838 1623 1036 1667 perfectus
1063 1621 1161 1666 fieri,
1184 1625 1227 1658 ut
1247 1632 1293 1658 ex
1311 1622 1429 1659 dictis
1450 1625 1568 1668 patet,
1591 1631 1774 1659 necessa-

153 1668 257 1704 rium
279 1668 461 1714 estquod
482 1677 550 1714 per
568 1668 746 1718 eamdem
767 1668 933 1715 gratiam
955 1669 1022 1705 Dei
1042 1668 1200 1705 dilectio
1222 1669 1487 1706 constituatur
1506 1669 1546 1705 in
1567 1669 1699 1706 nobis.

201 1715 299 1751 Hinc
332 1719 393 1752 est
422 1715 529 1761 quod
561 1715 656 1752 dicit
685 1716 898 1761 Apostolus
919 1727 928 1752 ε
952 1717 1118 1754 charitas
1142 1717 1208 1751 Dei
1227 1716 1366 1761 diffusa
1386 1719 1437 1752 est
1453 1718 1491 1751 in
1511 1715 1677 1752 cordibus
1696 1725 1775 1752 nos-

151 1763 222 1797 tris
236 1771 305 1807 per
326 1761 505 1807 Spiritum
522 1765 703 1805 sanctum,
725 1763 789 1807 qui
814 1762 920 1799 datus
942 1766 993 1798 est
1012 1763 1125 1799 nob-is.
1147 1762 1276 1807 (Rom,
1295 1771 1336 1807 v,
1352 1762 1403 1810 5.)
1426 1763 1618 1800 Dominus
1640 1766 1772 1800 autem

152 1807 412 1846 dilectoribus
444 1808 530 1846 suis
564 1809 759 1846 visionem
781 1818 893 1846 suam
928 1810 1177 1855 repromittit,
1199 1810 1335 1846 dicens
1358 1821 1366 1846 :
1389 1810 1458 1853 Qui
1477 1810 1601 1854 diligit
1618 1821 1671 1845 me
1691 1810 1774 1846 dili-

151 1857 256 1900 getur
273 1856 417 1891 aPatre
447 1865 522 1892 meo
540 1867 551 1891 ε
572 1859 606 1891 et
635 1866 697 1900 eqo
728 1856 881 1900 diliqam
906 1867 997 1897 eum,
1019 1860 1052 1892 et
1082 1857 1323 1899 manifestabo
1343 1858 1376 1892 ei
1404 1859 1590 1901 meipsum.
1615 1856 1772 1903 (Joctmt.‚

149 1909 237 1953 ΧΠ,
255 1901 330 1948 21.)
353 1901 460 1940 Unde
492 1906 598 1948 patet
617 1902 723 1949 quod
755 1903 894 1949 gratia,
916 1913 1003 1951 quae
1029 1903 1076 1940 ad
1107 1902 1225 1939 finem
1259 1903 1401 1941 divinae
1432 1903 1602 1941 visionis
1623 1903 1772 1951 dirigit,

151 1947 407 1988 dilectionem
429 1949 496 1986 Dei
517 1953 655 1988 causat
674 1950 715 1986 in
733 1950 864 1987 nobis.

804 2077 972 2120 CAPUT
1001 2078 1116 2120 CLII.

478 2184 579 2220 ouon
604 2185 745 2215 mviNA
769 2185 916 2215 GRATIA
939 2186 1090 2215 GAusAT
1111 2186 1152 2215 IN
1177 2187 1291 2216 rioms
1316 2187 1450 2218 mnan.

201 2277 254 2312 Ex
273 2276 350 2313 hoc
369 2279 499 2313 autem
521 2276 626 2323 quod
656 2276 791 2313 divina
817 2276 943 2323 gratia
959 2277 1188 2313 charitatem
1212 2277 1253 2313 in
1274 2277 1391 2315 nobis
1412 2280 1563 2322 causat,
1585 2287 1770 2317 necessa·

151 2321 261 2361 rium
281 2323 463 2370 estquod
484 2324 603 2360 etiam
624 2323 665 2360 in
685 2323 802 2360 nobis
822 2323 921 2360 fides
941 2333 1010 2368 per
1030 2324 1196 2369 gratiam
1218 2328 1416 2361 causetur.

201 2371 330 2407 Motus
356 2371 462 2407 enim
483 2378 562 2416 quo
579 2379 648 2416 per
684 2370 851 2417 gratiam
871 2370 912 2406 in
933 2371 1116 2406 ultimum
1141 2370 1259 2406 finem
1280 2371 1490 2417 dirigimur
1509 2375 1570 2408 est
1590 2372 1768 2410 volunta-

151 2416 252 2461 rius,
274 2425 355 2453 non
386 2417 609 2461 violentus,
642 2420 684 2454 ut
715 2415 900 2463 supra(c.
919 2417 999 2463 148)
1021 2421 1227 2454 ostensum
1258 2421 1330 2454 est.
1352 2418 1607 2456 voluntarius
1640 2423 1770 2456 autem

152 2467 288 2501 motus
308 2463 350 2499 in
369 2463 519 2510 aliquid
540 2472 630 2501 esse
658 2472 738 2500 non
763 2467 907 2510 potest,
929 2464 1007 2500 nisi
1030 2464 1081 2500 sit
1113 2464 1331 2510 cognitum.
1351 2466 1511 2511 Oportet
1528 2466 1651 2512 igitur
1666 2466 1773 2512 quod

152 2519 224 2556 per
243 2510 409 2557 gratiam
433 2512 473 2546 in
495 2510 612 2547 nobis
632 2511 809 2556 cognitio
830 2510 959 2547 ultimi
992 2510 1084 2547 finis
1104 2511 1373 2556 praestituatur
1410 2512 1458 2549 ad
1479 2512 1555 2549 hoc
1582 2513 1688 2559 quod
1706 2522 1773 2550 vo-

153 2558 325 2594 luntarie
347 2557 565 2603 dirigamur
584 2557 625 2593 in
646 2557 791 2603 ipsum.
813 2559 902 2594 Haec
928 2560 1059 2594 antem
1079 2557 1256 2603 cognitio
1275 2567 1355 2594 non
1375 2562 1505 2604 potest
1526 2568 1614 2597 esse
1630 2568 1772 2597 secun-

152 2604 249 2642 dum
271 2607 445 2650 apertam
465 2604 661 2641 visionem
675 2604 725 2656 'in
744 2607 849 2641 statu
871 2604 962 2648 isto,
986 2607 1162 2650 utsupra
1182 2603 1231 2651 (c.
1252 2604 1312 2651 48)
1333 2605 1541 2651 probatum
1562 2610 1636 2644 est.
1655 2607 1774 2654 Opor-

150 2652 208 2689 tet
227 2651 348 2698 igitur
367 2650 474 2698 quod
494 2651 546 2688 sit
565 2651 742 2698 cognitio
762 2660 831 2697 per
849 2650 981 2688 fidem.

198 2698 384 2743 Amplius,
406 2698 447 2736 in
466 2697 640 2745 quolibet
674 2701 954 2744 cognoscente,
976 2697 1120 2735 modus
1145 2697 1389 2744 cognitionis
1409 2700 1668 2746 consequitur
1687 2711 1772 2739 mo-

152 2743 250 2782 dum
274 2746 443 2791 propriae
474 2749 649 2789 naturae3
672 2745 776 2782 unde
796 2745 899 2782 alius
920 2745 1062 2781 modus
1084 2745 1328 2790 cognitionis
1349 2750 1409 2783 est
1428 2747 1573 2794 angeli,
1592 2748 1770 2786 hominis

154 2793 193 2828 et
210 2791 315 2829 bruti
336 2792 535 2836 animalis,
554 2791 773 2830 secundum
794 2792 900 2838 quod
921 2801 1058 2828 eorum
1074 2795 1223 2829 naturae
1239 2793 1403 2830 diversae
1421 2798 1527 2839 sunt,
1550 2798 1592 2831 ut
1611 2805 1657 2832 ex
1678 2804 1772 2840 prae-

153 2837 293 2889 missis
326 2843 445 2885 patet.
477 2839 549 2876 Sed
581 2839 749 2883 homini,
771 2840 818 2875 ad
857 2838 1185 2884 consequendum
1215 2839 1400 2878 ultimum
1438 2840 1573 2885 finem,
1613 2841 1770 2880 additur

154 2883 289 2933 allqua
307 2887 497 2933 perfectio
517 2895 637 2934 super
655 2886 854 2934 propriam
871 2888 1067 2933 naturam,
1085 2885 1239 2927 scilicet
1257 2887 1399 2935 gratia,
1420 2891 1463 2928 ut
1482 2892 1690 2926 ostensum
1710 2891 1772 2927 est
