1894 3223
223 160 290 195 100
818 156 906 191 LIB.
934 156 963 200 Ι,
993 155 1094 191 GAP.
1120 154 1237 192 XCIV.

220 243 261 277 ut
290 239 441 275 reddam
461 239 523 273 ei?
542 239 615 273 Per
651 235 955 273 similitudinem
992 239 1124 272 tamen
1150 236 1323 283 aliquam
1363 237 1442 273 Deo
1472 235 1565 272 dare
1588 236 1770 281 dicimur,
1795 237 1837 274 in

221 289 410 333 quantum
430 288 565 320 nostra
580 283 670 319 data
690 284 793 318 Deus
814 285 1002 328 acceptat.
1016 285 1102 320 Non
1119 283 1240 329 igitur
1254 283 1330 321 sibi
1347 283 1534 329 competit
1554 284 1837 321 commutativa

216 332 387 380 justitia,
409 331 479 368 sed
511 329 642 366 solum
664 328 926 366 distributiva.
954 329 1061 366 Unde
1095 330 1311 377 Dionysius
1341 330 1449 375 dicit,
1471 339 1556 375 cap.
1579 332 1600 366 8
1619 332 1669 366 De
1699 330 1836 367 divinis

219 379 438 421 nominibus,
458 376 562 423 quod
583 375 765 423 «J’ustitia
780 375 962 413 laudatur
980 378 1096 420 Deus,
1111 376 1412 414 sicutomnibus
1433 376 1651 414 secundum
1671 377 1838 423 dignita-

219 430 299 463 tem
321 424 563 462 distribuens
583 435 618 467 »,
638 422 857 460 secundum
878 423 977 460 illud
1000 424 1147 469 matth„
1163 432 1261 469 XXV,
1282 428 1324 461 15
1342 436 1350 460 :
1373 423 1479 460 Dedit
1495 425 1689 469 unicuique
1713 434 1836 460 secun-

219 473 307 510 dum
321 472 512 516 propriam
531 470 713 507 virtutem.
1849 508 1852 511 ,

267 519 375 555 Scire
396 521 526 554 autem
547 520 701 563 oportet
723 516 829 563 quod
858 516 1036 554 actiones
1054 517 1160 554 circa
1179 527 1278 564 quas
1310 522 1404 555 sunt
1423 517 1621 564 praedictae
1654 517 1835 562 virtutes,

219 564 439 602 secundum
461 573 555 601 suas
582 564 757 601 rationes
775 573 821 600 ex
845 563 962 600 rebus
983 564 1169 600 humanis
1189 573 1269 601 non
1289 564 1523 610 dependent.
1547 566 1633 601 Non
1655 564 1759 600 enim
1789 564 1837 601 de

220 611 386 658 agendis
414 611 606 657 judicare,
628 614 695 647 aut
733 610 882 656 aliquid
914 610 1020 654 dare,
1039 611 1096 646 vel
1129 610 1364 648 distribuere
1395 611 1523 648 solius
1555 611 1731 648 hominis
1762 615 1835 656 est,

220 659 290 695 sed
311 658 524 704 cujuslibet
543 657 785 694 intellectum
802 657 984 694 habentis
1007 669 1015 692 ε
1038 657 1257 694 secundum
1278 662 1410 695 tamen
1425 658 1530 705 quod
1551 659 1599 695 ad
1621 667 1683 695 res
1702 659 1838 695 huma-

219 714 292 742 nas
314 705 615 749 contrahuntur,
638 714 684 741 ex
705 704 768 741 his
790 704 1084 750 quodammodo
1100 705 1271 750 speciem
1290 709 1466 750 sumunt,
1489 706 1591 742 sicut
1612 715 1774 742 curvum
1796 706 1837 741 in

219 761 319 789 naso
354 752 448 788 facit
480 753 652 797 speciem
675 751 779 788 simi.
798 751 969 789 Virtutes
991 751 1112 797 igitur
1131 751 1341 797 praedictae,
1364 752 1583 788 secundum
1605 752 1710 798 quod
1733 751 1835 788 ordi-

219 803 316 836 nant
337 799 551 836 humanam
571 799 690 835 vitam
714 798 893 838 activam,
911 798 958 834 ad
997 798 1068 835 has
1090 798 1268 835 actiones
1298 798 1547 842 ordinantur,
1572 803 1688 844 prout
1708 799 1756 835 ad
1774 807 1836 835 res

219 846 418 883 humanas
454 846 755 890 contrahuntur,
777 845 825 882 ab
846 846 904 882 eis
924 845 1096 891 speciem
1136 849 1353 889 sumentes,
1377 845 1596 882 secundum
1618 854 1733 891 quem
1758 854 1838 882 mo-

219 893 312 930 dum
334 894 414 929 Deo
435 893 645 929 convenire
667 901 747 930 non
768 896 950 938 possunt.
974 892 1197 929 Secundum
1218 901 1311 929 vero
1329 892 1434 939 quod
1450 892 1628 929 actiones
1640 892 1835 938 praedictae

219 939 262 976 in
291 948 364 976 sua
402 940 685 976 communitate
712 939 972 984 accipiuntur,
1006 943 1176 984 possunt
1208 939 1325 976 etiam
1358 939 1476 976 rebus
1515 939 1660 976 divinis
1697 940 1835 984 aptari.

218 986 328 1023 Sicut
348 987 450 1023 enim
476 987 595 1023 homo
612 996 741 1023 rerum
763 986 1040 1026 humanarum,
1061 989 1103 1022 ut
1117 987 1308 1032 pecuniae,
1326 986 1387 1023 vel
1406 987 1585 1031 honoris,
1605 986 1838 1024 distributor

219 1037 293 1078 est,
308 1034 363 1069 ita
381 1037 417 1070 et
438 1035 540 1070 Deus
562 1033 740 1070 omnium
759 1033 979 1069 bonitatum
1002 1033 1189 1070 universi.
1206 1034 1305 1070 Sunt
1319 1033 1440 1080 igitur
1454 1033 1650 1079 praedictae
1671 1034 1836 1070 virtutes

218 1080 261 1116 in
284 1082 366 1117 Deo
399 1080 701 1118 universalioris
722 1080 969 1117 extensionis
1003 1090 1122 1126 quam
1154 1080 1193 1116 in
1216 1080 1390 1117 homine.
1414 1082 1525 1124 Nam,
1547 1080 1651 1118 sicut
1684 1080 1839 1127 J'ustitia

221 1126 401 1164 hominis
425 1136 467 1163 se
490 1127 608 1164 habet
639 1127 688 1164 ad
731 1127 927 1164 civitatem
966 1128 1026 1164 vel
1059 1127 1234 1172 domum,
1255 1127 1309 1164 ita
1324 1127 1480 1174 justitia
1497 1128 1563 1164 Dei
1587 1136 1630 1164 se
1651 1127 1767 1164 habet
1790 1127 1837 1164 ad

218 1177 348 1211 totum
371 1174 614 1212 universum.
637 1173 744 1211 Unde
766 1177 803 1210 et
834 1174 976 1211 divinae
995 1174 1160 1211 virtutes
1192 1178 1418 1211 nostrarum
1439 1174 1683 1220 exemplares
1704 1174 1838 1211 dicun·

217 1224 296 1257 tur.
321 1222 417 1257 Nam
440 1231 527 1267 quae
550 1225 642 1258 sunt
661 1224 862 1258 contracta
883 1225 921 1257 et
939 1221 1174 1267 particulata
1205 1221 1489 1258 similitudines
1519 1221 1699 1268 quaedam
1719 1221 1836 1258 abso-

217 1267 393 1304 lutorum
416 1269 565 1305 entium
585 1271 692 1313 sunt,
706 1268 809 1305 sicut
832 1269 965 1305 lumen
987 1268 1160 1305 candelae
1183 1277 1224 1305 se
1246 1269 1362 1306 habet
1383 1268 1430 1305 ad
1452 1269 1586 1305 lumen
1607 1269 1720 1306 solis.
1742 1268 1837 1305 Aliae

216 1323 311 1351 vero
326 1315 491 1351 virtutes
515 1325 601 1362 quae
625 1317 702 1352 Deo
723 1316 879 1361 proprie
916 1324 996 1352 non
1018 1316 1272 1360 conveniunt,
1295 1324 1376 1352 non
1397 1315 1544 1352 habent
1565 1315 1765 1361 exemplar
1794 1315 1838 1351 in

217 1360 352 1398 divina
373 1365 525 1405 natura,
546 1362 615 1399 sed
637 1362 767 1399 solum
789 1363 829 1398 in
862 1362 995 1399 divina
1015 1363 1224 1408 sapientia,
1246 1372 1333 1409 quae
1355 1363 1534 1399 omnium
1556 1363 1706 1400 entium
1745 1371 1836 1408 pro-

215 1408 325 1453 prias
347 1409 623 1454 complectitur
643 1409 832 1453 rationes,
855 1410 959 1445 sicut
977 1412 1014 1446 et
1032 1410 1078 1445 de
1099 1409 1189 1446 aliis
1210 1410 1485 1456 corporalibus
1505 1409 1637 1447 rebus.
1662 1410 1691 1456 (Ι
1719 1412 1834 1455 part„

215 1463 253 1502 q.
268 1463 351 1500 xxl,
373 1458 445 1492 art.
468 1458 482 1492 1
505 1459 541 1492 et
560 1458 601 1499 2;
624 1465 661 1502 q.
680 1463 756 1501 LXI,
778 1459 849 1493 art.
871 1455 923 1502 5.)

851 1602 1020 1644 CAPUT
1060 1602 1197 1644 XCIV.

512 1716 622 1756 'QUOD
647 1722 689 1751 IN
725 1722 802 1752 ΠΕΟ
827 1722 926 1752 SUNT
957 1722 1148 1751 VIRTUTES
1175 1721 1523 1751 CONTEMPLATIVAE.

262 1833 316 1868 De
337 1831 655 1877 contemplativis
674 1835 804 1869 autem
834 1831 1047 1868 virtutibus
1068 1831 1230 1868 dubium
1255 1840 1343 1869 esse
1364 1840 1445 1868 non
1466 1834 1608 1877 potest,
1631 1831 1727 1877 quin
1753 1832 1832 1868 Deo

210 1878 383 1915 maxime
424 1878 675 1915 conveniant.
713 1878 751 1915 Si
796 1878 902 1915 enim
950 1879 1145 1923 sapientia
1183 1878 1224 1914 in
1268 1878 1499 1924 cognitione
1545 1878 1832 1915 altissimarum

211 1934 423 1963 causarum
457 1925 654 1970 consistit,
690 1925 908 1962 secundum
933 1925 1220 1971 Philosophum
1246 1925 1288 1961 in
1325 1925 1520 1971 principio
1554 1926 1728 1970 Metapa„
1747 1925 1833 1970 ipse

211 1976 342 2010 autem
356 1974 459 2009 Deus
472 1972 666 2018 praecipue
681 1972 857 2018 seipsum
874 1972 1094 2019 cognoscit,
1105 1981 1176 2009 nec
1189 1971 1338 2019 aliquid
1350 1972 1558 2018 cognoscit
1572 1971 1650 2009 nisi
1666 1980 1834 2019 cognos-

212 2019 341 2056 cendo
366 2019 557 2065 seipsum,
579 2023 623 2056 ut
646 2019 853 2065 probatum
874 2023 947 2063 est,
967 2019 1033 2065 qui
1066 2023 1126 2056 est
1146 2019 1325 2056 omnium
1346 2019 1473 2064 prima
1489 2027 1623 2063 causa,
1643 2019 1832 2055 manifes-

208 2069 293 2102 tum
321 2066 505 2113 estquod
532 2066 608 2103 sibi
630 2066 839 2112 potissime
859 2066 1055 2112 sapientia
1080 2066 1193 2103 debet
1224 2065 1409 2103 adscribi.
1438 2066 1545 2103 Unde
1577 2065 1662 2109 Job,
1689 2074 1745 2110 lx,
1779 2068 1830 2102 4:

210 2112 363 2158 Sapiens
382 2114 486 2149 corde
516 2115 585 2156 est;
605 2118 642 2149 et
663 2114 795 2157 Eccli.‚
825 2122 852 2158 Ι,
874 2117 888 2150 1
915 2125 923 2149 :
945 2114 1068 2150 Omnis
1089 2115 1271 2159 sapientia
1289 2124 1312 2148 a
1330 2114 1481 2149 Domino
1507 2115 1578 2149 Deo
1598 2115 1661 2156 est,
1691 2122 1724 2148 et
1753 2122 1833 2155 cum

209 2160 273 2195 illo
289 2161 363 2204 ficit
379 2170 528 2205 semper.
552 2160 820 2208 Philosophus
842 2160 959 2197 etiam
980 2160 1074 2197 dicit
1093 2160 1133 2197 in
1154 2159 1349 2207 principio
1369 2160 1528 2207 Metaph.
1551 2160 1651 2207 (cap.
1674 2159 1708 2206 2)
1725 2158 1832 2207 quod

210 2205 436 2254 (sapientia)
458 2211 518 2244 est
537 2207 670 2244 divina
686 2207 907 2254 possessio,
930 2216 1011 2244 non
1032 2208 1220 2245 humana.

254 2255 356 2293 Item,
374 2254 408 2290 si
444 2254 613 2291 scientia
653 2259 714 2292 est
736 2255 791 2291 rei
824 2254 1001 2300 cognitio
1038 2264 1108 2300 per
1139 2255 1338 2300 propriam
1374 2263 1550 2298 causam,
1576 2254 1661 2299 ipse
1698 2257 1830 2291 autem

210 2301 388 2337 omnium
412 2310 621 2338 causarum
643 2305 681 2338 et
703 2301 914 2338 effectuum
936 2302 1115 2338 ordinem
1137 2301 1357 2347 cognoscit,
1386 2304 1424 2337 et
1456 2310 1525 2346 per
1560 2300 1636 2338 hoc
1657 2301 1832 2347 singula-

207 2355 295 2384 rum
318 2347 499 2394 proprias
520 2357 663 2385 causas
695 2349 817 2392 novit,
840 2351 882 2385 ut
911 2357 1032 2394 supra
1052 2348 1151 2395 (cap.
1174 2351 1217 2385 65
1239 2351 1274 2384 et
1296 2348 1354 2394 67)
1377 2351 1585 2385 ostensum
1600 2351 1674 2392 est,
1698 2348 1826 2384 mani-

207 2394 353 2431 festum
376 2395 551 2441 estquod
569 2395 610 2431 in
629 2395 717 2441 ipso
737 2395 895 2442 proprie
912 2395 1079 2432 scientia
1099 2398 1158 2432 est
1176 2407 1185 2440 ;
1207 2403 1287 2432 non
1308 2398 1441 2432 tamen
1460 2404 1547 2441 quae
1563 2395 1614 2432 sit
1628 2404 1697 2441 per
1715 2395 1831 2431 ratio-

207 2441 449 2478 cinationem
490 2445 665 2487 causata,
687 2443 789 2480 sicut
810 2442 979 2479 scientia
1001 2445 1137 2479 nostra
1171 2451 1220 2479 ex
1250 2441 1593 2479 demonstratione
1623 2445 1825 2482 causatur,

208 2488 343 2524 undel
365 2490 474 2535 Reg,
496 2498 538 2533 11,
554 2492 574 2525 3
593 2501 600 2525 :
622 2491 716 2526 Deus
730 2491 965 2526 scientiarum
979 2490 1153 2526 Dominus
1171 2492 1236 2526 est.
1768 2533 1774 2539 ⁶

253 2535 397 2579 Adhuc,
415 2536 447 2572 si
482 2535 755 2574 immaterialis
789 2537 966 2584 cognitio
988 2536 1211 2583 aliquarum
1244 2545 1376 2573 rerum
1392 2535 1542 2582 absque
1560 2534 1747 2572 discursu
1764 2542 1826 2570 in-

206 2580 389 2617 tellectus
411 2585 483 2625 est,
506 2584 609 2620 Deus
646 2588 776 2621 autem
799 2583 1026 2629 huJ'usmodi
1058 2583 1329 2629 cognitionem
1351 2582 1398 2619 de
1421 2581 1609 2619 omnibus
1629 2581 1761 2623 habet,
1784 2582 1829 2617 ut

207 2634 328 2671 supra
347 2631 552 2666 ostensum
574 2631 703 2674 est‚in
733 2632 821 2676 ipso
842 2631 963 2677 igitur
982 2634 1042 2668 est
1060 2630 1299 2667 intellectus.
1323 2629 1431 2665 Unde
1449 2627 1535 2672 Job,
1555 2635 1624 2672 xil,
1648 2629 1690 2664 13
1717 2638 1725 2662 z
1747 2628 1828 2672 Ipse

206 2671 313 2709 habet
328 2676 514 2710 consilium
534 2679 566 2711 et
584 2678 871 2721 intelliqentiam.

209 2765 216 2771 ὓ
255 2720 351 2804 Haecf
366 2721 483 2803 ettiam
503 2722 667 2760 virtutes
688 2725 729 2760 in
744 2726 824 2761 Deo
843 2727 937 2762 sunt
957 2724 1203 2771 exemplares
1223 2720 1584 2765 nostrarum‚sicut
1606 2720 1826 2766 perfectum

203 2774 330 2813 imper
350 2776 392 2804 ec
412 2777 437 2804 l.
