1894 3223
112 187 187 222 300
716 180 802 215 ΗΒ.
832 179 891 222 IV,
918 179 1019 215 CAP.
1044 179 1140 216 vm.

119 268 229 302 Deum
248 274 371 298 >verm-n
394 263 552 306 (Joamz.‚
568 269 668 303 xvn,
691 260 742 307 3),
762 268 843 296 non
867 259 926 296 sic
943 259 1247 307 intelligendum
1269 265 1329 299 est
1347 261 1455 309 quod
1491 261 1604 298 solus
1625 261 1741 298 Pater

119 313 171 349 sit
191 318 306 346 verus
328 311 444 351 Deus,
479 308 594 354 quasi
615 306 737 344 Filius
772 315 854 343 non
879 307 931 343 sit
958 315 1076 344 verus
1095 308 1201 345 Deus
1222 307 1342 355 (quod
1370 312 1503 345 tamen
1529 308 1741 345 manifeste

117 358 324 402 Scripturae
345 355 576 392 testimonio
593 353 812 400 probatur),
835 354 904 390 sed
920 353 1026 400 0000
1047 354 1117 391 illa
1153 363 1211 391 uae
1223 358 1286 392 est
1297 364 1379 392 una
1396 355 1484 393 sola
1498 364 1591 392 vera
1609 355 1742 392 Deitas

119 404 221 441 Patri
255 402 477 444 conveniat,
513 402 569 438 ita
600 405 732 438 tamen
765 400 870 447 quod
902 409 984 437 non
1014 400 1126 438 exclu
1158 404 1246 438 atur
1278 401 1369 439 inde
1397 406 1435 439 et
1463 402 1598 440 Filius.
1632 401 1741 439 Unde

119 451 322 497 signanter
342 458 420 485 non
443 448 542 485 dixit
562 448 756 485 Dominus
775 459 783 483 :
820 449 865 483 Ut
883 451 1098 492 coquoscant
1120 451 1167 492 te,
1187 449 1301 484 solum
1326 450 1439 484 Deum
1461 459 1597 490 verum,
1623 449 1740 495 quasi

119 499 230 534 solus
249 497 333 542 ipse
354 496 403 532 sit
423 498 526 532 Deus
546 507 554 539 ;
578 495 647 532 500
676 495 773 531 dixit
794 504 802 528 ε
839 496 884 530 Ut
908 496 1122 539 cognoscant
1157 498 1203 539 te,
1238 499 1276 531 et
1310 495 1459 533 addidit
1491 497 1604 532 solum
1628 498 1742 532 Deum

116 555 252 587 verum,
278 547 318 579 ut
338 543 563 579 ostenderet
585 544 754 585 Patrem,
774 541 888 587 cujus
909 551 952 578 50
980 542 1121 579 Filium
1141 543 1448 587 protestabatur,
1477 552 1568 580 esse
1601 544 1739 588 Deum,

119 592 159 627 in
181 599 260 637 000
280 590 478 626 invenitur
495 590 563 626 illa
583 598 671 636 quae
693 589 781 626 sola
801 593 860 625 est
882 598 972 625 vera
999 588 1197 625 divinitas.
1221 591 1285 630 Et,
1315 589 1408 636 quia
1429 594 1583 635 oportet
1605 599 1740 627 verum

119 638 260 675 Filium
283 637 460 683 eiusdem
479 640 630 673 naturae
652 645 741 673 esse
772 645 862 672 cum
898 637 1022 679 Patre,
1044 636 1173 683 magis
1205 636 1386 683 sequitur
1420 636 1525 683 quod
1552 636 1622 673 illa
1653 646 1741 684 quae

119 685 206 722 sola
227 688 287 720 est
306 693 397 720 vera
418 684 605 720 divinitas
627 683 725 720 Filio
758 682 968 719 conveniat
1001 691 1119 729 quam
1154 682 1201 719 ab
1238 692 1285 720 ea
1315 682 1439 720 Filius
1479 683 1740 729 excludatur3

118 731 223 768 unde
246 735 283 767 et
302 733 475 768 Joannes
494 731 608 776 quasi
633 730 717 767 haec
735 730 853 766 verba
887 730 1043 766 Domini
1078 732 1296 775 exponens,
1331 734 1542 777 utrumque
1571 731 1740 768 istorum

117 787 211 815 vero
233 778 331 814 Filio
353 778 531 814 attribuit
551 776 715 824 quaehic
734 777 927 814 Dominus
943 776 1037 813 dicit
1057 776 1104 813 de
1124 778 1249 820 Patre,
1271 777 1421 814 scilicet
1437 776 1541 824 quod
1555 777 1606 813 sit
1623 787 1741 815 verus

118 826 223 862 Deus
245 828 282 861 et
304 824 408 871 quod
430 825 469 860 in
489 833 535 861 eo
556 825 607 861 sit
627 824 707 860 vita
726 828 884 867 aeterna,
907 824 1045 860 dicens
1069 833 1076 857 ε
1101 824 1147 859 Ut
1166 833 1419 868 coynoscamus
1438 834 1564 859 verum
1582 826 1691 860 Deum
1709 828 1744 861 et

114 873 228 908 simus
246 873 284 907 in
303 882 385 907 vero
403 872 495 907 Filio
515 871 606 916 eJ'us.
628 871 694 907 Hic
714 874 766 907 est
782 881 888 906 verus
911 873 1001 906 Deus
1021 874 1054 906 et
1078 873 1156 906 vita
1174 876 1323 906 aeterna.
1363 872 1396 917 (I
1422 871 1571 911 Joarm„
1591 879 1632 915 V,
1667 871 1740 917 20).

119 920 158 956 Si
178 923 308 956 tamen
330 919 542 955 consessus
563 922 670 955 esset
688 918 807 955 ffilius
829 918 934 964 quod
965 917 1078 954 solus
1111 919 1226 954 Pater
1245 921 1350 955 esset
1377 927 1495 955 verus
1516 919 1635 962 Deus,
1660 927 1742 955 non

124 970 277 1012 propter
296 965 372 1002 hoc
394 975 416 1002 a
433 975 525 1002 vera
544 964 748 1002 divinitate
770 965 892 1002 Filius
914 964 1069 1001 excludi
1083 964 1366 1012 intelligendus
1385 969 1515 1009 esset;
1532 965 1744 1011 nam,quia

123 1015 233 1050 Pater
253 1017 291 1049 et
311 1013 433 1050 Filius
454 1016 548 1050 sunt
573 1021 677 1049 unus
696 1013 814 1057 Deus,
843 1016 886 1048 ut
908 1016 1116 1049 ostensum
1135 1015 1208 1055 est,
1232 1011 1422 1059 quidquid
1455 1012 1608 1049 ratione
1645 1012 1742 1049 divi-

120 1060 254 1097 nitatis
272 1060 318 1096 de
341 1061 452 1096 Patre
474 1057 727 1096 dicituridem
750 1063 811 1096 est
831 1069 876 1096 ac
898 1059 931 1096 si
962 1058 1008 1095 de
1040 1059 1137 1095 Filio
1170 1059 1376 1102 diceretur,
1409 1063 1447 1096 et
1479 1069 1499 1096 e
1531 1068 1739 1096 converso.

114 1108 201 1144 Non
219 1107 322 1143 enim
340 1110 498 1152 propter
515 1106 590 1143 hoc
610 1106 715 1153 quod
737 1107 930 1143 Dominus
952 1105 1046 1142 dicit
1068 1116 1076 1139 :
1097 1107 1205 1143 Nemo
1225 1107 1324 1142 norit
1338 1107 1484 1151 Filium,
1509 1107 1585 1142 nist
1617 1107 1738 1146 Pater,

113 1165 233 1199 ,neque
251 1155 395 1189 Patrem
420 1156 500 1199 quis
517 1156 617 1189 not-it
634 1155 708 1189 nisi
743 1155 858 1189 Filius
879 1153 1039 1199 (Matth.,
1058 1161 1112 1198 xl,
1136 1154 1212 1199 27),
1231 1153 1465 1200 intelligitur
1496 1153 1558 1190 vel
1587 1154 1701 1190 Pater
1719 1162 1742 1190 a

121 1203 182 1238 sui
205 1201 430 1247 cognitione
452 1200 608 1237 excludi
626 1200 688 1237 vel
707 1200 842 1237 Filius.

168 1249 220 1284 Ex
241 1257 318 1294 000
340 1248 456 1284 etiam
478 1251 582 1293 patet
602 1247 708 1294 quod
729 1256 819 1284 vera
837 1247 922 1283 Filii
955 1246 1136 1283 divinitas
1158 1255 1239 1283 non
1271 1246 1495 1283 excluditur
1529 1256 1576 1283 ex
1609 1246 1739 1284 verbis

120 1295 297 1340 Apostoli
319 1294 462 1341 quibus
485 1294 580 1331 dicit
599 1306 608 1330 :
631 1295 740 1337 Quem
758 1296 834 1330 suis
854 1294 1071 1339 temporibus
1091 1294 1252 1330 ostendet
1278 1294 1400 1329 beatus
1431 1296 1464 1329 et
1495 1295 1590 1329 solus
1614 1297 1740 1339 potens

116 1343 197 1378 Rem
216 1352 352 1385 Pessum,
375 1345 408 1376 et
426 1342 597 1377 Dominus
617 1341 894 1377 dominantium.
915 1341 943 1387 (1
967 1342 1074 1384 Tim„
1095 1349 1153 1386 Vt,
1177 1340 1248 1386 15).
1270 1341 1356 1377 Non
1379 1341 1485 1377 enim
1509 1341 1548 1376 in
1570 1340 1634 1378 his
1654 1350 1739 1378 ver-

119 1388 181 1425 bis
203 1390 315 1424 Pater
336 1388 575 1432 nominatur,
598 1387 667 1425 sed
688 1388 726 1424 id
747 1388 853 1434 quod
873 1393 933 1424 est
952 1396 1163 1424 commune
1185 1387 1288 1424 Patri
1318 1392 1354 1424 et
1386 1388 1494 1424 Filio.
1518 1389 1615 1424 Nam
1634 1387 1740 1434 quod

113 1439 159 1471 -et
180 1435 302 1472 Filius
322 1436 374 1471 sit
391 1436 468 1471 Rex
489 1443 627 1481 regum
649 1438 687 1471 et
713 1435 903 1472 Dominus
939 1434 1226 1471 dominantium
1254 1434 1468 1471 manifeste
1501 1434 1739 1478 ostenditur,

121 1482 187 1518 ubi
202 1481 343 1518 dicitur
358 1494 365 1517 :
387 1483 542 1518 Vestitus
557 1484 634 1517 erat
649 1484 743 1517 veste
759 1491 908 1527 aspersa
922 1483 1112 1526 sanguine,
1126 1484 1159 1516 et
1175 1484 1324 1517 vocatur
1340 1492 1467 1516 nomen
1484 1481 1743 1526 eJus,vsztm

121 1537 187 1566 DEI
205 1528 388 1574 (Apocal.,
411 1537 493 1568 xlx,
517 1528 586 1575 13);
610 1530 648 1565 et
666 1532 805 1574 postea
819 1528 1022 1565 subditur:
1041 1529 1089 1564 Et
1109 1528 1214 1563 habet
1224 1529 1263 1563 in
1275 1530 1484 1563 vestimento
1503 1531 1535 1563 et
1555 1530 1592 1563 in
1606 1529 1741 1572 femore

119 1586 182 1612 suo
198 1578 372 1621 scripturn
393 1589 403 1610 .·
424 1577 500 1612 Rex
514 1586 650 1620 regrum,
670 1579 706 1611 et
722 1577 897 1612 Dominus
922 1576 1199 1611 dominantium.
1232 1575 1356 1619 (thiat,
1382 1575 1454 1621 16.)
1476 1577 1554 1612 Nec
1590 1575 1638 1612 ab
1666 1575 1741 1613 hoc

122 1623 229 1669 quod
252 1623 461 1659 subditur:
489 1623 558 1666 Qui
578 1624 674 1659 solus
711 1623 817 1658 habet
841 1623 1148 1658 immortalitatem
1176 1623 1299 1669 (Tim,
1333 1631 1390 1663 Vt,
1431 1623 1488 1669 16)
1523 1622 1742 1660 excluditur

121 1670 254 1714 Filius,
278 1679 397 1716 quum
421 1674 459 1706 et
479 1670 553 1706 sibi
572 1669 824 1707 credentibus
850 1669 1187 1706 immortalitatem
1211 1669 1414 1714 conferat;
1437 1669 1541 1706 unde
1565 1669 1707 1706 dicitur
1727 1680 1739 1706 :

113 1717 190 1760 <Qui
208 1717 321 1752 credit.
340 1719 377 1752 in
400 1727 453 1752 me
474 1728 543 1752 non
565 1719 738 1753 morietur
753 1719 793 1753 in
811 1721 997 1753 aeternum.
1021 1717 1178 1763 (Joann.‚
1201 1724 1256 1761 XI,
1276 1717 1352 1762 26.)
1374 1716 1448 1754 sed
1469 1721 1507 1753 et
1526 1716 1602 1753 hoc
1634 1715 1742 1764 quod

121 1764 305 1801 subditur
327 1776 334 1799 :
359 1765 466 1807 Quem
487 1765 607 1800 nullus
628 1765 811 1800 hominum
829 1765 937 1808 vidit,
955 1764 1018 1799 sed
1036 1774 1098 1799 nec
1115 1763 1238 1799 videre
1252 1767 1372 1809 potest
1390 1763 1423 1810 (I
1439 1765 1545 1807 Tim.,
1573 1772 1630 1808 VT,
1666 1763 1740 1810 16),

121 1816 268 1847 certum
292 1815 352 1847 est
374 1812 469 1847 Filio
488 1811 711 1851 convenire,
735 1820 856 1858 quum
876 1811 1067 1848 Dominus
1089 1810 1190 1847 dicat
1212 1822 1220 1846 ε
1249 1812 1359 1849 Nemo
1376 1813 1477 1846 novit
1498 1811 1645 1851 Filium,
1666 1812 1741 1846 nisi

115 1859 241 1894 Pater.
265 1858 423 1904 matth„
444 1866 498 1902 xi,
516 1859 589 1904 27).
611 1858 678 1895 Cui
700 1867 779 1895 non
798 1859 930 1895 obstat
953 1858 1058 1905 quod
1083 1857 1250 1895 visibilis
1284 1861 1488 1903 apparult;
1521 1857 1598 1894 hoc
1632 1858 1739 1894 enim

122 1905 340 1942 secundum
363 1914 519 1941 carnem
541 1906 764 1942 estfactum
784 1917 792 1948 ;
810 1909 870 1942 est
893 1909 1024 1941 autem
1045 1904 1254 1941 invisibilis
1283 1904 1504 1941 secundum
1538 1904 1738 1947 deitatem,

121 1952 226 1988 sicut
247 1956 284 1986 et
303 1953 438 1994 Pater;
461 1952 564 1988 unde
590 1952 804 1997 Apostolus
831 1953 871 1988 in
905 1951 1041 1988 eadem
1081 1951 1252 1996 Epistola
1285 1951 1377 1988 dicit
1404 1963 1412 1987 z
1442 1952 1636 1995 Manifeste
1669 1962 1741 1986 mct-

120 2008 231 2043 9⁷2an
251 2001 301 2033 est
318 2000 465 2043 pietatis
485 2002 760 2039 sacramentum,
793 1998 890 2043 quod
907 1999 1181 2042 manifestatum
1207 2001 1258 2033 est
1277 2000 1317 2033 in
1346 2008 1466 2033 carne.
1501 1997 1535 2044 (I
1552 1999 1657 2041 Tim„
1679 2007 1737 2043 ΙΙΙ,

123 2045 196 2091 16.)
218 2047 295 2081 Nec
313 2045 420 2091 cogit
440 2045 543 2091 quod
565 2045 648 2082 haec
680 2045 727 2082 de
762 2046 849 2081 solo
880 2047 991 2081 Patre
1025 2045 1128 2082 dicta
1162 2045 1445 2091 intelligamus,
1476 2044 1568 2091 quia
1599 2045 1741 2082 dicitur

119 2092 235 2138 quasi
254 2095 432 2137 oporteat
451 2092 571 2128 alium
594 2101 683 2129 esse
701 2092 975 2129 ostendentem
994 2096 1031 2128 et
1048 2091 1167 2128 alium
1189 2096 1396 2129 ostensum
1415 2104 1424 2135 ;
1446 2100 1538 2128 nam
1560 2095 1597 2128 et
1618 2092 1739 2129 Filius

121 2139 295 2184 seipsum
314 2139 509 2183 ostendit;
529 2139 622 2175 dicit
642 2139 745 2175 enim
765 2140 848 2185 ipse
871 2149 879 2172 :
903 2139 972 2182 Qui
991 2139 1113 2182 diliqtt
1140 2149 1194 2174 me
1215 2139 1388 2183 diliyetur
1408 2150 1430 2173 a
1450 2140 1560 2175 Patre
1585 2149 1685 2181 meo,-
1707 2142 1740 2175 et

113 2196 182 2230 090
202 2186 352 2230 diligam
372 2197 462 2225 eum,
485 2189 516 2221 et
535 2187 775 2230 manifestabo
794 2188 827 2221 ei
843 2189 1017 2231 meipsum
1034 2186 1289 2231 (Joann.‚X1v,
1310 2186 1369 2232 21)
1388 2197 1397 2229 ;
1420 2185 1523 2223 unde
1539 2189 1577 2222 et
1597 2186 1632 2222 ei
1649 2185 1740 2223 dici-

117 2241 210 2270 mus
232 2243 239 2266 :
262 2233 412 2268 Ostende
427 2234 559 2277 faciem
579 2236 678 2269 tuam
692 2236 725 2268 et
740 2233 834 2268 salvi
853 2235 998 2269 erimus.
1022 2233 1171 2277 (Psatm.
1191 2240 1333 2277 Lxxlx,
1351 2233 1426 2279 20.)

171 2280 281 2324 Quod
304 2283 432 2316 autem
456 2280 648 2318 Dominus
671 2280 787 2317 dicit:
810 2282 918 2316 Pater
941 2281 1060 2325 major
1078 2291 1133 2316 me
1152 2283 1204 2316 est
1223 2280 1381 2326 (Joann.,
1411 2288 1495 2324 x1v,
1517 2280 1592 2326 28),
1613 2279 1739 2327 quali-

113 2329 178 2363 ter
211 2327 260 2364 sit
281 2327 584 2373 intelligendum
610 2328 826 2374 Apostolus
859 2327 986 2364 docet.
1022 2328 1151 2371 Quum
1185 2327 1292 2364 enim
1322 2327 1450 2372 majus
1479 2328 1671 2364 referatur
1690 2327 1740 2364 ad

118 2375 268 2418 minus,
294 2376 447 2420 oportet
466 2373 633 2421 intelligi
656 2374 731 2411 hoc
751 2374 826 2411 dici
853 2374 899 2411 de
923 2374 1020 2411 Filio
1050 2375 1271 2411 secundum
1291 2375 1397 2422 0000
1420 2377 1480 2411 est
1497 2375 1737 2411 minoratus.

115 2421 301 2458 *Ostendit
321 2425 450 2457 autem
468 2421 681 2467 Apostolus
700 2431 788 2458 eum
811 2430 900 2458 esse
921 2422 1162 2458 minoratum
1183 2421 1402 2459 secundum
1423 2421 1737 2467 assumptionem

120 2468 256 2505 formae
275 2468 445 2512 servilis,
467 2469 521 2505 ita
540 2472 673 2505 tamen
694 2469 800 2515 0000
821 2470 900 2505 Deo
921 2469 1023 2505 Patri
1058 2468 1224 2515 aequalis
1257 2468 1400 2506 existat
1421 2469 1641 2505 secundum
1663 2469 1740 2505 for-

119 2524 223 2551 mam
243 2515 415 2551 divinam
433 2528 442 2559 ·,
463 2516 558 2552 dicit
578 2516 681 2552 enim
699 2526 706 2549 :
730 2516 844 2559 Quum
862 2517 901 2551 in
917 2517 1038 2560 forma
1055 2518 1122 2552 Dei
1137 2519 1239 2559 esset,
1259 2526 1330 2552 non
1345 2518 1517 2561 rapinam
1537 2516 1738 2551 arbitratus

118 2565 170 2597 est
198 2572 270 2597 esse
301 2572 338 2597 se
356 2563 527 2607 aequalem
557 2564 651 2605 Deo3
679 2564 742 2598 sed
775 2565 1002 2608 semetipsum
1033 2564 1238 2598 exinanivit
1256 2565 1413 2606 formam
1431 2564 1527 2598 serui
1545 2564 1736 2609 accipiens.

121 2609 246 2653 (Phth,
267 2618 311 2653 11,
334 2611 367 2653 6,
388 2610 440 2655 7.)
462 2611 539 2646 Nec
559 2614 619 2646 est
639 2610 782 2646 mirum
802 2611 836 2647 si
870 2619 917 2646 ex
956 2610 1032 2647 hoc
1050 2612 1166 2647 Pater
1202 2619 1249 2646 eo
1283 2609 1411 2656 major
1431 2611 1597 2654 dicatur,
1615 2617 1737 2656 quum

121 2656 237 2691 etiam
257 2657 305 2692 ab
335 2656 488 2703 angelis
521 2666 611 2693 eum
638 2657 881 2693 minoratum
906 2657 1120 2702 Apostolus
1140 2657 1245 2693 dicat
1262 2669 1272 2693 :
1291 2659 1397 2697 Eum,
1420 2657 1561 2703 inquit,
1582 2657 1646 2701 qui
1662 2665 1737 2690 mo-

112 2701 198 2737 -dico
219 2713 325 2746 quam
361 2704 482 2747 an9eli
498 2705 699 2739 minoratus
716 2707 780 2746 est,
802 2705 969 2740 videmus
985 2705 1106 2740 Jesum
1118 2708 1272 2750 propter
1284 2706 1490 2750 passionem
1505 2704 1644 2747 mortis,
1666 2703 1738 2747 910-

114 2749 177 2783 -ria
197 2752 230 2783 et
252 2750 381 2784 honore
406 2753 626 2786 coronatam.
644 2751 782 2797 (Hebr.,
800 2760 846 2795 It,
869 2751 918 2797 9.)

169 2796 220 2831 Ex
252 2805 329 2847 quo
364 2797 480 2833 etiam
512 2801 618 2842 patet
646 2798 751 2845 quod
772 2799 992 2835 secundum
1027 2798 1204 2835 eamdem
1227 2799 1422 2835 rationem
1447 2796 1591 2834 dicitur
1613 2795 1736 2834 Filius

111 2850 209 2879 esse
226 2843 327 2878 Patri
353 2842 568 2893 subjectus,
592 2845 746 2881 scilicet
759 2845 979 2882 secundum
1001 2845 1216 2883 humanam
1234 2849 1413 2882 naturam
1431 2855 1439 2887 ;
1459 2843 1564 2890 quod
1583 2852 1629 2880 ex
1650 2843 1738 2889 ipsa

119 2889 418 2926 circumstantia
450 2889 587 2927 litterae
608 2896 781 2938 apparet.
812 2892 1061 2929 Praemiserat
1082 2892 1187 2929 enim
1209 2891 1423 2937 Apostolus
1443 2902 1450 2926 :
1473 2892 1543 2926 Per
1561 2891 1737 2927 hominem

112 2945 227 2976 «mors,
247 2939 281 2972 et
294 2946 361 2981 per
388 2936 563 2972 hominem
590 2940 802 2974 resurrectio
817 2942 1039 2974 mortuorum
1060 2938 1094 2984 (Ι
1108 2938 1206 2982 Gor„
1226 2945 1294 2981 xv,
1315 2937 1375 2984 21)
1393 2948 1401 2981 ;
1423 2940 1461 2973 et
1484 2940 1623 2983 postea
1642 2937 1736 2975 suh·
