<?xml version="1.0" encoding="UTF-8"?>
<!DOCTYPE html PUBLIC "-//W3C//DTD XHTML 1.0 Transitional//EN"
    "http://www.w3.org/TR/xhtml1/DTD/xhtml1-transitional.dtd">
<html xmlns="http://www.w3.org/1999/xhtml" xml:lang="en" lang="en">
 <head>
  <title>
</title>
<meta http-equiv="Content-Type" content="text/html;charset=utf-8" />
  <meta name='ocr-system' content='tesseract 3.04.00' />
  <meta name='ocr-capabilities' content='ocr_page ocr_carea ocr_par ocr_line ocrx_word'/>
</head>
<body>
  <div class='ocr_page' id='page_1' title='image "./deveritatecathol00thomuoft_0296.png"; bbox 0 0 1894 3223; ppageno 0'>
   <div class='ocr_carea' id='block_1_1' title="bbox 146 137 1142 183">
    <p class='ocr_par' dir='ltr' id='par_1_1' title="bbox 146 137 1142 183">
     <span class='ocr_line' id='line_1_1' title="bbox 146 137 1142 183; baseline -0.009 -1"><span class='ocrx_word' id='word_1_1' title='bbox 146 147 220 182; x_wconf 79' lang='lat'>256</span> <span class='ocrx_word' id='word_1_2' title='bbox 780 138 871 177; x_wconf 72' lang='grc' dir='ltr'>ΠΒ.</span> <span class='ocrx_word' id='word_1_3' title='bbox 897 138 945 183; x_wconf 88' lang='grc' dir='ltr'>Π,</span> <span class='ocrx_word' id='word_1_4' title='bbox 973 137 1074 175; x_wconf 89' lang='lat' dir='ltr'>CAP.</span> <span class='ocrx_word' id='word_1_5' title='bbox 1101 137 1142 175; x_wconf 87' lang='lat' dir='ltr'>C.</span> 
     </span>
    </p>
   </div>
   <div class='ocr_carea' id='block_1_2' title="bbox 152 217 1785 2613">
    <p class='ocr_par' dir='ltr' id='par_1_2' title="bbox 153 217 1775 362">
     <span class='ocr_line' id='line_1_2' title="bbox 153 217 1773 270; baseline -0.006 -6"><span class='ocrx_word' id='word_1_6' title='bbox 153 235 220 264; x_wconf 89' lang='lat' dir='ltr'>eas</span> <span class='ocrx_word' id='word_1_7' title='bbox 241 223 389 270; x_wconf 86' lang='lat' dir='ltr'>aliquid</span> <span class='ocrx_word' id='word_1_8' title='bbox 410 223 676 267; x_wconf 79' lang='lat' dir='ltr'>cognoscatur</span> <span class='ocrx_word' id='word_1_9' title='bbox 695 228 764 265; x_wconf 89' lang='lat' dir='ltr'>per</span> <span class='ocrx_word' id='word_1_10' title='bbox 784 218 1068 256; x_wconf 88' lang='lat' dir='ltr'>similitudines</span> <span class='ocrx_word' id='word_1_11' title='bbox 1088 227 1219 255; x_wconf 91' lang='lat' dir='ltr'>rerum</span> <span class='ocrx_word' id='word_1_12' title='bbox 1240 217 1520 260; x_wconf 80' lang='lat' dir='ltr'>materialium,</span> <span class='ocrx_word' id='word_1_13' title='bbox 1538 217 1773 255; x_wconf 77' lang='lat' dir='ltr'>substantiae</span> 
     </span>
     <span class='ocr_line' id='line_1_3' title="bbox 154 264 1775 317; baseline -0.006 -8"><span class='ocrx_word' id='word_1_14' title='bbox 154 275 341 317; x_wconf 84' lang='lat' dir='ltr'>separatae</span> <span class='ocrx_word' id='word_1_15' title='bbox 361 277 441 305; x_wconf 89' lang='lat' dir='ltr'>non</span> <span class='ocrx_word' id='word_1_16' title='bbox 462 267 594 304; x_wconf 89' lang='lat' dir='ltr'>solum</span> <span class='ocrx_word' id='word_1_17' title='bbox 613 269 863 312; x_wconf 88' lang='lat' dir='ltr'>cognoscunt</span> <span class='ocrx_word' id='word_1_18' title='bbox 882 274 945 302; x_wconf 88' lang='lat' dir='ltr'>res</span> <span class='ocrx_word' id='word_1_19' title='bbox 966 265 1191 303; x_wconf 78' lang='lat' dir='ltr'>materiales</span> <span class='ocrx_word' id='word_1_20' title='bbox 1212 265 1432 302; x_wconf 88' lang='lat' dir='ltr'>secundum</span> <span class='ocrx_word' id='word_1_21' title='bbox 1450 264 1642 301; x_wconf 87' lang='lat' dir='ltr'>rationem</span> <span class='ocrx_word' id='word_1_22' title='bbox 1657 272 1775 310; x_wconf 88' lang='lat' dir='ltr'>gene-</span> 
     </span>
     <span class='ocr_line' id='line_1_4' title="bbox 153 310 1725 362; baseline -0.004 -8"><span class='ocrx_word' id='word_1_23' title='bbox 153 320 208 356; x_wconf 89' lang='lat' dir='ltr'>ris</span> <span class='ocrx_word' id='word_1_24' title='bbox 229 317 289 353; x_wconf 89' lang='lat' dir='ltr'>vel</span> <span class='ocrx_word' id='word_1_25' title='bbox 311 314 473 362; x_wconf 89' lang='lat' dir='ltr'>speciei,</span> <span class='ocrx_word' id='word_1_26' title='bbox 496 313 600 351; x_wconf 90' lang='lat' dir='ltr'>sicut</span> <span class='ocrx_word' id='word_1_27' title='bbox 620 312 845 349; x_wconf 84' lang='lat' dir='ltr'>intellectus</span> <span class='ocrx_word' id='word_1_28' title='bbox 866 316 1015 356; x_wconf 90' lang='lat' dir='ltr'>noster,</span> <span class='ocrx_word' id='word_1_29' title='bbox 1038 312 1108 349; x_wconf 89' lang='lat' dir='ltr'>sed</span> <span class='ocrx_word' id='word_1_30' title='bbox 1129 312 1247 349; x_wconf 90' lang='lat' dir='ltr'>etiam</span> <span class='ocrx_word' id='word_1_31' title='bbox 1266 311 1484 348; x_wconf 89' lang='lat' dir='ltr'>secundum</span> <span class='ocrx_word' id='word_1_32' title='bbox 1508 310 1725 347; x_wconf 86' lang='lat' dir='ltr'>individua.</span> 
     </span>
    </p>

    <p class='ocr_par' dir='ltr' id='par_1_3' title="bbox 152 357 1779 1105">
     <span class='ocr_line' id='line_1_5' title="bbox 201 357 1772 407; baseline -0.002 -10"><span class='ocrx_word' id='word_1_33' title='bbox 201 365 329 407; x_wconf 82' lang='lat' dir='ltr'>Quum</span> <span class='ocrx_word' id='word_1_34' title='bbox 349 361 456 398; x_wconf 85' lang='lat' dir='ltr'>enim</span> <span class='ocrx_word' id='word_1_35' title='bbox 476 360 631 406; x_wconf 87' lang='lat' dir='ltr'>species</span> <span class='ocrx_word' id='word_1_36' title='bbox 650 368 782 396; x_wconf 89' lang='lat' dir='ltr'>rerum</span> <span class='ocrx_word' id='word_1_37' title='bbox 803 359 844 395; x_wconf 91' lang='lat' dir='ltr'>in</span> <span class='ocrx_word' id='word_1_38' title='bbox 865 359 1068 396; x_wconf 87' lang='lat' dir='ltr'>intellectu</span> <span class='ocrx_word' id='word_1_39' title='bbox 1088 359 1304 396; x_wconf 83' lang='lat' dir='ltr'><strong>existentes</strong></span> <span class='ocrx_word' id='word_1_40' title='bbox 1325 361 1505 404; x_wconf 88' lang='lat' dir='ltr'>oporteat</span> <span class='ocrx_word' id='word_1_41' title='bbox 1524 366 1614 394; x_wconf 86' lang='lat' dir='ltr'>esse</span> <span class='ocrx_word' id='word_1_42' title='bbox 1633 357 1772 394; x_wconf 87' lang='lat' dir='ltr'>imma.-</span> 
     </span>
     <span class='ocr_line' id='line_1_6' title="bbox 154 405 1775 453; baseline -0.004 -6"><span class='ocrx_word' id='word_1_43' title='bbox 154 410 325 452; x_wconf 85' lang='lat' dir='ltr'>tcriales,</span> <span class='ocrx_word' id='word_1_44' title='bbox 347 417 428 445; x_wconf 92' lang='lat' dir='ltr'>non</span> <span class='ocrx_word' id='word_1_45' title='bbox 453 410 651 453; x_wconf 86' lang='lat' dir='ltr'>poterunt,</span> <span class='ocrx_word' id='word_1_46' title='bbox 684 406 903 443; x_wconf 89' lang='lat' dir='ltr'>secundum</span> <span class='ocrx_word' id='word_1_47' title='bbox 931 405 1036 452; x_wconf 88' lang='lat' dir='ltr'>quod</span> <span class='ocrx_word' id='word_1_48' title='bbox 1070 409 1164 442; x_wconf 90' lang='lat' dir='ltr'>sunt</span> <span class='ocrx_word' id='word_1_49' title='bbox 1193 405 1235 442; x_wconf 88' lang='lat' dir='ltr'>in</span> <span class='ocrx_word' id='word_1_50' title='bbox 1265 405 1467 442; x_wconf 90' lang='lat' dir='ltr'>intellectu</span> <span class='ocrx_word' id='word_1_51' title='bbox 1501 407 1653 448; x_wconf 89' lang='lat' dir='ltr'>nostro,</span> <span class='ocrx_word' id='word_1_52' title='bbox 1683 412 1775 441; x_wconf 89' lang='lat' dir='ltr'>esse</span> 
     </span>
     <span class='ocr_line' id='line_1_7' title="bbox 152 451 1773 503; baseline -0.003 -11"><span class='ocrx_word' id='word_1_53' title='bbox 152 456 392 503; x_wconf 85' lang='lat' dir='ltr'>principium</span> <span class='ocrx_word' id='word_1_54' title='bbox 413 453 682 500; x_wconf 89' lang='lat' dir='ltr'>cognoscendi</span> <span class='ocrx_word' id='word_1_55' title='bbox 701 453 936 499; x_wconf 80' lang='lat' dir='ltr'>singularia,</span> <span class='ocrx_word' id='word_1_56' title='bbox 957 462 1045 499; x_wconf 86' lang='lat' dir='ltr'>quae</span> <span class='ocrx_word' id='word_1_57' title='bbox 1064 462 1132 498; x_wconf 89' lang='lat' dir='ltr'>per</span> <span class='ocrx_word' id='word_1_58' title='bbox 1151 452 1356 490; x_wconf 83' lang='lat' dir='ltr'>materiam</span> <span class='ocrx_word' id='word_1_59' title='bbox 1390 451 1703 502; x_wconf 85' lang='lat' dir='ltr'>individuantur,</span> <span class='ocrx_word' id='word_1_60' title='bbox 1725 458 1773 487; x_wconf 93' lang='lat' dir='ltr'>eo</span> 
     </span>
     <span class='ocr_line' id='line_1_8' title="bbox 154 497 1776 550; baseline -0.004 -10"><span class='ocrx_word' id='word_1_61' title='bbox 154 503 259 550; x_wconf 82' lang='lat' dir='ltr'>quod</span> <span class='ocrx_word' id='word_1_62' title='bbox 281 502 434 548; x_wconf 91' lang='lat' dir='ltr'>species</span> <span class='ocrx_word' id='word_1_63' title='bbox 455 501 680 538; x_wconf 85' lang='lat' dir='ltr'>intellectus</span> <span class='ocrx_word' id='word_1_64' title='bbox 701 499 828 536; x_wconf 83' lang='lat' dir='ltr'>nostri</span> <span class='ocrx_word' id='word_1_65' title='bbox 857 499 900 536; x_wconf 89' lang='lat' dir='ltr'>in</span> <span class='ocrx_word' id='word_1_66' title='bbox 930 503 1082 536; x_wconf 85' lang='lat' dir='ltr'>tantum</span> <span class='ocrx_word' id='word_1_67' title='bbox 1116 503 1211 536; x_wconf 91' lang='lat' dir='ltr'>sunt</span> <span class='ocrx_word' id='word_1_68' title='bbox 1235 502 1446 536; x_wconf 82' lang='lat' dir='ltr'>contractae</span> <span class='ocrx_word' id='word_1_69' title='bbox 1481 498 1638 534; x_wconf 84' lang='lat' dir='ltr'>virtut1s</span> <span class='ocrx_word' id='word_1_70' title='bbox 1668 497 1776 543; x_wconf 82' lang='lat' dir='ltr'>quod</span> 
     </span>
     <span class='ocr_line' id='line_1_9' title="bbox 154 545 1775 593; baseline -0.003 -6"><span class='ocrx_word' id='word_1_71' title='bbox 154 560 234 588; x_wconf 88' lang='lat' dir='ltr'>una</span> <span class='ocrx_word' id='word_1_72' title='bbox 254 550 361 586; x_wconf 87' lang='lat' dir='ltr'>ducit</span> <span class='ocrx_word' id='word_1_73' title='bbox 381 548 512 586; x_wconf 92' lang='lat' dir='ltr'>solum</span> <span class='ocrx_word' id='word_1_74' title='bbox 541 548 582 583; x_wconf 90' lang='lat' dir='ltr'>in</span> <span class='ocrx_word' id='word_1_75' title='bbox 612 546 883 593; x_wconf 83' lang='lat' dir='ltr'>cognitionem</span> <span class='ocrx_word' id='word_1_76' title='bbox 915 546 1060 590; x_wconf 90' lang='lat' dir='ltr'>unius;</span> <span class='ocrx_word' id='word_1_77' title='bbox 1082 546 1202 590; x_wconf 90' lang='lat' dir='ltr'>unde,</span> <span class='ocrx_word' id='word_1_78' title='bbox 1236 546 1339 583; x_wconf 88' lang='lat' dir='ltr'>sicut</span> <span class='ocrx_word' id='word_1_79' title='bbox 1373 545 1593 582; x_wconf 86' lang='lat' dir='ltr'>similitudo</span> <span class='ocrx_word' id='word_1_80' title='bbox 1624 548 1775 582; x_wconf 86' lang='lat' dir='ltr'>naturae</span> 
     </span>
     <span class='ocr_line' id='line_1_10' title="bbox 154 592 1777 644; baseline -0.004 -11"><span class='ocrx_word' id='word_1_81' title='bbox 154 597 312 644; x_wconf 88' lang='lat' dir='ltr'>generis</span> <span class='ocrx_word' id='word_1_82' title='bbox 333 605 414 632; x_wconf 88' lang='lat' dir='ltr'>non</span> <span class='ocrx_word' id='word_1_83' title='bbox 434 598 564 641; x_wconf 91' lang='lat' dir='ltr'>potest</span> <span class='ocrx_word' id='word_1_84' title='bbox 585 594 727 630; x_wconf 91' lang='lat' dir='ltr'>ducere</span> <span class='ocrx_word' id='word_1_85' title='bbox 747 603 787 629; x_wconf 86' lang='lat' dir='ltr'>in</span> <span class='ocrx_word' id='word_1_86' title='bbox 809 593 1080 640; x_wconf 78' lang='lat' dir='ltr'>cognitionem</span> <span class='ocrx_word' id='word_1_87' title='bbox 1110 593 1269 638; x_wconf 83' lang='lat' dir='ltr'>generis</span> <span class='ocrx_word' id='word_1_88' title='bbox 1289 596 1327 630; x_wconf 92' lang='lat' dir='ltr'>et</span> <span class='ocrx_word' id='word_1_89' title='bbox 1359 592 1607 635; x_wconf 66' lang='lat' dir='ltr'>differentitc,</span> <span class='ocrx_word' id='word_1_90' title='bbox 1631 595 1673 628; x_wconf 91' lang='lat' dir='ltr'>ut</span> <span class='ocrx_word' id='word_1_91' title='bbox 1708 599 1777 637; x_wconf 88' lang='lat' dir='ltr'>per</span> 
     </span>
     <span class='ocr_line' id='line_1_11' title="bbox 155 638 1775 689; baseline -0.003 -9"><span class='ocrx_word' id='word_1_92' title='bbox 155 653 239 681; x_wconf 89' lang='lat' dir='ltr'>eam</span> <span class='ocrx_word' id='word_1_93' title='bbox 261 643 415 689; x_wconf 89' lang='lat' dir='ltr'>species</span> <span class='ocrx_word' id='word_1_94' title='bbox 436 645 714 688; x_wconf 81' lang='lat' dir='ltr'>cognoscatur,</span> <span class='ocrx_word' id='word_1_95' title='bbox 734 640 788 677; x_wconf 88' lang='lat' dir='ltr'>ita</span> <span class='ocrx_word' id='word_1_96' title='bbox 810 639 1029 677; x_wconf 85' lang='lat' dir='ltr'>similitudo</span> <span class='ocrx_word' id='word_1_97' title='bbox 1050 643 1201 677; x_wconf 77' lang='lat' dir='ltr'>naturae</span> <span class='ocrx_word' id='word_1_98' title='bbox 1233 639 1379 685; x_wconf 90' lang='lat' dir='ltr'>speciei</span> <span class='ocrx_word' id='word_1_99' title='bbox 1401 648 1479 676; x_wconf 91' lang='lat' dir='ltr'>non</span> <span class='ocrx_word' id='word_1_100' title='bbox 1501 642 1631 685; x_wconf 83' lang='lat' dir='ltr'>potest</span> <span class='ocrx_word' id='word_1_101' title='bbox 1652 638 1775 675; x_wconf 89' lang='lat' dir='ltr'>dedu-</span> 
     </span>
     <span class='ocr_line' id='line_1_12' title="bbox 156 686 1777 736; baseline -0.003 -9"><span class='ocrx_word' id='word_1_102' title='bbox 156 700 241 728; x_wconf 89' lang='lat' dir='ltr'>cere</span> <span class='ocrx_word' id='word_1_103' title='bbox 263 691 304 726; x_wconf 91' lang='lat' dir='ltr'>in</span> <span class='ocrx_word' id='word_1_104' title='bbox 325 689 596 736; x_wconf 89' lang='lat' dir='ltr'>cognitionem</span> <span class='ocrx_word' id='word_1_105' title='bbox 627 687 914 734; x_wconf 85' lang='lat' dir='ltr'>principiorum</span> <span class='ocrx_word' id='word_1_106' title='bbox 950 686 1096 732; x_wconf 89' lang='lat' dir='ltr'>speciei</span> <span class='ocrx_word' id='word_1_107' title='bbox 1128 690 1166 723; x_wconf 91' lang='lat' dir='ltr'>et</span> <span class='ocrx_word' id='word_1_108' title='bbox 1192 686 1525 730; x_wconf 75' lang='lat' dir='ltr'>individuantium</span> <span class='ocrx_word' id='word_1_109' title='bbox 1559 695 1646 733; x_wconf 82' lang='lat' dir='ltr'>quae</span> <span class='ocrx_word' id='word_1_110' title='bbox 1682 687 1777 722; x_wconf 90' lang='lat' dir='ltr'>sunt</span> 
     </span>
     <span class='ocr_line' id='line_1_13' title="bbox 154 733 1776 784; baseline -0.002 -11"><span class='ocrx_word' id='word_1_111' title='bbox 154 737 349 784; x_wconf 88' lang='lat' dir='ltr'>principia</span> <span class='ocrx_word' id='word_1_112' title='bbox 372 735 604 780; x_wconf 84' lang='lat' dir='ltr'>materialia,</span> <span class='ocrx_word' id='word_1_113' title='bbox 625 739 668 771; x_wconf 88' lang='lat' dir='ltr'>ut</span> <span class='ocrx_word' id='word_1_114' title='bbox 682 744 751 780; x_wconf 88' lang='lat' dir='ltr'>per</span> <span class='ocrx_word' id='word_1_115' title='bbox 771 744 857 771; x_wconf 89' lang='lat' dir='ltr'>eam</span> <span class='ocrx_word' id='word_1_116' title='bbox 878 733 1126 771; x_wconf 87' lang='lat' dir='ltr'>individuum</span> <span class='ocrx_word' id='word_1_117' title='bbox 1149 733 1191 770; x_wconf 91' lang='lat' dir='ltr'>in</span> <span class='ocrx_word' id='word_1_118' title='bbox 1211 742 1284 771; x_wconf 87' lang='lat' dir='ltr'>sua</span> <span class='ocrx_word' id='word_1_119' title='bbox 1305 733 1580 780; x_wconf 80' lang='lat' dir='ltr'>singularitate</span> <span class='ocrx_word' id='word_1_120' title='bbox 1604 740 1776 777; x_wconf 83' lang='lat' dir='ltr'>cognos-</span> 
     </span>
     <span class='ocr_line' id='line_1_14' title="bbox 155 778 1777 826; baseline -0.004 -5"><span class='ocrx_word' id='word_1_121' title='bbox 155 788 278 822; x_wconf 83' lang='lat' dir='ltr'>catur.</span> <span class='ocrx_word' id='word_1_122' title='bbox 300 783 523 821; x_wconf 84' lang='lat' dir='ltr'>Similitudo</span> <span class='ocrx_word' id='word_1_123' title='bbox 552 791 646 818; x_wconf 86' lang='lat' dir='ltr'>vero</span> <span class='ocrx_word' id='word_1_124' title='bbox 676 781 902 818; x_wconf 90' lang='lat' dir='ltr'>intellectus</span> <span class='ocrx_word' id='word_1_125' title='bbox 925 780 1158 817; x_wconf 87' lang='lat' dir='ltr'>substantiae</span> <span class='ocrx_word' id='word_1_126' title='bbox 1181 783 1386 826; x_wconf 81' lang='lat' dir='ltr'>separatae,</span> <span class='ocrx_word' id='word_1_127' title='bbox 1405 789 1528 826; x_wconf 83' lang='lat' dir='ltr'>quum</span> <span class='ocrx_word' id='word_1_128' title='bbox 1548 779 1601 817; x_wconf 90' lang='lat' dir='ltr'>sit</span> <span class='ocrx_word' id='word_1_129' title='bbox 1619 778 1777 815; x_wconf 83' lang='lat' dir='ltr'>uuiver—</span> 
     </span>
     <span class='ocr_line' id='line_1_15' title="bbox 156 825 1778 875; baseline -0.004 -7"><span class='ocrx_word' id='word_1_130' title='bbox 156 832 252 868; x_wconf 87' lang='lat' dir='ltr'>salis</span> <span class='ocrx_word' id='word_1_131' title='bbox 272 831 442 875; x_wconf 89' lang='lat' dir='ltr'>virtutis,</span> <span class='ocrx_word' id='word_1_132' title='bbox 464 838 544 867; x_wconf 85' lang='lat' dir='ltr'>una</span> <span class='ocrx_word' id='word_1_133' title='bbox 563 833 601 866; x_wconf 91' lang='lat' dir='ltr'>et</span> <span class='ocrx_word' id='word_1_134' title='bbox 618 828 892 865; x_wconf 88' lang='lat' dir='ltr'>immaterialis</span> <span class='ocrx_word' id='word_1_135' title='bbox 913 828 1102 871; x_wconf 74' lang='lat' dir='ltr'>existens,</span> <span class='ocrx_word' id='word_1_136' title='bbox 1125 831 1255 873; x_wconf 91' lang='lat' dir='ltr'>potest</span> <span class='ocrx_word' id='word_1_137' title='bbox 1282 827 1424 864; x_wconf 89' lang='lat' dir='ltr'>ducere</span> <span class='ocrx_word' id='word_1_138' title='bbox 1443 826 1484 863; x_wconf 89' lang='lat' dir='ltr'>in</span> <span class='ocrx_word' id='word_1_139' title='bbox 1505 825 1778 873; x_wconf 83' lang='lat' dir='ltr'>cognitionem</span> 
     </span>
     <span class='ocr_line' id='line_1_16' title="bbox 155 872 1776 924; baseline -0.004 -9"><span class='ocrx_word' id='word_1_140' title='bbox 155 878 441 924; x_wconf 84' lang='lat' dir='ltr'>principiorum</span> <span class='ocrx_word' id='word_1_141' title='bbox 460 876 607 923; x_wconf 91' lang='lat' dir='ltr'>speciei</span> <span class='ocrx_word' id='word_1_142' title='bbox 640 879 678 912; x_wconf 88' lang='lat' dir='ltr'>et</span> <span class='ocrx_word' id='word_1_143' title='bbox 709 875 1056 919; x_wconf 86' lang='lat' dir='ltr'>individuautium,</span> <span class='ocrx_word' id='word_1_144' title='bbox 1091 884 1178 921; x_wconf 85' lang='lat' dir='ltr'>quae</span> <span class='ocrx_word' id='word_1_145' title='bbox 1207 877 1301 912; x_wconf 90' lang='lat' dir='ltr'>sunt</span> <span class='ocrx_word' id='word_1_146' title='bbox 1325 873 1519 919; x_wconf 87' lang='lat' dir='ltr'>principia</span> <span class='ocrx_word' id='word_1_147' title='bbox 1540 872 1776 916; x_wconf 84' lang='lat' dir='ltr'>materialia,</span> 
     </span>
     <span class='ocr_line' id='line_1_17' title="bbox 156 919 1779 971; baseline -0.004 -9"><span class='ocrx_word' id='word_1_148' title='bbox 156 926 209 962; x_wconf 91' lang='lat' dir='ltr'>ita</span> <span class='ocrx_word' id='word_1_149' title='bbox 227 925 331 971; x_wconf 88' lang='lat' dir='ltr'>quod</span> <span class='ocrx_word' id='word_1_150' title='bbox 352 934 422 971; x_wconf 90' lang='lat' dir='ltr'>per</span> <span class='ocrx_word' id='word_1_151' title='bbox 441 933 528 961; x_wconf 91' lang='lat' dir='ltr'>eam</span> <span class='ocrx_word' id='word_1_152' title='bbox 561 923 784 960; x_wconf 87' lang='lat' dir='ltr'>substantia</span> <span class='ocrx_word' id='word_1_153' title='bbox 816 926 998 968; x_wconf 88' lang='lat' dir='ltr'>separata</span> <span class='ocrx_word' id='word_1_154' title='bbox 1028 931 1107 958; x_wconf 94' lang='lat' dir='ltr'>non</span> <span class='ocrx_word' id='word_1_155' title='bbox 1143 921 1275 959; x_wconf 90' lang='lat' dir='ltr'>solum</span> <span class='ocrx_word' id='word_1_156' title='bbox 1306 920 1511 958; x_wconf 86' lang='lat' dir='ltr'>materiam</span> <span class='ocrx_word' id='word_1_157' title='bbox 1545 919 1704 967; x_wconf 85' lang='lat' dir='ltr'>generis</span> <span class='ocrx_word' id='word_1_158' title='bbox 1739 922 1779 956; x_wconf 91' lang='lat' dir='ltr'>et</span> 
     </span>
     <span class='ocr_line' id='line_1_18' title="bbox 157 967 1778 1018; baseline -0.003 -9"><span class='ocrx_word' id='word_1_159' title='bbox 157 972 317 1018; x_wconf 87' lang='lat' dir='ltr'>speciei,</span> <span class='ocrx_word' id='word_1_160' title='bbox 340 971 409 1008; x_wconf 90' lang='lat' dir='ltr'>sed</span> <span class='ocrx_word' id='word_1_161' title='bbox 431 971 548 1007; x_wconf 89' lang='lat' dir='ltr'>etiam</span> <span class='ocrx_word' id='word_1_162' title='bbox 569 970 761 1007; x_wconf 87' lang='lat' dir='ltr'>individui</span> <span class='ocrx_word' id='word_1_163' title='bbox 781 978 1024 1015; x_wconf 84' lang='lat' dir='ltr'>cognoscere</span> <span class='ocrx_word' id='word_1_164' title='bbox 1045 969 1174 1014; x_wconf 89' lang='lat' dir='ltr'>possit</span> <span class='ocrx_word' id='word_1_165' title='bbox 1190 978 1259 1014; x_wconf 89' lang='lat' dir='ltr'>per</span> <span class='ocrx_word' id='word_1_166' title='bbox 1279 977 1396 1005; x_wconf 88' lang='lat' dir='ltr'>suum</span> <span class='ocrx_word' id='word_1_167' title='bbox 1417 967 1676 1005; x_wconf 85' lang='lat' dir='ltr'>intellectum.</span> <span class='ocrx_word' id='word_1_168' title='bbox 1699 967 1778 1004; x_wconf 84' lang='lat' dir='ltr'>Nec</span> 
     </span>
     <span class='ocr_line' id='line_1_19' title="bbox 157 1011 1779 1066; baseline -0.004 -10"><span class='ocrx_word' id='word_1_169' title='bbox 157 1019 337 1066; x_wconf 88' lang='lat' dir='ltr'>sequitur</span> <span class='ocrx_word' id='word_1_170' title='bbox 358 1018 462 1065; x_wconf 90' lang='lat' dir='ltr'>quod</span> <span class='ocrx_word' id='word_1_171' title='bbox 485 1018 613 1055; x_wconf 83' lang='lat' dir='ltr'>forma</span> <span class='ocrx_word' id='word_1_172' title='bbox 625 1026 696 1063; x_wconf 89' lang='lat' dir='ltr'>per</span> <span class='ocrx_word' id='word_1_173' title='bbox 713 1026 832 1063; x_wconf 83' lang='lat' dir='ltr'>quam</span> <span class='ocrx_word' id='word_1_174' title='bbox 853 1016 1063 1062; x_wconf 87' lang='lat' dir='ltr'>cognoscit</span> <span class='ocrx_word' id='word_1_175' title='bbox 1082 1016 1135 1053; x_wconf 90' lang='lat' dir='ltr'>sit</span> <span class='ocrx_word' id='word_1_176' title='bbox 1153 1015 1386 1061; x_wconf 87' lang='lat' dir='ltr'>materialis,</span> <span class='ocrx_word' id='word_1_177' title='bbox 1401 1015 1463 1052; x_wconf 92' lang='lat' dir='ltr'>vel</span> <span class='ocrx_word' id='word_1_178' title='bbox 1480 1014 1587 1062; x_wconf 88' lang='lat' dir='ltr'>quod</span> <span class='ocrx_word' id='word_1_179' title='bbox 1605 1011 1779 1051; x_wconf 87' lang='lat' dir='ltr'>sintinfi-</span> 
     </span>
     <span class='ocr_line' id='line_1_20' title="bbox 153 1063 1005 1105; baseline -0.005 -2"><span class='ocrx_word' id='word_1_180' title='bbox 153 1070 205 1105; x_wconf 82' lang='lat' dir='ltr'>tae</span> <span class='ocrx_word' id='word_1_181' title='bbox 226 1066 446 1102; x_wconf 87' lang='lat' dir='ltr'>secundum</span> <span class='ocrx_word' id='word_1_182' title='bbox 467 1073 677 1102; x_wconf 89' lang='lat' dir='ltr'>numerum</span> <span class='ocrx_word' id='word_1_183' title='bbox 696 1063 1005 1100; x_wconf 85' lang='lat' dir='ltr'>individuorum.</span> 
     </span>
    </p>

    <p class='ocr_par' dir='ltr' id='par_1_4' title="bbox 156 1108 1781 1618">
     <span class='ocr_line' id='line_1_21' title="bbox 202 1108 1777 1159; baseline -0.001 -11"><span class='ocrx_word' id='word_1_184' title='bbox 202 1113 347 1157; x_wconf 81' lang='lat' dir='ltr'>Adhuc,</span> <span class='ocrx_word' id='word_1_185' title='bbox 369 1112 475 1159; x_wconf 85' lang='lat' dir='ltr'>quod</span> <span class='ocrx_word' id='word_1_186' title='bbox 496 1114 626 1157; x_wconf 87' lang='lat' dir='ltr'>potest</span> <span class='ocrx_word' id='word_1_187' title='bbox 644 1110 809 1147; x_wconf 88' lang='lat' dir='ltr'>inferior</span> <span class='ocrx_word' id='word_1_188' title='bbox 827 1111 953 1147; x_wconf 85' lang='lat' dir='ltr'>virtus</span> <span class='ocrx_word' id='word_1_189' title='bbox 986 1113 1114 1155; x_wconf 88' lang='lat' dir='ltr'>potest</span> <span class='ocrx_word' id='word_1_190' title='bbox 1132 1113 1169 1146; x_wconf 91' lang='lat' dir='ltr'>et</span> <span class='ocrx_word' id='word_1_191' title='bbox 1189 1110 1385 1155; x_wconf 85' lang='lat' dir='ltr'>superior,</span> <span class='ocrx_word' id='word_1_192' title='bbox 1407 1109 1478 1146; x_wconf 93' lang='lat' dir='ltr'>sed</span> <span class='ocrx_word' id='word_1_193' title='bbox 1506 1108 1777 1152; x_wconf 84' lang='lat' dir='ltr'>eminentius;</span> 
     </span>
     <span class='ocr_line' id='line_1_22' title="bbox 159 1156 1775 1204; baseline -0.003 -8"><span class='ocrx_word' id='word_1_194' title='bbox 159 1160 262 1196; x_wconf 91' lang='lat' dir='ltr'>unde</span> <span class='ocrx_word' id='word_1_195' title='bbox 281 1160 405 1196; x_wconf 88' lang='lat' dir='ltr'>virtus</span> <span class='ocrx_word' id='word_1_196' title='bbox 425 1159 592 1195; x_wconf 77' lang='lat' dir='ltr'>inferior</span> <span class='ocrx_word' id='word_1_197' title='bbox 620 1160 805 1203; x_wconf 87' lang='lat' dir='ltr'>operatur</span> <span class='ocrx_word' id='word_1_198' title='bbox 834 1167 902 1204; x_wconf 87' lang='lat' dir='ltr'>per</span> <span class='ocrx_word' id='word_1_199' title='bbox 934 1158 1069 1200; x_wconf 87' lang='lat' dir='ltr'>multa,</span> <span class='ocrx_word' id='word_1_200' title='bbox 1093 1156 1159 1193; x_wconf 91' lang='lat' dir='ltr'>ubi</span> <span class='ocrx_word' id='word_1_201' title='bbox 1189 1156 1314 1193; x_wconf 87' lang='lat' dir='ltr'>virtus</span> <span class='ocrx_word' id='word_1_202' title='bbox 1345 1156 1528 1202; x_wconf 89' lang='lat' dir='ltr'>superior</span> <span class='ocrx_word' id='word_1_203' title='bbox 1559 1164 1628 1201; x_wconf 89' lang='lat' dir='ltr'>per</span> <span class='ocrx_word' id='word_1_204' title='bbox 1650 1163 1775 1192; x_wconf 90' lang='lat' dir='ltr'>unum</span> 
     </span>
     <span class='ocr_line' id='line_1_23' title="bbox 157 1201 1779 1252; baseline -0.002 -10"><span class='ocrx_word' id='word_1_205' title='bbox 157 1210 310 1243; x_wconf 87' lang='lat' dir='ltr'>tantum</span> <span class='ocrx_word' id='word_1_206' title='bbox 332 1209 542 1252; x_wconf 79' lang='lat' dir='ltr'>operatur3</span> <span class='ocrx_word' id='word_1_207' title='bbox 563 1204 689 1242; x_wconf 88' lang='lat' dir='ltr'>virtus</span> <span class='ocrx_word' id='word_1_208' title='bbox 709 1204 814 1241; x_wconf 88' lang='lat' dir='ltr'>enim</span> <span class='ocrx_word' id='word_1_209' title='bbox 834 1208 981 1250; x_wconf 86' lang='lat' dir='ltr'>quanto</span> <span class='ocrx_word' id='word_1_210' title='bbox 1002 1207 1062 1240; x_wconf 90' lang='lat' dir='ltr'>est</span> <span class='ocrx_word' id='word_1_211' title='bbox 1079 1203 1274 1248; x_wconf 85' lang='lat' dir='ltr'>superior,</span> <span class='ocrx_word' id='word_1_212' title='bbox 1295 1207 1406 1240; x_wconf 89' lang='lat' dir='ltr'>tanto</span> <span class='ocrx_word' id='word_1_213' title='bbox 1427 1202 1555 1248; x_wconf 84' lang='lat' dir='ltr'>magis</span> <span class='ocrx_word' id='word_1_214' title='bbox 1576 1201 1779 1248; x_wconf 87' lang='lat' dir='ltr'>colligitur</span> 
     </span>
     <span class='ocr_line' id='line_1_24' title="bbox 159 1248 1779 1297; baseline -0.004 -7"><span class='ocrx_word' id='word_1_215' title='bbox 159 1257 197 1290; x_wconf 90' lang='lat' dir='ltr'>et</span> <span class='ocrx_word' id='word_1_216' title='bbox 214 1253 372 1297; x_wconf 88' lang='lat' dir='ltr'>unitur;</span> <span class='ocrx_word' id='word_1_217' title='bbox 396 1263 415 1289; x_wconf 86' lang='lat' dir='ltr'>e</span> <span class='ocrx_word' id='word_1_218' title='bbox 439 1251 638 1289; x_wconf 89' lang='lat' dir='ltr'>contrario</span> <span class='ocrx_word' id='word_1_219' title='bbox 655 1260 749 1288; x_wconf 87' lang='lat' dir='ltr'>vero</span> <span class='ocrx_word' id='word_1_220' title='bbox 770 1251 893 1288; x_wconf 88' lang='lat' dir='ltr'>virtus</span> <span class='ocrx_word' id='word_1_221' title='bbox 915 1251 1080 1287; x_wconf 86' lang='lat' dir='ltr'>inferior</span> <span class='ocrx_word' id='word_1_222' title='bbox 1098 1250 1284 1287; x_wconf 88' lang='lat' dir='ltr'>dividitur</span> <span class='ocrx_word' id='word_1_223' title='bbox 1301 1254 1339 1286; x_wconf 90' lang='lat' dir='ltr'>et</span> <span class='ocrx_word' id='word_1_224' title='bbox 1358 1249 1657 1295; x_wconf 80' lang='lat' dir='ltr'>multiplicatur,</span> <span class='ocrx_word' id='word_1_225' title='bbox 1673 1248 1779 1285; x_wconf 86' lang='lat' dir='ltr'>unde</span> 
     </span>
     <span class='ocr_line' id='line_1_25' title="bbox 156 1295 1777 1346; baseline -0.001 -11"><span class='ocrx_word' id='word_1_226' title='bbox 156 1300 339 1337; x_wconf 89' lang='lat' dir='ltr'>videmus</span> <span class='ocrx_word' id='word_1_227' title='bbox 358 1300 463 1346; x_wconf 81' lang='lat' dir='ltr'>quod</span> <span class='ocrx_word' id='word_1_228' title='bbox 484 1299 640 1336; x_wconf 88' lang='lat' dir='ltr'>diversa</span> <span class='ocrx_word' id='word_1_229' title='bbox 659 1307 806 1345; x_wconf 87' lang='lat' dir='ltr'>genera</span> <span class='ocrx_word' id='word_1_230' title='bbox 825 1297 1092 1342; x_wconf 81' lang='lat' dir='ltr'>sensibilium,</span> <span class='ocrx_word' id='word_1_231' title='bbox 1114 1306 1202 1344; x_wconf 80' lang='lat' dir='ltr'>quae</span> <span class='ocrx_word' id='word_1_232' title='bbox 1228 1297 1404 1344; x_wconf 86' lang='lat' dir='ltr'>quinque</span> <span class='ocrx_word' id='word_1_233' title='bbox 1432 1305 1578 1333; x_wconf 87' lang='lat' dir='ltr'>sensus</span> <span class='ocrx_word' id='word_1_234' title='bbox 1609 1295 1777 1333; x_wconf 74' lang='lat' dir='ltr'>exterio-</span> 
     </span>
     <span class='ocr_line' id='line_1_26' title="bbox 158 1342 1778 1392; baseline -0.002 -9"><span class='ocrx_word' id='word_1_235' title='bbox 158 1356 222 1383; x_wconf 85' lang='lat' dir='ltr'>res</span> <span class='ocrx_word' id='word_1_236' title='bbox 239 1347 475 1392; x_wconf 87' lang='lat' dir='ltr'>percipiunt,</span> <span class='ocrx_word' id='word_1_237' title='bbox 494 1355 575 1382; x_wconf 87' lang='lat' dir='ltr'>una</span> <span class='ocrx_word' id='word_1_238' title='bbox 592 1345 653 1382; x_wconf 88' lang='lat' dir='ltr'>vis</span> <span class='ocrx_word' id='word_1_239' title='bbox 675 1354 819 1382; x_wconf 91' lang='lat' dir='ltr'>sensus</span> <span class='ocrx_word' id='word_1_240' title='bbox 840 1345 1065 1382; x_wconf 89' lang='lat' dir='ltr'>communis</span> <span class='ocrx_word' id='word_1_241' title='bbox 1086 1343 1358 1389; x_wconf 86' lang='lat' dir='ltr'>apprehendit.</span> <span class='ocrx_word' id='word_1_242' title='bbox 1379 1343 1521 1380; x_wconf 85' lang='lat' dir='ltr'>Anima</span> <span class='ocrx_word' id='word_1_243' title='bbox 1541 1346 1673 1380; x_wconf 89' lang='lat' dir='ltr'>autem</span> <span class='ocrx_word' id='word_1_244' title='bbox 1705 1342 1778 1379; x_wconf 88' lang='lat' dir='ltr'>hu-</span> 
     </span>
     <span class='ocr_line' id='line_1_27' title="bbox 159 1390 1779 1437; baseline -0.002 -7"><span class='ocrx_word' id='word_1_245' title='bbox 159 1403 278 1430; x_wconf 87' lang='lat' dir='ltr'>mana</span> <span class='ocrx_word' id='word_1_246' title='bbox 292 1397 352 1430; x_wconf 88' lang='lat' dir='ltr'>est</span> <span class='ocrx_word' id='word_1_247' title='bbox 371 1393 536 1430; x_wconf 79' lang='lat' dir='ltr'>interior</span> <span class='ocrx_word' id='word_1_248' title='bbox 551 1392 689 1430; x_wconf 88' lang='lat' dir='ltr'>ordine</span> <span class='ocrx_word' id='word_1_249' title='bbox 718 1395 866 1429; x_wconf 80' lang='lat' dir='ltr'>naturae</span> <span class='ocrx_word' id='word_1_250' title='bbox 897 1401 1013 1437; x_wconf 84' lang='lat' dir='ltr'>quam</span> <span class='ocrx_word' id='word_1_251' title='bbox 1048 1391 1272 1428; x_wconf 86' lang='lat' dir='ltr'>substantia</span> <span class='ocrx_word' id='word_1_252' title='bbox 1310 1393 1514 1436; x_wconf 88' lang='lat' dir='ltr'>separata;</span> <span class='ocrx_word' id='word_1_253' title='bbox 1536 1390 1624 1435; x_wconf 88' lang='lat' dir='ltr'>ipsa</span> <span class='ocrx_word' id='word_1_254' title='bbox 1647 1392 1779 1426; x_wconf 86' lang='lat' dir='ltr'>autem</span> 
     </span>
     <span class='ocr_line' id='line_1_28' title="bbox 160 1435 1781 1486; baseline -0.002 -9"><span class='ocrx_word' id='word_1_255' title='bbox 160 1440 430 1486; x_wconf 88' lang='lat' dir='ltr'>cognoscitiva</span> <span class='ocrx_word' id='word_1_256' title='bbox 448 1443 509 1476; x_wconf 85' lang='lat' dir='ltr'>est</span> <span class='ocrx_word' id='word_1_257' title='bbox 531 1439 815 1476; x_wconf 88' lang='lat' dir='ltr'>universalium</span> <span class='ocrx_word' id='word_1_258' title='bbox 837 1442 873 1475; x_wconf 89' lang='lat' dir='ltr'>et</span> <span class='ocrx_word' id='word_1_259' title='bbox 895 1438 1160 1484; x_wconf 85' lang='lat' dir='ltr'>singularium</span> <span class='ocrx_word' id='word_1_260' title='bbox 1186 1446 1256 1483; x_wconf 88' lang='lat' dir='ltr'>per</span> <span class='ocrx_word' id='word_1_261' title='bbox 1284 1437 1363 1474; x_wconf 91' lang='lat' dir='ltr'>duo</span> <span class='ocrx_word' id='word_1_262' title='bbox 1396 1436 1604 1483; x_wconf 90' lang='lat' dir='ltr'>principia,</span> <span class='ocrx_word' id='word_1_263' title='bbox 1627 1435 1781 1473; x_wconf 91' lang='lat' dir='ltr'>scilicet</span> 
     </span>
     <span class='ocr_line' id='line_1_29' title="bbox 159 1482 1780 1534; baseline -0.002 -11"><span class='ocrx_word' id='word_1_264' title='bbox 159 1497 229 1534; x_wconf 90' lang='lat' dir='ltr'>per</span> <span class='ocrx_word' id='word_1_265' title='bbox 249 1496 412 1523; x_wconf 90' lang='lat' dir='ltr'>sensum</span> <span class='ocrx_word' id='word_1_266' title='bbox 449 1491 486 1523; x_wconf 89' lang='lat' dir='ltr'>et</span> <span class='ocrx_word' id='word_1_267' title='bbox 523 1486 780 1523; x_wconf 87' lang='lat' dir='ltr'>intellectum.</span> <span class='ocrx_word' id='word_1_268' title='bbox 815 1485 1045 1522; x_wconf 84' lang='lat' dir='ltr'>Substantia</span> <span class='ocrx_word' id='word_1_269' title='bbox 1077 1484 1199 1531; x_wconf 87' lang='lat' dir='ltr'>igitur</span> <span class='ocrx_word' id='word_1_270' title='bbox 1236 1487 1430 1529; x_wconf 88' lang='lat' dir='ltr'>separata,</span> <span class='ocrx_word' id='word_1_271' title='bbox 1453 1490 1540 1530; x_wconf 65' lang='lat' dir='ltr'>quaa</span> <span class='ocrx_word' id='word_1_272' title='bbox 1568 1486 1630 1520; x_wconf 91' lang='lat' dir='ltr'>est</span> <span class='ocrx_word' id='word_1_273' title='bbox 1649 1482 1780 1528; x_wconf 88' lang='lat' dir='ltr'>altior,</span> 
     </span>
     <span class='ocr_line' id='line_1_30' title="bbox 159 1529 1780 1581; baseline -0.003 -9"><span class='ocrx_word' id='word_1_274' title='bbox 159 1534 367 1581; x_wconf 87' lang='lat' dir='ltr'>cognoscit</span> <span class='ocrx_word' id='word_1_275' title='bbox 387 1537 597 1580; x_wconf 88' lang='lat' dir='ltr'>utrumque</span> <span class='ocrx_word' id='word_1_276' title='bbox 615 1532 746 1569; x_wconf 88' lang='lat' dir='ltr'>altiori</span> <span class='ocrx_word' id='word_1_277' title='bbox 764 1532 884 1569; x_wconf 90' lang='lat' dir='ltr'>modo</span> <span class='ocrx_word' id='word_1_278' title='bbox 904 1541 973 1578; x_wconf 89' lang='lat' dir='ltr'>per</span> <span class='ocrx_word' id='word_1_279' title='bbox 995 1540 1117 1568; x_wconf 92' lang='lat' dir='ltr'>unum</span> <span class='ocrx_word' id='word_1_280' title='bbox 1145 1531 1399 1578; x_wconf 88' lang='lat' dir='ltr'>principium,</span> <span class='ocrx_word' id='word_1_281' title='bbox 1421 1530 1576 1567; x_wconf 89' lang='lat' dir='ltr'>scilicet</span> <span class='ocrx_word' id='word_1_282' title='bbox 1602 1529 1780 1567; x_wconf 83' lang='lat' dir='ltr'>intellec-</span> 
     </span>
     <span class='ocr_line' id='line_1_31' title="bbox 162 1585 259 1618; baseline 0 -1"><span class='ocrx_word' id='word_1_283' title='bbox 162 1585 259 1618; x_wconf 84' lang='lat' dir='ltr'>tum.</span> 
     </span>
    </p>

    <p class='ocr_par' dir='ltr' id='par_1_5' title="bbox 160 1623 1785 2242">
     <span class='ocr_line' id='line_1_32' title="bbox 204 1623 1780 1674; baseline -0.003 -10"><span class='ocrx_word' id='word_1_284' title='bbox 204 1630 305 1668; x_wconf 81' lang='lat' dir='ltr'>Item,</span> <span class='ocrx_word' id='word_1_285' title='bbox 327 1627 481 1674; x_wconf 88' lang='lat' dir='ltr'>species</span> <span class='ocrx_word' id='word_1_286' title='bbox 501 1636 632 1664; x_wconf 88' lang='lat' dir='ltr'>rerum</span> <span class='ocrx_word' id='word_1_287' title='bbox 653 1626 924 1673; x_wconf 87' lang='lat' dir='ltr'>intelligibiles</span> <span class='ocrx_word' id='word_1_288' title='bbox 946 1625 1144 1663; x_wconf 90' lang='lat' dir='ltr'>contrario</span> <span class='ocrx_word' id='word_1_289' title='bbox 1163 1625 1303 1663; x_wconf 83' lang='lat' dir='ltr'>ordine</span> <span class='ocrx_word' id='word_1_290' title='bbox 1328 1624 1564 1671; x_wconf 88' lang='lat' dir='ltr'>perveniunt</span> <span class='ocrx_word' id='word_1_291' title='bbox 1596 1624 1645 1661; x_wconf 90' lang='lat' dir='ltr'>ad</span> <span class='ocrx_word' id='word_1_292' title='bbox 1665 1623 1780 1661; x_wconf 89' lang='lat' dir='ltr'>intel·</span> 
     </span>
     <span class='ocr_line' id='line_1_33' title="bbox 160 1671 1781 1719; baseline -0.001 -8"><span class='ocrx_word' id='word_1_293' title='bbox 160 1677 303 1712; x_wconf 85' lang='lat' dir='ltr'>lectum</span> <span class='ocrx_word' id='word_1_294' title='bbox 325 1678 503 1711; x_wconf 89' lang='lat' dir='ltr'>nostrum</span> <span class='ocrx_word' id='word_1_295' title='bbox 526 1677 562 1710; x_wconf 89' lang='lat' dir='ltr'>et</span> <span class='ocrx_word' id='word_1_296' title='bbox 583 1673 825 1710; x_wconf 89' lang='lat' dir='ltr'>intellectum</span> <span class='ocrx_word' id='word_1_297' title='bbox 848 1673 1080 1710; x_wconf 86' lang='lat' dir='ltr'>substantiae</span> <span class='ocrx_word' id='word_1_298' title='bbox 1099 1676 1314 1719; x_wconf 83' lang='lat' dir='ltr'>separatae3</span> <span class='ocrx_word' id='word_1_299' title='bbox 1337 1673 1384 1709; x_wconf 89' lang='lat' dir='ltr'>ad</span> <span class='ocrx_word' id='word_1_300' title='bbox 1405 1672 1648 1709; x_wconf 86' lang='lat' dir='ltr'>intellectum</span> <span class='ocrx_word' id='word_1_301' title='bbox 1673 1671 1781 1709; x_wconf 84' lang='lat' dir='ltr'>enim</span> 
     </span>
     <span class='ocr_line' id='line_1_34' title="bbox 160 1718 1782 1768; baseline -0.001 -9"><span class='ocrx_word' id='word_1_302' title='bbox 160 1726 341 1759; x_wconf 88' lang='lat' dir='ltr'>nostrum</span> <span class='ocrx_word' id='word_1_303' title='bbox 361 1721 595 1768; x_wconf 88' lang='lat' dir='ltr'>perveniunt</span> <span class='ocrx_word' id='word_1_304' title='bbox 625 1730 695 1767; x_wconf 93' lang='lat' dir='ltr'>per</span> <span class='ocrx_word' id='word_1_305' title='bbox 712 1720 816 1757; x_wconf 89' lang='lat' dir='ltr'>viam</span> <span class='ocrx_word' id='word_1_306' title='bbox 847 1720 1120 1763; x_wconf 87' lang='lat' dir='ltr'>resolutionis,</span> <span class='ocrx_word' id='word_1_307' title='bbox 1142 1719 1297 1757; x_wconf 87' lang='lat' dir='ltr'>scilicet</span> <span class='ocrx_word' id='word_1_308' title='bbox 1325 1729 1394 1766; x_wconf 89' lang='lat' dir='ltr'>per</span> <span class='ocrx_word' id='word_1_309' title='bbox 1424 1718 1736 1756; x_wconf 85' lang='lat' dir='ltr'>abstractionem</span> <span class='ocrx_word' id='word_1_310' title='bbox 1758 1727 1782 1757; x_wconf 80' lang='lat' dir='ltr'>a</span> 
     </span>
     <span class='ocr_line' id='line_1_35' title="bbox 161 1764 1781 1812; baseline -0.003 -6"><span class='ocrx_word' id='word_1_311' title='bbox 161 1769 457 1806; x_wconf 87' lang='lat' dir='ltr'>conditionibus</span> <span class='ocrx_word' id='word_1_312' title='bbox 477 1767 749 1805; x_wconf 84' lang='lat' dir='ltr'>materialibus</span> <span class='ocrx_word' id='word_1_313' title='bbox 767 1772 804 1804; x_wconf 88' lang='lat' dir='ltr'>et</span> <span class='ocrx_word' id='word_1_314' title='bbox 823 1767 1190 1811; x_wconf 84' lang='lat' dir='ltr'>individuantibus3</span> <span class='ocrx_word' id='word_1_315' title='bbox 1219 1766 1325 1803; x_wconf 91' lang='lat' dir='ltr'>unde</span> <span class='ocrx_word' id='word_1_316' title='bbox 1355 1775 1425 1812; x_wconf 89' lang='lat' dir='ltr'>per</span> <span class='ocrx_word' id='word_1_317' title='bbox 1461 1775 1529 1802; x_wconf 85' lang='lat' dir='ltr'>eas</span> <span class='ocrx_word' id='word_1_318' title='bbox 1557 1764 1781 1811; x_wconf 86' lang='lat' dir='ltr'>singularia</span> 
     </span>
     <span class='ocr_line' id='line_1_36' title="bbox 161 1813 1780 1862; baseline -0.002 -9"><span class='ocrx_word' id='word_1_319' title='bbox 161 1826 184 1853; x_wconf 89' lang='lat' dir='ltr'>a</span> <span class='ocrx_word' id='word_1_320' title='bbox 203 1816 320 1853; x_wconf 89' lang='lat' dir='ltr'>nobis</span> <span class='ocrx_word' id='word_1_321' title='bbox 342 1815 531 1862; x_wconf 86' lang='lat' dir='ltr'>cognosci</span> <span class='ocrx_word' id='word_1_322' title='bbox 553 1824 634 1852; x_wconf 92' lang='lat' dir='ltr'>non</span> <span class='ocrx_word' id='word_1_323' title='bbox 656 1818 849 1860; x_wconf 88' lang='lat' dir='ltr'>possunt;</span> <span class='ocrx_word' id='word_1_324' title='bbox 872 1814 920 1851; x_wconf 89' lang='lat' dir='ltr'>ad</span> <span class='ocrx_word' id='word_1_325' title='bbox 934 1814 1174 1850; x_wconf 88' lang='lat' dir='ltr'>intellectum</span> <span class='ocrx_word' id='word_1_326' title='bbox 1192 1817 1323 1850; x_wconf 91' lang='lat' dir='ltr'>autem</span> <span class='ocrx_word' id='word_1_327' title='bbox 1339 1813 1571 1850; x_wconf 62' lang='lat' dir='ltr'>substantiae</span> <span class='ocrx_word' id='word_1_328' title='bbox 1587 1815 1780 1857; x_wconf 82' lang='lat' dir='ltr'>separatae</span> 
     </span>
     <span class='ocr_line' id='line_1_37' title="bbox 160 1857 1783 1908; baseline -0.003 -9"><span class='ocrx_word' id='word_1_329' title='bbox 160 1863 394 1908; x_wconf 88' lang='lat' dir='ltr'>perveniunt</span> <span class='ocrx_word' id='word_1_330' title='bbox 431 1862 585 1908; x_wconf 90' lang='lat' dir='ltr'>species</span> <span class='ocrx_word' id='word_1_331' title='bbox 618 1861 890 1907; x_wconf 88' lang='lat' dir='ltr'>intelligibiles</span> <span class='ocrx_word' id='word_1_332' title='bbox 924 1861 1038 1907; x_wconf 83' lang='lat' dir='ltr'>quasi</span> <span class='ocrx_word' id='word_1_333' title='bbox 1071 1870 1140 1906; x_wconf 88' lang='lat' dir='ltr'>per</span> <span class='ocrx_word' id='word_1_334' title='bbox 1166 1860 1271 1897; x_wconf 89' lang='lat' dir='ltr'>viam</span> <span class='ocrx_word' id='word_1_335' title='bbox 1303 1859 1628 1905; x_wconf 84' lang='lat' dir='ltr'>compositionis;</span> <span class='ocrx_word' id='word_1_336' title='bbox 1663 1857 1783 1895; x_wconf 86' lang='lat' dir='ltr'>hahet</span> 
     </span>
     <span class='ocr_line' id='line_1_38' title="bbox 162 1904 1779 1955; baseline -0.002 -9"><span class='ocrx_word' id='word_1_337' title='bbox 162 1909 267 1946; x_wconf 90' lang='lat' dir='ltr'>enim</span> <span class='ocrx_word' id='word_1_338' title='bbox 285 1909 440 1954; x_wconf 91' lang='lat' dir='ltr'>species</span> <span class='ocrx_word' id='word_1_339' title='bbox 456 1908 728 1955; x_wconf 83' lang='lat' dir='ltr'>intelligibiles</span> <span class='ocrx_word' id='word_1_340' title='bbox 748 1917 796 1944; x_wconf 83' lang='lat' dir='ltr'>ex</span> <span class='ocrx_word' id='word_1_341' title='bbox 815 1907 1105 1945; x_wconf 87' lang='lat' dir='ltr'>assimilatione</span> <span class='ocrx_word' id='word_1_342' title='bbox 1126 1907 1189 1944; x_wconf 90' lang='lat' dir='ltr'>sui</span> <span class='ocrx_word' id='word_1_343' title='bbox 1217 1907 1265 1943; x_wconf 88' lang='lat' dir='ltr'>ad</span> <span class='ocrx_word' id='word_1_344' title='bbox 1291 1907 1460 1952; x_wconf 89' lang='lat' dir='ltr'>primam</span> <span class='ocrx_word' id='word_1_345' title='bbox 1485 1904 1779 1952; x_wconf 76' lang='lat' dir='ltr'>intelligibilem</span> 
     </span>
     <span class='ocr_line' id='line_1_39' title="bbox 162 1951 1780 2002; baseline -0.002 -9"><span class='ocrx_word' id='word_1_346' title='bbox 162 1956 334 2002; x_wconf 88' lang='lat' dir='ltr'>speciem</span> <span class='ocrx_word' id='word_1_347' title='bbox 362 1955 587 1992; x_wconf 89' lang='lat' dir='ltr'>intellectus</span> <span class='ocrx_word' id='word_1_348' title='bbox 607 1954 744 1998; x_wconf 89' lang='lat' dir='ltr'>divini,</span> <span class='ocrx_word' id='word_1_349' title='bbox 764 1964 852 2000; x_wconf 85' lang='lat' dir='ltr'>quae</span> <span class='ocrx_word' id='word_1_350' title='bbox 880 1954 1038 2001; x_wconf 87' lang='lat' dir='ltr'>quidem</span> <span class='ocrx_word' id='word_1_351' title='bbox 1071 1962 1149 1991; x_wconf 92' lang='lat' dir='ltr'>non</span> <span class='ocrx_word' id='word_1_352' title='bbox 1180 1957 1240 1991; x_wconf 92' lang='lat' dir='ltr'>est</span> <span class='ocrx_word' id='word_1_353' title='bbox 1265 1963 1289 1991; x_wconf 87' lang='lat' dir='ltr'>a</span> <span class='ocrx_word' id='word_1_354' title='bbox 1322 1953 1441 1990; x_wconf 89' lang='lat' dir='ltr'>rebus</span> <span class='ocrx_word' id='word_1_355' title='bbox 1474 1953 1686 1997; x_wconf 80' lang='lat' dir='ltr'>abstracta,</span> <span class='ocrx_word' id='word_1_356' title='bbox 1709 1951 1780 1989; x_wconf 90' lang='lat' dir='ltr'>sed</span> 
     </span>
     <span class='ocr_line' id='line_1_40' title="bbox 162 1999 1784 2046; baseline -0.002 -7"><span class='ocrx_word' id='word_1_357' title='bbox 162 2012 291 2039; x_wconf 85' lang='lat' dir='ltr'>rerum</span> <span class='ocrx_word' id='word_1_358' title='bbox 312 2003 467 2039; x_wconf 80' lang='lat' dir='ltr'>factiva.</span> <span class='ocrx_word' id='word_1_359' title='bbox 489 2004 555 2039; x_wconf 92' lang='lat' dir='ltr'>Est</span> <span class='ocrx_word' id='word_1_360' title='bbox 575 2005 706 2038; x_wconf 86' lang='lat' dir='ltr'>autem</span> <span class='ocrx_word' id='word_1_361' title='bbox 728 2001 870 2038; x_wconf 84' lang='lat' dir='ltr'>factiva</span> <span class='ocrx_word' id='word_1_362' title='bbox 890 2010 971 2038; x_wconf 88' lang='lat' dir='ltr'>non</span> <span class='ocrx_word' id='word_1_363' title='bbox 990 2001 1122 2038; x_wconf 90' lang='lat' dir='ltr'>solum</span> <span class='ocrx_word' id='word_1_364' title='bbox 1143 2001 1294 2045; x_wconf 86' lang='lat' dir='ltr'>formae,</span> <span class='ocrx_word' id='word_1_365' title='bbox 1316 2000 1386 2038; x_wconf 91' lang='lat' dir='ltr'>sed</span> <span class='ocrx_word' id='word_1_366' title='bbox 1406 1999 1595 2044; x_wconf 80' lang='lat' dir='ltr'>materiae,</span> <span class='ocrx_word' id='word_1_367' title='bbox 1614 2008 1702 2046; x_wconf 73' lang='lat' dir='ltr'>quaa</span> <span class='ocrx_word' id='word_1_368' title='bbox 1722 2001 1784 2036; x_wconf 90' lang='lat' dir='ltr'>est</span> 
     </span>
     <span class='ocr_line' id='line_1_41' title="bbox 162 2046 1785 2095; baseline -0.001 -9"><span class='ocrx_word' id='word_1_369' title='bbox 162 2049 488 2086; x_wconf 86' lang='lat' dir='ltr'>individuationis</span> <span class='ocrx_word' id='word_1_370' title='bbox 510 2048 761 2095; x_wconf 90' lang='lat' dir='ltr'>principium.</span> <span class='ocrx_word' id='word_1_371' title='bbox 784 2048 944 2094; x_wconf 88' lang='lat' dir='ltr'>Species</span> <span class='ocrx_word' id='word_1_372' title='bbox 964 2048 1086 2095; x_wconf 89' lang='lat' dir='ltr'>igitur</span> <span class='ocrx_word' id='word_1_373' title='bbox 1099 2047 1325 2085; x_wconf 89' lang='lat' dir='ltr'>intellectus</span> <span class='ocrx_word' id='word_1_374' title='bbox 1340 2046 1574 2085; x_wconf 59' lang='lat' dir='ltr'>substantiae</span> <span class='ocrx_word' id='word_1_375' title='bbox 1589 2049 1785 2091; x_wconf 76' lang='lat' dir='ltr'>separatae·</span> 
     </span>
     <span class='ocr_line' id='line_1_42' title="bbox 160 2092 1785 2142; baseline -0.001 -9"><span class='ocrx_word' id='word_1_376' title='bbox 160 2100 282 2134; x_wconf 87' lang='lat' dir='ltr'>totam</span> <span class='ocrx_word' id='word_1_377' title='bbox 301 2105 382 2133; x_wconf 87' lang='lat' dir='ltr'>rem</span> <span class='ocrx_word' id='word_1_378' title='bbox 402 2095 633 2142; x_wconf 82' lang='lat' dir='ltr'>respiciunt,</span> <span class='ocrx_word' id='word_1_379' title='bbox 653 2099 690 2132; x_wconf 87' lang='lat' dir='ltr'>et</span> <span class='ocrx_word' id='word_1_380' title='bbox 709 2104 791 2132; x_wconf 92' lang='lat' dir='ltr'>non</span> <span class='ocrx_word' id='word_1_381' title='bbox 811 2096 942 2132; x_wconf 90' lang='lat' dir='ltr'>solum</span> <span class='ocrx_word' id='word_1_382' title='bbox 962 2095 1157 2141; x_wconf 86' lang='lat' dir='ltr'>principia</span> <span class='ocrx_word' id='word_1_383' title='bbox 1180 2094 1341 2140; x_wconf 88' lang='lat' dir='ltr'>speciei,</span> <span class='ocrx_word' id='word_1_384' title='bbox 1363 2094 1432 2131; x_wconf 92' lang='lat' dir='ltr'>sed</span> <span class='ocrx_word' id='word_1_385' title='bbox 1448 2094 1566 2130; x_wconf 87' lang='lat' dir='ltr'>etiam</span> <span class='ocrx_word' id='word_1_386' title='bbox 1587 2092 1785 2140; x_wconf 83' lang='lat' dir='ltr'>principia</span> 
     </span>
     <span class='ocr_line' id='line_1_43' title="bbox 161 2139 1782 2189; baseline -0.001 -10"><span class='ocrx_word' id='word_1_387' title='bbox 161 2143 462 2181; x_wconf 84' lang='lat' dir='ltr'>individuantia.</span> <span class='ocrx_word' id='word_1_388' title='bbox 484 2144 571 2180; x_wconf 88' lang='lat' dir='ltr'>Non</span> <span class='ocrx_word' id='word_1_389' title='bbox 594 2145 655 2180; x_wconf 90' lang='lat' dir='ltr'>est</span> <span class='ocrx_word' id='word_1_390' title='bbox 671 2142 792 2179; x_wconf 63' lang='lat' dir='ltr'>initur</span> <span class='ocrx_word' id='word_1_391' title='bbox 806 2142 1070 2189; x_wconf 87' lang='lat' dir='ltr'>singularium</span> <span class='ocrx_word' id='word_1_392' title='bbox 1100 2142 1277 2188; x_wconf 84' lang='lat' dir='ltr'>cognitio</span> <span class='ocrx_word' id='word_1_393' title='bbox 1310 2140 1580 2179; x_wconf 86' lang='lat' dir='ltr'>subtrahenda</span> <span class='ocrx_word' id='word_1_394' title='bbox 1597 2139 1782 2178; x_wconf 87' lang='lat' dir='ltr'>substan·</span> 
     </span>
     <span class='ocr_line' id='line_1_44' title="bbox 160 2171 1734 2242; baseline -0.002 -15"><span class='ocrx_word' id='word_1_395' title='bbox 160 2190 227 2227; x_wconf 86' lang='lat' dir='ltr'>tiis</span> <span class='ocrx_word' id='word_1_396' title='bbox 245 2190 452 2242; x_wconf 76' lang='lat' dir='ltr'>separatis,</span> <span class='ocrx_word' id='word_1_397' title='bbox 473 2189 566 2227; x_wconf 92' lang='lat' dir='ltr'>licet</span> <span class='ocrx_word' id='word_1_398' title='bbox 584 2171 810 2241; x_wconf 68' lang='lat' dir='ltr'>intelfectus</span> <span class='ocrx_word' id='word_1_399' title='bbox 830 2193 966 2227; x_wconf 87' lang='lat' dir='ltr'>noster</span> <span class='ocrx_word' id='word_1_400' title='bbox 986 2189 1207 2236; x_wconf 87' lang='lat' dir='ltr'>singularia</span> <span class='ocrx_word' id='word_1_401' title='bbox 1226 2197 1469 2236; x_wconf 88' lang='lat' dir='ltr'>cognoscere</span> <span class='ocrx_word' id='word_1_402' title='bbox 1490 2196 1569 2226; x_wconf 87' lang='lat' dir='ltr'>non</span> <span class='ocrx_word' id='word_1_403' title='bbox 1592 2187 1734 2234; x_wconf 86' lang='lat' dir='ltr'>possit.</span> 
     </span>
    </p>

    <p class='ocr_par' dir='ltr' id='par_1_6' title="bbox 162 2235 1785 2613">
     <span class='ocr_line' id='line_1_45' title="bbox 206 2235 1784 2282; baseline -0.001 -9"><span class='ocrx_word' id='word_1_404' title='bbox 206 2238 396 2281; x_wconf 71' lang='lat' dir='ltr'>Praeterea,</span> <span class='ocrx_word' id='word_1_405' title='bbox 419 2247 452 2274; x_wconf 80' lang='lat' dir='ltr'>si</span> <span class='ocrx_word' id='word_1_406' title='bbox 471 2246 639 2282; x_wconf 87' lang='lat' dir='ltr'>corpora</span> <span class='ocrx_word' id='word_1_407' title='bbox 659 2236 837 2273; x_wconf 81' lang='lat' dir='ltr'>coelestia</span> <span class='ocrx_word' id='word_1_408' title='bbox 856 2241 1065 2274; x_wconf 87' lang='lat' dir='ltr'>moventur</span> <span class='ocrx_word' id='word_1_409' title='bbox 1085 2246 1108 2273; x_wconf 93' lang='lat' dir='ltr'>a</span> <span class='ocrx_word' id='word_1_410' title='bbox 1140 2235 1379 2274; x_wconf 87' lang='lat' dir='ltr'>substantiis</span> <span class='ocrx_word' id='word_1_411' title='bbox 1410 2235 1619 2281; x_wconf 87' lang='lat' dir='ltr'>separatis,</span> <span class='ocrx_word' id='word_1_412' title='bbox 1641 2243 1784 2272; x_wconf 88' lang='lat' dir='ltr'>secun·</span> 
     </span>
     <span class='ocr_line' id='line_1_46' title="bbox 163 2280 1782 2331; baseline 0 -13"><span class='ocrx_word' id='word_1_413' title='bbox 163 2283 252 2320; x_wconf 85' lang='lat' dir='ltr'>dum</span> <span class='ocrx_word' id='word_1_414' title='bbox 286 2284 618 2330; x_wconf 86' lang='lat' dir='ltr'>philosophorum</span> <span class='ocrx_word' id='word_1_415' title='bbox 651 2283 892 2329; x_wconf 86' lang='lat' dir='ltr'>positionem</span> <span class='ocrx_word' id='word_1_416' title='bbox 926 2283 1169 2331; x_wconf 78' lang='lat' dir='ltr'>(Metapliys.,</span> <span class='ocrx_word' id='word_1_417' title='bbox 1192 2291 1262 2327; x_wconf 79' lang='grc' dir='ltr'>ΧΠ,</span> <span class='ocrx_word' id='word_1_418' title='bbox 1282 2286 1374 2319; x_wconf 77' lang='lat' dir='ltr'>text.</span> <span class='ocrx_word' id='word_1_419' title='bbox 1409 2291 1554 2319; x_wconf 90' lang='lat' dir='ltr'>comm.</span> <span class='ocrx_word' id='word_1_420' title='bbox 1574 2284 1618 2319; x_wconf 90' lang='lat'>36</span> <span class='ocrx_word' id='word_1_421' title='bbox 1652 2285 1689 2319; x_wconf 90' lang='lat' dir='ltr'>et</span> <span class='ocrx_word' id='word_1_422' title='bbox 1708 2280 1782 2328; x_wconf 82' lang='lat'>37),</span> 
     </span>
     <span class='ocr_line' id='line_1_47' title="bbox 162 2327 1785 2377; baseline -0.001 -10"><span class='ocrx_word' id='word_1_423' title='bbox 162 2340 282 2376; x_wconf 82' lang='lat' dir='ltr'>quum</span> <span class='ocrx_word' id='word_1_424' title='bbox 300 2331 533 2368; x_wconf 77' lang='lat' dir='ltr'>substantiae</span> <span class='ocrx_word' id='word_1_425' title='bbox 552 2334 741 2377; x_wconf 83' lang='lat' dir='ltr'>separatae</span> <span class='ocrx_word' id='word_1_426' title='bbox 761 2335 881 2377; x_wconf 86' lang='lat' dir='ltr'>agant</span> <span class='ocrx_word' id='word_1_427' title='bbox 897 2334 934 2367; x_wconf 90' lang='lat' dir='ltr'>et</span> <span class='ocrx_word' id='word_1_428' title='bbox 950 2335 1135 2368; x_wconf 88' lang='lat' dir='ltr'>moveant</span> <span class='ocrx_word' id='word_1_429' title='bbox 1151 2340 1218 2377; x_wconf 89' lang='lat' dir='ltr'>per</span> <span class='ocrx_word' id='word_1_430' title='bbox 1231 2329 1491 2373; x_wconf 87' lang='lat' dir='ltr'>intellectum,</span> <span class='ocrx_word' id='word_1_431' title='bbox 1504 2332 1660 2375; x_wconf 87' lang='lat' dir='ltr'>oportet</span> <span class='ocrx_word' id='word_1_432' title='bbox 1677 2327 1785 2376; x_wconf 86' lang='lat' dir='ltr'>quod</span> 
     </span>
     <span class='ocr_line' id='line_1_48' title="bbox 162 2376 1784 2425; baseline -0.001 -12"><span class='ocrx_word' id='word_1_433' title='bbox 162 2382 406 2422; x_wconf 83' lang='lat' dir='ltr'>cognoscant</span> <span class='ocrx_word' id='word_1_434' title='bbox 432 2378 578 2414; x_wconf 85' lang='lat' dir='ltr'>mobile</span> <span class='ocrx_word' id='word_1_435' title='bbox 607 2377 713 2425; x_wconf 87' lang='lat' dir='ltr'>quod</span> <span class='ocrx_word' id='word_1_436' title='bbox 744 2381 916 2422; x_wconf 89' lang='lat' dir='ltr'>movent,</span> <span class='ocrx_word' id='word_1_437' title='bbox 950 2378 1056 2424; x_wconf 88' lang='lat' dir='ltr'>quod</span> <span class='ocrx_word' id='word_1_438' title='bbox 1085 2381 1145 2414; x_wconf 91' lang='lat' dir='ltr'>est</span> <span class='ocrx_word' id='word_1_439' title='bbox 1177 2376 1376 2424; x_wconf 87' lang='lat' dir='ltr'>quoddam</span> <span class='ocrx_word' id='word_1_440' title='bbox 1411 2376 1672 2423; x_wconf 87' lang='lat' dir='ltr'>particularc;</span> <span class='ocrx_word' id='word_1_441' title='bbox 1692 2383 1784 2412; x_wconf 87' lang='lat' dir='ltr'>nam</span> 
     </span>
     <span class='ocr_line' id='line_1_49' title="bbox 162 2424 1784 2472; baseline -0.002 -12"><span class='ocrx_word' id='word_1_442' title='bbox 162 2425 402 2461; x_wconf 85' lang='lat' dir='ltr'>universalia</span> <span class='ocrx_word' id='word_1_443' title='bbox 421 2424 643 2462; x_wconf 84' lang='lat' dir='ltr'>immobilia</span> <span class='ocrx_word' id='word_1_444' title='bbox 660 2428 766 2462; x_wconf 85' lang='lat' dir='ltr'>sunt.</span> <span class='ocrx_word' id='word_1_445' title='bbox 788 2425 895 2461; x_wconf 90' lang='lat' dir='ltr'>Situs</span> <span class='ocrx_word' id='word_1_446' title='bbox 916 2426 1047 2466; x_wconf 87' lang='lat' dir='ltr'>etiam,</span> <span class='ocrx_word' id='word_1_447' title='bbox 1070 2425 1137 2472; x_wconf 80' lang='lat' dir='ltr'>qui</span> <span class='ocrx_word' id='word_1_448' title='bbox 1158 2427 1399 2461; x_wconf 90' lang='lat' dir='ltr'>renovantur</span> <span class='ocrx_word' id='word_1_449' title='bbox 1419 2433 1487 2470; x_wconf 88' lang='lat' dir='ltr'>per</span> <span class='ocrx_word' id='word_1_450' title='bbox 1509 2425 1673 2462; x_wconf 87' lang='lat' dir='ltr'>motum,</span> <span class='ocrx_word' id='word_1_451' title='bbox 1691 2424 1784 2459; x_wconf 87' lang='lat' dir='ltr'>sunt</span> 
     </span>
     <span class='ocr_line' id='line_1_50' title="bbox 162 2471 1785 2520; baseline -0.002 -13"><span class='ocrx_word' id='word_1_452' title='bbox 162 2472 339 2520; x_wconf 71' lang='lat' dir='ltr'>quaedam</span> <span class='ocrx_word' id='word_1_453' title='bbox 359 2471 580 2518; x_wconf 87' lang='lat' dir='ltr'>singularia</span> <span class='ocrx_word' id='word_1_454' title='bbox 602 2481 688 2518; x_wconf 81' lang='lat' dir='ltr'>quae</span> <span class='ocrx_word' id='word_1_455' title='bbox 709 2481 787 2508; x_wconf 92' lang='lat' dir='ltr'>non</span> <span class='ocrx_word' id='word_1_456' title='bbox 809 2476 979 2518; x_wconf 87' lang='lat' dir='ltr'>possunt</span> <span class='ocrx_word' id='word_1_457' title='bbox 998 2471 1173 2517; x_wconf 89' lang='lat' dir='ltr'>ignorari</span> <span class='ocrx_word' id='word_1_458' title='bbox 1195 2481 1218 2508; x_wconf 84' lang='lat' dir='ltr'>a</span> <span class='ocrx_word' id='word_1_459' title='bbox 1248 2471 1472 2508; x_wconf 85' lang='lat' dir='ltr'>substantia</span> <span class='ocrx_word' id='word_1_460' title='bbox 1503 2474 1684 2507; x_wconf 76' lang='lat' dir='ltr'>movente</span> <span class='ocrx_word' id='word_1_461' title='bbox 1714 2476 1785 2518; x_wconf 81' lang='lat' dir='ltr'>per</span> 
     </span>
     <span class='ocr_line' id='line_1_51' title="bbox 164 2514 1782 2565; baseline -0.002 -13"><span class='ocrx_word' id='word_1_462' title='bbox 164 2518 418 2554; x_wconf 85' lang='lat' dir='ltr'>intellectum.</span> <span class='ocrx_word' id='word_1_463' title='bbox 442 2520 602 2564; x_wconf 85' lang='lat' dir='ltr'>Oportet</span> <span class='ocrx_word' id='word_1_464' title='bbox 622 2519 742 2565; x_wconf 86' lang='lat' dir='ltr'>igitur</span> <span class='ocrx_word' id='word_1_465' title='bbox 764 2518 893 2555; x_wconf 88' lang='lat' dir='ltr'>dicere</span> <span class='ocrx_word' id='word_1_466' title='bbox 926 2518 1033 2565; x_wconf 85' lang='lat' dir='ltr'>quod</span> <span class='ocrx_word' id='word_1_467' title='bbox 1066 2517 1300 2555; x_wconf 82' lang='lat' dir='ltr'>substantiae</span> <span class='ocrx_word' id='word_1_468' title='bbox 1335 2521 1527 2563; x_wconf 82' lang='lat' dir='ltr'>separatae</span> <span class='ocrx_word' id='word_1_469' title='bbox 1562 2514 1782 2561; x_wconf 79' lang='lat' dir='ltr'>singularia</span> 
     </span>
     <span class='ocr_line' id='line_1_52' title="bbox 163 2563 1567 2613; baseline 0.001 -15"><span class='ocrx_word' id='word_1_470' title='bbox 163 2569 407 2609; x_wconf 87' lang='lat' dir='ltr'>cognoscant</span> <span class='ocrx_word' id='word_1_471' title='bbox 426 2565 593 2603; x_wconf 87' lang='lat' dir='ltr'>istarum</span> <span class='ocrx_word' id='word_1_472' title='bbox 613 2565 877 2603; x_wconf 85' lang='lat' dir='ltr'>materialium</span> <span class='ocrx_word' id='word_1_473' title='bbox 897 2574 1041 2604; x_wconf 75' lang='lat' dir='ltr'>rerum,</span> <span class='ocrx_word' id='word_1_474' title='bbox 1063 2565 1093 2613; x_wconf 91' lang='lat' dir='ltr'>(I</span> <span class='ocrx_word' id='word_1_475' title='bbox 1112 2569 1227 2612; x_wconf 65' lang='lat' dir='ltr'>part„</span> <span class='ocrx_word' id='word_1_476' title='bbox 1249 2575 1288 2612; x_wconf 84' lang='lat' dir='ltr'>q.</span> <span class='ocrx_word' id='word_1_477' title='bbox 1308 2573 1404 2611; x_wconf 79' lang='lat' dir='ltr'>LVII,</span> <span class='ocrx_word' id='word_1_478' title='bbox 1425 2568 1496 2602; x_wconf 84' lang='lat' dir='ltr'>art.</span> <span class='ocrx_word' id='word_1_479' title='bbox 1514 2567 1536 2601; x_wconf 78' lang='lat'>7</span> <span class='ocrx_word' id='word_1_480' title='bbox 1557 2563 1567 2607; x_wconf 94' lang='lat'>)</span> 
     </span>
    </p>
   </div>
  </div>
 </body>
</html>
