1894 3223
667 127 780 169 ‚Lm
806 127 837 172 Ι,
865 127 964 163 CAP.
994 127 1079 163 LIX.
1647 127 1692 163 63

75 208 359 258 cognoscendo
390 207 606 246 essentiam
637 215 773 245 suam:
797 209 1010 245 essentiam
1045 211 1176 245 autem
1213 215 1325 246 suam
1365 215 1445 245 non
1483 208 1689 254 cognoscit

75 256 353 303 componendo
382 255 444 292 vel
478 254 683 299 addend03
713 256 921 300 cognoscit
958 255 1061 291 enim
1095 255 1270 301 seipsum
1310 255 1413 292 sicut
1442 258 1514 292 est.
1539 257 1580 291 In
1601 255 1689 301 ipso

76 303 338 388 audemdnuna
356 305 417 340 est
436 302 687 348 compositio.
703 303 788 338 Non
807 302 928 348 igitur
944 302 1127 348 intelligit
1142 312 1210 348 per
1231 302 1391 339 modum
1412 302 1690 348 componentis

76 355 115 390 et
155 351 203 387 ivi
236 351 354 388 entis.

123 399 267 439 Adhuc,
286 407 331 434 ea
346 405 433 444 quae
453 395 655 433 intellectu
671 398 964 441 componuntur
978 399 1013 432 et
1032 395 1274 440 dividuntur,
1295 398 1384 432 nata
1400 399 1492 433 sunt
1508 404 1690 434 seorsum

78 445 126 482 ab
147 455 194 482 eo
216 443 484 482 considerari:
507 442 798 488 compositione
815 443 918 478 enim
936 446 971 477 et
994 443 1188 479 divisione
1211 452 1311 488 opus
1342 452 1420 479 non
1443 447 1561 488 esset,
1584 443 1617 480 si
1649 443 1692 479 in

78 492 155 530 hoc
193 492 281 538 ipso
301 490 406 538 quod
439 489 486 527 de
508 490 642 537 aliquo
679 490 1038 535 apprehenderetur
1073 490 1176 536 quod
1208 494 1280 532 est,
1303 490 1510 527 haberetur
1570 490 1635 526 uid
1656 490 1691 526 ei

77 539 231 577 inesset
246 539 307 575 vel
324 546 404 575 non
426 537 589 574 inesset.
607 536 646 573 Si
668 536 788 583 igitur
804 538 906 573 Deus
928 536 1163 583 intelligeret
1185 547 1254 582 per
1286 537 1445 573 modum
1466 537 1546 574 inte
1567 537 1691 574 lectus

79 585 357 632 componentis
384 588 422 621 et
442 583 668 626 dividentis,
685 588 916 630 sequeretur
935 584 1039 630 quod
1073 593 1152 620 non
1182 592 1261 620 uno
1283 584 1424 620 intuitu
1449 585 1583 621 omnia
1603 593 1694 620 eon·

79 633 285 727 side(raret,
308 632 376 726 sed
398 640 582 669 seorsum
602 630 926 677 unumquodque,
945 631 1059 677 cujus
1079 630 1320 668 eontrarium
1346 639 1465 677 supra
1486 635 1692 669 ostensum

79 684 140 718 est
173 689 257 726 cap.
282 682 326 716 55
348 707 355 716 .

127 728 310 773 Amplius,
330 727 370 763 in
391 727 471 763 Deo
493 734 572 762 non
591 728 721 771 potest
744 734 833 762 esse
853 725 963 770 prius
992 728 1028 760 et
1047 723 1259 770 posterius.
1285 725 1526 771 Compositio
1561 727 1692 761 autem

80 777 120 812 et
136 774 280 812 divisio
302 773 499 820 posterior
518 777 579 809 est
598 772 918 809 consideratione
940 771 1024 818 eJ‘us
1054 772 1150 815 quod
1182 771 1271 815 quid
1298 775 1360 811 est,
1394 781 1479 818 quiae
1514 776 1574 808 est
1609 772 1694 817 eius

80 822 335 869 principium.
356 822 400 857 In
422 819 651 867 operatione
672 820 794 865 igitur
825 818 944 855 divini
977 818 1201 854 intellectus
1232 819 1470 864 compositio
1491 823 1529 855 et
1549 818 1693 855 divisio

82 877 172 906 esse
194 878 271 905 non
322 871 436 905 otest.

128 917 228 955 Item,
252 878 451 960 prgprium
475 914 669 960 objectum
693 912 918 949 intellectus
938 915 997 948 est
1023 911 1118 963 quod
1143 912 1232 956 quid
1250 915 1313 953 est,
1352 913 1455 949 unde
1485 913 1586 951 circa
1620 913 1695 950 hoc

83 972 164 1000 non
183 963 377 1007 decipitur
397 961 634 1003 intellectus,
658 960 734 996 nisi
752 969 820 1005 per
853 959 1050 995 accidens.
1075 960 1183 994 Circa
1213 961 1540 1005 compositionem
1564 966 1693 997 autem

84 1014 122 1047 et
142 1010 379 1046 divisionem
401 1007 608 1053 decipitur,
631 1007 735 1043 sicut
756 1010 793 1042 et
813 1015 973 1049 sensuS,
994 1006 1060 1052 qui
1081 1009 1140 1042 est
1173 1007 1434 1051 propriorum,
1458 1017 1613 1053 semper
1634 1012 1694 1044 est

82 1065 214 1100 verus,
234 1056 275 1092 in
295 1055 386 1092 aliis
407 1057 536 1091 autem
560 1053 720 1090 fallitur.
745 1055 785 1089 In
808 1053 1012 1090 intellectu
1032 1056 1161 1089 autem
1184 1053 1317 1090 divino
1340 1063 1420 1091 non
1453 1059 1511 1091 est
1543 1055 1693 1101 aliquid

84 1113 155 1150 per
177 1102 376 1145 accidens,
399 1101 618 1138 sed‘solum
640 1100 745 1147 quod
768 1110 837 1146 per
857 1110 899 1137 se
921 1104 993 1137 est.
1018 1101 1058 1135 In
1080 1099 1214 1136 divino
1248 1101 1368 1147 igitur
1394 1101 1592 1139 intellectu
1615 1110 1695 1139 non

84 1154 145 1188 est
165 1149 404 1195 compositio
425 1152 461 1185 et
482 1148 641 1192 divisio,
663 1148 731 1184 sed
755 1148 885 1184 solum
907 1147 1075 1193 simplex
1094 1147 1149 1183 rei
1171 1148 1361 1193 acceptio.

132 1198 317 1242 Amplius,
339 1195 629 1242 propositionis
650 1204 719 1240 per
737 1195 978 1231 intellectum
1000 1198 1302 1240 componentem
1322 1199 1358 1231 et
1372 1195 1607 1232 dividentem
1626 1195 1700 1232 for-

85 1247 200 1282 matae
222 1243 459 1289 compositio
480 1243 520 1279 in
541 1243 629 1288 ipso
651 1242 850 1279 intellectu
874 1242 1019 1285 existit,
1042 1250 1120 1277 non
1144 1241 1184 1277 in
1215 1251 1256 1278 re
1285 1252 1371 1289 quae
1393 1246 1452 1279 est
1485 1247 1592 1279 extra
1615 1242 1699 1279 ani·

85 1300 205 1329 mam.
231 1291 270 1328 Si
294 1290 657 1337 igiturintellectus
678 1289 836 1326 divinus
866 1289 1051 1325 derebus
1081 1288 1228 1325 indicet
1264 1299 1333 1335 per
1355 1290 1515 1326 modum
1551 1290 1701 1326 intelle-

87 1343 175 1376 ctus
190 1337 468 1384 componentis
491 1341 529 1374 et
549 1336 776 1381 dividentis,
798 1336 872 1373 erit
890 1336 1112 1372 intellectus
1132 1336 1216 1382 ipse
1237 1337 1497 1382 compositus,
1515 1337 1619 1384 quod
1639 1341 1697 1374 est

88 1385 354 1431 impossibile,
377 1388 420 1421 ut
449 1394 495 1421 ex
526 1384 765 1430 supradictis
788 1383 887 1431 (cap.
917 1386 958 1419 18
978 1383 1118 1428 lpatet.

132 1434 233 1473 Item,
264 1432 490 1469 intellectus
522 1439 766 1477 componens
797 1435 833 1467 et
867 1430 1046 1467 dividens
1071 1430 1239 1467 diversis
1265 1430 1624 1476 compositionibus
1644 1431 1698 1468 di-

86 1489 200 1517 versa
221 1479 423 1526 dijudicat.
452 1479 695 1524 Compositio
713 1478 817 1514 enim
840 1478 1063 1514 intellectus
1085 1477 1389 1522 compositionis
1410 1478 1602 1515 terminos
1618 1487 1697 1515 non

88 1527 267 1571 excedit,
306 1526 406 1563 unde
440 1526 744 1572 compositione,
778 1534 855 1571 qua
898 1525 1122 1561 intellectus
1151 1524 1340 1571 diJ'udicat
1372 1525 1574 1561 hominem
1611 1534 1699 1562 esse

89 1574 253 1619 animal,
278 1581 358 1610 non
388 1572 575 1619 dijudicat
594 1572 834 1619 triangulum
869 1580 956 1608 esse
989 1571 1169 1616 figuram.
1198 1572 1440 1617 Compositio
1474 1576 1603 1608 autem
1636 1572 1697 1609 vel

89 1620 234 1658 divisio
269 1619 445 1666 operatio
484 1619 663 1666 quaedam
696 1619 923 1655 intellectus
954 1622 1026 1655 est.
1061 1619 1099 1654 Si
1132 1619 1254 1664 igitur
1278 1620 1382 1655 Deus
1416 1627 1480 1656 res
1519 1619 1701 1656 conside-

89 1671 150 1705 rat
167 1666 443 1713 componendo
478 1670 516 1703 et
548 1666 772 1709 dividendo,
806 1666 984 1712 sequitur
1016 1665 1120 1712 quod
1150 1675 1267 1702 suum
1296 1666 1516 1712 intelligere
1548 1675 1629 1703 non
1651 1666 1702 1703 sit

90 1724 214 1753 unum
236 1713 488 1754 tantum,sed
509 1713 729 1759 multiplex,
753 1716 790 1749 et
826 1713 884 1750 sie
917 1716 956 1749 et
986 1721 1060 1749 sua
1090 1713 1265 1749 essentia
1285 1721 1365 1749 non
1398 1713 1472 1749 erit
1505 1722 1584 1750 una
1616 1717 1702 1750 tan-

89 1767 188 1806 tum,
210 1770 298 1798 cum
321 1769 394 1798 sua
423 1761 600 1807 operatio
620 1759 900 1797 intellectualis
921 1759 973 1796 sit
993 1767 1066 1796 sua
1085 1760 1273 1805 essentia,
1301 1763 1343 1797 ut
1375 1768 1496 1806 supra
1515 1759 1614 1807 (cap.
1642 1759 1701 1807 45)

90 1813 298 1847 ostensum
319 1812 392 1845 est.

137 1857 224 1893 Non
242 1859 373 1893 autem
391 1857 550 1901 propter
566 1854 641 1892 hoc
672 1856 825 1900 oportet
858 1862 932 1890 nos
954 1853 1084 1890 dicere
1112 1853 1217 1900 quod
1242 1853 1504 1891 enuntiabilia
1529 1854 1700 1901 ignorat.

89 1904 187 1941 Nam
209 1903 385 1940 essentia
403 1910 477 1939 sua
497 1911 586 1938 cum
604 1901 656 1938 sit
672 1910 752 1938 una
772 1904 810 1937 et
827 1900 1007 1946 simplex,
1035 1902 1233 1947 exemplar
1264 1905 1325 1938 est
1357 1902 1534 1938 omnium
1567 1901 1702 1938 multi-

88 1950 251 1997 plicium
274 1953 312 1986 et
331 1948 658 1995 compositorum,
674 1951 712 1985 et
730 1948 788 1985 sic
803 1957 873 1994 per
893 1948 1018 1993 ipsam
1042 1950 1143 1985 Deus
1164 1957 1323 1985 omnem
1341 1949 1636 1986 multitudinem
1667 1952 1704 1986 et

89 1996 424 2043 compositionem
443 1999 522 2033 tam
543 1999 693 2033 naturae
705 2004 822 2042 quam
843 1995 1011 2032 rationis
1032 1996 1254 2042 cognoscit.

138 2045 207 2082 His
227 2047 358 2081 autem
377 2052 500 2081 sacrae
513 2043 721 2089 scripturae
742 2043 957 2079 auctoritas
978 2046 1186 2079 consonat.
1202 2042 1351 2079 Dicitur
1377 2043 1482 2080 enim
1503 2044 1610 2090 lsai.,
1635 2051 1700 2088 ΙΝ,

90 2093 112 2129 8
127 2103 136 2128 :
151 2093 233 2130 No‘n
251 2092 346 2126 enim
363 2091 593 2136 cogitationes
612 2100 697 2125 meae
710 2091 939 2134 coqz‘taciones
960 2092 1107 2132 vestrae;
1124 2095 1161 2126 et
1176 2093 1307 2126 tamen
1328 2090 1367 2126 in
1388 2091 1490 2127 Psal.
1512 2099 1621 2135 XCIII,
1645 2094 1701 2135 11,

89 2138 235 2176 dicitur
255 2149 263 2174 :
283 2139 378 2174 Deus
397 2139 465 2174 scit
482 2139 714 2182 coqitationes
735 2137 930 2179 hominum,
952 2145 1051 2183 quas
1084 2141 1241 2174 constat
1271 2145 1341 2182 per
1371 2139 1702 2184 compositionem

89 2189 129 2224 et
148 2184 385 2223 divisionem
405 2184 631 2221 intellectus
649 2183 874 2230 procedere.
898 2184 1113 2231 Dionysius
1132 2185 1250 2220 etiam
1272 2183 1366 2220 dicit
1386 2194 1470 2230 cap.
1491 2188 1511 2222 7
1532 2187 1583 2222 De
1608 2186 1701 2221 clivi-

87 2234 147 2270 m‘s
166 2232 399 2269 nominibus:
429 2232 553 2278 Igitur
586 2231 720 2268 divina
742 2231 947 2283 ,sapientia
982 2231 1155 2276 seipsam
1185 2240 1456 2277 cognoscens,
1494 2233 1702 2280 cognoscit

89 2280 226 2318 omnia
256 2282 296 2317 et
315 2278 535 2316 materialia
554 2278 881 2320 immaterialiter,
904 2281 942 2314 et
960 2277 1259 2316 indivisibiliter
1277 2277 1494 2317 divisibilia
1514 2285 1552 2317 et
1581 2279 1705 2317 multa

90 2325 253 2362 unitive.
274 2326 302 2371 (1
323 2326 439 2370 part„
459 2332 499 2370 q.
519 2330 603 2367 ΧΠ,
623 2326 696 2359 art.
715 2326 790 2368 14.)

753 2453 921 2494 CAPUT
949 2452 1050 2493 LIX.

322 2551 422 2585 Quot)
446 2550 475 2578 A
497 2548 573 2578 nno
598 2547 677 2578 NON
699 2547 943 2577 ExcLumTun
967 2546 1135 2575 vuinus
1161 2544 1482 2574 ENUN'rmeimutt.

141 2645 195 2680 Ex
215 2642 292 2679 hoc
311 2644 443 2678 autem
464 2641 625 2685 apparet
645 2637 751 2684 quod
771 2637 863 2673 licet
882 2636 1003 2671 divini
1024 2634 1251 2671 intellectus
1280 2634 1457 2680 cognitio
1479 2642 1558 2670 non
1579 2642 1622 2671 se
1642 2634 1711 2671 ha-

93 2689 185 2727 beat
203 2689 249 2725 ad
271 2687 433 2725 modurn
452 2684 728 2731 componentis
749 2687 786 2719 et
807 2682 1035 2724 dividentis,
1060 2689 1141 2718 non
1174 2684 1307 2717 tamen
1334 2680 1555 2717 excluditur
1587 2680 1635 2717 ab
1664 2688 1712 2717 eo

93 2737 254 2780 veritas,
293 2743 379 2781 quae
417 2731 637 2770 secundum
672 2729 961 2774 Philosophum
994 2727 1240 2780 metaphys„
1274 2735 1330 2771 vr,
1369 2730 1462 2764 text.
1498 2727 1710 2778 comum-8)

96 2783 227 2821 solum
260 2781 366 2819 circa
397 2779 729 2825 compositionem
761 2780 799 2812 et
830 2776 1066 2812 divisionem
1102 2775 1329 2811 mtellectus
1363 2777 1435 2811 est.
1476 2774 1571 2810 Cum
1605 2782 1710 2809 enim

95 2830 241 2866 veritas
278 2827 504 2864 intellectus
542 2825 595 2862 sit
631 2822 853 2870 adaequatio
889 2822 1114 2858 intellectus
1152 2824 1191 2858 et
1223 2821 1310 2865 rei,
1348 2821 1568 2858 secundum
1608 2819 1712 2871 quod

96 2875 323 2914 intellectus
359 2873 454 2912 dicit
495 2881 584 2911 esse
622 2870 727 2918 quod
765 2872 840 2915 est,
874 2868 936 2906 vel
973 2877 1055 2906 non
1087 2875 1177 2905 esse
1209 2867 1317 2914 quod
1354 2876 1435 2904 non
1475 2870 1547 2913 est,
1587 2867 1635 2904 ad
1672 2866 1713 2903 ld
