<?xml version="1.0" encoding="UTF-8"?>
<!DOCTYPE html PUBLIC "-//W3C//DTD XHTML 1.0 Transitional//EN"
    "http://www.w3.org/TR/xhtml1/DTD/xhtml1-transitional.dtd">
<html xmlns="http://www.w3.org/1999/xhtml" xml:lang="en" lang="en">
 <head>
  <title>
</title>
<meta http-equiv="Content-Type" content="text/html;charset=utf-8" />
  <meta name='ocr-system' content='tesseract 3.04.00' />
  <meta name='ocr-capabilities' content='ocr_page ocr_carea ocr_par ocr_line ocrx_word'/>
</head>
<body>
  <div class='ocr_page' id='page_1' title='image "./deveritatecathol00thomuoft_0368.png"; bbox 0 0 1894 3223; ppageno 0'>
   <div class='ocr_carea' id='block_1_1' title="bbox 115 55 1135 102">
    <p class='ocr_par' dir='ltr' id='par_1_1' title="bbox 115 55 1135 102">
     <span class='ocr_line' id='line_1_1' title="bbox 115 55 1135 102; baseline -0.005 -5"><span class='ocrx_word' id='word_1_1' title='bbox 115 61 182 100; x_wconf 80' lang='lat'>328</span> <span class='ocrx_word' id='word_1_2' title='bbox 724 59 813 94; x_wconf 90' lang='lat' dir='ltr'>LIB.</span> <span class='ocrx_word' id='word_1_3' title='bbox 841 57 906 102; x_wconf 87' lang='lat'>111,</span> <span class='ocrx_word' id='word_1_4' title='bbox 934 57 1036 94; x_wconf 75' lang='lat' dir='ltr'>CAP.</span> <span class='ocrx_word' id='word_1_5' title='bbox 1064 55 1135 93; x_wconf 87' lang='lat' dir='ltr'>LV.</span> 
     </span>
    </p>
   </div>
   <div class='ocr_carea' id='block_1_2' title="bbox 92 135 1739 326">
    <p class='ocr_par' dir='ltr' id='par_1_2' title="bbox 92 135 1739 326">
     <span class='ocr_line' id='line_1_2' title="bbox 115 135 1739 189; baseline -0.006 -8"><span class='ocrx_word' id='word_1_6' title='bbox 115 143 297 188; x_wconf 87' lang='lat' dir='ltr'>alterum,</span> <span class='ocrx_word' id='word_1_7' title='bbox 320 141 382 179; x_wconf 91' lang='lat' dir='ltr'>vel</span> <span class='ocrx_word' id='word_1_8' title='bbox 411 140 589 178; x_wconf 83' lang='lat' dir='ltr'>materiae</span> <span class='ocrx_word' id='word_1_9' title='bbox 608 139 660 176; x_wconf 87' lang='lat' dir='ltr'>ad</span> <span class='ocrx_word' id='word_1_10' title='bbox 686 139 856 176; x_wconf 86' lang='lat' dir='ltr'>formam</span> <span class='ocrx_word' id='word_1_11' title='bbox 881 138 944 174; x_wconf 91' lang='lat' dir='ltr'>vel</span> <span class='ocrx_word' id='word_1_12' title='bbox 975 147 1108 176; x_wconf 85' lang='lat' dir='ltr'>causae</span> <span class='ocrx_word' id='word_1_13' title='bbox 1133 138 1183 176; x_wconf 88' lang='lat' dir='ltr'>ad</span> <span class='ocrx_word' id='word_1_14' title='bbox 1203 137 1402 175; x_wconf 84' lang='lat' dir='ltr'>effectum.</span> <span class='ocrx_word' id='word_1_15' title='bbox 1426 136 1490 175; x_wconf 93' lang='lat' dir='ltr'>Sic</span> <span class='ocrx_word' id='word_1_16' title='bbox 1511 135 1618 189; x_wconf 88' lang='lat' dir='ltr'>enim</span> <span class='ocrx_word' id='word_1_17' title='bbox 1635 135 1739 189; x_wconf 78' lang='lat' dir='ltr'>nihil</span> 
     </span>
     <span class='ocr_line' id='line_1_3' title="bbox 115 183 1739 237; baseline -0.005 -10"><span class='ocrx_word' id='word_1_18' title='bbox 115 190 299 237; x_wconf 86' lang='lat' dir='ltr'>prohibet</span> <span class='ocrx_word' id='word_1_19' title='bbox 317 197 408 225; x_wconf 88' lang='lat' dir='ltr'>esse</span> <span class='ocrx_word' id='word_1_20' title='bbox 425 185 724 233; x_wconf 69' lang='lat' dir='ltr'>proportionem</span> <span class='ocrx_word' id='word_1_21' title='bbox 754 188 944 221; x_wconf 77' lang='lat' dir='ltr'>creaturae</span> <span class='ocrx_word' id='word_1_22' title='bbox 979 185 1028 222; x_wconf 90' lang='lat' dir='ltr'>ad</span> <span class='ocrx_word' id='word_1_23' title='bbox 1064 187 1188 222; x_wconf 91' lang='lat' dir='ltr'>Deum</span> <span class='ocrx_word' id='word_1_24' title='bbox 1214 185 1434 223; x_wconf 90' lang='lat' dir='ltr'>secundum</span> <span class='ocrx_word' id='word_1_25' title='bbox 1465 183 1739 221; x_wconf 84' lang='lat' dir='ltr'>habitudinem</span> 
     </span>
     <span class='ocr_line' id='line_1_4' title="bbox 92 230 1738 281; baseline -0.004 -8"><span class='ocrx_word' id='word_1_26' title='bbox 92 275 95 279; x_wconf 71' lang='grc'><strong>,</strong></span> <span class='ocrx_word' id='word_1_27' title='bbox 115 234 376 281; x_wconf 88' lang='lat' dir='ltr'>intelligentis</span> <span class='ocrx_word' id='word_1_28' title='bbox 398 234 448 270; x_wconf 89' lang='lat' dir='ltr'>ad</span> <span class='ocrx_word' id='word_1_29' title='bbox 469 233 732 275; x_wconf 84' lang='lat' dir='ltr'>intellectum,</span> <span class='ocrx_word' id='word_1_30' title='bbox 754 231 861 268; x_wconf 86' lang='lat' dir='ltr'>sicut</span> <span class='ocrx_word' id='word_1_31' title='bbox 880 232 998 268; x_wconf 88' lang='lat' dir='ltr'>etiam</span> <span class='ocrx_word' id='word_1_32' title='bbox 1022 232 1243 270; x_wconf 89' lang='lat' dir='ltr'>secundum</span> <span class='ocrx_word' id='word_1_33' title='bbox 1263 231 1538 270; x_wconf 83' lang='lat' dir='ltr'>habitudinem</span> <span class='ocrx_word' id='word_1_34' title='bbox 1571 230 1738 268; x_wconf 85' lang='lat' dir='ltr'>effectus</span> 
     </span>
     <span class='ocr_line' id='line_1_5' title="bbox 117 278 1197 326; baseline -0.004 -5"><span class='ocrx_word' id='word_1_35' title='bbox 117 283 166 321; x_wconf 89' lang='lat' dir='ltr'>ad</span> <span class='ocrx_word' id='word_1_36' title='bbox 180 289 356 319; x_wconf 86' lang='lat' dir='ltr'>causam.</span> <span class='ocrx_word' id='word_1_37' title='bbox 376 279 488 317; x_wconf 89' lang='lat' dir='ltr'>Unde</span> <span class='ocrx_word' id='word_1_38' title='bbox 504 282 612 326; x_wconf 89' lang='lat' dir='ltr'>patet</span> <span class='ocrx_word' id='word_1_39' title='bbox 629 279 779 316; x_wconf 86' lang='lat' dir='ltr'>solutio</span> <span class='ocrx_word' id='word_1_40' title='bbox 801 281 924 316; x_wconf 79' lang='lat' dir='ltr'>sextae</span> <span class='ocrx_word' id='word_1_41' title='bbox 943 278 1197 324; x_wconf 76' lang='lat' dir='ltr'>objectionis,</span> 
     </span>
    </p>
   </div>
   <div class='ocr_carea' id='block_1_3' title="bbox 791 424 1067 466">
    <p class='ocr_par' dir='ltr' id='par_1_3' title="bbox 791 424 1067 466">
     <span class='ocr_line' id='line_1_6' title="bbox 791 424 1067 466; baseline 0.004 -1"><span class='ocrx_word' id='word_1_42' title='bbox 791 424 959 466; x_wconf 82' lang='lat' dir='ltr'><strong>CAPUT</strong></span> <span class='ocrx_word' id='word_1_43' title='bbox 987 424 1067 466; x_wconf 85' lang='lat' dir='ltr'>LV.</span> 
     </span>
    </p>
   </div>
   <div class='ocr_carea' id='block_1_4' title="bbox 189 542 1666 581">
    <p class='ocr_par' dir='ltr' id='par_1_4' title="bbox 189 542 1666 581">
     <span class='ocr_line' id='line_1_7' title="bbox 189 542 1666 581; baseline -0.001 -7"><span class='ocrx_word' id='word_1_44' title='bbox 189 545 290 581; x_wconf 77' lang='lat'>01:01]</span> <span class='ocrx_word' id='word_1_45' title='bbox 316 543 551 573; x_wconf 69' lang='lat' dir='ltr'>1NTELECTFS</span> <span class='ocrx_word' id='word_1_46' title='bbox 578 543 752 573; x_wconf 79' lang='lat' dir='ltr'>CREATUS</span> <span class='ocrx_word' id='word_1_47' title='bbox 778 543 857 572; x_wconf 85' lang='lat' dir='ltr'>NON</span> <span class='ocrx_word' id='word_1_48' title='bbox 877 543 1177 573; x_wconf 74' lang='lat' dir='ltr'>COMPREHENDIT</span> <span class='ocrx_word' id='word_1_49' title='bbox 1194 542 1364 573; x_wconf 75' lang='lat' dir='ltr'>mVINAM</span> <span class='ocrx_word' id='word_1_50' title='bbox 1383 543 1666 573; x_wconf 76' lang='lat' dir='ltr'>SUBSTANTIAM.</span> 
     </span>
    </p>
   </div>
   <div class='ocr_carea' id='block_1_5' title="bbox 118 651 1748 2817">
    <p class='ocr_par' dir='ltr' id='par_1_5' title="bbox 118 651 1744 1591">
     <span class='ocr_line' id='line_1_8' title="bbox 165 651 1739 700; baseline -0.002 -8"><span class='ocrx_word' id='word_1_51' title='bbox 165 655 266 700; x_wconf 83' lang='lat' dir='ltr'>Quia</span> <span class='ocrx_word' id='word_1_52' title='bbox 283 663 376 692; x_wconf 88' lang='lat' dir='ltr'>vero</span> <span class='ocrx_word' id='word_1_53' title='bbox 397 651 611 699; x_wconf 85' lang='lat' dir='ltr'>cujuslibet</span> <span class='ocrx_word' id='word_1_54' title='bbox 630 652 801 689; x_wconf 88' lang='lat' dir='ltr'>actionis</span> <span class='ocrx_word' id='word_1_55' title='bbox 825 651 970 689; x_wconf 89' lang='lat' dir='ltr'>modus</span> <span class='ocrx_word' id='word_1_56' title='bbox 991 651 1172 698; x_wconf 86' lang='lat' dir='ltr'>sequitur</span> <span class='ocrx_word' id='word_1_57' title='bbox 1185 651 1403 689; x_wconf 83' lang='lat' dir='ltr'>efficaciam</span> <span class='ocrx_word' id='word_1_58' title='bbox 1419 652 1534 689; x_wconf 88' lang='lat' dir='ltr'>activi</span> <span class='ocrx_word' id='word_1_59' title='bbox 1549 651 1739 698; x_wconf 89' lang='lat' dir='ltr'>principii</span> 
     </span>
     <span class='ocr_line' id='line_1_9' title="bbox 119 698 1738 750; baseline -0.003 -10"><span class='ocrx_word' id='word_1_60' title='bbox 119 702 262 750; x_wconf 83' lang='lat' dir='ltr'>(magis</span> <span class='ocrx_word' id='word_1_61' title='bbox 284 702 387 738; x_wconf 89' lang='lat' dir='ltr'>enim</span> <span class='ocrx_word' id='word_1_62' title='bbox 406 699 598 739; x_wconf 86' lang='lat' dir='ltr'>calefacit,</span> <span class='ocrx_word' id='word_1_63' title='bbox 610 698 724 746; x_wconf 91' lang='lat' dir='ltr'>cujus</span> <span class='ocrx_word' id='word_1_64' title='bbox 745 699 854 736; x_wconf 88' lang='lat' dir='ltr'>calor</span> <span class='ocrx_word' id='word_1_65' title='bbox 869 699 1087 736; x_wconf 81' lang='lat' dir='ltr'>virtuosior</span> <span class='ocrx_word' id='word_1_66' title='bbox 1113 698 1202 746; x_wconf 91' lang='lat' dir='ltr'>est),</span> <span class='ocrx_word' id='word_1_67' title='bbox 1216 702 1369 745; x_wconf 82' lang='lat' dir='ltr'>oportet</span> <span class='ocrx_word' id='word_1_68' title='bbox 1389 699 1496 746; x_wconf 86' lang='lat' dir='ltr'>quod</span> <span class='ocrx_word' id='word_1_69' title='bbox 1514 700 1633 736; x_wconf 89' lang='lat' dir='ltr'>etiam</span> <span class='ocrx_word' id='word_1_70' title='bbox 1653 709 1738 736; x_wconf 90' lang='lat' dir='ltr'>mo·</span> 
     </span>
     <span class='ocr_line' id='line_1_10' title="bbox 118 745 1740 795; baseline -0.003 -8"><span class='ocrx_word' id='word_1_71' title='bbox 118 750 194 788; x_wconf 89' lang='lat' dir='ltr'>dus</span> <span class='ocrx_word' id='word_1_72' title='bbox 215 747 458 795; x_wconf 83' lang='lat' dir='ltr'>cognitionis</span> <span class='ocrx_word' id='word_1_73' title='bbox 479 750 669 793; x_wconf 85' lang='lat' dir='ltr'>sequatur</span> <span class='ocrx_word' id='word_1_74' title='bbox 687 745 905 783; x_wconf 84' lang='lat' dir='ltr'>efficaciam</span> <span class='ocrx_word' id='word_1_75' title='bbox 929 745 1113 792; x_wconf 89' lang='lat' dir='ltr'>principii</span> <span class='ocrx_word' id='word_1_76' title='bbox 1130 745 1413 793; x_wconf 88' lang='lat' dir='ltr'>cognoscendi.</span> <span class='ocrx_word' id='word_1_77' title='bbox 1434 747 1582 782; x_wconf 88' lang='lat' dir='ltr'>Lumen</span> <span class='ocrx_word' id='word_1_78' title='bbox 1604 749 1740 782; x_wconf 88' lang='lat' dir='ltr'>autem</span> 
     </span>
     <span class='ocr_line' id='line_1_11' title="bbox 118 793 1741 844; baseline -0.002 -11"><span class='ocrx_word' id='word_1_79' title='bbox 118 796 350 844; x_wconf 88' lang='lat' dir='ltr'>praedictum</span> <span class='ocrx_word' id='word_1_80' title='bbox 381 797 443 832; x_wconf 89' lang='lat' dir='ltr'>est</span> <span class='ocrx_word' id='word_1_81' title='bbox 469 793 667 841; x_wconf 81' lang='lat' dir='ltr'>quoddam</span> <span class='ocrx_word' id='word_1_82' title='bbox 701 793 844 830; x_wconf 84' lang='lat' dir='ltr'>divinae</span> <span class='ocrx_word' id='word_1_83' title='bbox 868 793 1112 840; x_wconf 83' lang='lat' dir='ltr'>cognitionis</span> <span class='ocrx_word' id='word_1_84' title='bbox 1131 793 1388 839; x_wconf 88' lang='lat' dir='ltr'>principium,</span> <span class='ocrx_word' id='word_1_85' title='bbox 1411 801 1500 829; x_wconf 90' lang='lat' dir='ltr'>cum</span> <span class='ocrx_word' id='word_1_86' title='bbox 1518 802 1587 838; x_wconf 90' lang='lat' dir='ltr'>per</span> <span class='ocrx_word' id='word_1_87' title='bbox 1607 793 1741 838; x_wconf 88' lang='lat' dir='ltr'>ipsum</span> 
     </span>
     <span class='ocr_line' id='line_1_12' title="bbox 119 839 1743 886; baseline -0.004 -5"><span class='ocrx_word' id='word_1_88' title='bbox 119 844 293 882; x_wconf 86' lang='lat' dir='ltr'>elevetur</span> <span class='ocrx_word' id='word_1_89' title='bbox 324 842 551 879; x_wconf 87' lang='lat' dir='ltr'>intellectus</span> <span class='ocrx_word' id='word_1_90' title='bbox 583 843 739 877; x_wconf 84' lang='lat' dir='ltr'>creatus</span> <span class='ocrx_word' id='word_1_91' title='bbox 771 840 818 877; x_wconf 89' lang='lat' dir='ltr'>ad</span> <span class='ocrx_word' id='word_1_92' title='bbox 853 839 1027 877; x_wconf 89' lang='lat' dir='ltr'>divinam</span> <span class='ocrx_word' id='word_1_93' title='bbox 1049 840 1314 877; x_wconf 88' lang='lat' dir='ltr'>substantiam</span> <span class='ocrx_word' id='word_1_94' title='bbox 1332 839 1558 876; x_wconf 89' lang='lat' dir='ltr'>videndam.</span> <span class='ocrx_word' id='word_1_95' title='bbox 1580 841 1743 886; x_wconf 89' lang='lat' dir='ltr'>Oportet</span> 
     </span>
     <span class='ocr_line' id='line_1_13' title="bbox 119 886 1739 937; baseline -0.002 -10"><span class='ocrx_word' id='word_1_96' title='bbox 119 899 214 937; x_wconf 83' lang='lat' dir='ltr'>ergo</span> <span class='ocrx_word' id='word_1_97' title='bbox 235 889 341 936; x_wconf 89' lang='lat' dir='ltr'>quod</span> <span class='ocrx_word' id='word_1_98' title='bbox 361 888 506 926; x_wconf 89' lang='lat' dir='ltr'>modus</span> <span class='ocrx_word' id='word_1_99' title='bbox 528 887 671 924; x_wconf 85' lang='lat' dir='ltr'>divinae</span> <span class='ocrx_word' id='word_1_100' title='bbox 701 886 873 924; x_wconf 81' lang='lat' dir='ltr'>visionis</span> <span class='ocrx_word' id='word_1_101' title='bbox 897 891 1240 924; x_wconf 89' lang='lat' dir='ltr'>commensuretur</span> <span class='ocrx_word' id='word_1_102' title='bbox 1258 887 1392 924; x_wconf 85' lang='lat' dir='ltr'>virtuti</span> <span class='ocrx_word' id='word_1_103' title='bbox 1423 887 1598 933; x_wconf 86' lang='lat' dir='ltr'>praedicti</span> <span class='ocrx_word' id='word_1_104' title='bbox 1622 886 1739 923; x_wconf 90' lang='lat' dir='ltr'>lumi-</span> 
     </span>
     <span class='ocr_line' id='line_1_14' title="bbox 119 933 1742 980; baseline -0.002 -6"><span class='ocrx_word' id='word_1_105' title='bbox 119 938 197 974; x_wconf 89' lang='lat' dir='ltr'>nis.</span> <span class='ocrx_word' id='word_1_106' title='bbox 229 938 376 974; x_wconf 88' lang='lat' dir='ltr'>Lumen</span> <span class='ocrx_word' id='word_1_107' title='bbox 399 938 529 973; x_wconf 89' lang='lat' dir='ltr'>autem</span> <span class='ocrx_word' id='word_1_108' title='bbox 550 934 781 980; x_wconf 83' lang='lat' dir='ltr'>praedictum</span> <span class='ocrx_word' id='word_1_109' title='bbox 802 934 971 971; x_wconf 85' lang='lat' dir='ltr'>multum</span> <span class='ocrx_word' id='word_1_110' title='bbox 986 933 1117 971; x_wconf 87' lang='lat' dir='ltr'>deficit</span> <span class='ocrx_word' id='word_1_111' title='bbox 1148 934 1189 971; x_wconf 95' lang='lat' dir='ltr'>in</span> <span class='ocrx_word' id='word_1_112' title='bbox 1209 934 1352 971; x_wconf 89' lang='lat' dir='ltr'>virtute</span> <span class='ocrx_word' id='word_1_113' title='bbox 1374 943 1396 970; x_wconf 87' lang='lat' dir='ltr'>a</span> <span class='ocrx_word' id='word_1_114' title='bbox 1416 934 1593 970; x_wconf 90' lang='lat' dir='ltr'>claritate</span> <span class='ocrx_word' id='word_1_115' title='bbox 1614 933 1742 970; x_wconf 83' lang='lat' dir='ltr'>divini</span> 
     </span>
     <span class='ocr_line' id='line_1_15' title="bbox 118 980 1742 1028; baseline -0.002 -7"><span class='ocrx_word' id='word_1_116' title='bbox 118 983 358 1022; x_wconf 87' lang='lat' dir='ltr'>intellectus.</span> <span class='ocrx_word' id='word_1_117' title='bbox 379 981 633 1028; x_wconf 87' lang='lat' dir='ltr'>Impossibile</span> <span class='ocrx_word' id='word_1_118' title='bbox 653 984 713 1018; x_wconf 89' lang='lat' dir='ltr'>est</span> <span class='ocrx_word' id='word_1_119' title='bbox 733 990 840 1028; x_wconf 87' lang='lat' dir='ltr'>ergo,</span> <span class='ocrx_word' id='word_1_120' title='bbox 864 981 970 1028; x_wconf 90' lang='lat' dir='ltr'>quod</span> <span class='ocrx_word' id='word_1_121' title='bbox 987 990 1057 1027; x_wconf 92' lang='lat' dir='ltr'>per</span> <span class='ocrx_word' id='word_1_122' title='bbox 1077 981 1307 1028; x_wconf 91' lang='lat' dir='ltr'>hujusmodi</span> <span class='ocrx_word' id='word_1_123' title='bbox 1326 982 1461 1018; x_wconf 89' lang='lat' dir='ltr'>lumen</span> <span class='ocrx_word' id='word_1_124' title='bbox 1488 981 1543 1017; x_wconf 91' lang='lat' dir='ltr'>ita</span> <span class='ocrx_word' id='word_1_125' title='bbox 1568 980 1742 1026; x_wconf 81' lang='lat' dir='ltr'>perfecte</span> 
     </span>
     <span class='ocr_line' id='line_1_16' title="bbox 121 1027 1742 1073; baseline -0.002 -5"><span class='ocrx_word' id='word_1_126' title='bbox 121 1031 253 1069; x_wconf 79' lang='lat' dir='ltr'>divina</span> <span class='ocrx_word' id='word_1_127' title='bbox 274 1029 499 1068; x_wconf 88' lang='lat' dir='ltr'>substantia</span> <span class='ocrx_word' id='word_1_128' title='bbox 512 1028 705 1073; x_wconf 88' lang='lat' dir='ltr'>videatur,</span> <span class='ocrx_word' id='word_1_129' title='bbox 729 1028 833 1065; x_wconf 88' lang='lat' dir='ltr'>sicut</span> <span class='ocrx_word' id='word_1_130' title='bbox 853 1038 938 1065; x_wconf 91' lang='lat' dir='ltr'>eam</span> <span class='ocrx_word' id='word_1_131' title='bbox 952 1028 1058 1066; x_wconf 90' lang='lat' dir='ltr'>videt</span> <span class='ocrx_word' id='word_1_132' title='bbox 1077 1029 1301 1066; x_wconf 88' lang='lat' dir='ltr'>intellectus</span> <span class='ocrx_word' id='word_1_133' title='bbox 1315 1028 1487 1065; x_wconf 86' lang='lat' dir='ltr'>divinus.</span> <span class='ocrx_word' id='word_1_134' title='bbox 1510 1027 1742 1065; x_wconf 86' lang='lat' dir='ltr'>Intellectus</span> 
     </span>
     <span class='ocr_line' id='line_1_17' title="bbox 120 1074 1741 1122; baseline -0.003 -7"><span class='ocrx_word' id='word_1_135' title='bbox 120 1082 250 1115; x_wconf 89' lang='lat' dir='ltr'>autem</span> <span class='ocrx_word' id='word_1_136' title='bbox 273 1078 433 1114; x_wconf 89' lang='lat' dir='ltr'>divinus</span> <span class='ocrx_word' id='word_1_137' title='bbox 454 1075 717 1114; x_wconf 81' lang='lat' dir='ltr'>substantiam</span> <span class='ocrx_word' id='word_1_138' title='bbox 734 1075 842 1112; x_wconf 85' lang='lat' dir='ltr'>illam</span> <span class='ocrx_word' id='word_1_139' title='bbox 861 1076 968 1112; x_wconf 89' lang='lat' dir='ltr'>videt</span> <span class='ocrx_word' id='word_1_140' title='bbox 988 1076 1043 1112; x_wconf 89' lang='lat' dir='ltr'>ita</span> <span class='ocrx_word' id='word_1_141' title='bbox 1063 1075 1248 1122; x_wconf 86' lang='lat' dir='ltr'>perfecte,</span> <span class='ocrx_word' id='word_1_142' title='bbox 1265 1076 1369 1113; x_wconf 87' lang='lat' dir='ltr'>sicut</span> <span class='ocrx_word' id='word_1_143' title='bbox 1382 1075 1552 1121; x_wconf 90' lang='lat' dir='ltr'>perfecte</span> <span class='ocrx_word' id='word_1_144' title='bbox 1566 1074 1741 1112; x_wconf 89' lang='lat' dir='ltr'>visibilis</span> 
     </span>
     <span class='ocr_line' id='line_1_18' title="bbox 121 1121 1742 1169; baseline -0.002 -7"><span class='ocrx_word' id='word_1_145' title='bbox 121 1129 194 1169; x_wconf 86' lang='lat' dir='ltr'>est,</span> <span class='ocrx_word' id='word_1_146' title='bbox 215 1125 360 1161; x_wconf 80' lang='lat' dir='ltr'>veritas</span> <span class='ocrx_word' id='word_1_147' title='bbox 395 1123 501 1160; x_wconf 89' lang='lat' dir='ltr'>enim</span> <span class='ocrx_word' id='word_1_148' title='bbox 536 1122 678 1159; x_wconf 85' lang='lat' dir='ltr'>divinae</span> <span class='ocrx_word' id='word_1_149' title='bbox 709 1122 942 1159; x_wconf 85' lang='lat' dir='ltr'>substantiae</span> <span class='ocrx_word' id='word_1_150' title='bbox 970 1126 1007 1159; x_wconf 90' lang='lat' dir='ltr'>et</span> <span class='ocrx_word' id='word_1_151' title='bbox 1038 1123 1197 1159; x_wconf 80' lang='lat' dir='ltr'>claritas</span> <span class='ocrx_word' id='word_1_152' title='bbox 1232 1122 1457 1159; x_wconf 90' lang='lat' dir='ltr'>intellectus</span> <span class='ocrx_word' id='word_1_153' title='bbox 1487 1121 1610 1158; x_wconf 90' lang='lat' dir='ltr'>divini</span> <span class='ocrx_word' id='word_1_154' title='bbox 1647 1124 1742 1158; x_wconf 86' lang='lat' dir='ltr'>sunt</span> 
     </span>
     <span class='ocr_line' id='line_1_19' title="bbox 121 1168 1740 1218; baseline -0.002 -9"><span class='ocrx_word' id='word_1_155' title='bbox 121 1172 306 1218; x_wconf 85' lang='lat' dir='ltr'>aequalia,</span> <span class='ocrx_word' id='word_1_156' title='bbox 345 1171 426 1208; x_wconf 89' lang='lat' dir='ltr'>imo</span> <span class='ocrx_word' id='word_1_157' title='bbox 444 1169 573 1217; x_wconf 84' lang='lat' dir='ltr'>magis</span> <span class='ocrx_word' id='word_1_158' title='bbox 597 1172 691 1206; x_wconf 89' lang='lat' dir='ltr'>sunt</span> <span class='ocrx_word' id='word_1_159' title='bbox 710 1178 848 1206; x_wconf 85' lang='lat' dir='ltr'>unum.</span> <span class='ocrx_word' id='word_1_160' title='bbox 872 1169 1124 1215; x_wconf 88' lang='lat' dir='ltr'>Impossibile</span> <span class='ocrx_word' id='word_1_161' title='bbox 1143 1173 1204 1206; x_wconf 87' lang='lat' dir='ltr'>est</span> <span class='ocrx_word' id='word_1_162' title='bbox 1231 1170 1365 1216; x_wconf 88' lang='lat' dir='ltr'>igitur,</span> <span class='ocrx_word' id='word_1_163' title='bbox 1388 1168 1493 1215; x_wconf 90' lang='lat' dir='ltr'>quod</span> <span class='ocrx_word' id='word_1_164' title='bbox 1512 1168 1740 1205; x_wconf 90' lang='lat' dir='ltr'>intellectus</span> 
     </span>
     <span class='ocr_line' id='line_1_20' title="bbox 121 1215 1743 1264; baseline -0.002 -9"><span class='ocrx_word' id='word_1_165' title='bbox 121 1221 278 1256; x_wconf 87' lang='lat' dir='ltr'>creatus</span> <span class='ocrx_word' id='word_1_166' title='bbox 295 1218 510 1264; x_wconf 84' lang='lat' dir='ltr'>perlumen</span> <span class='ocrx_word' id='word_1_167' title='bbox 526 1215 758 1262; x_wconf 89' lang='lat' dir='ltr'>praedictum</span> <span class='ocrx_word' id='word_1_168' title='bbox 774 1216 906 1253; x_wconf 88' lang='lat' dir='ltr'>videat</span> <span class='ocrx_word' id='word_1_169' title='bbox 916 1216 1089 1253; x_wconf 88' lang='lat' dir='ltr'>divinam</span> <span class='ocrx_word' id='word_1_170' title='bbox 1106 1216 1370 1254; x_wconf 84' lang='lat' dir='ltr'>substantiam</span> <span class='ocrx_word' id='word_1_171' title='bbox 1384 1217 1438 1252; x_wconf 89' lang='lat' dir='ltr'>ita</span> <span class='ocrx_word' id='word_1_172' title='bbox 1452 1215 1624 1262; x_wconf 83' lang='lat' dir='ltr'>perfecte</span> <span class='ocrx_word' id='word_1_173' title='bbox 1637 1216 1743 1253; x_wconf 87' lang='lat' dir='ltr'>sicut</span> 
     </span>
     <span class='ocr_line' id='line_1_21' title="bbox 120 1263 1742 1312; baseline -0.002 -9"><span class='ocrx_word' id='word_1_174' title='bbox 120 1265 292 1312; x_wconf 86' lang='lat' dir='ltr'>perfecte</span> <span class='ocrx_word' id='word_1_175' title='bbox 302 1269 363 1302; x_wconf 89' lang='lat' dir='ltr'>est</span> <span class='ocrx_word' id='word_1_176' title='bbox 376 1264 563 1301; x_wconf 87' lang='lat' dir='ltr'>visibilis.</span> <span class='ocrx_word' id='word_1_177' title='bbox 587 1263 710 1300; x_wconf 87' lang='lat' dir='ltr'>Omne</span> <span class='ocrx_word' id='word_1_178' title='bbox 724 1266 854 1300; x_wconf 87' lang='lat' dir='ltr'>autem</span> <span class='ocrx_word' id='word_1_179' title='bbox 868 1263 973 1310; x_wconf 88' lang='lat' dir='ltr'>quod</span> <span class='ocrx_word' id='word_1_180' title='bbox 986 1263 1333 1309; x_wconf 85' lang='lat' dir='ltr'>comprehenditur</span> <span class='ocrx_word' id='word_1_181' title='bbox 1343 1263 1390 1300; x_wconf 90' lang='lat' dir='ltr'>ab</span> <span class='ocrx_word' id='word_1_182' title='bbox 1404 1263 1483 1300; x_wconf 88' lang='lat' dir='ltr'>alio</span> <span class='ocrx_word' id='word_1_183' title='bbox 1496 1271 1742 1310; x_wconf 87' lang='lat' dir='ltr'>cognoscen-</span> 
     </span>
     <span class='ocr_line' id='line_1_22' title="bbox 119 1309 1742 1359; baseline -0.001 -10"><span class='ocrx_word' id='word_1_184' title='bbox 119 1317 172 1357; x_wconf 84' lang='lat' dir='ltr'>te,</span> <span class='ocrx_word' id='word_1_185' title='bbox 183 1312 441 1359; x_wconf 82' lang='lat' dir='ltr'>cognoscitur</span> <span class='ocrx_word' id='word_1_186' title='bbox 452 1310 556 1348; x_wconf 87' lang='lat' dir='ltr'>abeo</span> <span class='ocrx_word' id='word_1_187' title='bbox 567 1310 621 1347; x_wconf 89' lang='lat' dir='ltr'>ita</span> <span class='ocrx_word' id='word_1_188' title='bbox 632 1310 802 1356; x_wconf 84' lang='lat' dir='ltr'>perfecte</span> <span class='ocrx_word' id='word_1_189' title='bbox 818 1311 921 1347; x_wconf 89' lang='lat' dir='ltr'>sicut</span> <span class='ocrx_word' id='word_1_190' title='bbox 936 1310 1207 1357; x_wconf 83' lang='lat' dir='ltr'>cognoscibile</span> <span class='ocrx_word' id='word_1_191' title='bbox 1218 1314 1290 1347; x_wconf 90' lang='lat' dir='ltr'>est.</span> <span class='ocrx_word' id='word_1_192' title='bbox 1304 1311 1377 1355; x_wconf 86' lang='lat' dir='ltr'>Qui</span> <span class='ocrx_word' id='word_1_193' title='bbox 1389 1310 1494 1347; x_wconf 90' lang='lat' dir='ltr'>enim</span> <span class='ocrx_word' id='word_1_194' title='bbox 1510 1310 1619 1346; x_wconf 89' lang='lat' dir='ltr'>novit</span> <span class='ocrx_word' id='word_1_195' title='bbox 1634 1309 1742 1357; x_wconf 89' lang='lat' dir='ltr'>quod</span> 
     </span>
     <span class='ocr_line' id='line_1_23' title="bbox 119 1356 1742 1405; baseline -0.002 -9"><span class='ocrx_word' id='word_1_196' title='bbox 119 1359 347 1405; x_wconf 75' lang='lat' dir='ltr'>triangulus</span> <span class='ocrx_word' id='word_1_197' title='bbox 385 1358 503 1395; x_wconf 88' lang='lat' dir='ltr'>habet</span> <span class='ocrx_word' id='word_1_198' title='bbox 536 1360 618 1394; x_wconf 89' lang='lat' dir='ltr'>tres</span> <span class='ocrx_word' id='word_1_199' title='bbox 656 1357 826 1403; x_wconf 89' lang='lat' dir='ltr'>angulos</span> <span class='ocrx_word' id='word_1_200' title='bbox 858 1357 1031 1404; x_wconf 82' lang='lat' dir='ltr'>aequales</span> <span class='ocrx_word' id='word_1_201' title='bbox 1063 1357 1219 1394; x_wconf 90' lang='lat' dir='ltr'>duobus</span> <span class='ocrx_word' id='word_1_202' title='bbox 1251 1357 1372 1394; x_wconf 91' lang='lat' dir='ltr'>rectis</span> <span class='ocrx_word' id='word_1_203' title='bbox 1401 1357 1517 1404; x_wconf 88' lang='lat' dir='ltr'>quasi</span> <span class='ocrx_word' id='word_1_204' title='bbox 1538 1356 1742 1402; x_wconf 88' lang='lat' dir='ltr'>opinabile</span> 
     </span>
     <span class='ocr_line' id='line_1_24' title="bbox 121 1403 1742 1453; baseline -0.001 -11"><span class='ocrx_word' id='word_1_205' title='bbox 121 1406 320 1453; x_wconf 88' lang='lat' dir='ltr'>quoddam</span> <span class='ocrx_word' id='word_1_206' title='bbox 339 1404 549 1451; x_wconf 70' lang='lat' dir='ltr'>‘probabili</span> <span class='ocrx_word' id='word_1_207' title='bbox 579 1403 733 1441; x_wconf 89' lang='lat' dir='ltr'>ratione</span> <span class='ocrx_word' id='word_1_208' title='bbox 768 1404 861 1451; x_wconf 90' lang='lat' dir='ltr'>quia</span> <span class='ocrx_word' id='word_1_209' title='bbox 893 1404 950 1441; x_wconf 90' lang='lat' dir='ltr'>sic</span> <span class='ocrx_word' id='word_1_210' title='bbox 971 1414 993 1441; x_wconf 91' lang='lat' dir='ltr'>a</span> <span class='ocrx_word' id='word_1_211' title='bbox 1015 1404 1262 1450; x_wconf 87' lang='lat' dir='ltr'>sapientibus</span> <span class='ocrx_word' id='word_1_212' title='bbox 1283 1404 1439 1447; x_wconf 89' lang='lat' dir='ltr'>dicitur,</span> <span class='ocrx_word' id='word_1_213' title='bbox 1462 1404 1642 1440; x_wconf 90' lang='lat' dir='ltr'>nondum</span> <span class='ocrx_word' id='word_1_214' title='bbox 1663 1403 1742 1440; x_wconf 90' lang='lat' dir='ltr'>hoc</span> 
     </span>
     <span class='ocr_line' id='line_1_25' title="bbox 121 1450 1744 1498; baseline -0.002 -8"><span class='ocrx_word' id='word_1_215' title='bbox 121 1452 443 1498; x_wconf 81' lang='lat' dir='ltr'>comprehendit3</span> <span class='ocrx_word' id='word_1_216' title='bbox 473 1450 543 1488; x_wconf 91' lang='lat' dir='ltr'>sed</span> <span class='ocrx_word' id='word_1_217' title='bbox 564 1450 695 1488; x_wconf 88' lang='lat' dir='ltr'>solum</span> <span class='ocrx_word' id='word_1_218' title='bbox 719 1450 799 1495; x_wconf 91' lang='lat' dir='ltr'>ille,</span> <span class='ocrx_word' id='word_1_219' title='bbox 823 1451 889 1497; x_wconf 91' lang='lat' dir='ltr'>qui</span> <span class='ocrx_word' id='word_1_220' title='bbox 911 1451 987 1488; x_wconf 91' lang='lat' dir='ltr'>hoc</span> <span class='ocrx_word' id='word_1_221' title='bbox 1007 1451 1115 1488; x_wconf 89' lang='lat' dir='ltr'>novit</span> <span class='ocrx_word' id='word_1_222' title='bbox 1135 1451 1250 1498; x_wconf 86' lang='lat' dir='ltr'>quasi</span> <span class='ocrx_word' id='word_1_223' title='bbox 1276 1451 1475 1498; x_wconf 85' lang='lat' dir='ltr'>quoddam</span> <span class='ocrx_word' id='word_1_224' title='bbox 1495 1450 1650 1495; x_wconf 89' lang='lat' dir='ltr'>scibile,</span> <span class='ocrx_word' id='word_1_225' title='bbox 1671 1459 1744 1496; x_wconf 89' lang='lat' dir='ltr'>per</span> 
     </span>
     <span class='ocr_line' id='line_1_26' title="bbox 120 1497 1743 1546; baseline -0.001 -10"><span class='ocrx_word' id='word_1_226' title='bbox 120 1500 294 1536; x_wconf 89' lang='lat' dir='ltr'>medium</span> <span class='ocrx_word' id='word_1_227' title='bbox 317 1499 421 1546; x_wconf 89' lang='lat' dir='ltr'>quod</span> <span class='ocrx_word' id='word_1_228' title='bbox 443 1502 503 1535; x_wconf 89' lang='lat' dir='ltr'>est</span> <span class='ocrx_word' id='word_1_229' title='bbox 523 1506 658 1535; x_wconf 89' lang='lat' dir='ltr'>causa.</span> <span class='ocrx_word' id='word_1_230' title='bbox 679 1497 930 1543; x_wconf 86' lang='lat' dir='ltr'>impossibile</span> <span class='ocrx_word' id='word_1_231' title='bbox 951 1501 1011 1535; x_wconf 90' lang='lat' dir='ltr'>est</span> <span class='ocrx_word' id='word_1_232' title='bbox 1036 1498 1159 1546; x_wconf 87' lang='lat' dir='ltr'>igitur</span> <span class='ocrx_word' id='word_1_233' title='bbox 1185 1499 1292 1545; x_wconf 87' lang='lat' dir='ltr'>quod</span> <span class='ocrx_word' id='word_1_234' title='bbox 1330 1498 1558 1535; x_wconf 88' lang='lat' dir='ltr'>intellectus</span> <span class='ocrx_word' id='word_1_235' title='bbox 1584 1501 1743 1535; x_wconf 88' lang='lat' dir='ltr'>creatus</span> 
     </span>
     <span class='ocr_line' id='line_1_27' title="bbox 121 1545 925 1591; baseline -0.002 -8"><span class='ocrx_word' id='word_1_236' title='bbox 121 1547 295 1584; x_wconf 87' lang='lat' dir='ltr'>divinam</span> <span class='ocrx_word' id='word_1_237' title='bbox 315 1545 581 1583; x_wconf 89' lang='lat' dir='ltr'>substantiam</span> <span class='ocrx_word' id='word_1_238' title='bbox 600 1545 925 1591; x_wconf 87' lang='lat' dir='ltr'>comprehendat.</span> 
     </span>
    </p>

    <p class='ocr_par' dir='ltr' id='par_1_6' title="bbox 119 1590 1744 1922">
     <span class='ocr_line' id='line_1_28' title="bbox 167 1590 1744 1639; baseline 0 -9"><span class='ocrx_word' id='word_1_239' title='bbox 167 1593 311 1634; x_wconf 79' lang='lat' dir='ltr'>Adhuc,</span> <span class='ocrx_word' id='word_1_240' title='bbox 332 1593 458 1629; x_wconf 87' lang='lat' dir='ltr'>virtus</span> <span class='ocrx_word' id='word_1_241' title='bbox 483 1591 596 1630; x_wconf 90' lang='lat' dir='ltr'>finita</span> <span class='ocrx_word' id='word_1_242' title='bbox 623 1600 705 1629; x_wconf 90' lang='lat' dir='ltr'>non</span> <span class='ocrx_word' id='word_1_243' title='bbox 733 1595 864 1639; x_wconf 90' lang='lat' dir='ltr'>potest</span> <span class='ocrx_word' id='word_1_244' title='bbox 898 1592 1105 1639; x_wconf 86' lang='lat' dir='ltr'>adaequare</span> <span class='ocrx_word' id='word_1_245' title='bbox 1136 1592 1177 1629; x_wconf 90' lang='lat' dir='ltr'>in</span> <span class='ocrx_word' id='word_1_246' title='bbox 1199 1602 1273 1630; x_wconf 88' lang='lat' dir='ltr'>sua</span> <span class='ocrx_word' id='word_1_247' title='bbox 1292 1592 1523 1639; x_wconf 85' lang='lat' dir='ltr'>operatione</span> <span class='ocrx_word' id='word_1_248' title='bbox 1542 1590 1744 1638; x_wconf 88' lang='lat' dir='ltr'>objectum</span> 
     </span>
     <span class='ocr_line' id='line_1_29' title="bbox 120 1638 1743 1686; baseline 0 -10"><span class='ocrx_word' id='word_1_249' title='bbox 120 1638 320 1678; x_wconf 75' lang='lat' dir='ltr'>infiniffim</span> <span class='ocrx_word' id='word_1_250' title='bbox 352 1639 577 1677; x_wconf 87' lang='lat' dir='ltr'>substantia</span> <span class='ocrx_word' id='word_1_251' title='bbox 607 1642 738 1676; x_wconf 88' lang='lat' dir='ltr'>autem</span> <span class='ocrx_word' id='word_1_252' title='bbox 771 1639 906 1676; x_wconf 82' lang='lat' dir='ltr'>divina.</span> <span class='ocrx_word' id='word_1_253' title='bbox 924 1643 983 1676; x_wconf 87' lang='lat' dir='ltr'>est</span> <span class='ocrx_word' id='word_1_254' title='bbox 1004 1639 1203 1686; x_wconf 88' lang='lat' dir='ltr'>quoddam</span> <span class='ocrx_word' id='word_1_255' title='bbox 1224 1638 1424 1676; x_wconf 89' lang='lat' dir='ltr'>infinitum</span> <span class='ocrx_word' id='word_1_256' title='bbox 1445 1649 1513 1686; x_wconf 89' lang='lat' dir='ltr'>per</span> <span class='ocrx_word' id='word_1_257' title='bbox 1536 1648 1743 1686; x_wconf 87' lang='lat' dir='ltr'>compara-</span> 
     </span>
     <span class='ocr_line' id='line_1_30' title="bbox 119 1686 1742 1731; baseline -0.001 -7"><span class='ocrx_word' id='word_1_258' title='bbox 119 1688 269 1724; x_wconf 84' lang='lat' dir='ltr'>tionem</span> <span class='ocrx_word' id='word_1_259' title='bbox 299 1686 346 1724; x_wconf 89' lang='lat' dir='ltr'>ad</span> <span class='ocrx_word' id='word_1_260' title='bbox 367 1695 526 1724; x_wconf 90' lang='lat' dir='ltr'>omnem</span> <span class='ocrx_word' id='word_1_261' title='bbox 558 1686 804 1723; x_wconf 88' lang='lat' dir='ltr'>intellectum</span> <span class='ocrx_word' id='word_1_262' title='bbox 827 1690 1017 1731; x_wconf 86' lang='lat' dir='ltr'>creatum,</span> <span class='ocrx_word' id='word_1_263' title='bbox 1039 1696 1129 1724; x_wconf 89' lang='lat' dir='ltr'>cum</span> <span class='ocrx_word' id='word_1_264' title='bbox 1157 1687 1290 1724; x_wconf 90' lang='lat' dir='ltr'>omnis</span> <span class='ocrx_word' id='word_1_265' title='bbox 1324 1687 1552 1723; x_wconf 86' lang='lat' dir='ltr'>intellectus</span> <span class='ocrx_word' id='word_1_266' title='bbox 1583 1689 1742 1724; x_wconf 88' lang='lat' dir='ltr'>creatus</span> 
     </span>
     <span class='ocr_line' id='line_1_31' title="bbox 121 1733 1742 1781; baseline -0.001 -10"><span class='ocrx_word' id='word_1_267' title='bbox 121 1735 195 1772; x_wconf 88' lang='lat' dir='ltr'>sub</span> <span class='ocrx_word' id='word_1_268' title='bbox 216 1738 322 1771; x_wconf 86' lang='lat' dir='ltr'>certa</span> <span class='ocrx_word' id='word_1_269' title='bbox 336 1734 467 1780; x_wconf 91' lang='lat' dir='ltr'>specie</span> <span class='ocrx_word' id='word_1_270' title='bbox 486 1733 733 1770; x_wconf 89' lang='lat' dir='ltr'>terminetur.</span> <span class='ocrx_word' id='word_1_271' title='bbox 755 1734 1008 1779; x_wconf 87' lang='lat' dir='ltr'>Impossibile</span> <span class='ocrx_word' id='word_1_272' title='bbox 1030 1738 1089 1771; x_wconf 87' lang='lat' dir='ltr'>est</span> <span class='ocrx_word' id='word_1_273' title='bbox 1106 1743 1200 1781; x_wconf 86' lang='lat' dir='ltr'>ergo</span> <span class='ocrx_word' id='word_1_274' title='bbox 1221 1733 1328 1781; x_wconf 90' lang='lat' dir='ltr'>quod</span> <span class='ocrx_word' id='word_1_275' title='bbox 1353 1734 1456 1771; x_wconf 86' lang='lat' dir='ltr'>visio</span> <span class='ocrx_word' id='word_1_276' title='bbox 1489 1733 1660 1779; x_wconf 91' lang='lat' dir='ltr'>alicujus</span> <span class='ocrx_word' id='word_1_277' title='bbox 1680 1733 1742 1769; x_wconf 90' lang='lat' dir='ltr'>in·</span> 
     </span>
     <span class='ocr_line' id='line_1_32' title="bbox 119 1780 1742 1828; baseline -0.001 -10"><span class='ocrx_word' id='word_1_278' title='bbox 119 1782 302 1818; x_wconf 88' lang='lat' dir='ltr'>tellectus</span> <span class='ocrx_word' id='word_1_279' title='bbox 333 1781 453 1818; x_wconf 90' lang='lat' dir='ltr'>creati</span> <span class='ocrx_word' id='word_1_280' title='bbox 484 1780 662 1828; x_wconf 74' lang='lat' dir='ltr'>adaequet</span> <span class='ocrx_word' id='word_1_281' title='bbox 678 1780 721 1817; x_wconf 92' lang='lat' dir='ltr'>in</span> <span class='ocrx_word' id='word_1_282' title='bbox 739 1780 911 1818; x_wconf 87' lang='lat' dir='ltr'>videndo</span> <span class='ocrx_word' id='word_1_283' title='bbox 936 1780 1108 1818; x_wconf 85' lang='lat' dir='ltr'>divinam</span> <span class='ocrx_word' id='word_1_284' title='bbox 1127 1781 1392 1818; x_wconf 86' lang='lat' dir='ltr'>substantiam</span> <span class='ocrx_word' id='word_1_285' title='bbox 1414 1780 1569 1817; x_wconf 87' lang='lat' dir='ltr'>scilicet</span> <span class='ocrx_word' id='word_1_286' title='bbox 1587 1780 1644 1817; x_wconf 90' lang='lat' dir='ltr'>ita</span> <span class='ocrx_word' id='word_1_287' title='bbox 1656 1789 1742 1826; x_wconf 88' lang='lat' dir='ltr'>per·</span> 
     </span>
     <span class='ocr_line' id='line_1_33' title="bbox 120 1827 1744 1875; baseline -0.002 -9"><span class='ocrx_word' id='word_1_288' title='bbox 120 1829 220 1866; x_wconf 86' lang='lat' dir='ltr'>fecte</span> <span class='ocrx_word' id='word_1_289' title='bbox 253 1828 381 1874; x_wconf 86' lang='lat' dir='ltr'>ipsam</span> <span class='ocrx_word' id='word_1_290' title='bbox 408 1827 595 1873; x_wconf 88' lang='lat' dir='ltr'>videndo,</span> <span class='ocrx_word' id='word_1_291' title='bbox 624 1827 728 1864; x_wconf 90' lang='lat' dir='ltr'>sicut</span> <span class='ocrx_word' id='word_1_292' title='bbox 746 1827 919 1864; x_wconf 91' lang='lat' dir='ltr'>visibilis</span> <span class='ocrx_word' id='word_1_293' title='bbox 940 1831 1013 1865; x_wconf 87' lang='lat' dir='ltr'>est.</span> <span class='ocrx_word' id='word_1_294' title='bbox 1041 1828 1181 1865; x_wconf 89' lang='lat' dir='ltr'>Nullus</span> <span class='ocrx_word' id='word_1_295' title='bbox 1200 1828 1323 1875; x_wconf 89' lang='lat' dir='ltr'>igitur</span> <span class='ocrx_word' id='word_1_296' title='bbox 1337 1828 1562 1864; x_wconf 91' lang='lat' dir='ltr'>intellectus</span> <span class='ocrx_word' id='word_1_297' title='bbox 1584 1830 1744 1864; x_wconf 87' lang='lat' dir='ltr'>creatus</span> 
     </span>
     <span class='ocr_line' id='line_1_34' title="bbox 120 1874 586 1922; baseline 0 -10"><span class='ocrx_word' id='word_1_298' title='bbox 120 1876 249 1922; x_wconf 89' lang='lat' dir='ltr'>ipsam</span> <span class='ocrx_word' id='word_1_299' title='bbox 270 1874 586 1921; x_wconf 73' lang='lat' dir='ltr'>comprehendit,</span> 
     </span>
    </p>

    <p class='ocr_par' dir='ltr' id='par_1_7' title="bbox 119 1920 1746 2204">
     <span class='ocr_line' id='line_1_35' title="bbox 168 1920 1745 1968; baseline 0.001 -11"><span class='ocrx_word' id='word_1_300' title='bbox 168 1922 352 1967; x_wconf 80' lang='lat' dir='ltr'>Amplius,</span> <span class='ocrx_word' id='word_1_301' title='bbox 375 1930 493 1958; x_wconf 90' lang='lat' dir='ltr'>omne</span> <span class='ocrx_word' id='word_1_302' title='bbox 524 1930 648 1968; x_wconf 86' lang='lat' dir='ltr'>agens</span> <span class='ocrx_word' id='word_1_303' title='bbox 684 1921 728 1958; x_wconf 87' lang='lat' dir='ltr'>in</span> <span class='ocrx_word' id='word_1_304' title='bbox 758 1924 914 1958; x_wconf 86' lang='lat' dir='ltr'>tantum</span> <span class='ocrx_word' id='word_1_305' title='bbox 940 1921 1112 1967; x_wconf 90' lang='lat' dir='ltr'>perfecte</span> <span class='ocrx_word' id='word_1_306' title='bbox 1147 1921 1242 1968; x_wconf 84' lang='lat' dir='ltr'>agit,</span> <span class='ocrx_word' id='word_1_307' title='bbox 1272 1920 1314 1957; x_wconf 90' lang='lat' dir='ltr'>in</span> <span class='ocrx_word' id='word_1_308' title='bbox 1347 1923 1537 1968; x_wconf 91' lang='lat' dir='ltr'>quantum</span> <span class='ocrx_word' id='word_1_309' title='bbox 1570 1921 1745 1967; x_wconf 88' lang='lat' dir='ltr'>perfecte</span> 
     </span>
     <span class='ocr_line' id='line_1_36' title="bbox 120 1967 1744 2015; baseline 0 -10"><span class='ocrx_word' id='word_1_310' title='bbox 120 1969 331 2015; x_wconf 84' lang='lat' dir='ltr'>participat</span> <span class='ocrx_word' id='word_1_311' title='bbox 349 1968 516 2005; x_wconf 77' lang='lat' dir='ltr'>formam</span> <span class='ocrx_word' id='word_1_312' title='bbox 538 1977 626 2015; x_wconf 81' lang='lat' dir='ltr'>quae</span> <span class='ocrx_word' id='word_1_313' title='bbox 641 1971 701 2005; x_wconf 88' lang='lat' dir='ltr'>est</span> <span class='ocrx_word' id='word_1_314' title='bbox 725 1968 970 2013; x_wconf 85' lang='lat' dir='ltr'>operationis</span> <span class='ocrx_word' id='word_1_315' title='bbox 989 1968 1244 2014; x_wconf 89' lang='lat' dir='ltr'>principium,</span> <span class='ocrx_word' id='word_1_316' title='bbox 1259 1968 1386 2005; x_wconf 89' lang='lat' dir='ltr'>forma</span> <span class='ocrx_word' id='word_1_317' title='bbox 1405 1971 1537 2004; x_wconf 89' lang='lat' dir='ltr'>autem</span> <span class='ocrx_word' id='word_1_318' title='bbox 1557 1967 1744 2015; x_wconf 85' lang='lat' dir='ltr'>intelligi-</span> 
     </span>
     <span class='ocr_line' id='line_1_37' title="bbox 119 2015 1746 2062; baseline -0.001 -10"><span class='ocrx_word' id='word_1_319' title='bbox 119 2016 214 2052; x_wconf 89' lang='lat' dir='ltr'>bilis</span> <span class='ocrx_word' id='word_1_320' title='bbox 235 2025 313 2062; x_wconf 85' lang='lat' dir='ltr'>qua</span> <span class='ocrx_word' id='word_1_321' title='bbox 333 2015 466 2052; x_wconf 88' lang='lat' dir='ltr'>divina</span> <span class='ocrx_word' id='word_1_322' title='bbox 486 2015 710 2052; x_wconf 85' lang='lat' dir='ltr'>substantia</span> <span class='ocrx_word' id='word_1_323' title='bbox 728 2015 896 2059; x_wconf 86' lang='lat' dir='ltr'>videtur,</span> <span class='ocrx_word' id='word_1_324' title='bbox 919 2018 979 2052; x_wconf 91' lang='lat' dir='ltr'>est</span> <span class='ocrx_word' id='word_1_325' title='bbox 1010 2015 1099 2062; x_wconf 90' lang='lat' dir='ltr'>ipsa</span> <span class='ocrx_word' id='word_1_326' title='bbox 1122 2015 1256 2052; x_wconf 85' lang='lat' dir='ltr'>divina</span> <span class='ocrx_word' id='word_1_327' title='bbox 1276 2015 1453 2052; x_wconf 86' lang='lat' dir='ltr'>essentia</span> <span class='ocrx_word' id='word_1_328' title='bbox 1473 2023 1560 2061; x_wconf 63' lang='lat' dir='ltr'>quaa</span> <span class='ocrx_word' id='word_1_329' title='bbox 1581 2015 1655 2052; x_wconf 87' lang='lat' dir='ltr'>etsi</span> <span class='ocrx_word' id='word_1_330' title='bbox 1677 2016 1746 2052; x_wconf 88' lang='lat' dir='ltr'>tiat</span> 
     </span>
     <span class='ocr_line' id='line_1_38' title="bbox 120 2062 1746 2109; baseline -0.001 -9"><span class='ocrx_word' id='word_1_331' title='bbox 120 2063 248 2100; x_wconf 87' lang='lat' dir='ltr'>forma</span> <span class='ocrx_word' id='word_1_332' title='bbox 268 2062 532 2108; x_wconf 89' lang='lat' dir='ltr'>intelligibilis</span> <span class='ocrx_word' id='word_1_333' title='bbox 552 2062 778 2099; x_wconf 88' lang='lat' dir='ltr'>intellectus</span> <span class='ocrx_word' id='word_1_334' title='bbox 800 2062 935 2106; x_wconf 84' lang='lat' dir='ltr'>creati,</span> <span class='ocrx_word' id='word_1_335' title='bbox 956 2070 1038 2099; x_wconf 90' lang='lat' dir='ltr'>non</span> <span class='ocrx_word' id='word_1_336' title='bbox 1058 2066 1191 2099; x_wconf 86' lang='lat' dir='ltr'>tamen</span> <span class='ocrx_word' id='word_1_337' title='bbox 1212 2062 1440 2099; x_wconf 88' lang='lat' dir='ltr'>intellectus</span> <span class='ocrx_word' id='word_1_338' title='bbox 1461 2065 1619 2099; x_wconf 89' lang='lat' dir='ltr'>creatus</span> <span class='ocrx_word' id='word_1_339' title='bbox 1639 2062 1746 2109; x_wconf 86' lang='lat' dir='ltr'>capit</span> 
     </span>
     <span class='ocr_line' id='line_1_39' title="bbox 119 2108 1745 2156; baseline -0.001 -9"><span class='ocrx_word' id='word_1_340' title='bbox 119 2110 247 2156; x_wconf 88' lang='lat' dir='ltr'>ipsam</span> <span class='ocrx_word' id='word_1_341' title='bbox 265 2109 484 2146; x_wconf 85' lang='lat' dir='ltr'>secundum</span> <span class='ocrx_word' id='word_1_342' title='bbox 501 2112 628 2146; x_wconf 87' lang='lat' dir='ltr'>totum</span> <span class='ocrx_word' id='word_1_343' title='bbox 646 2118 766 2155; x_wconf 89' lang='lat' dir='ltr'>posse</span> <span class='ocrx_word' id='word_1_344' title='bbox 788 2109 887 2156; x_wconf 87' lang='lat' dir='ltr'>ejus.</span> <span class='ocrx_word' id='word_1_345' title='bbox 907 2111 993 2146; x_wconf 90' lang='lat' dir='ltr'>Non</span> <span class='ocrx_word' id='word_1_346' title='bbox 1013 2109 1136 2155; x_wconf 87' lang='lat' dir='ltr'>igitur</span> <span class='ocrx_word' id='word_1_347' title='bbox 1152 2109 1208 2146; x_wconf 91' lang='lat' dir='ltr'>ita</span> <span class='ocrx_word' id='word_1_348' title='bbox 1219 2108 1391 2156; x_wconf 84' lang='lat' dir='ltr'>perfecte</span> <span class='ocrx_word' id='word_1_349' title='bbox 1412 2109 1541 2155; x_wconf 89' lang='lat' dir='ltr'>ipsam</span> <span class='ocrx_word' id='word_1_350' title='bbox 1557 2108 1665 2146; x_wconf 84' lang='lat' dir='ltr'>videt</span> <span class='ocrx_word' id='word_1_351' title='bbox 1690 2109 1745 2146; x_wconf 87' lang='lat' dir='ltr'>si-</span> 
     </span>
     <span class='ocr_line' id='line_1_40' title="bbox 120 2155 1611 2204; baseline -0.001 -10"><span class='ocrx_word' id='word_1_352' title='bbox 120 2160 187 2194; x_wconf 87' lang='lat' dir='ltr'>cut</span> <span class='ocrx_word' id='word_1_353' title='bbox 208 2157 296 2202; x_wconf 90' lang='lat' dir='ltr'>ipsa</span> <span class='ocrx_word' id='word_1_354' title='bbox 316 2156 488 2193; x_wconf 87' lang='lat' dir='ltr'>visibilis</span> <span class='ocrx_word' id='word_1_355' title='bbox 508 2159 568 2193; x_wconf 89' lang='lat' dir='ltr'>est</span> <span class='ocrx_word' id='word_1_356' title='bbox 588 2165 669 2193; x_wconf 91' lang='lat' dir='ltr'>non</span> <span class='ocrx_word' id='word_1_357' title='bbox 691 2165 786 2204; x_wconf 83' lang='lat' dir='ltr'>ergo</span> <span class='ocrx_word' id='word_1_358' title='bbox 805 2156 1156 2202; x_wconf 86' lang='lat' dir='ltr'>comprehenditur</span> <span class='ocrx_word' id='word_1_359' title='bbox 1169 2156 1216 2193; x_wconf 89' lang='lat' dir='ltr'>ab</span> <span class='ocrx_word' id='word_1_360' title='bbox 1237 2155 1441 2193; x_wconf 89' lang='lat' dir='ltr'>intellectu</span> <span class='ocrx_word' id='word_1_361' title='bbox 1463 2159 1611 2193; x_wconf 89' lang='lat' dir='ltr'>creato.</span> 
     </span>
    </p>

    <p class='ocr_par' dir='ltr' id='par_1_8' title="bbox 118 2203 1748 2438">
     <span class='ocr_line' id='line_1_41' title="bbox 165 2203 1747 2251; baseline 0.001 -12"><span class='ocrx_word' id='word_1_362' title='bbox 165 2204 266 2247; x_wconf 84' lang='lat' dir='ltr'>Item,</span> <span class='ocrx_word' id='word_1_363' title='bbox 279 2203 434 2240; x_wconf 90' lang='lat' dir='ltr'>nullum</span> <span class='ocrx_word' id='word_1_364' title='bbox 454 2203 786 2250; x_wconf 89' lang='lat' dir='ltr'>comprehensum</span> <span class='ocrx_word' id='word_1_365' title='bbox 802 2203 937 2240; x_wconf 84' lang='lat' dir='ltr'>excedi</span> <span class='ocrx_word' id='word_1_366' title='bbox 952 2204 1146 2241; x_wconf 86' lang='lat' dir='ltr'>terminos</span> <span class='ocrx_word' id='word_1_367' title='bbox 1161 2203 1551 2250; x_wconf 89' lang='lat' dir='ltr'>comprehendentis.</span> <span class='ocrx_word' id='word_1_368' title='bbox 1564 2203 1604 2241; x_wconf 90' lang='lat' dir='ltr'>Si</span> <span class='ocrx_word' id='word_1_369' title='bbox 1623 2203 1747 2251; x_wconf 86' lang='lat' dir='ltr'>igitur</span> 
     </span>
     <span class='ocr_line' id='line_1_42' title="bbox 120 2249 1746 2298; baseline 0.001 -11"><span class='ocrx_word' id='word_1_370' title='bbox 120 2249 348 2288; x_wconf 86' lang='lat' dir='ltr'>intellectus</span> <span class='ocrx_word' id='word_1_371' title='bbox 385 2253 542 2287; x_wconf 88' lang='lat' dir='ltr'>creatus</span> <span class='ocrx_word' id='word_1_372' title='bbox 570 2250 743 2287; x_wconf 85' lang='lat' dir='ltr'>divinam</span> <span class='ocrx_word' id='word_1_373' title='bbox 776 2250 1040 2288; x_wconf 89' lang='lat' dir='ltr'>substantiam</span> <span class='ocrx_word' id='word_1_374' title='bbox 1077 2250 1445 2298; x_wconf 88' lang='lat' dir='ltr'>comprehenderet,</span> <span class='ocrx_word' id='word_1_375' title='bbox 1479 2249 1614 2287; x_wconf 88' lang='lat' dir='ltr'>divina</span> <span class='ocrx_word' id='word_1_376' title='bbox 1651 2251 1746 2288; x_wconf 91' lang='lat' dir='ltr'>sub-</span> 
     </span>
     <span class='ocr_line' id='line_1_43' title="bbox 120 2296 1746 2345; baseline 0.001 -11"><span class='ocrx_word' id='word_1_377' title='bbox 120 2297 266 2335; x_wconf 84' lang='lat' dir='ltr'>stantia</span> <span class='ocrx_word' id='word_1_378' title='bbox 280 2306 361 2334; x_wconf 89' lang='lat' dir='ltr'>non</span> <span class='ocrx_word' id='word_1_379' title='bbox 380 2297 586 2334; x_wconf 83' lang='lat' dir='ltr'>excederet</span> <span class='ocrx_word' id='word_1_380' title='bbox 606 2298 754 2334; x_wconf 89' lang='lat' dir='ltr'>limites</span> <span class='ocrx_word' id='word_1_381' title='bbox 769 2298 996 2335; x_wconf 91' lang='lat' dir='ltr'>intellectus</span> <span class='ocrx_word' id='word_1_382' title='bbox 1015 2298 1151 2344; x_wconf 88' lang='lat' dir='ltr'>creati;</span> <span class='ocrx_word' id='word_1_383' title='bbox 1169 2297 1277 2345; x_wconf 87' lang='lat' dir='ltr'>quod</span> <span class='ocrx_word' id='word_1_384' title='bbox 1298 2301 1359 2334; x_wconf 83' lang='lat' dir='ltr'>est</span> <span class='ocrx_word' id='word_1_385' title='bbox 1378 2296 1646 2344; x_wconf 88' lang='lat' dir='ltr'>impossibile.</span> <span class='ocrx_word' id='word_1_386' title='bbox 1669 2299 1746 2336; x_wconf 90' lang='lat' dir='ltr'>Im-</span> 
     </span>
     <span class='ocr_line' id='line_1_44' title="bbox 118 2344 1748 2428; baseline 0 -46"><span class='ocrx_word' id='word_1_387' title='bbox 118 2344 311 2428; x_wconf 54' lang='grc' dir='ltr'>Ροεῧὼίὲθ</span> <span class='ocrx_word' id='word_1_388' title='bbox 346 2348 406 2382; x_wconf 89' lang='lat' dir='ltr'>est</span> <span class='ocrx_word' id='word_1_389' title='bbox 427 2344 551 2392; x_wconf 86' lang='lat' dir='ltr'>igitur</span> <span class='ocrx_word' id='word_1_390' title='bbox 588 2345 694 2392; x_wconf 87' lang='lat' dir='ltr'>quod</span> <span class='ocrx_word' id='word_1_391' title='bbox 731 2345 958 2382; x_wconf 87' lang='lat' dir='ltr'>intellectus</span> <span class='ocrx_word' id='word_1_392' title='bbox 979 2348 1137 2383; x_wconf 86' lang='lat' dir='ltr'>creatus</span> <span class='ocrx_word' id='word_1_393' title='bbox 1169 2345 1344 2382; x_wconf 89' lang='lat' dir='ltr'>divinam</span> <span class='ocrx_word' id='word_1_394' title='bbox 1361 2345 1627 2382; x_wconf 87' lang='lat' dir='ltr'>substantiam</span> <span class='ocrx_word' id='word_1_395' title='bbox 1642 2353 1748 2382; x_wconf 90' lang='lat' dir='ltr'>com-</span> 
     </span>
     <span class='ocr_line' id='line_1_45' title="bbox 118 2395 352 2438; baseline 0.004 -10"><span class='ocrx_word' id='word_1_396' title='bbox 118 2400 186 2438; x_wconf 89' lang='lat' dir='ltr'>pre</span> <span class='ocrx_word' id='word_1_397' title='bbox 221 2401 267 2427; x_wconf 91' lang='lat' dir='ltr'>en</span> <span class='ocrx_word' id='word_1_398' title='bbox 301 2395 352 2429; x_wconf 87' lang='lat' dir='ltr'>at.</span> 
     </span>
    </p>

    <p class='ocr_par' dir='ltr' id='par_1_9' title="bbox 118 2437 1746 2817">
     <span class='ocr_line' id='line_1_46' title="bbox 166 2437 1745 2486; baseline 0 -11"><span class='ocrx_word' id='word_1_399' title='bbox 166 2440 251 2475; x_wconf 70' lang='lat' dir='ltr'>Non</span> <span class='ocrx_word' id='word_1_400' title='bbox 271 2442 399 2475; x_wconf 88' lang='lat' dir='ltr'>autem</span> <span class='ocrx_word' id='word_1_401' title='bbox 423 2438 482 2476; x_wconf 86' lang='lat' dir='ltr'>sic</span> <span class='ocrx_word' id='word_1_402' title='bbox 502 2438 646 2476; x_wconf 87' lang='lat' dir='ltr'>dicitur</span> <span class='ocrx_word' id='word_1_403' title='bbox 664 2439 769 2486; x_wconf 88' lang='lat' dir='ltr'>quod</span> <span class='ocrx_word' id='word_1_404' title='bbox 791 2439 924 2476; x_wconf 88' lang='lat' dir='ltr'>divina</span> <span class='ocrx_word' id='word_1_405' title='bbox 943 2438 1171 2477; x_wconf 83' lang='lat' dir='ltr'>substantia</span> <span class='ocrx_word' id='word_1_406' title='bbox 1187 2438 1236 2476; x_wconf 88' lang='lat' dir='ltr'>ab</span> <span class='ocrx_word' id='word_1_407' title='bbox 1256 2438 1460 2475; x_wconf 85' lang='lat' dir='ltr'>intellectu</span> <span class='ocrx_word' id='word_1_408' title='bbox 1483 2441 1616 2476; x_wconf 86' lang='lat' dir='ltr'>creato</span> <span class='ocrx_word' id='word_1_409' title='bbox 1635 2437 1745 2475; x_wconf 91' lang='lat' dir='ltr'>vide-</span> 
     </span>
     <span class='ocr_line' id='line_1_47' title="bbox 118 2484 1744 2533; baseline -0.001 -11"><span class='ocrx_word' id='word_1_410' title='bbox 118 2488 194 2530; x_wconf 84' lang='lat' dir='ltr'>tur,</span> <span class='ocrx_word' id='word_1_411' title='bbox 215 2495 297 2523; x_wconf 90' lang='lat' dir='ltr'>non</span> <span class='ocrx_word' id='word_1_412' title='bbox 328 2489 462 2523; x_wconf 86' lang='lat' dir='ltr'>tamen</span> <span class='ocrx_word' id='word_1_413' title='bbox 496 2486 867 2531; x_wconf 87' lang='lat' dir='ltr'>comprehenditur,</span> <span class='ocrx_word' id='word_1_414' title='bbox 889 2487 1003 2533; x_wconf 87' lang='lat' dir='ltr'>quasi</span> <span class='ocrx_word' id='word_1_415' title='bbox 1032 2485 1185 2533; x_wconf 87' lang='lat' dir='ltr'>aliquid</span> <span class='ocrx_word' id='word_1_416' title='bbox 1204 2485 1290 2533; x_wconf 87' lang='lat' dir='ltr'>ejus</span> <span class='ocrx_word' id='word_1_417' title='bbox 1323 2484 1517 2529; x_wconf 88' lang='lat' dir='ltr'>videatur,</span> <span class='ocrx_word' id='word_1_418' title='bbox 1538 2488 1576 2522; x_wconf 89' lang='lat' dir='ltr'>et</span> <span class='ocrx_word' id='word_1_419' title='bbox 1592 2484 1744 2531; x_wconf 86' lang='lat' dir='ltr'>aliquid</span> 
     </span>
     <span class='ocr_line' id='line_1_48' title="bbox 119 2530 1745 2584; baseline 0 -16"><span class='ocrx_word' id='word_1_420' title='bbox 119 2541 200 2584; x_wconf 77' lang='lat' dir='ltr'>non</span> <span class='ocrx_word' id='word_1_421' title='bbox 220 2533 420 2578; x_wconf 74' lang='lat' dir='ltr'>videatur3</span> <span class='ocrx_word' id='word_1_422' title='bbox 443 2542 533 2570; x_wconf 90' lang='lat' dir='ltr'>cum</span> <span class='ocrx_word' id='word_1_423' title='bbox 564 2533 698 2571; x_wconf 89' lang='lat' dir='ltr'>divina</span> <span class='ocrx_word' id='word_1_424' title='bbox 729 2533 953 2571; x_wconf 87' lang='lat' dir='ltr'>substantia</span> <span class='ocrx_word' id='word_1_425' title='bbox 971 2534 1024 2571; x_wconf 89' lang='lat' dir='ltr'>sit</span> <span class='ocrx_word' id='word_1_426' title='bbox 1056 2533 1226 2580; x_wconf 85' lang='lat' dir='ltr'>simplex</span> <span class='ocrx_word' id='word_1_427' title='bbox 1254 2532 1435 2570; x_wconf 90' lang='lat' dir='ltr'>omnino.</span> <span class='ocrx_word' id='word_1_428' title='bbox 1454 2530 1530 2569; x_wconf 87' lang='lat' dir='ltr'>Sed</span> <span class='ocrx_word' id='word_1_429' title='bbox 1550 2531 1644 2578; x_wconf 88' lang='lat' dir='ltr'>quia</span> <span class='ocrx_word' id='word_1_430' title='bbox 1661 2539 1745 2568; x_wconf 89' lang='lat' dir='ltr'>non</span> 
     </span>
     <span class='ocr_line' id='line_1_49' title="bbox 118 2579 1743 2627; baseline 0.001 -12"><span class='ocrx_word' id='word_1_431' title='bbox 118 2583 175 2616; x_wconf 82' lang='lat' dir='ltr'>ita</span> <span class='ocrx_word' id='word_1_432' title='bbox 207 2580 377 2624; x_wconf 86' lang='lat' dir='ltr'>perfecte</span> <span class='ocrx_word' id='word_1_433' title='bbox 408 2579 457 2617; x_wconf 85' lang='lat' dir='ltr'>ab</span> <span class='ocrx_word' id='word_1_434' title='bbox 488 2580 692 2618; x_wconf 87' lang='lat' dir='ltr'>intellectu</span> <span class='ocrx_word' id='word_1_435' title='bbox 725 2584 856 2618; x_wconf 88' lang='lat' dir='ltr'>creato</span> <span class='ocrx_word' id='word_1_436' title='bbox 884 2581 1059 2627; x_wconf 83' lang='lat' dir='ltr'>videtur,</span> <span class='ocrx_word' id='word_1_437' title='bbox 1080 2581 1184 2618; x_wconf 87' lang='lat' dir='ltr'>sicut</span> <span class='ocrx_word' id='word_1_438' title='bbox 1211 2579 1385 2617; x_wconf 89' lang='lat' dir='ltr'>visibilis</span> <span class='ocrx_word' id='word_1_439' title='bbox 1417 2582 1509 2616; x_wconf 86' lang='lat' dir='ltr'>est:</span> <span class='ocrx_word' id='word_1_440' title='bbox 1527 2586 1597 2624; x_wconf 89' lang='lat' dir='ltr'>per</span> <span class='ocrx_word' id='word_1_441' title='bbox 1624 2586 1743 2624; x_wconf 88' lang='lat' dir='ltr'>quem</span> 
     </span>
     <span class='ocr_line' id='line_1_50' title="bbox 118 2625 1746 2677; baseline 0 -15"><span class='ocrx_word' id='word_1_442' title='bbox 118 2625 281 2662; x_wconf 86' lang='lat' dir='ltr'>modum</span> <span class='ocrx_word' id='word_1_443' title='bbox 303 2627 447 2664; x_wconf 85' lang='lat' dir='ltr'>dicitur</span> <span class='ocrx_word' id='word_1_444' title='bbox 473 2627 644 2674; x_wconf 86' lang='lat' dir='ltr'>opinans</span> <span class='ocrx_word' id='word_1_445' title='bbox 676 2627 979 2666; x_wconf 89' lang='lat' dir='ltr'>conclusionem</span> <span class='ocrx_word' id='word_1_446' title='bbox 1012 2627 1364 2666; x_wconf 85' lang='lat' dir='ltr'>demonstrativam</span> <span class='ocrx_word' id='word_1_447' title='bbox 1393 2633 1650 2677; x_wconf 84' lang='lat' dir='ltr'>cognoscere,</span> <span class='ocrx_word' id='word_1_448' title='bbox 1673 2625 1746 2662; x_wconf 84' lang='lat' dir='ltr'>sed</span> 
     </span>
     <span class='ocr_line' id='line_1_51' title="bbox 119 2672 1743 2723; baseline 0 -13"><span class='ocrx_word' id='word_1_449' title='bbox 119 2681 202 2710; x_wconf 85' lang='lat' dir='ltr'>non</span> <span class='ocrx_word' id='word_1_450' title='bbox 222 2674 571 2720; x_wconf 83' lang='lat' dir='ltr'>comprehendere,</span> <span class='ocrx_word' id='word_1_451' title='bbox 591 2674 687 2723; x_wconf 87' lang='lat' dir='ltr'>quia</span> <span class='ocrx_word' id='word_1_452' title='bbox 701 2683 783 2712; x_wconf 88' lang='lat' dir='ltr'>non</span> <span class='ocrx_word' id='word_1_453' title='bbox 801 2675 973 2722; x_wconf 83' lang='lat' dir='ltr'>perfecte</span> <span class='ocrx_word' id='word_1_454' title='bbox 995 2674 1124 2722; x_wconf 88' lang='lat' dir='ltr'>ipsam</span> <span class='ocrx_word' id='word_1_455' title='bbox 1152 2674 1374 2722; x_wconf 86' lang='lat' dir='ltr'>cognoscit,</span> <span class='ocrx_word' id='word_1_456' title='bbox 1395 2672 1550 2710; x_wconf 78' lang='lat' dir='ltr'>scincet</span> <span class='ocrx_word' id='word_1_457' title='bbox 1569 2680 1639 2717; x_wconf 90' lang='lat' dir='ltr'>per</span> <span class='ocrx_word' id='word_1_458' title='bbox 1657 2680 1743 2710; x_wconf 85' lang='lat' dir='ltr'>mo·</span> 
     </span>
     <span class='ocr_line' id='line_1_52' title="bbox 119 2718 1742 2771; baseline -0.001 -14"><span class='ocrx_word' id='word_1_459' title='bbox 119 2719 213 2757; x_wconf 85' lang='lat' dir='ltr'>dum</span> <span class='ocrx_word' id='word_1_460' title='bbox 246 2720 436 2765; x_wconf 80' lang='lat' dir='ltr'>scientiae,</span> <span class='ocrx_word' id='word_1_461' title='bbox 469 2721 562 2758; x_wconf 87' lang='lat' dir='ltr'>licet</span> <span class='ocrx_word' id='word_1_462' title='bbox 594 2722 704 2760; x_wconf 84' lang='lat' dir='ltr'>nulla</span> <span class='ocrx_word' id='word_1_463' title='bbox 735 2731 827 2768; x_wconf 89' lang='lat' dir='ltr'>pars</span> <span class='ocrx_word' id='word_1_464' title='bbox 863 2723 949 2770; x_wconf 88' lang='lat' dir='ltr'>ejus</span> <span class='ocrx_word' id='word_1_465' title='bbox 979 2723 1166 2771; x_wconf 85' lang='lat' dir='ltr'>sitquam</span> <span class='ocrx_word' id='word_1_466' title='bbox 1201 2730 1284 2761; x_wconf 91' lang='lat' dir='ltr'>non</span> <span class='ocrx_word' id='word_1_467' title='bbox 1312 2722 1542 2767; x_wconf 87' lang='lat' dir='ltr'>cognoscat.</span> <span class='ocrx_word' id='word_1_468' title='bbox 1565 2718 1595 2764; x_wconf 87' lang='lat'>(1</span> <span class='ocrx_word' id='word_1_469' title='bbox 1624 2722 1742 2765; x_wconf 74' lang='lat' dir='ltr'>part..</span> 
     </span>
     <span class='ocr_line' id='line_1_53' title="bbox 119 2768 866 2817; baseline 0.001 -11"><span class='ocrx_word' id='word_1_470' title='bbox 119 2776 157 2814; x_wconf 86' lang='lat' dir='ltr'>q.</span> <span class='ocrx_word' id='word_1_471' title='bbox 173 2774 243 2811; x_wconf 81' lang='grc' dir='ltr'>ΧΠ,</span> <span class='ocrx_word' id='word_1_472' title='bbox 265 2769 337 2803; x_wconf 87' lang='lat' dir='ltr'>art.</span> <span class='ocrx_word' id='word_1_473' title='bbox 358 2769 378 2802; x_wconf 89' lang='lat'><em>7</em></span> <span class='ocrx_word' id='word_1_474' title='bbox 398 2777 407 2811; x_wconf 82' lang='lat'>3</span> <span class='ocrx_word' id='word_1_475' title='bbox 429 2770 466 2803; x_wconf 90' lang='lat' dir='ltr'>et</span> <span class='ocrx_word' id='word_1_476' title='bbox 486 2770 567 2813; x_wconf 82' lang='lat'>1-11,</span> <span class='ocrx_word' id='word_1_477' title='bbox 587 2779 624 2816; x_wconf 90' lang='lat' dir='ltr'>q.</span> <span class='ocrx_word' id='word_1_478' title='bbox 643 2777 701 2815; x_wconf 92' lang='lat' dir='ltr'>1v,</span> <span class='ocrx_word' id='word_1_479' title='bbox 721 2773 793 2808; x_wconf 84' lang='lat' dir='ltr'>art.</span> <span class='ocrx_word' id='word_1_480' title='bbox 815 2768 866 2817; x_wconf 90' lang='lat'>3).</span> 
     </span>
    </p>
   </div>
  </div>
 </body>
</html>
