1894 3223
664 84 751 120 Ltss.
782 84 848 129 ΙΙΙ,
873 84 975 121 CAP.
1000 84 1060 120 xl.
1604 86 1670 122 271

49 169 240 213 sequatur
265 164 509 203 voluntatem
541 164 584 202 in
616 164 795 212 quolibet
825 168 915 202 actu
945 173 1134 211 peccare;
1156 174 1286 213 neque
1302 164 1423 203 etiam
1443 165 1620 203 casualis
1637 169 1676 202 et

49 213 266 257 fortuitus3
287 220 370 250 non
386 212 493 250 enim
515 215 622 249 esset
641 212 682 248 in
703 211 821 249 nohis
841 212 993 249 morale
1013 215 1217 258 peccatum
1235 224 1245 257 ;
1266 213 1444 250 casualia
1461 213 1567 250 enim
1582 216 1677 249 sunt

47 258 379 306 impraemeditata
397 261 436 296 et
454 261 563 296 extra
583 258 794 296 rationem.
819 259 886 296 Est
904 259 1027 305 igitur
1046 259 1311 306 voluntarius,
1328 268 1411 298 non
1430 263 1564 297 tamen
1580 269 1674 307 pec-

49 311 183 345 catum
203 306 370 351 morale,
392 314 442 343 ne
462 314 656 353 cogamus
674 305 716 343 in
733 304 935 342 infinitum
955 306 1182 352 procedere.

97 353 210 398 Quod
226 353 384 401 quidem
403 353 572 406 qualiter
592 362 681 390 esse
707 353 838 399 possit
865 353 1201 390 considerandum
1222 357 1295 392 est.
1315 353 1535 401 cujuslibet
1554 353 1676 402 siqui·

50 399 140 439 dem
161 400 278 439 activi
295 399 482 447 principii
499 399 690 447 perfectio
710 400 869 437 virtutis
893 409 940 437 ex
956 401 1151 447 superiori
1169 401 1297 438 activo
1317 400 1513 448 dependet
1530 409 1677 448 3agcns

47 447 155 486 enim
177 447 398 486 secundum
419 447 501 495 agit
520 456 595 494 per
612 447 796 484 virtutem
819 447 937 493 primi
960 448 1129 494 agentis.
1152 448 1280 492 Quum
1301 448 1425 493 igitur
1455 449 1675 486 secundum

49 503 176 542 agens
208 498 343 532 manet
376 494 452 532 sub
474 494 613 532 ordine
643 494 760 540 primi
783 495 954 541 agentis,
975 494 1249 532 indeficienter
1268 495 1370 541 aglt;
1393 494 1526 533 deficit
1544 499 1676 533 autern

50 542 94 579 in
111 542 282 589 agendo,
304 541 339 580 si
360 541 568 589 contingat
588 541 721 587 ipsum
742 541 790 579 ab
809 541 949 579 ordine
967 542 1083 588 primi
1097 542 1253 589 agentis
1265 541 1433 587 deflecti,
1453 542 1678 590 sicutpatet

50 589 94 627 in
115 589 398 634 instrumento,
424 598 544 636 quum
569 588 699 626 deficit
720 599 743 626 a
758 593 868 626 motu
890 589 1059 635 agentis.
1081 589 1235 626 Dictum
1255 593 1463 626 astantem
1493 589 1613 637 quod,
1634 589 1678 627 in

49 635 192 674 ordine
213 636 414 674 actionum
435 636 662 679 moralium,
685 635 763 673 duo
783 636 979 682 principia
997 636 1240 673 voluntatem
1259 636 1501 682 praecedunt,
1523 637 1679 675 scilicet

50 682 113 721 vis
133 683 424 730 apprehensiva
443 687 480 721 et
499 683 696 730 objectum
729 683 1035 730 apprehensum,
1058 683 1163 730 quod
1181 686 1242 720 cst
1259 683 1369 720 finis.
1397 684 1526 728 Quum
1544 687 1678 722 autem

50 730 270 778 unicuique
288 730 427 768 mobili
451 732 691 777 respondeat
707 731 910 777 proprium
932 731 1138 774 motivum,
1161 738 1243 767 non
1264 729 1452 778 quaelibet
1469 731 1530 768 vis
1545 740 1679 776 appre-

52 777 220 816 hensiva
239 782 299 815 est
320 777 495 815 debitum
518 778 710 815 motivum
732 777 945 824 cujuslibet
964 778 1177 823 appetitus,
1194 776 1263 814 sed
1278 777 1398 823 hujus
1412 777 1497 815 hacc
1515 781 1553 815 et
1566 778 1676 815 illius

52 824 146 862 alia.
167 825 276 863 Sicut
297 825 422 872 igitur
442 826 639 872 appetitus
661 824 842 863 sensitivi
859 826 1063 871 proprium
1085 825 1276 861 motivum
1296 829 1357 862 est
1375 825 1437 862 vis
1457 825 1676 872 apprehen-

51 872 138 909 siva
156 873 371 916 sensualis,
393 872 448 910 ita
463 872 680 909 voluntatis
702 872 906 919 proprium
926 873 1117 909 motivum
1134 876 1194 908 est
1213 872 1314 909 ratio
1336 872 1438 918 ipsa.

95 920 250 959 Rursus,
285 928 406 966 quum
436 920 538 956 ratio
570 919 695 956 multa
725 919 833 956 hona
863 923 902 956 et
924 919 1071 956 multos
1092 919 1192 956 sines
1215 919 1512 965 apprehendere
1533 919 1675 965 possit,

51 966 266 1019 cujuslibet
297 970 428 1003 autem
460 967 512 1004 sit
533 967 718 1012 proprius
738 966 847 1010 finis,
869 970 905 1003 et
922 967 1137 1003 voluntatis
1157 967 1231 1003 erit
1251 967 1448 1012 objectum
1469 971 1507 1004 et
1527 967 1620 1004 sinis
1639 970 1677 1004 et

50 1021 223 1060 prlmum
253 1013 461 1058 motivum,
489 1022 572 1050 non
604 1015 752 1050 honum
776 1013 993 1060 quodlibet,
1010 1014 1080 1050 sed
1109 1014 1259 1051 honum
1280 1014 1479 1061 quoddam
1499 1013 1679 1051 determi-

50 1064 202 1097 natum.
238 1061 367 1105 Quum
397 1059 520 1107 igitur
552 1060 738 1097 voluntas
772 1060 898 1097 tendit
917 1061 956 1097 in
979 1064 1126 1105 actum,
1156 1064 1266 1098 mota
1292 1061 1340 1098 ab
1359 1061 1677 1107 apprehensione

51 1107 219 1145 rationis
239 1107 562 1153 repraesentantis
585 1107 876 1153 sibiproprium
891 1107 1056 1152 bonum,
1077 1108 1258 1155 sequitur
1268 1107 1401 1145 debita
1415 1108 1532 1145 aetio.
1547 1108 1676 1152 Quum

51 1157 182 1192 autem
214 1154 399 1192 voluntas
433 1154 474 1191 in
506 1154 662 1192 actione
682 1154 904 1201 prorumpit
923 1154 972 1191 ad
997 1155 1357 1201 apprehensionem
1377 1155 1676 1202 apprehensivae

51 1201 255 1239 sensualis
280 1201 339 1238 vel
368 1201 497 1248 ipsius
526 1201 695 1239 rationis
716 1201 878 1249 aliquod
898 1202 1007 1239 aliud
1026 1203 1178 1239 bonum
1208 1202 1532 1248 repraesentantis
1549 1211 1573 1240 a
1591 1210 1678 1247 pro-

49 1248 137 1295 prio
154 1248 262 1286 hono
283 1248 497 1293 diversum,
517 1249 697 1295 sequitur
711 1248 753 1286 in
774 1249 930 1286 actione
946 1249 1164 1286 voluntatis
1179 1254 1385 1296 peccatum
1399 1250 1564 1287 morale.
1581 1251 1680 1286 Prae-

52 1295 159 1333 cedit
177 1295 300 1342 igitur
318 1295 358 1332 in
380 1296 582 1333 voluntate
612 1299 818 1342 peccatum
840 1296 1012 1334 actionis
1033 1297 1212 1334 defectus
1239 1297 1393 1334 ordinis
1414 1297 1461 1335 ad
1484 1297 1678 1334 rationem

50 1346 90 1379 et
117 1342 167 1380 ad
196 1343 400 1389 proprium
434 1342 569 1380 finem.
607 1343 662 1380 Ad
695 1344 890 1381 rationem
924 1343 1099 1390 quidem,
1133 1345 1239 1381 sicut
1271 1354 1409 1391 quum,
1437 1344 1486 1382 ad
1507 1343 1679 1381 subitam

51 1389 412 1436 apprehensionem
443 1398 604 1430 sensus,
632 1390 819 1428 voluntas
846 1391 887 1428 in
911 1390 1062 1428 bonum
1095 1390 1329 1429 delectabile
1350 1391 1574 1429 secundum
1593 1400 1681 1428 sen-

52 1445 143 1474 sum
175 1437 326 1481 tendit;
348 1437 396 1474 ad
416 1436 536 1474 finem
567 1446 660 1474 vero
682 1437 872 1478 debitum.
894 1438 1000 1475 sicut
1016 1447 1136 1485 quum
1161 1438 1262 1476 ratio
1283 1438 1324 1475 in
1346 1438 1509 1485 aliquod
1528 1438 1680 1475 bonum

52 1483 331 1521 ratiocinando
353 1484 509 1520 devenit
531 1484 637 1530 quod
653 1493 733 1520 non
752 1488 811 1521 est
826 1484 886 1520 vel
904 1493 1011 1521 nunc
1023 1485 1083 1522 vel
1105 1485 1182 1522 hoc
1196 1485 1315 1523 modo
1332 1484 1480 1522 bonum
1495 1488 1534 1522 et
1547 1488 1679 1521 tamen

52 1529 239 1568 voluntas
272 1531 311 1567 in
336 1530 436 1568 illud
466 1531 594 1567 tendit
616 1531 730 1577 quasi
762 1531 804 1567 in
836 1532 1040 1577 proprium
1070 1532 1234 1569 bonum.
1270 1533 1340 1569 Hic
1371 1536 1503 1569 autem
1524 1531 1679 1569 ordinis

52 1577 233 1615 defectus
262 1577 512 1614 voluntarius
544 1580 628 1622 est;
652 1586 742 1626 nam
772 1578 813 1615 in
835 1582 1030 1624 potestate
1049 1578 1178 1625 ipsius
1197 1579 1415 1616 voluntatis
1443 1582 1505 1616 est
1522 1578 1622 1616 velle
1643 1583 1681 1615 et

53 1632 136 1662 non
155 1624 256 1661 velle
277 1636 285 1669 ;
307 1624 479 1671 itemque
507 1628 568 1661 est
598 1624 638 1661 in
655 1628 849 1671 potestate
871 1625 1000 1671 ipsius
1020 1625 1125 1672 quod
1144 1626 1245 1663 ratio
1264 1630 1353 1663 actu
1374 1625 1601 1664 consideret
1619 1626 1681 1664 vel

54 1680 78 1708 a
103 1671 425 1710 consideratione
459 1671 625 1709 desistat
660 1675 727 1709 aut
753 1671 859 1719 quod
887 1673 965 1710 hoc
994 1672 1057 1710 vel
1076 1672 1175 1710 illud
1196 1673 1436 1711 consideret.
1456 1675 1533 1710 Nec
1549 1676 1682 1710 tamen

54 1719 130 1755 iste
163 1717 341 1756 defectus
362 1721 424 1756 est
443 1718 594 1756 malum
617 1719 767 1756 morale
786 1731 795 1764 ;
828 1719 863 1756 si
887 1720 994 1757 enim
1014 1720 1115 1757 ratio
1136 1720 1237 1757 nihil
1263 1720 1491 1758 consideret
1509 1720 1570 1757 vel
1591 1729 1682 1757 con·

53 1764 203 1803 sideret
220 1765 372 1803 honum
389 1765 684 1812 quodcumque,
702 1765 882 1803 nondum
902 1770 964 1804 est
981 1769 1188 1813 peccatum
1209 1776 1422 1816 quousque
1440 1766 1680 1805 voluntasin

53 1810 175 1849 finem
193 1811 416 1849 indebitum
432 1812 594 1856 tendat3
614 1812 721 1858 quod
736 1813 818 1859 jam
839 1817 901 1850 est
916 1813 1133 1851 voluntatis
1154 1818 1281 1852 actus.

101 1859 166 1896 Sic
185 1858 320 1906 igitur,
343 1861 423 1896 tam
441 1859 483 1896 in
497 1859 718 1897 moralibus
738 1869 857 1907 quam
877 1861 918 1897 in
940 1861 1206 1906 naturalibus,
1224 1864 1332 1908 patet
1361 1861 1469 1908 quod
1493 1860 1643 1900 malum
1659 1870 1687 1898 a

52 1903 160 1943 bono
179 1914 260 1944 non
281 1909 481 1952 causatur,
501 1906 581 1945 nisi
600 1915 672 1954 per
689 1907 889 1946 accidens.
911 1907 942 1955 (Ι
960 1911 1086 1955 part.‚
1107 1918 1146 1957 q.
1166 1916 1271 1956 xmx,
1287 1912 1359 1946 art.
1378 1909 1429 1956 1.)

740 2052 912 2096 CAPUT
942 2052 1014 2095 XI.

436 2173 537 2207 QUOD
562 2172 700 2202 MALUM
723 2172 766 2202 IN
789 2172 934 2207 ALIQUO
957 2172 1061 2203 BONO
1084 2173 1303 2204 FUNDATUR.

54 2279 402 2367 fuffiaffiffimsssjs
423 2280 542 2319 etiam
561 2280 719 2319 ostendi
732 2282 864 2328 potest
880 2280 985 2329 quod
999 2289 1118 2320 omne
1128 2281 1278 2319 malum
1295 2285 1357 2319 est
1369 2281 1411 2319 in
1430 2281 1564 2332 aliquo
1577 2281 1683 2320 hono

272 2355 281 2373 ‚

111 2374 258 2412 Malum
280 2373 387 2412 enim
407 2382 490 2412 non
508 2377 642 2422 potest
661 2384 750 2413 esse
769 2384 840 2421 per
870 2383 914 2412 se
945 2375 1134 2413 existens.
1150 2384 1273 2422 quum
1292 2383 1375 2413 non
1395 2375 1447 2412 sit
1469 2375 1684 2413 essentiam

60 2421 230 2466 hahens,
253 2424 296 2458 ut
331 2430 454 2468 supra
473 2421 522 2467 (c.
542 2421 580 2468 7)
600 2425 808 2459 ostensum
842 2425 916 2459 est.
939 2422 1100 2468 Oportet
1119 2422 1242 2468 igitur
1260 2422 1367 2469 quod
1392 2421 1542 2459 malum
1572 2422 1625 2459 sit
1644 2423 1685 2459 in

57 2468 193 2516 aliquo
234 2467 429 2515 subjecto.
463 2468 587 2506 Omne
619 2473 751 2506 autem
772 2468 1009 2514 subjectum,
1030 2477 1152 2515 quum
1174 2469 1227 2506 sit
1245 2469 1470 2506 substantia
1488 2469 1684 2515 quaedam,

53 2515 428 2601 ξοιωῐηὶᾳυοάᾱᾶῐῃ
452 2519 528 2561 est,
547 2518 591 2552 ut
610 2524 658 2552 ex
677 2515 899 2562 praemissis
925 2515 974 2562 (c.
997 2514 1034 2562 6)
1051 2518 1171 2561 patet.
1193 2517 1317 2553 Omne
1337 2515 1460 2562 igitur
1478 2515 1628 2553 malum
1643 2516 1683 2553 in

84 2571 163 2600 ono
188 2563 239 2600 ai
272 2571 323 2600 uo
344 2566 419 2600 est.

101 2573 266 2650 Adhuc,q
281 2609 431 2647 malum
461 2608 631 2655 privatio
663 2608 843 2655 quaedam
873 2611 948 2653 est,
981 2611 1025 2645 ut
1046 2617 1093 2645 ex
1129 2609 1352 2655 praemissis
1368 2613 1487 2656 patet.
1510 2610 1682 2648 Privatio

56 2659 188 2694 autem
211 2660 250 2693 et
268 2657 398 2694 forma
415 2657 569 2703 privata
588 2656 629 2692 in
650 2655 790 2692 eodem
811 2654 992 2702 subjecto
1013 2659 1131 2700 sunt;
1149 2656 1372 2702 subjectum
1394 2660 1525 2694 autem
1545 2659 1682 2694 formae

57 2705 119 2741 est
151 2712 224 2741 ens
244 2703 285 2740 in
316 2702 494 2750 potentia
527 2702 575 2740 ad
596 2703 779 2746 formam,
812 2701 918 2748 quod
937 2701 1088 2739 honum
1108 2706 1182 2748 est,
1200 2712 1292 2740 nam
1320 2703 1362 2740 in
1382 2704 1521 2741 eodem
1539 2713 1684 2751 genere

58 2753 153 2786 sunt
169 2750 348 2796 potentia
367 2754 406 2787 et
424 2754 555 2788 actus.
575 2749 747 2787 Privatio
770 2749 908 2795 igitur,
930 2749 1037 2796 quod
1058 2749 1209 2787 malum
1234 2753 1309 2795 est,
1341 2751 1462 2788 estin
1480 2751 1587 2788 bono
1613 2751 1683 2788 ali-

58 2804 138 2843 quo
157 2797 259 2833 sicut
278 2798 320 2833 in
341 2797 536 2844 subjecto.

104 2842 287 2889 Amplius,
309 2853 358 2881 ex
377 2845 453 2881 hoc
474 2843 619 2881 dicitur
639 2842 788 2890 aliquid
809 2842 959 2880 malum
979 2843 1074 2890 quia
1089 2846 1222 2890 nocet,
1237 2853 1319 2882 non
1336 2848 1469 2883 autem
1488 2845 1568 2882 nisi
1590 2844 1684 2892 quia
