1894 3223
712 150 799 185 Llss.
829 151 875 194 n,
904 152 1003 186 011).
1031 150 1144 186 xxix.
1679 154 1743 191 133

129 235 306 270 turarum
330 231 538 278 productio
571 239 651 268 non
687 235 816 277 potest
838 231 914 267 dici
947 232 1075 267 ’1111550
1097 242 1142 268 ex
1181 231 1311 268 debito
1340 231 1518 278 justitiae,
1541 243 1618 280 qua
1639 235 1742 272 Deus

129 285 318 318 creaturre
339 279 391 317 sit
428 279 596 321 debitor,
618 279 672 314 ita
696 288 767 314 nec
807 288 854 314 ex
881 278 947 314 tali
988 278 1149 324 justitiae
1175 279 1320 323 debito,
1341 288 1420 326 quo
1460 289 1541 316 suaa
1574 280 1741 318 bonitati

129 326 181 365 sit
212 326 378 369 debitor,
396 326 429 363 si
459 326 616 371 justitia
646 325 803 371 proprie
831 325 1060 370 accipiatur.
1085 327 1203 371 Large
1234 329 1365 362 tamen
1394 326 1549 372 J'ustitia
1583 331 1743 374 accepta

127 377 257 420 potest
279 373 356 410 dici
375 373 415 409 in
435 372 634 410 creatione
653 381 783 408 rerum
808 371 977 418 justitia,
1001 372 1040 407 in
1062 376 1252 418 quantum
1271 373 1443 410 divinam
1463 374 1651 411 condecet
1671 375 1741 412 110-

128 420 306 457 nitatem.

175 468 213 504 Si
233 475 326 503 vero
347 466 520 503 divinam
537 465 840 511 dispositionem
857 464 1170 510 consideremus,
1187 476 1264 513 quo
1287 467 1404 504 modo
1420 469 1522 504 Deus
1541 467 1740 514 disposuit

127 522 202 551 suo
224 513 424 550 intellectu
442 517 479 550 et
495 513 697 550 voluntate
715 521 779 549 res
799 513 840 548 in
861 522 949 549 0550
974 514 1202 558 producere,
1223 514 1281 550 sic
1302 524 1431 551 rerum
1465 515 1671 560 productio
1693 526 1740 552 ex

126 561 365 598 necessitate
399 560 542 597 divinae
579 559 858 605 dispositionis
894 560 1082 605 procedit.
1100 562 1184 596 Non
1223 561 1328 597 enim
1359 565 1487 607 potest
1525 571 1613 599 0550
1636 562 1741 609 quod

127 609 232 644 Deus
253 606 402 654 aliquid
424 616 466 644 se
488 607 682 643 facturum
705 606 948 652 disposuerit
967 607 1070 653 quod
1104 607 1355 653 postmodum
1387 608 1469 657 ipsc
1492 618 1571 645 non
1594 610 1711 646 saciat
1732 621 1741 646 ε

127 654 228 692 alias
254 654 340 701 ejus
358 654 569 700 dispositio
589 654 649 690 vel
671 658 777 690 05501
797 654 1013 697 mutabilis,
1035 654 1096 690 vel
1131 653 1298 690 infirma.
1322 655 1412 700 Ejus
1437 655 1556 701 igitur
1576 656 1744 703 disposi-

126 701 227 738 tioni
240 711 288 738 ex
305 702 543 738 necessitate
564 700 726 737 debetur
743 700 848 747 quod
870 701 1104 746 impleatur:
1126 701 1194 737 sed
1216 705 1345 737 tamen
1365 702 1441 738 hoc
1460 702 1633 740 debitum
1661 712 1743 740 non

128 747 277 785 sufficit
307 748 355 785 ad
386 749 579 785 rationem
599 748 763 793 justitiae
787 747 939 793 proprie
973 747 1095 799 dicite·
1118 747 1158 783 in
1183 757 1320 799 ’rerum
1359 749 1572 794 creatione,
1594 750 1635 786 in
1665 760 1743 797 qua

128 795 372 833 considerari
388 804 467 832 non
488 799 617 841 potest
636 795 713 831 nisi
735 795 837 831 actio
860 795 926 830 Dei
951 797 1134 830 creantis.
1152 794 1334 839 Ejusdem
1352 798 1481 831 autem
1500 796 1546 832 ad
1563 797 1740 842 seipsum

128 850 209 879 non
228 842 447 888 estjustitia
461 842 618 888 proprie
633 842 750 886 dicta,
768 846 808 877 ut
822 844 923 887 patet
938 850 1005 886 per
1018 840 1304 885 Philosophum
1318 842 1358 878 in
1371 843 1508 885 quinto
1525 844 1608 880 Etli.
1626 843 1674 890 (c.
1688 844 1743 890 3).

128 890 212 926 Non
234 890 354 935 igitur
379 889 536 936 proprie
566 889 642 925 dici
664 891 793 934 potest
828 887 933 934 quod
952 888 1055 924 Deus
1076 897 1122 924 ex
1143 887 1273 925 debito
1310 888 1473 934 justitiae
1507 899 1570 927 res
1591 891 1631 926 in
1652 899 1742 928 esse

127 935 314 982 produxit
334 945 381 973 ea
412 936 579 980 ratione,
601 944 679 982 qua
701 944 770 981 per
787 934 995 971 scientiam
1017 938 1054 970 et
1091 935 1334 973 voluntatem
1355 944 1397 973 50
1436 937 1635 983 disposuit
1653 946 1738 984 pro-

130 982 359 1021 ducturum.

763 1080 930 1122 CAPUT
964 1081 1107 1121 XXIX.

174 1195 365 1231 QUALITER
384 1195 425 1224 IN
446 1194 711 1224 PRODUCTIONE
730 1193 909 1223 ALICUJUS
931 1194 1142 1223 CREATURAE
1161 1194 1305 1224 POTEST
1324 1195 1496 1226 DEBITUM
1514 1197 1694 1227 JUSTITIAE

387 1253 563 1283 INVENIRI
582 1253 623 1282 IN
642 1253 940 1282 COMPARATIONE
964 1253 1211 1282 POSTERIORIS
1231 1255 1283 1284 AD
1307 1255 1490 1285 PRIOREM.

175 1357 214 1394 Si
237 1360 365 1393 autem
388 1356 557 1403 alicujus
577 1359 766 1393 creaturae
785 1355 992 1402 productio
1014 1355 1300 1408 consideretur,
1328 1357 1472 1403 poterit
1490 1358 1544 1395 ibi
1566 1359 1742 1398 debitum

123 1403 288 1452 justitiae
319 1403 487 1440 inveniri
509 1412 557 1439 ex
576 1404 871 1448 comparatione
904 1404 1139 1449 posterioris
1160 1408 1348 1442 creaturae
1368 1405 1415 1442 ad
1436 1406 1622 1451 priorem.
1645 1408 1739 1444 Dico

128 1455 259 1488 autem
297 1451 468 1497 priorem
508 1459 589 1487 non
622 1451 751 1487 solum
790 1453 980 1496 tempore,
1001 1450 1071 1487 sed
1106 1454 1259 1488 natura.
1292 1451 1354 1488 Sic
1383 1452 1505 1498 igitur
1538 1454 1578 1489 in
1600 1454 1739 1500 primis

129 1497 275 1535 divinis
307 1496 514 1534 effectibus
546 1496 812 1542 producendis
847 1497 1020 1534 debitum
1053 1506 1134 1534 non
1167 1498 1379 1542 invenitur,
1399 1500 1441 1535 in
1473 1501 1739 1546 posteriorum

128 1553 221 1582 vero
257 1544 516 1590 productione
545 1544 745 1580 invenitur
775 1543 964 1588 debitum,
985 1544 1123 1581 ordine
1144 1547 1275 1581 tamen
1295 1545 1465 1583 diverso.
1485 1549 1595 1588 Nam,
1617 1548 1651 1585 si
1672 1548 1738 1585 illa

129 1601 216 1638 quae
250 1595 344 1628 sunt
381 1591 514 1636 priora
543 1591 775 1627 naturaliter
807 1591 887 1627 sint
920 1591 1038 1627 etiam
1068 1591 1201 1637 priora
1230 1592 1270 1627 10
1301 1601 1403 1638 0550,
1438 1595 1659 1639 posteriora
1693 1605 1740 1632 ex

128 1638 330 1685 prioribus
348 1637 523 1674 debitum
543 1638 717 1674 trahunt.
742 1637 920 1674 Debitum
943 1638 1048 1674 enim
1070 1642 1203 1681 estut,
1224 1639 1367 1684 positis
1399 1641 1547 1685 causis,
1570 1641 1740 1678 habeant

129 1685 307 1722 actiones
340 1693 409 1730 per
442 1692 542 1730 quas
572 1684 794 1730 producunt
815 1684 994 1721 effectus.
1017 1685 1056 1721 Si
1090 1694 1182 1722 vero
1201 1695 1288 1732 quae
1309 1689 1402 1723 sunt
1421 1688 1554 1732 priora
1579 1693 1738 1725 natura-

128 1732 220 1769 liter
251 1732 333 1768 sint
360 1731 583 1777 posteriora
614 1731 654 1767 10
689 1739 791 1774 0550,
826 1735 920 1768 1000
940 1742 960 1767 0
981 1741 1174 1769 converso
1207 1733 1340 1778 priora
1372 1733 1546 1771 debitum
1578 1736 1740 1772 trahunt

129 1788 153 1816 a
181 1778 496 1824 posterioribus;
518 1777 619 1815 sicut
652 1778 887 1815 medicinam
924 1778 1099 1815 debitum
1133 1782 1193 1815 est
1211 1779 1446 1825 praecedere,
1467 1782 1515 1818 ad
1542 1782 1618 1819 hoc
1635 1783 1739 1829 quod

129 1825 284 1863 sanitas
303 1828 584 1871 consequatur.
602 1825 811 1872 Utrobique
827 1828 957 1862 autem
973 1825 1049 1862 hoc
1068 1834 1279 1862 commune
1297 1827 1546 1875 existitquod
1563 1829 1738 1866 debitum

128 1872 211 1910 sive
246 1872 466 1909 necessitas
487 1875 667 1909 sumatur
689 1871 737 1908 ab
770 1881 817 1908 eo
838 1872 943 1918 quod
976 1876 1037 1909 est
1055 1873 1166 1919 prius
1187 1877 1340 1918 natura,
1362 1875 1467 1912 circa
1492 1876 1531 1912 id
1552 1876 1658 1922 quod
1679 1879 1740 1914 est

128 1923 270 1957 natura
299 1919 515 1965 posterius.
537 1919 763 1956 Necessitas
797 1923 926 1956 autem
961 1929 1047 1966 quae
1068 1924 1170 1957 esta
1201 1921 1412 1966 posteriori
1445 1922 1486 1958 in
1518 1931 1622 1969 esse,
1649 1923 1741 1961 licet

126 1966 240 2013 prius
274 1969 428 2010 natura,
449 1974 530 2002 non
551 1969 611 2003 est
643 1966 826 2003 absoluta
855 1967 1073 2004 necessitas
1100 1967 1169 2004 sed
1190 1968 1499 2014 conditionalis3
1521 1973 1577 2014 01,
1611 1969 1740 2008 511100

128 2013 244 2051 (101101
273 2012 374 2057 fieri,
393 2021 559 2050 necesse
592 2017 652 2050 est
672 2013 748 2049 1100
767 2013 878 2058 prius
894 2022 998 2050 0550.
1032 2014 1256 2051 Secundum
1276 2015 1398 2062 igitur
1430 2016 1532 2053 hanc
1562 2017 1739 2055 necessi·

127 2062 247 2097 tatem
277 2059 320 2096 in
351 2063 620 2097 creaturarum
649 2060 911 2105 productione
933 2060 1108 2098 debitum
1126 2061 1329 2098 invenitur
1348 2063 1567 2108 tripliciter.
1594 2064 1737 2110 Primo,

127 2110 173 2143 111
191 2109 371 2143 sumatur
402 2106 718 2144 conditionatum
750 2106 925 2144 debitum
946 2117 969 2144 a
987 2111 1068 2145 tota
1088 2117 1219 2145 rerum
1253 2109 1510 2147 universitate
1531 2110 1580 2147 ad
1601 2120 1737 2157 quam-

129 2152 225 2189 libet
246 2152 332 2199 ejus
364 2156 528 2200 partem,
549 2162 636 2200 quae
656 2154 705 2191 ad
724 2154 1007 2200 perfectionem
1026 2155 1240 2202 requiritur
1260 2156 1449 2194 universi.
1477 2157 1516 2194 Si
1536 2158 1642 2195 enim
1660 2159 1738 2196 tale

129 2200 360 2237 universum
393 2199 480 2236 fieri
512 2201 616 2238 Deus
648 2200 786 2245 voluit,
820 2201 994 2238 debitum
1023 2202 1098 2239 fuit
1117 2205 1160 2239 ut
1192 2202 1319 2240 solem
1340 2207 1379 2239 et
1413 2213 1557 2250 aquam
1580 2205 1737 2250 faceret,

129 2250 168 2283 et
186 2246 427 2292 hujusmodi,
451 2246 538 2284 5100
558 2246 702 2294 quibus
723 2248 950 2285 universum
970 2257 1060 2286 0550
1078 2257 1159 2286 non
1176 2252 1319 2295 potest.
1340 2251 1534 2295 Secundo,
1554 2255 1595 2288 ut
1610 2261 1739 2289 suma·

128 2296 193 2329 tur
225 2293 465 2330 conditionis
502 2293 676 2331 debitum
706 2304 753 2331 ex
788 2303 866 2331 una
900 2299 1080 2333 creatura
1115 2296 1163 2332 ad
1193 2297 1311 2333 aliam
1331 2308 1340 2341 ;
1359 2301 1415 2342 ut,
1439 2299 1473 2334 si
1494 2298 1682 2336 animalia
1701 2303 1739 2335 et

128 2339 286 2386 plantas
314 2341 418 2377 Deus
438 2349 528 2377 esse
557 2341 695 2385 voluit,
717 2340 890 2378 debitum
926 2342 1000 2378 fuit
1027 2347 1071 2379 ut
1099 2343 1277 2380 coelestia
1310 2352 1477 2389 corpora
1512 2345 1668 2389 faceret,
1690 2355 1738 2382 ex

130 2386 276 2433 quibus
293 2390 602 2432 conservantur;
621 2391 672 2433 et,
691 2388 725 2424 si
747 2388 948 2425 hominem
964 2398 1053 2426 esse
1069 2389 1208 2434 voluit,
1223 2391 1397 2435 oportuit
1425 2390 1550 2427 facere
1565 2392 1735 2438 plantas,

129 2437 167 2470 et
184 2433 372 2470 animalia
391 2436 429 2469 et
462 2433 540 2470 alia
558 2433 802 2480 hujusmodi,
818 2435 963 2482 quibus
992 2436 1113 2473 homo
1133 2435 1284 2482 indiget
1303 2436 1351 2473 ad
1372 2445 1461 2474 0550
1493 2439 1709 2483 perfectum
1727 2451 1737 2484 ;

129 2480 311 2527 quamvis
331 2484 369 2516 et
398 2480 482 2516 haec
501 2483 540 2516 01
558 2481 627 2517 illa
648 2491 696 2518 ex
714 2490 822 2518 mera
841 2483 944 2519 Deus
965 2482 1099 2519 fecerit
1120 2483 1334 2520 voluntate.
1355 2483 1497 2529 Tertio,
1519 2485 1619 2521 utin
1639 2494 1736 2523 una-

129 2536 286 2574 quaque
302 2530 443 2564 natura
461 2530 641 2563 sumatur
659 2528 927 2565 conditionale
946 2528 1121 2565 debitum
1140 2538 1188 2565 ex
1204 2529 1290 2566 suis
1310 2529 1502 2576 partibus,
1515 2535 1552 2567 et
1566 2532 1739 2578 proprie-

127 2573 291 2618 tatibus,
314 2577 350 2610 et
384 2572 671 2618 accidentibus,
691 2583 739 2611 ex
758 2574 903 2622 quibus
932 2575 1125 2620 dependet
1141 2579 1320 2613 creatura
1350 2581 1541 2623 quantum
1561 2579 1610 2615 ad
1631 2587 1735 2626 esse,

127 2621 190 2657 vel
218 2624 408 2667 quantum
434 2620 482 2657 ad
515 2620 688 2667 aliquam
706 2621 768 2657 sui
799 2622 1081 2666 perfectionem
1098 2633 1107 2667 3
1127 2622 1243 2663 510111,
1264 2624 1471 2670 supposito
1500 2625 1606 2672 quod
1633 2627 1737 2664 Deus

129 2667 330 2704 hominem
352 2667 480 2704 facere
508 2667 647 2711 voluit,
681 2666 854 2704 debitum
875 2677 922 2704 ex
941 2668 1015 2705 hac
1044 2669 1318 2715 suppositione
1336 2671 1410 2707 fuit
1442 2675 1484 2708 ut
1507 2673 1680 2710 animam
1699 2676 1738 2710 et

128 2722 273 2760 corpus
293 2714 335 2751 in
355 2723 402 2751 eo
435 2713 707 2761 conjungeret,
729 2717 766 2750 et
796 2723 955 2767 sensus,
977 2718 1014 2751 et
1034 2716 1112 2768 ali—a
1138 2716 1367 2763 hujusmodi
1398 2718 1624 2765 adjumenta
1653 2723 1735 2757 tam

129 2760 346 2799 intrinseca
372 2769 491 2808 quam
524 2761 745 2798 extrinseca
778 2770 813 2797 01
844 2761 1122 2808 praeheret31n
1153 2763 1298 2810 quibus
1330 2765 1530 2811 omnibus,
1558 2766 1592 2803 si
1630 2771 1734 2804 recte

130 2808 356 2891 attendigun
389 2810 495 2846 Deus
528 2812 717 2845 creaturae
746 2807 901 2845 debitor
936 2818 1017 2846 non
1051 2808 1207 2856 dicitur,
1243 2810 1313 2848 sed
1358 2821 1439 2849 suae
1478 2812 1733 2859 dispositioni

129 2862 209 2900 lmp
228 2864 275 2890 011
306 2864 351 2899 ae,

176 2902 376 2939 Invenitur
395 2905 524 2940 autem
546 2905 582 2939 et
602 2901 703 2939 alius
724 2902 974 2940 necessitatis
993 2902 1182 2941 modusin
1194 2913 1323 2942 rerum
1336 2908 1490 2951 natura,
1512 2906 1731 2944 secundum
