1894 3223
652 77 740 116 LlB.
768 78 834 124 ΙΙΙ,
861 77 961 115 CAP.
985 78 1102 115 XLVI.
1618 80 1685 115 313

62 171 185 209 supra
214 164 422 199 ostensum
453 163 526 205 est,
548 159 729 208 sequitur
763 160 869 206 quod
899 160 1123 197 intellectus
1158 159 1367 207 possibilis
1401 163 1540 198 noster
1572 161 1683 198 nullo

62 208 185 247 modo
204 207 335 256 possit
352 206 577 255 intelligere
598 206 844 244 substantias
865 211 1082 253 separatas.

113 257 194 293 Hoc
214 255 329 293 etiam
351 258 516 302 apparet
534 263 582 292 ex
598 253 737 291 ordine
761 253 988 291 intellectus
1006 253 1213 300 possibilis
1243 253 1292 292 ad
1325 257 1522 301 agentem.
1545 255 1684 292 Poten-

62 302 121 341 tia
136 302 247 340 enim
267 302 427 350 passiva
446 301 495 339 ad
514 300 586 338 illa
605 301 736 338 solum
758 304 816 338 est
848 301 888 337 in
918 302 1092 346 potentia
1121 302 1160 338 in
1195 311 1282 348 quae
1314 306 1446 348 potest
1478 302 1682 348 proprium

61 349 149 397 ejus
173 349 357 387 activum.
379 347 496 387 Omni
517 348 624 386 enim
643 347 831 394 potentiae
852 348 1020 394 passivae
1041 349 1255 394 respondet
1275 349 1451 395 potentia
1485 350 1612 386 activa
1640 349 1683 386 in

63 401 219 434 natura.
240 396 347 433 Alias
368 395 544 442 potentia
562 395 722 442 passiva
756 399 861 431 esset
895 396 1052 440 frustra,
1075 406 1163 432 oum
1198 405 1277 433 non
1313 396 1441 441 possit
1473 396 1605 433 reduci
1641 397 1680 433 in

61 447 196 481 actum
214 443 293 480 nisi
313 453 383 490 per
397 443 580 480 activam.
605 441 711 479 Unde
731 442 911 480 videmus
931 444 1036 489 quod
1073 443 1182 480 visus
1204 452 1296 487 ,non
1332 447 1392 480 est
1431 444 1682 489 susceptivus

63 491 142 528 nisi
165 490 345 528 colorum
377 490 443 538 qui
476 490 754 527 illuminantur
785 499 853 535 per
885 490 1026 526 lucem.
1052 490 1279 527 lntellectus
1313 495 1443 527 autem
1460 490 1681 536 possibilis,

63 547 153 576 cum
176 537 230 576 sit
247 537 372 575 virtus
393 537 686 590 quodammodo
708 537 880 583 passiva,
904 537 1019 573 habet
1042 538 1241 583 proprium
1262 546 1388 583 agens
1408 537 1484 575 sihi
1517 547 1682 584 respon·

61 585 177 629 dens,
216 585 369 622 scilicet
405 584 649 622 intellectum
682 588 878 630 agentem,
912 585 977 631 qui
1012 584 1065 621 ita
1098 594 1140 621 se
1186 583 1304 621 hahet
1344 584 1392 620 ad
1437 585 1683 622 intellectum

92 631 312 677 ossibilem,
333 631 438 669 sicut
454 641 497 669 se
518 632 636 668 habet
656 631 722 668 lux
741 631 789 668 ad
811 632 954 668 visum.
978 633 1064 668 Non
1085 634 1146 668 est
1162 631 1284 677 igitur
1304 630 1529 669 intellectus
1552 632 1683 678 possi-

94 679 159 717 ilis
176 679 216 716 in
236 679 413 726 potentia
434 679 510 715 nisi
532 678 580 715 ad
602 678 671 715 illa
690 678 958 725 intelligibilia
979 688 1065 725 quae
1087 682 1180 715 sunt
1209 678 1311 715 facta
1339 688 1408 724 per
1439 678 1681 716 intellectum

65 730 262 774 agentem.
282 726 390 763 Unde
410 731 446 763 ot
465 725 698 763 Aristoteles
716 726 757 762 in
779 726 893 762 tertio
922 727 972 762 Dc
1001 727 1125 761 αηιῒιηα
1163 725 1270 771 (text.
1289 734 1433 762 comm.
1458 726 1514 772 18)
1536 726 1683 763 descri-

63 773 165 811 bens
187 774 395 821 utrumque
417 774 674 816 intellectum,
691 772 787 810 dicit
807 772 911 819 quod
935 772 1193 809 «intellectus
1215 772 1424 818 possibilis
1444 776 1504 809 est
1524 782 1603 819 quo
1625 778 1685 810 est

67 821 203 858 omnia
224 819 322 864 fieri,
346 830 470 867 agens
487 829 579 857 vero
598 830 676 866 quo
704 824 761 856 est
779 820 913 856 omnia
950 818 1126 864 facere»,
1153 823 1191 856 ut
1224 819 1272 856 ad
1307 819 1444 856 eadem
1476 821 1683 866 utriusque

64 868 243 914 potentia
261 868 395 904 referri
414 867 673 913 intelligatur,
696 867 815 913 hujtis
842 867 982 910 activa,
1005 867 1114 904 illius
1148 867 1319 912 passiva.
1343 868 1438 904 Cum
1460 876 1555 914 ergo
1586 867 1683 904 sub-

66 915 224 952 stantiae
243 918 433 961 separatae
451 923 532 951 non
551 915 632 951 sint
654 914 762 950 taetre
784 914 1032 951 intellectiva}
1049 914 1089 950 in
1109 918 1198 950 actu
1220 923 1289 960 per
1305 914 1548 951 intellectum
1565 923 1684 961 agen-

66 966 160 1006 tem,
177 961 244 999 sed
269 962 397 999 solum
421 961 655 1005 materialia,
677 961 724 997 ad
747 961 829 997 brec
851 960 937 997 sola
959 970 1000 997 se
1021 961 1195 997 extendit
1213 961 1420 1006 possibilis
1439 961 1682 999 intellectus.

65 1011 150 1046 Non
172 1009 293 1056 igitur
313 1018 381 1055 per
400 1008 530 1054 ipsum
553 1017 769 1053 possumus
788 1008 1009 1054 intelligere
1033 1008 1277 1046 substantias
1299 1011 1516 1054 separatas.

113 1057 276 1102 Propter
303 1054 409 1103 quod
443 1058 480 1092 et
515 1054 745 1091 Aristoteles
767 1063 944 1100 congruo
966 1055 1146 1100 exemplo
1170 1064 1266 1092 usus
1288 1059 1349 1091 est
1373 1055 1619 1102 metaphys„
1641 1065 1684 1100 11,

65 1105 160 1140 text.
178 1111 322 1140 comm.
344 1101 392 1149 1).
412 1103 510 1139 Nam
529 1102 670 1139 oculus
703 1101 999 1147 vespertilionis
1020 1111 1223 1148 nunquam
1256 1106 1386 1147 potest
1405 1102 1538 1138 videre
1556 1102 1684 1138 lucem

65 1149 180 1194 solis,
201 1149 383 1198 quamvis
410 1151 603 1186 Averroes
623 1148 700 1186 hoc
733 1149 956 1194 exemplum
974 1148 1192 1194 depravare
1226 1151 1376 1186 nitatur
1407 1149 1560 1194 dicens,
1579 1149 1686 1196 quod

65 1196 198 1234 simile
219 1205 300 1234 non
326 1199 389 1234 est
418 1196 467 1234 de
504 1196 707 1233 intellectu
749 1199 886 1232 nostro
927 1195 974 1232 ad
996 1196 1241 1233 substantias
1271 1200 1474 1242 separatas
1493 1200 1531 1233 et
1569 1197 1686 1233 oculo

63 1244 361 1291 vespertilionis
394 1243 443 1281 ad
473 1243 604 1281 lucem
629 1243 742 1284 solis,
764 1246 956 1290 quantum
977 1243 1027 1279 ad
1059 1243 1436 1289 impossibilitatem,
1459 1243 1528 1280 sed
1553 1243 1686 1280 solum

66 1295 259 1339 quantum
279 1290 329 1328 ad
364 1290 651 1328 difficultatem.
675 1291 788 1334 Quod
807 1290 876 1328 tali
897 1290 1050 1327 ratione
1081 1291 1221 1336 probat
1241 1291 1387 1328 ibidem
1405 1303 1414 1335 ;
1433 1290 1540 1338 quia,
1562 1290 1596 1328 si
1619 1290 1688 1328 illa

67 1347 154 1386 quae
186 1341 280 1376 sunt
315 1338 518 1375 intellecta
551 1338 769 1375 secundum
792 1346 849 1382 se,
871 1337 1024 1374 scilieet
1056 1337 1290 1375 substantiae
1324 1342 1529 1383 separatae,
1552 1342 1687 1375 essent

66 1385 185 1423 nobis
208 1385 481 1432 impossibiles
512 1384 561 1422 ad
589 1384 907 1432 intelligendum,
930 1384 1078 1422 frustra
1107 1388 1257 1430 essent,
1280 1385 1384 1422 sicut
1416 1385 1449 1422 si
1489 1388 1596 1421 esset
1616 1385 1686 1421 ali—

67 1432 174 1480 quod
189 1432 347 1470 visibile
369 1432 473 1479 quod
506 1431 618 1469 nullo
639 1431 727 1469 visu
748 1432 869 1468 videri
892 1431 1032 1477 possit.
1053 1432 1147 1476 Quae
1178 1432 1334 1478 quidem
1362 1432 1461 1468 ratio
1486 1441 1604 1478 quam
1623 1431 1687 1468 sri-

66 1480 157 1517 vola
192 1480 257 1525 sit,
278 1483 451 1526 apparet.
474 1479 554 1516 Etsi
575 1479 682 1515 enim
716 1488 739 1515 a
758 1478 875 1515 nobis
909 1488 1111 1525 nunquam
1132 1479 1209 1516 illae
1235 1478 1469 1516 substantiae
1489 1478 1686 1524 intellige-

67 1531 217 1572 rentur,
238 1530 372 1564 tamen
391 1525 709 1573 intelligerentur
733 1535 754 1562 a
774 1525 1014 1571 semetipsis.
1028 1525 1136 1562 Unde
1158 1535 1230 1562 nec
1246 1526 1392 1562 frustra
1413 1525 1687 1573 intelligibiles

68 1577 216 1615 essent,
236 1573 344 1612 sicut
362 1581 434 1610 nec
458 1573 517 1610 sol
540 1572 877 1615 frustra,visibilis
898 1576 971 1617 est,
992 1575 1035 1610 ut
1052 1572 1276 1610 Aristotelis
1299 1573 1524 1619 exemplum
1548 1582 1684 1618 prose-

68 1631 249 1668 quamur,
270 1620 364 1668 quia
397 1629 480 1657 non
508 1623 639 1666 potest
660 1620 790 1666 ipsum
829 1619 962 1656 videre
999 1620 1242 1666 vespertilio,
1265 1629 1355 1657 cum
1385 1620 1514 1666 possit
1552 1620 1685 1666 ipsum

66 1668 200 1706 videre
219 1668 342 1706 homo
362 1670 398 1704 et
415 1667 494 1704 alia
513 1666 714 1704 animalia.

113 1715 175 1753 Sic
192 1723 287 1763 ergo
306 1714 532 1752 intellectus
543 1713 767 1761 possibilis,
785 1713 817 1751 si
838 1713 1000 1760 ponitur
1014 1714 1169 1760 corpori
1192 1714 1328 1751 unitus
1344 1714 1564 1751 seeundum
1580 1723 1683 1759 esse,

66 1771 147 1800 non
173 1764 304 1808 potest
322 1761 544 1809 intelligere
577 1761 823 1798 substantias
863 1764 1079 1806 separatas.
1103 1763 1269 1798 Interest
1290 1766 1422 1798 tamen
1447 1762 1618 1808 qualiter
1637 1761 1684 1798 de

66 1809 292 1848 substantia
310 1808 440 1855 ipsius
475 1808 683 1846 sentiatur.
707 1808 745 1845 Si
767 1807 873 1844 enim
903 1812 1076 1854 ponatur
1097 1817 1185 1845 esse
1213 1809 1393 1856 quaedam
1420 1808 1546 1846 virtus
1563 1811 1685 1845 mate-

65 1856 177 1894 rialis
198 1856 438 1904 generabilis
477 1859 515 1892 et
534 1855 819 1901 corruptibilis,
839 1858 883 1892 ut
921 1855 1081 1902 quidam
1117 1859 1347 1901 posuerunt,
1379 1856 1559 1902 sequitur
1578 1855 1686 1902 quod

66 1913 114 1942 ex
146 1913 222 1941 sua
262 1903 491 1941 substantia
521 1902 807 1939 determinatur
849 1902 898 1939 ad
948 1902 1249 1949 intelligendum
1301 1903 1534 1940 materialia.
1578 1903 1686 1940 Unde

64 1959 232 1989 necesse
261 1953 335 1995 est,
384 1950 462 1987 uod
495 1949 607 1987 nullo
634 1949 753 1986 modo
786 1949 1009 1996 intelligere
1029 1950 1158 1995 possit
1187 1950 1433 1987 substantias
1466 1954 1683 1995 separatas,

65 1998 160 2045 quia
191 1997 359 2044 impossi
391 1997 442 2034 ile
462 1997 536 2034 erit
560 1997 691 2043 ipsum
713 2006 803 2034 esse
827 2000 1067 2042 separatum.
1091 1997 1129 2033 Si
1151 2001 1282 2034 autem
1305 1997 1532 2034 intellectus
1554 1997 1684 2043 possi-

63 2044 173 2089 bilis,
195 2044 377 2091 quamvis
397 2045 450 2082 sit
475 2044 634 2090 corpori
665 2044 817 2089 unitus,
837 2047 898 2081 est
920 2047 1052 2081 tamen
1073 2043 1401 2090 incorruptibilis,
1424 2048 1462 2081 et
1481 2054 1504 2081 a
1521 2044 1687 2080 materia

65 2100 147 2128 non
169 2090 397 2137 dependens
429 2091 648 2128 secundum
675 2100 793 2129 suum
823 2100 926 2136 esse,
949 2092 1054 2128 sicut
1084 2101 1204 2137 supra
1225 2091 1308 2138 (lib.
1327 2100 1371 2136 11,
1393 2101 1478 2137 cap,
1502 2094 1547 2127 59
1567 2095 1607 2127 et
1626 2091 1684 2137 150)

66 2137 330 2183 ostendimus,
348 2137 528 2185 sequitur
559 2137 665 2185 quod
699 2138 892 2185 obligatio
937 2138 985 2175 ad
1032 2139 1315 2185 intelligendas
1352 2147 1418 2175 res
1456 2139 1685 2175 materiales

67 2185 220 2222 accidat
251 2185 286 2222 ei
307 2194 355 2222 ex
389 2185 537 2221 unione
568 2185 617 2221 ad
637 2194 796 2230 eorpuS.
817 2184 924 2221 Unde
945 2194 1035 2222 oum
1062 2185 1196 2222 anima
1227 2195 1250 2222 a
1269 2194 1434 2231 corpore
1463 2186 1547 2222 talit
1568 2185 1686 2222 suerit

66 2235 262 2279 separata,
283 2231 509 2269 intellectus
530 2231 737 2277 possibilis
769 2232 994 2278 intelligere
1013 2233 1157 2278 poterit
1173 2242 1221 2269 ea
1241 2242 1327 2279 quae
1350 2235 1444 2269 sunt
1463 2231 1684 2268 seeundum

66 2288 109 2316 se
140 2278 421 2326 intelligibilia,
456 2279 611 2316 scilicet
651 2278 900 2316 substantias
935 2283 1151 2325 separatas,
1190 2289 1260 2325 per
1289 2280 1425 2315 lumen
1459 2279 1686 2315 intellectus

0 2361 3 2365 ,
65 2326 236 2373 agentis,
257 2325 364 2372 quod
383 2329 445 2363 est
477 2325 700 2363 similitudo
721 2326 761 2362 in
783 2325 917 2363 anima
947 2326 1232 2363 intellectualis
1251 2326 1419 2362 luminis
1439 2325 1544 2371 quod
1566 2327 1626 2361 est
1644 2324 1687 2361 in

67 2373 305 2411 substantiis
334 2373 540 2418 separatis.

112 2421 158 2456 Et
189 2420 274 2457 haec
290 2423 352 2456 est
377 2420 576 2456 sententia
593 2423 740 2457 nostrae
767 2419 856 2456 fidei
878 2419 926 2456 de
945 2419 1204 2466 intelligendo
1223 2418 1467 2455 substantias
1485 2420 1689 2463 separatas

65 2475 90 2504 a
108 2465 226 2505 nobis
259 2470 350 2514 post
369 2470 553 2511 mortem,
572 2470 610 2503 et
641 2475 724 2504 non
750 2467 792 2503 in
817 2467 893 2504 hac
911 2466 1004 2503 vita.
1025 2466 1056 2513 (I
1072 2470 1186 2512 part„
1210 2475 1246 2511 q.
1268 2474 1463 2509 Lxxxvffl,
1484 2469 1556 2502 art.
1579 2465 1627 2511 1.)

705 2577 872 2618 CAPUT
912 2576 1050 2618 XLVI.

321 2692 420 2727 QUOD
446 2691 573 2721 AMMA
597 2690 640 2719 IN
670 2690 749 2719 HAG
775 2690 871 2718 VtTA
896 2689 975 2718 NON
1000 2689 1231 2719 INTELLIGAT
1256 2689 1431 2720 SEIPSAM.

114 2793 275 2832 Videtur
286 2797 416 2832 autem
433 2793 649 2832 difficultas
670 2792 851 2840 quaedam
873 2794 1011 2828 contra
1032 2791 1219 2837 praedicta
1239 2791 1369 2829 afferri
1389 2803 1435 2829 ex
1449 2792 1686 2840 quibusdam

68 2842 279 2889 Augustini
294 2842 427 2880 verbis
440 2852 526 2889 quae
543 2841 753 2888 diligenter
770 2839 1046 2887 pertractanda
1062 2843 1168 2876 sunt.
1183 2839 1282 2877 Dicit
1297 2840 1403 2877 enin]
1418 2839 1459 2876 in
1477 2840 1688 2877 deeimoDc
