1894 3223
647 85 734 120 LlB.
765 85 812 128 ΙΙ,
840 85 940 121 CAP.
970 84 1158 121 Lxxxvll.
1635 87 1704 122 233

80 168 129 207 de
149 167 325 215 potentia
343 166 384 203 in
407 169 552 207 actum,
575 168 614 202 et
630 166 688 202 sic
709 165 993 202 determinatur
1013 166 1061 202 ad
1080 176 1169 203 6556
1196 169 1285 203 actu
1317 165 1491 203 materiae
1516 166 1622 214 quod
1642 172 1703 205 cst

80 223 150 262 per
171 215 359 252 unionem
385 213 542 258 formae3
565 213 684 257 unde,
703 213 736 250 si
758 222 827 258 pcr
846 213 920 249 hoc
942 214 1058 250 ctiam
1082 213 1246 260 incipiat
1263 222 1351 251 6556
1375 214 1524 258 formae,
1547 214 1702 261 simpli·

81 263 180 300 citer
200 271 290 299 esse
309 261 445 298 sormae
462 269 544 297 non
562 260 634 297 erit
667 260 744 297 nisi
767 260 807 295 in
827 260 903 297 hoc
935 261 1040 307 quod
1063 265 1123 297 cst
1147 261 1250 297 uniri
1284 261 1472 305 materiae,
1495 264 1534 298 et
1550 262 1609 298 sic
1631 263 1705 299 crit

81 309 301 347 secundum
320 317 410 345 esse
428 317 451 345 a
467 307 633 344 materia
653 306 894 353 dependens.
918 308 955 344 Si
979 307 1099 353 igitur
1114 308 1246 345 anima
1268 307 1442 345 humana
1462 308 1706 354 producatur

82 357 124 394 in
143 365 233 394 6556
253 365 322 402 per
339 355 522 392 virtutem
544 354 710 391 activam
730 363 816 401 quae
839 358 898 391 est
916 355 956 390 in
975 356 1141 399 semine,
1159 355 1339 402 sequitur
1359 355 1465 402 quod
1481 359 1569 393 6556
1585 365 1704 393 51111111

80 404 134 442 sit
153 403 382 450 dependens
402 411 425 440 a
445 402 625 447 materia,
648 401 752 438 sicut
769 410 858 438 6556
885 402 1050 438 aliarum
1076 403 1289 439 formarum
1320 403 1608 448 materialium;
1636 414 1704 441 cu-

76 451 144 499 jus
178 450 420 488 contrarium
445 459 566 495 supra
586 448 634 496 (c.
665 449 727 495 79)
770 452 977 485 ostensum
1007 453 1080 486 est.
1121 450 1236 486 Nullo
1268 450 1391 496 igitur
1418 450 1539 488 modo
1571 451 1705 489 anima

82 498 325 535 intellectiva
340 497 572 544 producitur
593 497 634 532 in
654 506 743 533 6556
763 506 832 542 per
853 496 1020 533 seminis
1044 497 1349 534 traductionem.

129 545 313 591 Amplius,
337 544 470 582 omnis
500 544 629 581 forma
661 553 748 590 qute
782 543 963 580 educitur
991 544 1030 580 in
1053 553 1142 581 6556
1176 554 1246 590 per
1266 544 1440 582 materiae
1462 548 1706 583 transmuta-

85 592 233 629 tionem
257 595 318 629 est
346 591 474 629 forma
504 591 646 628 educta
671 591 718 627 de
753 591 929 636 potentia
955 591 1246 635 materiae;hoc
1276 591 1381 628 enim
1405 595 1466 629 est
1498 593 1705 630 materiam

81 638 355 683 transmutari,
374 638 422 676 de
454 638 632 685 potentia
652 638 693 674 111
721 642 850 674 actum
884 638 1012 675 educi.
1033 638 1175 675 Anima
1207 641 1338 675 autem
1360 636 1602 677 intellectiva
1623 649 1705 678 non

81 690 213 733 potest
233 686 347 724 educi
375 686 422 723 de
453 686 630 732 potentia
663 685 857 730 niateriae3
875 685 956 731 jam
979 686 1084 722 enim
1113 694 1233 731 supra
1254 685 1302 732 (c.
1325 685 1383 732 68)
1417 689 1623 724 ostensum
1646 691 1708 725 est

83 734 189 781 quod
210 734 298 780 ipsa
319 733 453 770 anima
479 732 721 770 intellectiva
749 733 902 769 excedit
921 736 1047 770 totum
1068 741 1188 778 posse
1209 733 1399 778 materiae,
1420 742 1541 780 quum
1564 734 1708 772 habeat

82 781 257 828 aliquam
278 780 550 827 operationem
573 780 722 827 absque
745 780 922 824 materia,
946 783 988 816 ut
1007 789 1127 826 supra
1149 779 1196 826 (6.
1214 779 1273 826 69)
1295 783 1504 819 ostensum
1526 785 1598 818 est.
1620 784 1706 819 Non

82 828 206 875 igitur
233 828 368 866 anima
386 827 627 864 intellectiva
646 827 686 863 in
706 836 807 879 ,6556
830 826 1010 863 educitur
1027 836 1096 873 per
1114 827 1492 865 transmutationem
1512 830 1705 873 materiae,

83 879 122 912 et
140 875 200 913 sic
220 884 348 923 neque
368 884 438 921 per
456 874 654 912 actionem
677 874 834 910 virtutis
849 883 936 920 quae
957 877 1017 912 est
1038 874 1078 910 in
1094 874 1261 911 semine.

131 924 323 963 Praeterea,
345 922 456 959 nulla
480 922 607 958 virtus
636 921 764 958 activa
801 921 883 967 agit
903 920 1005 958 ultra
1031 930 1149 958 suum
1170 930 1311 967 genus.
1334 921 1409 959 Sed
1440 922 1574 959 anima
1592 922 1708 960 intel-

84 969 228 1007 lectiva
248 969 402 1007 excedit
419 971 546 1006 totum
567 977 695 1015 genus
713 977 963 1014 corporeum,
985 977 1106 1015 quum
1130 969 1272 1006 habeat
1291 969 1564 1015 operationem
1588 979 1709 1017 super

84 1017 220 1055 omnia
240 1025 408 1062 corpora
425 1016 632 1060 elevatam,
649 1024 736 1063 quae
757 1018 818 1052 est
834 1015 1071 1062 intelligere.
1091 1016 1208 1053 Nulla
1228 1015 1351 1063 igitur
1370 1016 1495 1053 virtus
1517 1026 1709 1063 corporea.

83 1067 215 1117 potest
236 1063 454 1116 producere
476 1063 650 1100 animam
672 1062 967 1100 intellectivam.
990 1062 1063 1100 Sed
1085 1063 1218 1100 omnis
1235 1063 1340 1100 actio
1359 1063 1517 1101 virtutis
1539 1073 1626 1111 quae
1648 1068 1710 1102 est

82 1121 126 1149 111
147 1119 301 1149 semine
327 1114 387 1148 est
407 1119 477 1157 per
496 1110 670 1157 aliquam
698 1119 933 1156 corpoream
953 1110 1159 1154 virtutem;
1182 1110 1264 1157 agit
1283 1110 1390 1147 enim
1414 1111 1541 1148 virtus
1562 1112 1708 1149 forma-

81 1158 178 1203 tiva‚
199 1157 397 1196 mediante
427 1157 571 1203 triplici
606 1157 752 1202 calore,
774 1157 928 1194 scilicet
960 1157 1082 1204 ignis,
1103 1156 1207 1202 coeli,
1230 1160 1268 1194 et
1286 1158 1419 1195 calore
1438 1158 1596 1196 animae.
1619 1160 1707 1196 Non

82 1205 207 1258 igitur
225 1208 356 1252 potest
379 1204 545 1251 produci
568 1204 608 1241 in
629 1213 720 1242 esse
740 1204 876 1241 anima
905 1204 1146 1242 intellectiva
1165 1213 1236 1251 per
1253 1204 1439 1242 virtutem
1460 1214 1549 1253 quae
1584 1209 1645 1243 est
1664 1206 1706 1243 in

83 1261 251 1291 semine.

130 1301 320 1342 Praeterea,
338 1298 552 1337 ridiculum
572 1301 634 1336 est
663 1297 794 1336 dicere
814 1299 989 1346 aliquam
1012 1299 1323 1336 intellectualem
1353 1299 1618 1338 substantiam
1646 1300 1707 1338 vel

83 1356 154 1394 per
174 1347 412 1385 divisionem
440 1346 622 1393 corporis
641 1345 763 1383 dividi
782 1347 843 1383 vel
874 1346 995 1384 etiam
1017 1346 1066 1383 ab
1086 1347 1221 1394 aliqua
1241 1347 1384 1384 virtute
1404 1356 1597 1395 corporea
1615 1357 1707 1394 pro·

85 1394 191 1432 duci.
213 1394 286 1432 Sed
309 1394 443 1431 anima
463 1394 639 1432 humana
664 1397 725 1431 est
745 1393 926 1441 quaedam
946 1393 1231 1432 intellectualis
1252 1393 1492 1440 substantia,
1514 1398 1556 1432 ut
1587 1404 1708 1441 supra

85 1441 135 1488 (c.
158 1441 217 1488 68)
240 1444 447 1479 ostensum
479 1445 553 1479 est.
574 1443 660 1478 Non
693 1441 814 1487 igitur
836 1444 967 1487 potest
999 1441 1076 1478 dici
1103 1441 1210 1489 quod
1237 1440 1435 1478 dividatur
1454 1451 1527 1489 per
1543 1441 1707 1479 divisio-

85 1497 176 1525 nem
198 1488 379 1532 seminis‚
402 1497 530 1535 neque
550 1488 656 1535 quod
677 1488 919 1534 producatur
938 1488 979 1524 in
1005 1497 1098 1526 esse
1119 1498 1142 1525 a
1157 1488 1301 1525 virtute
1318 1488 1447 1526 activa
1477 1498 1566 1536 quae
1586 1492 1647 1526 est
1666 1490 1708 1526 in

87 1536 261 1581 semine;
286 1539 324 1573 et
355 1535 414 1573 sic
447 1535 559 1573 nullo
590 1535 710 1572 modo
744 1544 815 1582 per
842 1535 1010 1573 seminis
1042 1535 1333 1573 traductionem
1367 1536 1501 1573 anima
1534 1536 1710 1573 humana

85 1583 164 1620 inci
198 1583 226 1619 it
247 1592 350 1620 esse.
702 1610 712 1619 .

132 1593 323 1671 Pipaetereffi
343 1629 379 1667 si
418 1629 622 1677 generatio
659 1628 828 1676 alicujus
856 1632 917 1682 est
947 1638 1072 1667 causa
1091 1628 1198 1676 quod
1235 1628 1386 1677 aliquid
1424 1630 1490 1676 sit,
1507 1631 1711 1677 corruptio

85 1677 173 1725 ejus
197 1678 270 1714 erit
287 1686 406 1715 causa
425 1677 531 1724 quod
552 1676 650 1713 illud
677 1686 766 1713 esse
788 1677 958 1714 desinat.
974 1677 1181 1723 corruptio
1195 1681 1328 1714 autem
1350 1677 1531 1724 corporis
1552 1687 1632 1715 non
1649 1682 1711 1716 est

85 1733 209 1762 causa
229 1724 334 1772 quod
355 1724 489 1761 anima
508 1724 683 1761 humana
717 1733 807 1761 6556
834 1724 1004 1770 desinat,
1031 1732 1155 1771 quum
1175 1724 1229 1762 sit
1247 1724 1502 1770 immortalis,
1524 1728 1568 1762 ut
1588 1734 1710 1771 supra

86 1771 135 1819 (6.
156 1771 216 1819 79)
247 1775 455 1809 ostensum
486 1775 559 1809 cst.
582 1772 716 1818 Neque
748 1771 870 1818 igitur
903 1771 1109 1818 generatio
1143 1771 1324 1818 corporis
1356 1775 1419 1809 est
1448 1781 1572 1810 causa
1603 1773 1710 1820 quod

85 1818 221 1857 anima
239 1818 405 1865 incipiat
422 1827 527 1856 esse.
549 1817 624 1855 Sed
644 1817 840 1855 traductio
861 1818 1030 1856 seminis
1045 1822 1104 1856 est
1118 1827 1240 1856 causa
1257 1819 1418 1865 propria
1435 1820 1710 1872 generationis

84 1866 279 1913 corporis.
301 1868 388 1904 Non
419 1869 480 1904 est
508 1866 631 1913 igitur
650 1865 847 1903 traductio
868 1866 1037 1904 seminis
1056 1875 1180 1904 causa
1197 1866 1472 1913 generationis
1504 1867 1647 1904 animae
1667 1867 1710 1903 in

84 1922 189 1952 esse.

132 1963 205 1998 Per
224 1960 301 1998 hoc
339 1963 470 1998 autem
513 1959 738 1998 excluditur
769 1969 881 1997 error
898 1959 1168 2008 Appollinaris
1187 1963 1226 1999 et
1264 1960 1497 2009 sequacium
1518 1961 1620 2009 ejus,
1642 1962 1710 2009 qui

84 2007 283 2053 dixerunt,
304 2011 404 2045 teste
436 2008 627 2054 Gregorio
658 2009 840 2055 Nysseno
860 2007 925 2055 (De
951 2008 1102 2053 philos„
1126 2008 1152 2045 l.
1167 2016 1212 2053 11,
1230 2017 1264 2046 6.
1287 2008 1337 2055 6),
1360 2009 1515 2046 animas
1536 2009 1585 2046 ab
1624 2009 1710 2047 ani·

81 2055 224 2093 mahus
246 2055 426 2103 generari
446 2055 551 2093 sicut
573 2064 598 2092 a
627 2055 864 2102 corporibus
885 2063 1067 2101 corpora.
1086 2055 1116 2102 (Ι
1135 2058 1252 2102 part..
1274 2065 1313 2103 q.
1330 2064 1468 2097 cxvm,
1489 2059 1563 2094 art.
1586 2055 1637 2103 1.)

681 2202 850 2245 CAPUT
876 2201 1106 2244 LXXXVII.

155 2321 255 2355 QUOD
289 2321 419 2352 ANIMA
439 2321 606 2352 HUMANA
629 2322 887 2352 PRODUCATUR
921 2322 964 2352 IN
993 2322 1088 2352 ESSE
1121 2322 1150 2352 A
1179 2321 1256 2352 DEO
1274 2321 1350 2351 PER
1375 2321 1635 2351 CREATIONEM.

132 2433 188 2468 Ex
206 2430 270 2468 his
291 2434 423 2468 autem
454 2439 542 2478 quae
563 2430 669 2468 dicta
687 2434 783 2468 sunt
813 2430 970 2468 ostendi
993 2433 1125 2477 potest
1143 2430 1249 2477 quod
1270 2429 1384 2467 501115
1407 2430 1512 2468 Ι)6115
1534 2430 1710 2468 animam

84 2477 301 2517 humanam
319 2478 360 2514 in
377 2485 467 2515 6556
486 2478 685 2524 producit.
934 2523 936 2525 γ

132 2527 258 2563 0111116
292 2525 399 2562 enim
425 2524 533 2571 quod
563 2525 606 2561 in
639 2532 729 2561 esse
757 2524 1005 2570 producitur,
1023 2523 1085 2560 vel
1112 2526 1327 2570 generatur
1360 2532 1431 2569 per
1465 2532 1509 2561 se
1539 2527 1607 2560 aut
1644 2533 1711 2570 per

86 2573 290 2617 accidens,
311 2572 371 2609 vel
389 2575 558 2608 creatur.
580 2571 721 2608 Anima
741 2574 872 2608 autem
887 2571 1063 2607 humana
1083 2578 1163 2607 non
1185 2573 1399 2617 generatur
1418 2579 1489 2616 per
1505 2579 1563 2610 56,
1588 2580 1711 2617 (11111111

83 2628 166 2657 11011
188 2620 241 2657 sit
254 2619 478 2666 composita
496 2628 544 2656 ex
564 2618 730 2655 materia
749 2621 787 2654 et
809 2618 949 2662 forma,
963 2620 1006 2654 ut
1023 2625 1144 2663 supra
1160 2616 1211 2664 (6.
1233 2619 1279 2655 50
1311 2621 1351 2654 et
1381 2616 1483 2665 seq.)
1501 2621 1711 2655 ostensum

82 2670 168 2712 est3
191 2676 319 2714 neque
337 2669 550 2713 generatur
568 2675 638 2712 per
657 2664 867 2709 accidens3
889 2672 1012 2712 quum
1030 2664 1136 2702 enim
1158 2664 1212 2701 sit
1230 2663 1359 2702 forma
1376 2665 1572 2711 corporis,
1595 2674 1712 2711 gene-

81 2717 238 2751 raretur
251 2723 321 2760 per
334 2713 515 2760 corporis
534 2712 833 2759 generationem
854 2720 942 2759 quae
957 2714 1018 2749 est
1036 2720 1084 2748 ex
1099 2711 1244 2749 virtute
1265 2712 1392 2750 activa
1408 2712 1590 2757 seminis,
1605 2712 1710 2758 quod

88 2759 351 2806 improbatum
372 2763 433 2798 est
453 2760 503 2807 (c.
525 2759 600 2807 86).
623 2760 753 2804 Quum
773 2767 869 2806 ergo
889 2758 1024 2796 anima
1040 2758 1216 2797 humana
1244 2757 1292 2797 de
1311 2768 1416 2797 novo
1437 2767 1527 2797 esse
1548 2759 1712 2805 incipiat

90 2805 184 2854 §non
212 2807 319 2845 enim
350 2810 412 2846 est
440 2811 589 2846 aeterna
619 2816 692 2844 nec
719 2806 934 2852 praeexistit
955 2806 1125 2852 corpori,
1143 2809 1187 2843 ut
1214 2814 1337 2853 supra
1355 2805 1406 2854 [c.
1428 2806 1489 2854 83]
1503 2808 1709 2844 ostensum

93 2853 179 2901 est),
202 2854 441 2903 relinquitur
456 2854 562 2903 quod
584 2856 697 2892 exeat
715 2854 758 2891 in
786 2862 877 2892 6556
895 2861 966 2900 per
985 2853 1242 2892 creationem.
1264 2855 1477 2893 ostensum
1499 2857 1559 2891 est
1579 2856 1709 2890 autem
