1894 3223
168 117 237 152 330
765 109 853 145 LIB.
882 108 945 153 111,
973 107 1073 144 CAP.
1099 108 1205 146 LVII.

171 206 239 242 per
269 196 357 237 1100,
380 192 485 239 011011
519 194 579 228 est
598 191 715 228 nobis
749 199 870 227 causa
898 189 1055 226 volendi
1074 201 1082 235 ;
1103 194 1170 226 aut
1186 199 1254 236 per
1287 190 1362 227 1100
1383 189 1488 236 quod
1509 189 1653 236 aliquis
1676 189 1788 237 alteri

173 251 285 280 3110111
306 240 548 276 voluntatem
569 237 761 281 insinuat,
783 240 826 273 ut
842 245 931 273 cum
947 236 1092 284 aliquis
1107 236 1306 284 loquendo
1328 245 1445 274 suum
1461 235 1645 274 affectum
1666 230 1790 282 expri'-

171 289 254 325 mit.
278 288 373 322 Cum
405 285 526 331 igitur
558 284 682 321 multa
701 293 749 321 ex
771 283 844 320 sim
877 283 943 320 1101
966 283 1034 320 Dei
1056 283 1258 320 voluntate
1290 283 1550 330 dependeant,
1573 287 1615 320 ut
1648 283 1790 328 partim

173 345 220 371 ex
240 332 513 378 superioribus
532 330 615 377 (lib.
637 339 680 374 11,
696 339 781 376 cap.
806 334 845 367 17
884 333 1003 376 patet,
1025 333 1062 367 et
1075 330 1203 367 adhuc
1222 330 1295 367 erit
1314 330 1485 376 amplius
1520 329 1791 373 manifestum,

172 380 396 417 intellectus
417 381 586 422 creatus,
609 377 683 414 etsi
705 377 774 414 Dei
794 377 1057 414 substantiam
1077 377 1220 422 videat,
1243 386 1323 414 non
1340 381 1473 413 tamen
1492 377 1627 414 omnia
1647 385 1791 423 cogno-

173 427 246 464 scit
267 435 353 471 quae
377 427 478 462 Deus
500 435 569 471 per
586 433 700 461 suam
717 424 982 461 substantiam
1000 424 1118 461 videt.

221 475 355 510 Potest
386 475 515 509 autem
548 471 694 518 aliquis
727 475 865 508 contra
897 471 1083 517 praedicta
1114 470 1285 517 objicere
1329 471 1434 518 quod
1465 471 1533 508 Dei
1569 469 1793 508 substantia

174 520 303 566 inajiis
323 522 381 555 est
403 518 553 566 aliquid
573 527 691 565 quam
721 518 856 554 omnia
888 527 975 565 quae
997 518 1081 563 ipse
1110 518 1252 562 facere,
1272 517 1334 554 vel
1351 517 1586 565 intelligere,
1608 517 1669 554 vel
1691 516 1790 552 velle

173 570 303 613 potest
322 569 462 611 praeter
481 565 672 611 seipsum.
693 565 816 609 Unde,
833 564 867 601 si
884 564 1108 601 intellectus
1123 566 1279 602 creatus
1295 564 1364 601 Dei
1380 565 1643 602 substantiam
1658 563 1791 600 videre

174 617 316 660 potest,
339 613 463 649 multo
485 612 613 659 magis
633 611 826 658 possibile
856 615 915 648 est
935 611 1040 658 quod
1062 611 1197 649 omnia
1218 615 1436 658 cognoscat
1454 620 1540 659 quae
1572 613 1676 649 Deus
1695 619 1793 658 prae·

174 666 234 697 ter
257 660 434 706 seipsum
454 660 514 696 vel
534 659 736 706 intelligit,
757 658 818 695 vel
839 658 935 699 vult,
955 658 1017 694 vel
1039 657 1167 695 facere
1189 661 1331 705 potest.

224 707 296 743 Sed
337 706 371 743 si
421 706 631 753 diligenter
681 705 968 750 consideretur,
1005 714 1083 742 non
1122 708 1181 742 est
1222 704 1399 751 ejusdem
1439 704 1607 743 rationis
1645 703 1796 751 aliquid

176 754 367 800 cognosci
387 753 428 789 in
450 754 583 799 seipso
599 756 636 790 et
656 753 696 789 in
718 762 791 790 sua
811 762 945 790 causa.
967 752 1153 796 Quaedam
1175 752 1281 789 enim
1309 751 1350 787 in
1371 751 1516 796 seipsis
1535 752 1582 788 de
1603 751 1709 788 facili
1731 759 1796 788 oo·

177 800 418 847 gnoscibilia
450 803 556 845 sunt,
578 809 664 847 quae
682 803 814 837 tamen
844 800 886 836 in
907 799 992 836 suis
1020 799 1154 836 causis
1185 808 1265 836 non
1288 798 1334 835 de
1352 798 1458 836 facili
1486 800 1795 845 cognoscuntur.

177 849 319 884 Verum
340 852 399 884 est
431 847 552 894 igitur
572 847 678 894 quod
698 846 827 893 maJus
858 850 918 883 est
935 846 1156 892 intelligere
1177 845 1350 883 divinam
1379 845 1657 888 substantiam,
1678 852 1797 891 qnam

177 894 368 941 quicquid
388 899 447 931 est
468 894 576 931 aliud
597 897 738 940 praeter
758 895 900 940 ipsam,
923 893 1028 941 quod
1050 894 1092 929 in
1109 893 1242 940 seipso
1263 892 1453 941 cognosci
1481 895 1624 939 potest.
1647 890 1798 928 Perfec-

179 941 295 979 tioris
332 946 464 978 tamen
497 941 740 987 cognitionis
764 944 824 978 est
853 949 1096 988 cognoscere
1131 940 1305 977 divinam
1337 939 1616 983 substantiam,
1634 938 1734 975 etin
1754 946 1800 975 ea

186 988 271 1034 eJus
308 988 472 1026 effectus
504 988 650 1034 videre,
673 997 791 1035 quam
826 997 1068 1034 cognoscere
1101 987 1274 1024 divinam
1306 986 1568 1024 substantiam
1603 985 1690 1023 sine
1723 985 1800 1037 1100

183 1035 289 1081 quod
310 1036 491 1072 videatur
523 1034 687 1072 effectus
709 1036 749 1071 iii
770 1036 869 1081 ipsa.
896 1037 939 1071 Et
974 1035 1049 1071 boc
1075 1035 1234 1081 quidem
1268 1034 1375 1080 quod
1407 1033 1541 1070 divina
1578 1032 1801 1083 substantia

184 1082 376 1126 videatur,
401 1082 550 1129 absque
584 1082 941 1128 comprehensione
970 1082 1097 1127 ipsius
1119 1081 1202 1118 fieri
1224 1084 1366 1128 potest.
1387 1081 1498 1125 Quod
1517 1083 1649 1117 autem
1667 1087 1802 1131 omnia

183 1138 252 1174 per
275 1129 401 1174 ipsam
424 1129 594 1176 intelligi
614 1129 772 1176 possint
792 1133 829 1165 et
849 1132 1156 1175 cognoscantur,
1179 1128 1254 1166 1100
1275 1127 1423 1175 absque
1445 1126 1802 1174 comprehensione

181 1184 262 1212 non
282 1179 412 1221 potest
433 1176 625 1221 accidere,
648 1180 691 1213 ut
710 1185 753 1212 ex
774 1175 971 1222 praedictis
991 1179 1109 1221 patet.

830 1321 998 1363 CAPUT
1034 1322 1152 1362 LVII.

230 1435 329 1469 QUOD
355 1434 472 1464 OMNIS
497 1435 753 1464 INTELLEGTUS
779 1435 1050 1469 GUJUSGUMQUE
1077 1434 1228 1464 GRADUS
1260 1434 1468 1463 PARTIGEPS
1492 1433 1588 1462 ESSE
1611 1431 1755 1463 POTEST

812 1487 961 1516 DIVINAE
987 1487 1172 1516 VISIONIS.

231 1597 326 1633 Cum
347 1598 480 1632 autem
500 1594 550 1632 ad
569 1594 766 1632 visionem
788 1595 931 1632 divinae
953 1595 1186 1632 substantiae
1211 1595 1437 1632 intellectus
1458 1598 1616 1633 creatus
1633 1594 1807 1641 quodam

184 1642 476 1689 supernaturali
514 1642 664 1680 lumine
696 1641 947 1687 sublimetur,
969 1646 1011 1679 ut
1043 1646 1146 1688 patet
1179 1652 1227 1679 ex
1259 1642 1374 1679 dictis
1409 1641 1507 1690 (cap.
1529 1642 1604 1688 53),
1633 1650 1715 1679 non
1748 1645 1809 1679 est

185 1690 334 1737 aliquis
352 1689 581 1726 intellectus
601 1692 759 1726 creatus
779 1689 834 1726 ita
850 1688 1069 1726 secundum
1095 1698 1209 1726 suam
1235 1692 1416 1727 naturam
1440 1689 1616 1734 infimus,
1665 1688 1705 1726 ui
1726 1697 1808 1726 non

184 1736 234 1774 ad
273 1737 375 1773 lianc
413 1736 611 1773 visionem
647 1745 698 1782 po
725 1736 777 1774 sit
812 1736 970 1774 elevari.
993 1737 1206 1774 ostensum
1245 1740 1306 1774 est
1342 1736 1448 1773 enim
1490 1736 1590 1783 (cap.
1613 1738 1657 1773 54
1701 1735 1808 1782 quod

185 1784 321 1820 lumen
354 1783 451 1819 illud
485 1792 566 1820 non
599 1787 690 1830 pote
760 1792 849 1821 esse
883 1783 1002 1820 alicui
1035 1787 1223 1820 creaturae
1258 1783 1530 1827 connaturale,
1552 1782 1622 1820 sed
1647 1790 1807 1820 omnem

186 1833 358 1866 creatam
392 1833 574 1867 naturam
618 1830 772 1867 excedit
808 1830 1028 1867 secundum
1059 1830 1256 1867 virtutem.
1280 1830 1392 1873 Quod
1431 1833 1561 1866 autem
1593 1828 1636 1866 fit
1665 1828 1807 1866 virtute

186 1877 495 1922 supernaturali,
518 1885 598 1914 non
635 1876 850 1922 impeditur
880 1881 1038 1923 propter
1068 1880 1218 1913 naturae
1251 1876 1532 1921 diversitatem,
1551 1884 1642 1913 cum
1673 1875 1809 1913 divina

184 1924 311 1960 virtus
335 1923 388 1960 sit
419 1922 589 1960 infinita.
613 1923 721 1960 Unde
753 1923 795 1959 in
828 1924 1035 1960 sanatione
1077 1923 1223 1959 infirmi
1256 1932 1342 1969 quae
1377 1922 1420 1960 fit
1450 1922 1704 1968 miraculose,
1726 1931 1808 1960 non

187 1969 318 2007 differt
347 1973 479 2006 utrum
512 1970 658 2017 aliquis
690 1970 859 2007 multum
878 1970 938 2006 vel
959 1979 1097 2015 parum
1118 1969 1352 2007 infirmetur.
1374 1970 1561 2007 Diversus
1576 1970 1698 2016 igitur
1717 1979 1807 2017 gra-

186 2017 260 2054 dus
290 2020 440 2069 naturae
471 2024 552 2053 non
584 2017 749 2063 impedit
779 2017 875 2064 quin
907 2017 1089 2054 infimum
1125 2017 1167 2053 in
1198 2017 1267 2054 tali
1297 2020 1439 2054 natura
1469 2016 1727 2055 intellectuali
1758 2016 1807 2056 ad

185 2063 295 2101 illam
316 2063 509 2101 visionem
531 2063 692 2109 perduci
713 2064 842 2110 possit
860 2064 1047 2110 praedicto
1069 2063 1233 2101 lumine.

231 2110 375 2152 Adhuc,
398 2110 587 2148 distantia
614 2110 840 2148 intellectus
870 2111 1091 2149 secundum
1136 2110 1317 2148 ordinem
1355 2114 1505 2149 naturae
1545 2110 1720 2158 supremi
1758 2111 1808 2149 ad

184 2159 309 2194 Deum
336 2161 396 2194 est
428 2157 584 2194 infinita
612 2157 654 2194 in
683 2158 925 2204 perfectione
966 2161 1004 2195 et
1031 2157 1220 2195 bonitate.
1255 2157 1347 2204 Ejus
1373 2161 1504 2196 autem
1538 2158 1728 2196 distantia
1758 2158 1809 2197 ad

184 2204 429 2242 intellectum
450 2203 632 2242 infimum
653 2208 714 2242 est
741 2204 867 2250 finita,
889 2214 912 2242 a
931 2203 1044 2243 finito
1074 2205 1180 2243 enim
1202 2204 1250 2242 ad
1282 2204 1438 2242 finitum
1458 2214 1541 2243 non
1568 2209 1699 2252 potest
1717 2213 1807 2244 esse

184 2250 342 2288 infinita
375 2251 577 2289 distantia.
601 2251 797 2290 Distantia
829 2252 951 2299 igitur
981 2261 1069 2300 quae
1104 2255 1165 2290 est
1199 2252 1303 2290 inter
1338 2251 1519 2290 infimum
1560 2252 1806 2290 intellectum

184 2301 361 2350 creatum
394 2302 433 2336 et
463 2307 694 2344 supremum
715 2302 776 2337 est
805 2299 919 2347 quasi
941 2299 1042 2337 1111111
1062 2299 1104 2336 111
1138 2299 1433 2346 comparatione
1454 2299 1504 2337 ad
1527 2299 1637 2337 illam
1658 2299 1806 2337 distan-

183 2349 281 2382 tiam
301 2355 389 2392 quae
409 2350 471 2383 est
487 2346 590 2383 inter
610 2355 840 2392 supremum
861 2346 1107 2384 intellectum
1128 2350 1304 2384 creatum
1323 2349 1361 2384 et
1383 2348 1522 2384 Deum.
1543 2346 1656 2392 Quod
1675 2350 1807 2384 autem

185 2396 246 2429 est
266 2393 380 2440 quasi
402 2392 516 2437 nihil,
536 2402 618 2431 non
647 2396 780 2440 potest
797 2393 1056 2431 variationem
1079 2393 1311 2431 sensibilem
1335 2393 1477 2439 facere,
1499 2393 1603 2432 sicut
1620 2393 1809 2432 distantia

185 2449 273 2485 quae
292 2443 354 2477 est
373 2440 477 2477 inter
492 2444 669 2478 centrum
690 2444 804 2478 terrae
824 2444 862 2478 et
880 2441 1025 2485 visum,
1041 2444 1100 2478 est
1119 2441 1233 2488 quasi
1254 2440 1356 2478 nihil
1377 2441 1419 2478 in
1438 2440 1734 2488 comparatione
1754 2439 1804 2477 ad

185 2486 415 2524 distantiam
435 2496 523 2534 quae
554 2490 616 2525 est
635 2488 739 2525 inter
770 2488 900 2526 visum
920 2492 1102 2525 nostrum
1124 2492 1162 2524 et
1179 2491 1358 2526 octavam
1387 2488 1597 2535 sphaeram,
1619 2486 1668 2525 ad
1687 2495 1807 2539 quam

184 2537 268 2585 tota
284 2537 391 2586 terra
409 2538 637 2580 comparata
652 2534 805 2581 optinet
822 2535 956 2573 locum
973 2535 1123 2582 puncti.
1140 2536 1183 2572 Et
1202 2538 1361 2582 propter
1380 2534 1457 2573 hoc
1476 2534 1586 2573 nulla
1600 2533 1806 2572 senSihilis

184 2584 350 2630 variatio
385 2580 429 2618 fit
455 2590 526 2628 per
556 2581 633 2620 hoc
666 2582 772 2629 quod
797 2582 990 2629 astrologi
1023 2583 1065 2619 in
1085 2582 1172 2620 suis
1201 2581 1610 2620 demonstrationibus
1641 2584 1807 2627 utuntur

185 2633 274 2676 visu
294 2631 433 2679 nostro
460 2628 577 2675 quasi
598 2633 734 2667 centro
759 2632 886 2667 terrae.
906 2630 1011 2667 Nihil
1042 2639 1083 2667 01
1113 2638 1136 2667 o
1157 2628 1288 2667 differt
1308 2629 1546 2676 quicumque
1576 2627 1805 2665 intelle'ctus

187 2675 240 2708 sit
257 2682 324 2724 qui
343 2674 393 2711 ad
412 2677 481 2712 Dei
511 2675 709 2714 visionem
725 2686 796 2724 per
830 2676 965 2714 lumen
996 2686 1075 2724 prae
1106 2677 1227 2714 ictum
1253 2676 1439 2721 elevetur,
1459 2679 1592 2713 utrum
1607 2683 1804 2720 summus,

187 2718 247 2756 vel
267 2718 442 2766 infimus,
460 2721 522 2760 vel
542 2723 714 2762 medius.

205 2811 212 2818 ,
231 2765 333 2810 Item,
353 2775 474 2818 supra
492 2769 702 2821 probatum
722 2774 784 2808 est
803 2770 903 2818 (cap.
921 2774 967 2810 25
986 2774 1026 2809 et
1041 2770 1100 2819 50)
1121 2771 1225 2819 quod
1248 2769 1380 2808 omnis
1397 2768 1623 2807 intellectus
1639 2772 1805 2821 ‘natura-

188 2810 277 2850 liter
296 2812 494 2850 desiderat
525 2816 668 2854 divinae
700 2818 934 2855 substantiae
966 2818 1175 2856 visionem.
1197 2815 1381 2855 Naturale
1410 2819 1542 2853 autem
1562 2815 1805 2854 desiderium

189 2866 270 2897 non
289 2863 420 2906 potest
439 2870 529 2899 esse
547 2863 679 2902 inane,
694 2865 867 2909 Quilibet
886 2865 1009 2913 igitur
1024 2865 1250 2903 intellectus
1269 2865 1425 2902 creatus
1450 2866 1581 2911 potest
1601 2863 1805 2910 pervenire
