1894 3223
661 115 748 151 LIB.
776 115 840 159 111,
869 116 968 152 CAP.
999 116 1067 153 Lx,
1602 118 1670 155 333

50 198 200 243 vident,
222 199 263 235 ut
279 196 455 234 rationes
475 195 595 233 modo
625 195 796 233 inductae
826 197 1055 234 ostendunt.
1091 198 1185 234 Cum
1218 197 1324 234 enim
1357 197 1582 236 intellectus
1620 199 1673 236 sit

52 243 346 292 quodammodo
362 243 510 286 omnia,
525 251 783 289 quaecumquc
799 243 847 280 ad
863 244 1146 289 perfectionem
1163 247 1312 281 naturae
1328 245 1525 290 pertinent
1537 246 1673 283 omnia

53 293 171 329 etiam
192 291 389 338 pertinent
406 290 455 327 ad
475 289 757 335 perfectionem
784 298 874 327 esse
896 290 1175 337 intelligibilis,
1205 295 1366 337 propter
1395 292 1514 338 quod,
1531 301 1672 329 secun-

52 339 146 377 dum
159 337 439 384 Augustinum‚
456 337 573 382 Super
590 336 678 374 Gen.
701 336 750 372 ad
769 337 927 373 litteram
949 337 1029 383 (lib.
1052 346 1095 380 11,
1113 346 1198 383 cap.
1219 337 1270 384 8),
1327 347 1556 385 uaecumque
1573 339 1674 377 sacta

52 389 147 423 sunt
163 394 232 438 per
251 384 320 421 Dei
339 383 522 428 Verbum,
540 386 582 420 ut
600 383 640 420 in
674 383 800 430 prima
833 388 970 421 natura
1002 384 1279 428 subsisterent,
1337 385 1453 421 ebant
1485 386 1600 422 etiam
1631 386 1671 423 in

52 431 317 478 intelligentia
336 431 532 477 angelica,
554 433 596 467 ut
613 430 660 467 ab
681 431 835 477 angelis
856 431 1183 476 intelligerentur.
1205 432 1517 482 Deperfcctione
1541 437 1673 470 antem

52 479 246 516 naturalis
267 487 355 516 esse
376 481 470 514 sunt
489 481 639 514 naturae
661 477 880 523 specierum
918 482 954 514 et
981 487 1114 514 carum
1145 482 1404 524 proprietates
1434 484 1470 515 et
1496 479 1671 517 virtutes.

51 526 108 564 Ad
129 529 291 563 naturas
312 524 417 562 enim
438 525 659 570 specierum
681 525 847 561 intentio
870 528 1018 561 naturae
1039 525 1173 561 fertur.
1205 524 1411 562 Individua
1443 526 1548 562 enim
1581 530 1674 564 sunt

51 576 212 619 propter
229 572 418 618 speciem.
439 571 612 608 Pertinet
631 571 752 618 igitur
767 571 814 608 ad
830 572 1111 617 perfectionem
1129 571 1409 609 intellectualis
1426 573 1672 617 substantiae,

53 623 96 657 ut
114 619 292 656 omnium
312 619 532 671 specierum
555 622 715 655 naturas
734 622 771 655 et
796 619 975 662 virtutes,
1010 622 1048 655 et
1081 617 1241 670 propria
1272 619 1492 670 accidentia
1525 629 1672 667 cogno-

53 670 152 704 scat.
175 667 256 704 Hoc
288 666 411 713 igitur
437 674 479 701 in
511 665 620 702 finali
652 665 894 702 beatitudine
924 668 1182 711 consequitur
1215 674 1284 710 per
1312 665 1453 702 dix‘inze
1490 668 1673 704 essentiae

52 713 265 750 visionem.
288 714 360 749 Per
380 712 648 759 cognitionem
671 716 800 749 autem
825 712 1065 749 naturalium
1078 711 1298 756 specierum
1314 716 1351 749 et
1366 712 1569 750 individua
1600 714 1673 751 sub

53 760 265 806 speciebus
280 759 509 806 hujusmodi
531 759 740 796 existentia
755 764 1053 805 cognoscuntur
1071 758 1118 795 ab
1142 758 1344 796 intellectu
1362 761 1484 796 Deum
1502 761 1672 806 vidente,

16 850 21 855 ,
54 810 99 844 ut
117 816 164 843 ex
184 806 248 844 his
269 816 355 853 quae
376 806 481 843 dicta
499 811 592 843 sunt
611 815 731 852 supra
751 808 848 852 (cap.
872 808 915 842 55
940 809 976 841 et
997 806 1070 852 56),
1092 805 1139 841 de
1159 806 1388 852 cognitione
1410 807 1476 843 Dei
1499 811 1535 843 et
1558 817 1675 854 ange-

54 853 199 898 lorum,
222 857 459 900 potestesse
490 853 761 890 manifestum.
793 853 830 889 Si
863 861 956 889 vero
975 862 1043 898 per
1074 853 1210 889 omnia
1237 853 1511 899 intelligantur
1540 855 1675 892 omnia

56 909 144 947 quae
163 901 268 938 Deus
283 909 394 937 suam
420 900 634 936 essentiam
650 899 819 937 videndo
846 899 1066 945 cognoscit,
1101 899 1236 936 nullus
1263 899 1487 938 intellectus
1518 905 1674 939 creatus

56 947 193 984 omnia
211 947 253 984 in
277 947 344 983 Dei
367 946 590 983 substantia
606 946 724 990 videt,
747 950 789 983 ut
808 955 927 991 supra
942 950 1147 983 ostensum
1170 950 1242 983 est.

105 995 185 1031 Hoc
206 997 336 1031 autem
360 992 603 1030 considerari
620 996 750 1038 potest
768 996 960 1039 quantum
982 993 1028 1029 ad
1051 993 1176 1038 plura.
1198 993 1329 1030 Primo
1359 993 1518 1039 quidem
1551 992 1674 1041 quanss

56 1045 140 1077 tum
154 1040 204 1077 ad
223 1049 269 1077 ea
291 1049 377 1086 quae
400 1041 504 1076 Deus
525 1039 653 1076 facere
672 1043 814 1085 potest,
835 1039 905 1076 sed
918 1048 991 1076 nec
1008 1039 1113 1083 facit,
1134 1048 1206 1076 nee
1224 1039 1400 1091 facturus
1413 1044 1470 1076 est
1485 1050 1672 1087 unquam.

57 1086 200 1124 Omnia
217 1086 324 1124 enim
345 1085 574 1132 hujusmodi
595 1086 784 1133 cognosci
815 1095 897 1123 non
918 1090 1088 1131 possunt
1115 1086 1193 1122 nisi
1221 1095 1307 1132 eJus
1338 1086 1463 1124 virtus
1497 1097 1674 1133 compre-

56 1133 308 1178 henderetur,
332 1133 438 1179 quod
470 1141 554 1170 non
585 1136 645 1170 est
680 1132 872 1179 possibile
904 1132 1024 1170 alicui
1054 1132 1272 1170 intellectui
1307 1137 1454 1178 creato,
1488 1138 1676 1180 utsupra

57 1180 159 1227 (cap.
182 1180 241 1227 55)
265 1183 473 1217 ostensum
490 1183 563 1217 est.
587 1180 685 1218 Hinc
703 1184 765 1218 est
791 1179 1012 1227 quod‚Job,
1042 1188 1095 1220 xi,
1121 1183 1159 1224 7,
1191 1181 1226 1224 8,
1247 1182 1283 1224 9,
1320 1180 1487 1218 dicitur:
1508 1183 1676 1218 Forsitan

54 1228 211 1272 vestigia
227 1228 295 1265 Dei
313 1227 596 1273 comprehendes,
619 1229 653 1263 et
669 1237 782 1273 usque
802 1227 852 1262 ad
858 1228 1059 1272 perfectum
1076 1227 1356 1272 Omnipotentem
1368 1229 1520 1273 reperies
1537 1241 1548 1264 .·
1563 1229 1676 1265 eoecel-

55 1275 130 1310 sior
147 1275 231 1311 coelo
250 1277 314 1319 est,
334 1277 368 1310 et
387 1274 478 1320 quid
493 1275 607 1318 facies
621 1275 639 1309 P
652 1273 875 1320 profundior
913 1275 1072 1318 inferno,
1104 1276 1139 1309 et
1172 1274 1267 1310 unde
1294 1285 1479 1319 cognosces
1499 1277 1517 1311 P
1537 1276 1676 1320 longior

55 1324 157 1357 terra
172 1331 342 1358 mensura
358 1321 436 1366 ejus
451 1324 486 1357 et
504 1321 613 1357 latior
630 1323 737 1358 mari.
762 1323 848 1358 Non
870 1320 975 1358 enim
998 1321 1081 1358 haec
1107 1320 1293 1358 dicuntur
1313 1322 1426 1367 quasi
1460 1322 1675 1360 dimensio-

57 1367 177 1405 nibus
197 1368 429 1415 quantitatis
455 1369 559 1405 Deus
580 1367 633 1405 sit
652 1377 836 1414 magnus,
859 1367 928 1405 sed
950 1368 1044 1414 quia
1062 1367 1148 1414 ejus
1168 1368 1292 1405 virtus
1312 1377 1391 1405 non
1413 1369 1603 1406 limitatur
1624 1369 1673 1407 ad

57 1415 194 1452 omnia
211 1424 300 1462 quae
319 1423 465 1462 magna
489 1423 578 1452 esse
598 1414 794 1460 videntur,
814 1415 910 1461 quin
930 1415 1059 1460 possit
1079 1414 1196 1452 etiarn
1217 1414 1369 1461 majora
1389 1416 1530 1453 facere.

105 1461 302 1506 Secundo,
321 1465 512 1508 quantum
533 1461 582 1498 ad
598 1461 793 1499 rationem
821 1470 952 1498 rerum
988 1461 1192 1506 factarum,
1226 1471 1325 1508 quas
1355 1471 1495 1499 omnes
1528 1472 1676 1509 cogno-

59 1517 170 1546 scere
190 1516 272 1545 non
291 1511 421 1554 potest
434 1508 674 1552 intellectus,
691 1508 787 1555 quin
803 1507 976 1545 divinam
994 1508 1210 1545 bonitatem
1225 1509 1545 1554 comprehendat.
1563 1510 1676 1547 Ratio

59 1555 165 1592 enim
186 1554 395 1601 cujuslibet
416 1555 472 1591 rei
493 1554 605 1592 factae
637 1555 810 1592 sumitur
837 1565 885 1592 ex
916 1553 993 1591 fine
1025 1564 1142 1601 quem
1174 1555 1324 1592 faciens
1357 1555 1539 1593 intendit.
1569 1557 1676 1595 Finis

58 1606 191 1639 autem
212 1601 391 1639 omnium
412 1603 531 1638 aDeo
562 1601 755 1639 factorum
788 1601 923 1639 divina
950 1601 1109 1639 bonitas
1142 1605 1214 1638 est.
1250 1602 1362 1639 Ratio
1392 1602 1514 1649 igitur
1544 1613 1675 1640 rerum

59 1648 251 1686 factarum
273 1652 334 1685 est
368 1652 412 1685 ut
430 1648 562 1685 divina
595 1648 753 1686 bonitas
781 1647 1025 1685 diffundatur
1049 1649 1091 1685 in
1119 1649 1250 1685 rebus.
1284 1649 1347 1686 Sic
1384 1649 1504 1696 igitur
1531 1651 1676 1697 aliquis

59 1703 200 1733 omnes
219 1695 395 1732 rationes
415 1704 546 1732 rerum
566 1699 786 1732 creatarum
802 1698 1075 1742 cognosceret,
1095 1695 1129 1732 si
1143 1701 1404 1742 cognosceret
1422 1697 1558 1734 omnia
1571 1697 1676 1734 bona

59 1751 147 1789 quae
166 1742 209 1779 in
228 1741 347 1779 rebus
367 1742 511 1778 creatis
532 1742 752 1779 secundum
773 1743 952 1779 ordinem
974 1742 1116 1779 divinae
1139 1743 1342 1788 sapientiae
1359 1744 1566 1788 provenire
1584 1753 1675 1790 pos-

59 1792 185 1841 snnt3
200 1788 306 1836 quod
327 1792 434 1825 esset
449 1788 624 1825 divinam
645 1788 863 1826 bonitatem
879 1792 916 1825 et
932 1789 1167 1835 sapientiam
1189 1790 1536 1835 comprehendere,
1571 1790 1677 1837 quod

57 1835 196 1873 nullus
239 1834 464 1873 intellectus
499 1839 656 1873 creatus
688 1839 831 1882 potest.
872 1836 969 1873 Hinc
1007 1839 1066 1873 est
1108 1836 1213 1882 quod
1251 1836 1406 1882 dicitur,
1436 1838 1552 1881 Eccl.‚
1587 1847 1676 1883 vm,

58 1885 99 1920 17
121 1894 130 1918 :
147 1882 315 1919 Intellexi
333 1881 430 1928 quod
447 1883 606 1919 omnium
624 1892 770 1928 operum
788 1884 856 1920 Dei
870 1894 941 1919 vion
959 1884 1073 1928 possit
1093 1883 1193 1919 homo
1217 1885 1380 1920 invenire
1409 1886 1598 1921 rationem.

104 1929 246 1971 Tertio,
267 1933 458 1977 quantum
480 1929 529 1966 ad
549 1939 594 1966 ea
615 1939 702 1977 quae
722 1940 769 1967 ex
789 1930 876 1968 sola
891 1930 958 1967 Dei
979 1930 1180 1967 voluntate
1200 1930 1434 1976 dependent,
1457 1932 1560 1968 sicut
1579 1941 1676 1977 prae-

59 1975 288 2022 destinatio,
309 1976 463 2020 electio,
479 1976 713 2023 justificatio
733 1980 771 2014 et
790 1977 868 2014 alia
889 1976 1119 2023 hujusmodi
1137 1987 1224 2023 quae
1252 1977 1300 2015 ad
1321 1978 1677 2016 sanctificationem

57 2022 256 2068 pertinent
284 2027 487 2060 creaturae.
510 2023 608 2061 Hinc
627 2024 806 2071 estquod
829 2024 984 2067 dicitur,
1005 2023 1224 2068 ICorinth.‚
1243 2034 1286 2069 11,
1313 2027 1354 2062 ⁴4
1380 2036 1389 2062 ε
1412 2025 1495 2069 Quae
1509 2026 1680 2062 suntnisi

59 2070 212 2105 hominis
227 2079 328 2105 nemo
354 2071 456 2105 novit
486 2071 561 2106 nisi
596 2072 747 2116 spiritus
775 2072 928 2108 hominis
948 2073 1012 2118 qui
1030 2073 1069 2108 in
1087 2073 1165 2118 ipso
1183 2074 1247 2109 est.
1268 2073 1326 2108 Ita
1345 2074 1379 2109 et
1403 2083 1481 2118 quae
1509 2075 1595 2110 sunt
1614 2073 1679 2110 Dei

59 2116 212 2161 spiritus
230 2117 310 2153 Dei.
330 2115 360 2162 (Ι
380 2120 494 2162 part„
514 2126 552 2164 q.
574 2125 646 2164 ΧΗ,
668 2121 739 2156 art.
759 2117 808 2165 8).

727 2263 895 2305 CAPUT
933 2264 1016 2306 LX.

318 2381 418 2415 QUOD
451 2382 641 2411 VIDENTES
666 2382 775 2412 DEUM
801 2383 925 2412 OMNIA
957 2384 1070 2413 SIMUL
1095 2384 1241 2413 VIDENT
1265 2385 1306 2414 IN
1324 2385 1420 2414 IPSO.

108 2490 202 2526 Cum
223 2492 354 2526 autem
375 2492 584 2526 ostensum
605 2487 658 2526 sit
675 2487 782 2535 quod
799 2488 1022 2526 intellectus
1042 2493 1198 2526 creatus
1218 2489 1391 2526 divinam
1413 2489 1678 2530 substantiam

59 2536 212 2580 videns,
233 2535 274 2572 in
291 2535 379 2582 ipsa
399 2535 468 2572 Dei
483 2534 707 2572 substantia
724 2543 865 2571 omnes
884 2535 1037 2580 species
1052 2544 1183 2572 rerum
1198 2535 1406 2583 intelligat,
1422 2547 1678 2584 -quaecum—

61 2592 137 2629 que
157 2585 288 2620 autem
312 2590 393 2619 una
412 2581 544 2628 specie
575 2581 772 2626 videntur,
801 2585 955 2628 oportet
987 2582 1106 2618 simul
1140 2590 1220 2619 una
1244 2582 1399 2620 visione
1415 2584 1553 2626 videri,
1588 2594 1678 2623 cum

60 2629 164 2666 visio
183 2628 381 2676 principio
403 2628 574 2666 visionis
592 2627 829 2674 respondeat
842 2647 901 2672 —‚
923 2637 1087 2665 necesse
1104 2632 1163 2665 est
1183 2632 1226 2665 ut
1244 2628 1469 2667 intellectus
1489 2631 1555 2677 qui
1580 2632 1678 2669 divi-

61 2684 156 2713 nam
173 2675 439 2713 substantiam
453 2675 573 2716 videt,
596 2684 676 2713 non
697 2674 936 2715 successive,
959 2674 1029 2711 sed
1060 2675 1179 2711 simul
1210 2675 1346 2713 omnia
1375 2678 1675 2724 contempletur.

107 2723 208 2767 Item,
231 2731 386 2760 summa
403 2726 441 2759 et
454 2722 628 2768 perfecta
659 2721 828 2758 felicitas
858 2721 1139 2759 intellectualis
1168 2725 1317 2760 naturae
1349 2722 1391 2760 in
1426 2724 1494 2761 Dei
1523 2725 1678 2762 visione

61 2769 264 2814 consistit,
283 2773 327 2806 ut
346 2778 468 2815 supra
484 2769 584 2815 (cap.
605 2767 665 2815 25)
686 2770 893 2805 ostensum
913 2771 986 2805 est.
1009 2768 1190 2820 Felicitas
1209 2772 1341 2806 autem
1361 2779 1442 2806 non
1463 2774 1523 2808 est
1536 2780 1678 2809 secun-

63 2813 157 2850 dum
175 2815 368 2860 habitum,
389 2816 460 2853 sed
480 2815 700 2853 secundum
721 2818 866 2859 actum,
888 2824 978 2851 cum
999 2818 1050 2852 sit
1068 2814 1207 2853 ultima
1230 2816 1419 2861 perfectio
1449 2821 1485 2854 et
1515 2818 1677 2855 ultimus

0 2874 16 2884 ν
62 2858 169 2899 finis.
190 2862 244 2900 Ea
262 2862 384 2909 igitur
402 2871 491 2910 quae
510 2862 694 2900 videntur
727 2871 797 2908 per
815 2860 1012 2899 visionem
1041 2861 1184 2901 divinae
1204 2862 1437 2901 substantiae
1470 2873 1548 2911 qua
1572 2863 1677 2901 beati
