1894 3223
697 127 785 163 ΗΒ.
813 127 862 172 ΙΙ,
889 127 989 164 CAP.
1013 128 1119 164 xvlt.
1648 132 1714 166 119

94 209 260 250 materia
292 212 352 247 est
383 217 456 246 ens
488 208 527 245 in
562 208 752 254 potentia.
790 211 890 254 Ergo
922 212 1076 254 oportet
1105 209 1211 256 quod
1246 211 1363 254 Deus,
1400 209 1465 256 qui
1503 213 1564 247 est
1597 214 1710 249 actus

94 258 250 304 primus
271 260 309 293 et
329 265 466 302 purus,
489 256 541 292 sit
555 255 788 300 simpliciter
808 266 854 292 ea
869 256 988 301 prior,
1012 260 1049 293 et
1069 265 1138 301 per
1155 265 1406 303 consequens
1427 267 1549 294 causa
1569 257 1711 304 ipsius.

93 306 181 343 Non
202 312 296 350 ergo
317 312 400 340 suae
421 303 567 340 actioni
589 304 910 348 praesupponitur
931 303 1092 340 materia
1115 314 1162 340 cx
1185 303 1436 340 necessitate.

139 352 241 394 Item,
263 350 427 387 materia
459 349 586 395 prima
615 349 751 396 aliquo
785 349 904 386 modo
937 353 1009 393 est,
1040 350 1134 396 quia
1153 354 1212 387 est
1231 360 1302 388 ens
1336 350 1376 386 in
1397 351 1585 396 potentia.
1609 353 1713 390 Deus

93 402 225 435 autem
249 401 309 434 est
339 405 462 434 causa
480 396 658 433 omnium
680 405 768 442 quae
799 400 904 437 sunt,
925 401 1103 442 utsupra
1126 397 1173 442 (c.
1199 398 1253 443 15)
1275 401 1481 435 ostensum
1512 402 1585 443 est,
1610 400 1714 437 Deus

93 445 217 492 igitur
235 447 296 482 est
315 452 438 481 causa
469 443 643 480 materiae
663 443 814 488 primae,
837 445 899 480 eui
920 444 1029 480 nulla
1056 444 1270 490 praeexistit
1286 456 1294 489 ;
1313 444 1447 482 divina
1464 445 1710 492 igiturractio

92 491 300 530 materiam
319 490 636 537 praeexistentem
658 499 735 527 non
759 491 938 537 requirit.

142 540 250 576 Hanc
269 542 399 575 autem
430 537 635 574 veritatem
656 536 789 574 divina
823 538 1021 583 Scriptura
1039 536 1259 578 confirmat,
1280 539 1417 575 dicens
1437 550 1446 575 z
1466 540 1510 575 In
1530 540 1717 585 principio

91 587 229 622 creavit
246 587 342 621 Deus
360 584 484 620 coelum
502 587 536 620 et
554 587 689 620 terram
719 584 843 630 (Gen.‚
862 593 889 625 1,
913 584 966 631 1);
988 585 1086 621 nihil
1108 585 1211 621 enim
1234 592 1294 621 est
1313 585 1421 622 aliud
1443 595 1575 623 creare
1596 596 1715 633 quam

93 633 245 679 absque
266 631 431 669 materia
451 631 683 678 praejacente
704 631 853 678 aliquid
873 632 913 668 in
934 641 1022 669 esse
1045 632 1274 677 producere.

142 681 196 716 Ex
213 679 288 716 hoc
308 683 439 716 autem
471 679 699 715 confutatur
719 687 829 715 error
857 679 1110 725 antiquorum
1130 678 1474 724 philosophorum,
1504 680 1570 726 qui
1593 689 1711 726 pone-

90 725 189 764 bant
207 726 379 763 materiae
406 726 571 762 omnino
596 725 746 762 nullam
768 734 930 763 causam
951 734 1054 769 esse,
1076 733 1123 761 eo
1144 725 1326 776 quod4in
1344 726 1568 771 actionibus
1594 727 1714 773 parti-

94 773 291 811 cularium
326 773 542 819 agentium,
572 781 728 818 semper
746 772 932 809 videbant
961 771 1111 818 aliquid
1131 772 1277 808 actioni
1310 772 1544 824 praejacere;
1568 784 1614 810 ex
1635 782 1714 821 quo

91 820 324 867 opinionem
355 822 611 866 sumpserunt
641 819 829 856 omnibus
862 827 1130 858 communem.
1163 818 1267 864 quod
1290 828 1336 855 ex
1370 820 1497 857 nihilo
1528 821 1627 857 nihil
1651 821 1715 866 fit3

93 867 200 914 quod
216 867 375 914 quidem
394 867 434 904 in
454 866 759 913 particularibus
780 865 992 912 agentibus
1005 874 1141 902 verum
1154 869 1227 902 est.
1245 865 1300 902 Ad
1321 866 1563 904 universalis
1581 872 1714 906 autem

95 915 266 961 agentis,
285 913 391 961 quod
410 918 471 951 est
489 913 611 950 totius
633 922 721 950 esse
737 913 922 956 activum,
945 912 1216 959 cognitionem
1236 913 1413 950 nondum
1438 918 1712 960 pervenerant,

92 970 213 1008 quem
235 961 335 997 nihil
356 961 396 996 in
419 969 494 997 sua
513 959 668 996 actione
697 967 1005 1006 praesupponere
1038 967 1203 998 necesse
1234 963 1307 997 est.
1337 959 1369 1007 (Ι
1398 964 1513 1007 part„
1543 971 1581 1009 q.
1607 970 1714 1007 XLIV,

93 1011 166 1046 art.
190 1011 232 1053 ις
254 1010 292 1045 et
309 1009 361 1044 De
375 1009 469 1053 pot„
492 1016 531 1053 q.
551 1011 612 1053 111,
633 1009 705 1043 art.
730 1005 778 1053 1.)

734 1152 903 1194 CAPUT
953 1152 1077 1194 XVII.

377 1269 478 1306 QUOD
516 1271 680 1301 CREATIO
712 1271 791 1301 NON
830 1271 903 1301 EST
933 1272 1059 1302 MOTUS
1088 1271 1219 1306 NEQUE
1246 1273 1431 1303 MUTATIO.

143 1383 225 1420 Hoc
245 1384 377 1420 autem
411 1384 590 1422 ostenso,
625 1381 881 1419 manifestum
916 1381 1099 1428 estquod
1123 1381 1191 1419 Dei
1224 1381 1342 1427 actio,
1373 1390 1460 1429 quae
1477 1384 1538 1420 est
1566 1381 1716 1430 absque

93 1429 261 1468 materia
293 1427 528 1475 praejacente
549 1431 588 1465 et
618 1428 766 1465 creatio
796 1431 973 1473 vocatur,
1007 1437 1089 1465 non
1125 1429 1178 1466 sit
1208 1432 1341 1466 motus
1374 1438 1503 1476 neque
1534 1430 1715 1476 mutatio,

94 1476 252 1524 proprie
273 1475 488 1522 loquendo.
525 1521 531 1527 ¹
789 1521 796 1528 ·
1144 1522 1149 1528 ,
1266 1523 1272 1528 .

140 1525 268 1560 Motus
287 1523 393 1559 enim
425 1530 558 1559 omnis
578 1521 639 1558 vel
659 1524 826 1559 mutatio
845 1525 905 1559 est
924 1525 1036 1559 actus
1068 1526 1298 1560 exsistentis
1318 1523 1358 1559 in
1379 1523 1556 1568 potentia
1573 1532 1716 1561 secun-

93 1570 189 1608 dum
218 1569 325 1616 quod
357 1568 599 1615 hujusmodi.
623 1570 664 1604 In
686 1569 759 1605 hac
789 1572 920 1606 autem
943 1569 1099 1606 actione
1128 1578 1209 1606 non
1240 1570 1478 1616 praeexsistit
1507 1570 1655 1617 aliquid
1673 1571 1714 1608 in

92 1617 271 1664 potentia
289 1615 396 1663 quod
417 1615 615 1667 suscipiat·
630 1615 841 1661 actionem,
864 1619 906 1653 ut
920 1616 1002 1663 jam
1022 1620 1228 1654 ostensum
1249 1621 1311 1654 est
1330 1616 1380 1665 (c.
1398 1617 1471 1665 16).
1495 1618 1617 1664 igitur
1630 1626 1712 1656 non

92 1668 155 1702 est
176 1667 308 1700 motus
328 1671 456 1709 neque
479 1666 658 1699 mutatio.

139 1712 240 1751 Item,
260 1713 435 1746 extrema
463 1712 595 1746 motus
609 1709 670 1746 vel
699 1707 931 1747 mutationis
971 1709 1117 1747 cadunt
1137 1710 1178 1747 in
1199 1710 1381 1749 cumdem
1420 1711 1600 1748 ordinem
1622 1723 1631 1748 :
1652 1712 1715 1750 vel

92 1758 186 1806 quia
205 1760 299 1794 sunt
329 1756 404 1793 sub
424 1765 505 1793 uno
538 1765 696 1803 genere,
719 1757 824 1794 sicut
855 1757 1066 1801 contraria,
1089 1760 1132 1794 ut
1164 1761 1269 1803 patet
1288 1758 1330 1794 in
1362 1762 1473 1795 motu
1509 1759 1713 1805 augmenti

91 1809 132 1843 et
160 1803 408 1842 alterationis
427 1807 466 1839 et
496 1803 715 1840 secundum
746 1803 878 1840 locum
911 1804 1099 1849 lationis;
1121 1805 1182 1841 vel
1212 1805 1306 1851 quia
1335 1806 1635 1842 communicant
1672 1806 1716 1844 in

91 1860 172 1889 una
190 1850 366 1897 potentia
385 1849 574 1894 materiae,
590 1853 632 1887 ut
653 1850 818 1896 privatio
839 1854 877 1887 et
896 1849 1023 1888 forma
1044 1851 1085 1887 in
1106 1852 1363 1897 generatione
1385 1856 1423 1889 et
1441 1853 1712 1899 corruptione.

89 1900 280 1936 Neutrum
301 1900 432 1935 autem
462 1900 594 1943 potest
613 1897 690 1934 dici
711 1897 753 1933 in
787 1897 1006 1942 creatione;
1037 1899 1214 1943 potentia
1234 1899 1340 1936 enirn
1360 1899 1415 1936 ibi
1438 1908 1519 1936 non
1545 1903 1619 1944 est,
1642 1909 1715 1937 nec

91 1944 242 1992 aliquid
262 1943 440 1991 ejusdem
467 1944 626 1990 generis
646 1944 753 1991 quod
772 1949 1102 1991 praesupponatur
1121 1946 1327 1991 creationi,
1350 1950 1393 1983 ut
1421 1946 1631 1993 probatum
1653 1951 1714 1985 est

90 1991 193 2039 (cap.
219 1990 290 2039 16).
310 1991 435 2038 Igitur
454 1999 535 2027 non
557 1994 616 2028 est
635 1991 690 2028 ibi
708 2000 837 2038 neque
855 1995 988 2029 motus
1009 2001 1137 2039 neque
1158 1993 1338 2030 mutatio.

139 2041 328 2082 Praeterea‚
350 2038 392 2074 in
425 2037 534 2075 omni
569 2038 788 2075 mutatione
821 2039 880 2075 vel
912 2042 1037 2084 motu,
1059 2043 1214 2085 oportet
1243 2049 1333 2078 esse
1353 2040 1505 2088 aliquid
1533 2041 1648 2079 aliter
1667 2050 1710 2079 se

90 2085 243 2123 habens
261 2093 367 2121 nunc
396 2093 515 2131 quam
535 2085 673 2130 prius3
696 2086 772 2123 hoc
792 2086 898 2123 enim
925 2086 1057 2132 ipsum
1087 2095 1234 2124 nomen
1255 2087 1492 2125 mutationis
1522 2088 1712 2126 ostendit.

91 2132 164 2169 Ubi
185 2135 315 2169 autem
334 2133 417 2168 tota
436 2131 660 2169 substantia
679 2132 735 2169 rei
751 2132 793 2169 in
810 2141 899 2170 esse
917 2132 1162 2179 producitur,
1184 2143 1266 2172 non
1288 2137 1419 2180 potest
1438 2144 1529 2172 esse
1550 2135 1713 2182 aliquod

91 2178 196 2216 idern
218 2178 332 2215 aliter
351 2181 390 2215 et
409 2178 521 2215 aliter
540 2188 583 2216 se
604 2179 780 2224 habens3
802 2180 896 2226 quia
916 2180 1015 2217 illud
1031 2189 1111 2217 non
1132 2185 1239 2218 esset
1258 2182 1510 2228 productum,
1532 2183 1603 2220 sed
1622 2192 1713 2229 pro-

92 2225 270 2263 ductioni
290 2225 637 2272 praesuppositum.
658 2228 744 2263 Non
765 2230 825 2264 est
844 2236 939 2273 ergo
959 2227 1106 2264 creatio
1124 2229 1304 2266 mutatio.

138 2272 281 2314 Adhuc,
305 2275 458 2318 oportet
477 2273 584 2319 quod
605 2276 738 2311 motus
767 2273 829 2310 vel
849 2274 1015 2311 mutatio
1036 2274 1245 2312 duratione
1264 2275 1459 2321 praecedat
1481 2276 1520 2313 id
1547 2275 1653 2323 quod
1672 2275 1716 2313 fit

90 2328 160 2363 per
188 2318 450 2364 durationem,
465 2319 527 2356 vel
547 2323 726 2365 motum;
749 2321 843 2367 quia
862 2321 1009 2358 factum
1032 2330 1122 2359 esse
1143 2326 1204 2359 est
1232 2323 1472 2368 principium
1491 2323 1651 2369 quietis,
1675 2326 1714 2359 et

89 2366 286 2402 terminus
313 2368 446 2402 motus
465 2377 474 2402 :
496 2366 602 2404 unde
634 2370 788 2414 oportet
819 2376 978 2405 omnem
1016 2369 1278 2406 mutationem
1317 2378 1407 2406 esse
1447 2373 1612 2414 motum,
1649 2369 1711 2407 vel

89 2412 305 2450 terminum
340 2415 486 2457 motus,
508 2413 575 2459 qui
593 2417 654 2451 est
686 2414 940 2452 successivus
958 2426 968 2460 ;
987 2418 1025 2451 et
1042 2418 1202 2461 propter
1222 2416 1298 2453 hoc
1317 2415 1424 2462 quod
1444 2415 1488 2452 fit
1508 2425 1589 2452 non
1612 2419 1672 2453 est
1695 2428 1704 2452 ε

51 2487 55 2490 .
87 2459 184 2506 quia
201 2457 390 2506 quamdiu
420 2458 534 2496 durat
552 2463 684 2497 motus
700 2461 851 2507 aliquid
867 2461 910 2498 fit
930 2465 968 2498 et
988 2470 1070 2498 non
1091 2465 1151 2498 est
1172 2474 1181 2498 :
1204 2461 1246 2498 in
1266 2462 1355 2508 ipso
1383 2466 1516 2500 autem
1537 2463 1709 2500 termino

52 2518 62 2522 ¹·
88 2510 237 2551 motus,
256 2506 298 2543 in
330 2513 408 2552 quo
423 2505 561 2552 incipit
577 2507 704 2553 quies,
722 2507 804 2553 jam
825 2517 903 2545 non
925 2507 969 2544 fit
988 2508 1152 2555 aliquid,
1174 2508 1245 2545 sed
1265 2509 1412 2546 factum
1432 2512 1506 2547 est.
1535 2511 1580 2547 In
1600 2519 1710 2548 crea-

88 2553 198 2590 tione
216 2556 349 2591 autem
365 2561 446 2589 non
465 2555 595 2598 potest
614 2554 689 2590 hoc
701 2563 804 2598 esse,
824 2555 918 2601 quia
931 2554 966 2591 si
986 2554 1074 2600 ipsa
1094 2555 1241 2593 creatio
1256 2556 1495 2602 praecederet
1514 2559 1557 2594 ut
1571 2560 1706 2595 motus

86 2600 150 2637 vel
169 2600 350 2644 mutatio,
371 2602 569 2645 oporteret
601 2600 677 2637 sibi
698 2601 891 2646 praestitui
913 2600 1074 2647 aliquod
1095 2601 1332 2649 subjectum,
1354 2603 1460 2650 quod
1481 2606 1542 2641 est
1569 2607 1710 2642 contra

87 2647 302 2684 creationis
322 2646 530 2684 rationem.
553 2647 704 2684 Creatio
722 2647 843 2693 igitur
857 2656 938 2684 non
955 2651 1015 2685 est
1029 2652 1177 2695 motus,
1193 2659 1321 2697 neque
1335 2651 1516 2688 mutatio.
1539 2649 1569 2698 (Ι
1590 2655 1707 2697 part„

89 2702 245 2789 φικέῑς,
266 2696 340 2732 art.
355 2695 393 2739 2,
414 2693 464 2732 ad
482 2696 519 2740 2,
541 2697 580 2732 et
599 2696 640 2740 33
662 2697 701 2732 et
720 2695 752 2732 11
765 2694 878 2737 Sena,
896 2694 988 2733 dist.
1011 2697 1046 2742 ¹,
1068 2705 1106 2744 q.
1123 2703 1151 2743 1,
1173 2700 1246 2736 art.
1271 2700 1315 2744 2;
1336 2700 1374 2736 et
1393 2700 1443 2736 De
1465 2700 1559 2745 pot„
1585 2709 1622 2746 q.
1649 2706 1707 2744 111,
