1894 3223
671 150 759 187 [ΑΒ.
787 150 817 195 1,
845 149 945 186 cAP.
970 149 1056 186 Lxr.
1625 152 1674 187 65

55 234 173 274 etiam
192 233 428 279 intelligere,
449 241 539 269 cum
561 231 613 268 sit
633 231 808 267 divinum
831 241 933 275 esse,
969 235 1010 268 ut
1038 234 1243 268 ostensum
1275 233 1337 268 est
1358 229 1456 277 (cap.
1481 231 1554 277 45),
1589 241 1668 270 non

55 280 357 328 superveniente
369 279 501 325 aliqua
512 278 751 324 perfectione
766 279 980 323 perfectum
993 282 1065 321 est,
1081 278 1150 314 sed
1169 278 1420 324 perseipsum
1438 280 1666 324 perrectum,

54 328 159 366 sicut
179 331 216 364 et
236 327 283 363 de
307 326 440 363 divino
462 334 565 369 esse,
588 334 708 370 supra
728 330 932 361 ostensum
956 329 1016 362 est
1051 327 1149 371 (cap.
1177 325 1253 371 28).
1280 325 1526 371 Relinquitur
1548 326 1669 373 igitur

54 374 162 423 quod
182 374 316 411 divina
336 372 561 410 substantia
582 372 633 409 sit
652 373 738 417 ipsa
758 372 915 408 veritas.

100 423 200 462 Item,
221 421 366 457 veritas
387 423 447 456 est
467 418 645 466 quaedam
676 418 835 455 bonitas
873 418 1096 455 intellectus
1127 418 1345 455 secundum
1379 418 1667 464 Philosophum

54 468 209 514 (Ethic.,
223 477 280 511 vi,
297 467 346 513 3).
364 468 467 503 Deus
482 469 613 502 autem
630 469 772 502 estsua
788 465 959 510 bonitas,
977 469 1149 511 utsupra
1165 470 1370 502 ostensum
1392 469 1451 502 cst
1470 465 1568 512 (cap.
1591 465 1666 513 38).

54 517 156 560 Ergo
176 518 237 552 est
257 514 373 550 etiam
393 522 467 550 sua
486 513 645 549 veritas.

99 564 289 601 Praeterea,
310 560 357 597 de
377 562 456 597 Deo
489 559 588 596 nihil
622 560 892 605 participative
922 559 998 595 dici
1033 563 1174 605 potest,
1212 568 1301 595 cum
1336 559 1387 595 sit
1416 567 1531 596 suum
1564 569 1667 604 esse,

52 608 159 655 quod
179 607 278 644 nihil
301 607 522 653 participat.
545 606 619 643 Sed
637 607 780 643 veritas
802 611 861 643 est
882 607 922 643 in
944 608 1034 646 Deo,
1061 611 1100 642 ut
1122 616 1241 652 supra
1259 605 1363 652 (cap.
1384 606 1441 653 59)
1461 610 1668 643 ostensum

53 659 127 692 est.
149 655 189 692 Si
210 655 332 701 igitur
351 663 431 691 non
453 654 606 690 dicatur
625 654 908 700 participative,
928 653 1199 699 oportetquod
1214 653 1367 689 dicatur
1388 653 1666 691 essentialiter.

53 703 159 739 Deus
180 710 275 748 ergo
297 705 358 738 est
379 710 454 738 sua
471 701 630 737 veritas.
1231 745 1237 751 .

98 749 283 793 Amplius,
306 748 398 785 licet
419 757 552 784 verum
573 747 729 793 proprie
751 756 830 784 non
852 747 904 783 sit
921 747 962 783 in
983 746 1115 790 rebus,
1138 745 1205 782 sed
1228 755 1268 781 in
1292 751 1434 791 mente,
1452 756 1514 784 res
1535 751 1669 785 tamen

54 795 252 832 interdum
282 804 374 832 vera
409 795 552 831 dicitur
582 795 801 831 secundum
829 793 934 840 quod
960 793 1116 839 proprie
1152 796 1281 829 actum
1317 794 1482 839 propria}
1518 796 1667 832 naturae

53 842 324 889 consequitur.
352 841 458 878 Unde
485 841 683 877 Avicenna
714 841 807 877 dicit
830 841 868 876 in
905 850 977 876 sua
1009 840 1257 884 Metaphysica
1288 839 1412 886 (tract.
1438 849 1523 881 vm.
1554 851 1587 877 c.
1619 842 1668 888 6),

54 889 160 936 quod
183 903 202 922 «
223 889 368 925 veritas
389 889 443 925 rei
464 892 523 925 est
545 888 763 933 proprietas
785 897 873 924 csse
899 887 1211 932 uniuscujusque
1231 887 1299 926 rei,
1326 887 1429 933 quod
1450 888 1667 925 stabilitum

55 940 115 973 est
135 936 169 972 ei
190 949 224 980 >›,
247 936 287 972 in
309 939 499 982 quantum
521 935 610 971 talis
634 944 695 970 res
718 938 808 970 nata
825 937 884 970 est
898 934 944 969 de
959 934 1144 969 sefacere
1159 942 1289 969 veram
1306 934 1669 978 aestimationem&

53 983 95 1019 in
115 986 305 1029 quantum
328 982 526 1028 propriam
548 982 610 1017 sui
637 981 827 1017 rationem
851 990 937 1026 quae
959 983 1018 1017 est
1055 980 1095 1015 in
1128 984 1257 1016 mente
1296 981 1427 1017 divina
1461 981 1637 1018 imitatur
1658 994 1667 1026 ;

53 1030 123 1067 sed
145 1031 248 1066 Deus
270 1032 329 1065 est
349 1038 422 1065 sua
458 1028 644 1064 essentia.
671 1030 769 1074 Ergo
804 1028 884 1064 sive
917 1027 977 1063 de'
995 1027 1156 1063 veritate
1192 1027 1414 1064 intellectus
1443 1028 1666 1074 loquamur,

54 1077 136 1114 sive
156 1076 203 1112 de
223 1076 384 1112 veritate
407 1075 477 1118 rei,
503 1076 606 1111 Deus
628 1078 687 1110 est
705 1084 776 1110 sua
796 1076 954 1110 veritas.

101 1124 180 1160 Hoc
198 1126 328 1159 autem
352 1121 607 1159 confirmatur
627 1121 858 1158 auctoritate
880 1121 1036 1158 Domini
1051 1121 1096 1157 de
1113 1130 1154 1157 se
1171 1121 1353 1167 dicentis,
1367 1123 1495 1166 Jean.,
1515 1131 1598 1167 XIV,
1621 1125 1640 1159 6
1661 1133 1669 1161 :

52 1171 128 1215 1390
146 1179 225 1206 sum
246 1171 319 1212 via,
340 1170 487 1214 υθνῑταε,
510 1172 543 1204 et
561 1170 650 1205 vita.
675 1176 704 1217 (ι
723 1175 841 1216 part„
861 1181 900 1218 q.
921 1179 1037 1216 xxvi,
1056 1179 1129 1208 art.
1151 1180 1204 1218 1.)

706 1296 873 1336 CAPUT
918 1296 1016 1336 LXI.

484 1404 583 1438 QUOD
609 1404 707 1432 DEUS
733 1405 802 1432 EST
826 1404 1032 1433 PURISSIMA
1049 1403 1228 1432 VERITAS.

104 1497 184 1532 Hoc
211 1498 342 1532 autem
364 1498 541 1540 ostenso,
562 1496 817 1533 manifestum
839 1500 899 1533 est
918 1496 1023 1542 quod
1044 1497 1085 1532 in
1118 1498 1196 1532 Deo
1218 1498 1278 1532 est
1294 1505 1392 1541 pura
1423 1496 1580 1540 veritas,
1605 1495 1667 1532 cui

59 1542 170 1579 nulla
190 1542 342 1579 falsitas
362 1543 423 1578 vel
444 1543 621 1589 deceptio
643 1544 853 1579 admisceri
877 1548 1018 1588 potest.
1040 1543 1190 1579 Veritas
1209 1543 1313 1578 enim
1345 1543 1554 1579 salsitatem
1592 1552 1671 1579 non

59 1589 310 1634 compatitur,
332 1590 435 1626 sicut
456 1598 527 1625 nec
549 1589 689 1626 albedo
712 1590 1008 1635 nigritudinem.
1034 1592 1136 1626 Deus
1169 1593 1298 1626 autem
1332 1598 1411 1626 non
1446 1590 1575 1626 solum
1611 1593 1671 1626 est

58 1644 190 1680 verus,
215 1635 284 1672 sed
303 1639 363 1672 est
383 1636 470 1681 ipsa
488 1637 647 1673 veritas.
667 1637 789 1682 Igitur
807 1637 845 1672 in
867 1646 912 1673 eo
934 1637 1086 1673 falsitas
1109 1646 1196 1673 esse
1218 1645 1299 1673 non
1321 1640 1462 1681 potest.

106 1683 289 1728 Amplius,
312 1683 536 1719 intellectus
556 1692 635 1719 non
661 1683 854 1732 decipitur
875 1684 913 1719 in
937 1683 1216 1728 cognoscendo
1245 1683 1339 1728 quod
1365 1684 1453 1728 quid
1484 1686 1547 1726 est,
1571 1684 1674 1720 sicut

60 1739 133 1766 nec
154 1738 298 1766 sensus
319 1729 360 1765 in
380 1730 540 1775 proprio
562 1730 757 1767 sensibili.
781 1731 917 1767 Omnis
936 1735 1067 1766 autem
1089 1730 1264 1776 cognitio
1296 1730 1417 1766 divini
1450 1729 1673 1767 intellectus

61 1785 104 1814 se
122 1776 236 1813 habet
257 1775 306 1812 ad
326 1777 488 1813 modum
510 1776 733 1813 intellectus
754 1777 1035 1823 cognoscentis
1055 1777 1150 1821 quod
1177 1777 1265 1822 quid
1298 1779 1362 1821 est,
1394 1780 1436 1813 ut
1468 1781 1674 1813 ostensum

61 1826 122 1860 est
151 1822 250 1870 (cap.
282 1823 622 1870 58).Impossibile
655 1827 713 1860 est
746 1824 866 1871 igitur
895 1824 935 1860 in
965 1824 1097 1860 divina
1127 1823 1355 1870 cognitione
1388 1832 1560 1860 errorem
1592 1824 1675 1861 sive

62 1870 336 1916 deceptionem
356 1874 423 1907 aut
443 1870 654 1907 salsitatem
675 1879 777 1907 esse.

104 1918 294 1962 Praeterea,
317 1917 544 1954 intellectus
566 1918 607 1953 in
627 1917 766 1963 primis
788 1917 994 1963 principiis
1016 1926 1094 1953 non
1123 1921 1239 1961 errat,
1277 1918 1345 1954 sed
1376 1917 1418 1953 in
1451 1917 1674 1955 conclusio-

59 1963 179 2000 nibus
216 1963 429 2004 interdum,
459 1964 508 2001 ad
536 1973 635 2011 quas
667 1974 714 2000 ex
743 1964 950 2010 principiis
988 1964 1126 2009 primis
1160 1964 1434 2001 ratiocinando
1480 1964 1670 2009 procedit.

59 2010 285 2048 Intellectus
304 2014 433 2047 autem
457 2011 615 2048 divinus
636 2020 713 2048 non
738 2015 797 2048 est
817 2011 1059 2048 ratiocinans
1079 2015 1146 2047 aut
1179 2011 1439 2055 discursivus,
1479 2015 1520 2047 ut
1553 2020 1674 2057 supra

61 2056 162 2141 (Scap.
205 2057 265 2109 57)
307 2061 514 2095 ostensum
554 2062 626 2095 est.
661 2060 747 2095 Non
784 2058 904 2105 igitur
933 2062 1062 2104 potest
1101 2067 1189 2095 esse
1227 2059 1269 2094 in
1306 2059 1394 2104 ipso
1424 2058 1577 2095 falsitas
1609 2061 1677 2095 aut

89 2107 256 2150 eceptio.

104 2152 208 2196 Item,
228 2155 376 2197 quanto
407 2151 540 2198 aliqua
567 2151 627 2188 vis
656 2151 929 2197 cognoscitiva
960 2155 1021 2188 est
1052 2152 1180 2196 altior,
1211 2155 1320 2188 tanto
1353 2151 1438 2197 ejus
1470 2151 1673 2197 proprium

62 2197 260 2244 objectum
281 2201 342 2234 est
361 2198 641 2243 universalius,
664 2199 775 2244 plura
796 2198 869 2235 sub
891 2207 933 2235 se
963 2199 1186 2236 continens.
1221 2199 1328 2235 Unde
1358 2199 1397 2235 id
1430 2199 1534 2244 quod
1563 2199 1674 2235 visus

59 2244 269 2291 cognoscit
287 2254 356 2291 per
377 2245 575 2290 accidens,
598 2245 672 2282 hoc
694 2254 838 2282 sensus
859 2245 1083 2282 communis
1105 2250 1172 2282 aut
1200 2245 1431 2291 imaginatio
1461 2245 1675 2290 apprehen-

60 2290 130 2335 dit,
149 2294 192 2328 ut
211 2291 285 2328 sub
307 2292 464 2337 proprio
483 2292 636 2338 objecto
658 2295 900 2329 contentum.
929 2292 1003 2328 Sed
1034 2293 1094 2329 vis
1127 2293 1249 2328 divini
1282 2292 1504 2328 intellectus
1541 2296 1598 2328 est
1631 2291 1673 2327 in

59 2336 144 2374 fine
164 2338 421 2376 sublimitatis
441 2339 482 2374 in
503 2339 781 2385 cognoscendo
802 2351 810 2375 ε
834 2348 927 2386 ergo
943 2339 1077 2375 omnia
1095 2338 1381 2385 cognoscibilia
1397 2342 1677 2383 comparantur

63 2383 268 2430 adipsum,
289 2385 392 2422 sicut
406 2386 693 2432 cognoscibilia
709 2386 865 2431 proprie
880 2389 918 2422 et
934 2395 1003 2431 per
1017 2395 1072 2429 se,
1087 2390 1216 2422 etnon
1234 2385 1453 2422 secundum
1472 2385 1674 2420 accidens.

61 2431 106 2467 In
125 2430 272 2467 talibus
296 2435 426 2467 autem
443 2433 568 2469 virtus
589 2433 860 2478 cognoscitiva
881 2441 960 2468 non
982 2435 1097 2468 errat.
1132 2434 1175 2468 In
1208 2431 1317 2468 nullo
1352 2431 1474 2476 igitur
1503 2439 1672 2477 cognos-

61 2476 170 2514 cibili
191 2477 382 2522 possibile
403 2481 464 2514 est
484 2477 661 2515 divinum
676 2479 919 2515 intellectum
940 2488 1083 2514 errare.

107 2523 291 2568 Amplius,
310 2524 435 2560 virtus
456 2524 735 2561 intellectualis
771 2529 830 2561 est
851 2525 1030 2571 quaedam
1059 2524 1254 2571 perfectio,
1278 2524 1500 2560 intellectus
1533 2524 1573 2559 in
1607 2533 1672 2560 co-

61 2570 308 2617 gnoscendo.
347 2570 570 2607 Sec-undum
610 2574 739 2607 autem
781 2572 964 2607 virtutem
1009 2570 1315 2607 intellectualem
1355 2580 1434 2607 non
1479 2571 1674 2617 contingit

62 2617 309 2654 intellectum
338 2617 482 2654 salsum
503 2617 647 2660 dicere,
683 2618 752 2654 sed
781 2627 937 2662 semper
965 2626 1115 2653 verum.
1146 2619 1286 2653 Verum
1316 2617 1420 2653 enim
1458 2617 1586 2653 dicere
1616 2620 1678 2654 est

62 2662 195 2700 bonus
216 2666 328 2701 actus
351 2664 592 2700 intellectus.
610 2664 770 2701 Virtutis
804 2667 933 2700 autem
963 2667 1023 2700 est
1053 2667 1182 2700 actum
1212 2664 1360 2700 bonum
1392 2664 1581 2701 reddere:
1606 2664 1676 2700 sed

65 2709 224 2747 divinus
244 2710 469 2747 intellectus
505 2710 714 2756 perfectior
748 2714 807 2747 est
838 2720 907 2756 per
933 2719 1046 2746 suam
1082 2714 1263 2747 naturam
1298 2720 1416 2756 quam
1448 2711 1674 2747 intellectus

63 2755 264 2794 humanus
281 2767 350 2802 per
371 2757 548 2794 habitum
569 2757 739 2793 virtutis.
762 2759 828 2793 Est
849 2756 953 2793 enim
983 2757 1024 2792 in
1044 2756 1121 2793 fine
1141 2757 1410 2802 perfectionis.
1430 2758 1677 2804 Relinquitur

63 2802 188 2849 igitur
207 2804 313 2850 quod
332 2804 372 2839 in
396 2804 599 2840 intellectu
620 2804 753 2840 divino
772 2812 851 2840 non
872 2806 1100 2849 potestesse
1122 2804 1287 2841 falsitas.

113 2849 259 2891 Adhuc,
292 2850 460 2887 seientia
500 2851 727 2887 intellectus
759 2850 921 2886 humani
948 2859 971 2886 a
1001 2850 1119 2887 rebus
1151 2851 1442 2897 quodammodo
1475 2853 1675 2887 causatur.

70 2895 179 2933 Unde
213 2897 394 2943 provenit
430 2897 537 2944 quod
574 2896 730 2935 scibilia
756 2901 850 2934 sunt
868 2905 1056 2934 mensura
1086 2897 1262 2935 scientiae
1293 2897 1489 2935 humanae.
1513 2899 1567 2933 Ex
1602 2897 1676 2934 hoc

1454 2974 1473 3004 5
