<?xml version="1.0" encoding="UTF-8"?>
<!DOCTYPE html PUBLIC "-//W3C//DTD XHTML 1.0 Transitional//EN"
    "http://www.w3.org/TR/xhtml1/DTD/xhtml1-transitional.dtd">
<html xmlns="http://www.w3.org/1999/xhtml" xml:lang="en" lang="en">
 <head>
  <title>
</title>
<meta http-equiv="Content-Type" content="text/html;charset=utf-8" />
  <meta name='ocr-system' content='tesseract 3.04.00' />
  <meta name='ocr-capabilities' content='ocr_page ocr_carea ocr_par ocr_line ocrx_word'/>
</head>
<body>
  <div class='ocr_page' id='page_1' title='image "./deveritatecathol00thomuoft_0651.png"; bbox 0 0 1894 3223; ppageno 0'>
   <div class='ocr_carea' id='block_1_1' title="bbox 0 0 350 97">
    <p class='ocr_par' dir='ltr' id='par_1_1' title="bbox 0 0 350 97">
     <span class='ocr_line' id='line_1_1' title="bbox 0 0 350 97; baseline 0 3126"><span class='ocrx_word' id='word_1_1' title='bbox 0 0 350 97; x_wconf 95' lang='lat' dir='ltr'> </span> 
     </span>
    </p>
   </div>
   <div class='ocr_carea' id='block_1_2' title="bbox 625 88 1661 133">
    <p class='ocr_par' dir='ltr' id='par_1_2' title="bbox 625 88 1661 133">
     <span class='ocr_line' id='line_1_2' title="bbox 625 88 1661 133; baseline -0.003 -6"><span class='ocrx_word' id='word_1_2' title='bbox 625 90 713 128; x_wconf 78' lang='lat' dir='ltr'>Lm.</span> <span class='ocrx_word' id='word_1_3' title='bbox 738 90 799 133; x_wconf 85' lang='lat' dir='ltr'>lv,</span> <span class='ocrx_word' id='word_1_4' title='bbox 825 89 926 126; x_wconf 65' lang='lat' dir='ltr'>caP.</span> <span class='ocrx_word' id='word_1_5' title='bbox 954 88 1103 126; x_wconf 83' lang='lat' dir='ltr'><strong>LXXIII.</strong></span> <span class='ocrx_word' id='word_1_6' title='bbox 1354 114 1358 119; x_wconf 91' lang='lat'>.</span> <span class='ocrx_word' id='word_1_7' title='bbox 1597 89 1661 124; x_wconf 80' lang='lat'>61¹</span> 
     </span>
    </p>
   </div>
   <div class='ocr_carea' id='block_1_3' title="bbox 9 165 1684 2893">
    <p class='ocr_par' dir='ltr' id='par_1_3' title="bbox 9 165 1671 1064">
     <span class='ocr_line' id='line_1_3' title="bbox 51 165 1664 222; baseline -0.004 -12"><span class='ocrx_word' id='word_1_8' title='bbox 51 174 205 222; x_wconf 84' lang='lat' dir='ltr'>quanto</span> <span class='ocrx_word' id='word_1_9' title='bbox 223 169 454 219; x_wconf 85' lang='lat' dir='ltr'>hujusmodi</span> <span class='ocrx_word' id='word_1_10' title='bbox 473 168 725 207; x_wconf 76' lang='lat' dir='ltr'>infirmitates</span> <span class='ocrx_word' id='word_1_11' title='bbox 759 168 901 206; x_wconf 83' lang='lat' dir='ltr'>animoe</span> <span class='ocrx_word' id='word_1_12' title='bbox 933 171 1028 206; x_wconf 90' lang='lat' dir='ltr'>sunt</span> <span class='ocrx_word' id='word_1_13' title='bbox 1042 165 1346 215; x_wconf 81' lang='lat' dir='ltr'>propinquiores</span> <span class='ocrx_word' id='word_1_14' title='bbox 1363 169 1526 213; x_wconf 86' lang='lat' dir='ltr'>peccato</span> <span class='ocrx_word' id='word_1_15' title='bbox 1545 175 1664 214; x_wconf 84' lang='lat' dir='ltr'>quam</span> 
     </span>
     <span class='ocr_line' id='line_1_4' title="bbox 51 213 1667 264; baseline -0.005 -6"><span class='ocrx_word' id='word_1_16' title='bbox 51 218 263 258; x_wconf 86' lang='lat' dir='ltr'>infirmitas</span> <span class='ocrx_word' id='word_1_17' title='bbox 293 215 524 264; x_wconf 86' lang='lat' dir='ltr'>corporalis.</span> <span class='ocrx_word' id='word_1_18' title='bbox 547 217 591 253; x_wconf 90' lang='lat' dir='ltr'>Et</span> <span class='ocrx_word' id='word_1_19' title='bbox 621 215 777 263; x_wconf 87' lang='lat' dir='ltr'>quidem</span> <span class='ocrx_word' id='word_1_20' title='bbox 799 214 1027 261; x_wconf 86' lang='lat' dir='ltr'>hujusmodi</span> <span class='ocrx_word' id='word_1_21' title='bbox 1057 213 1304 252; x_wconf 82' lang='lat' dir='ltr'>infirmitates</span> <span class='ocrx_word' id='word_1_22' title='bbox 1335 213 1562 259; x_wconf 80' lang='lat' dir='ltr'>spirituales</span> <span class='ocrx_word' id='word_1_23' title='bbox 1595 222 1667 260; x_wconf 90' lang='lat' dir='ltr'>pes</span> 
     </span>
     <span class='ocr_line' id='line_1_5' title="bbox 53 260 1668 309; baseline -0.004 -5"><span class='ocrx_word' id='word_1_24' title='bbox 53 265 330 305; x_wconf 83' lang='lat' dir='ltr'>Poenitentiam</span> <span class='ocrx_word' id='word_1_25' title='bbox 364 267 458 302; x_wconf 92' lang='lat' dir='ltr'>sunt</span> <span class='ocrx_word' id='word_1_26' title='bbox 487 263 685 307; x_wconf 73' lang='lat' dir='ltr'>curandae,</span> <span class='ocrx_word' id='word_1_27' title='bbox 706 265 821 309; x_wconf 91' lang='lat' dir='ltr'>prout</span> <span class='ocrx_word' id='word_1_28' title='bbox 854 261 1049 308; x_wconf 86' lang='lat' dir='ltr'>poenitens</span> <span class='ocrx_word' id='word_1_29' title='bbox 1081 271 1151 307; x_wconf 90' lang='lat' dir='ltr'>per</span> <span class='ocrx_word' id='word_1_30' title='bbox 1178 270 1299 307; x_wconf 85' lang='lat' dir='ltr'>opera</span> <span class='ocrx_word' id='word_1_31' title='bbox 1334 261 1504 305; x_wconf 91' lang='lat' dir='ltr'>virtutis,</span> <span class='ocrx_word' id='word_1_32' title='bbox 1526 260 1668 308; x_wconf 87' lang='lat' dir='ltr'>quibur</span> 
     </span>
     <span class='ocr_line' id='line_1_6' title="bbox 55 307 1668 354; baseline -0.003 -4"><span class='ocrx_word' id='word_1_33' title='bbox 55 311 342 350; x_wconf 84' lang='lat' dir='ltr'>satisfaciendo</span> <span class='ocrx_word' id='word_1_34' title='bbox 360 311 494 354; x_wconf 89' lang='lat' dir='ltr'>ulitur,</span> <span class='ocrx_word' id='word_1_35' title='bbox 513 320 536 347; x_wconf 87' lang='lat' dir='ltr'>a</span> <span class='ocrx_word' id='word_1_36' title='bbox 556 311 671 347; x_wconf 89' lang='lat' dir='ltr'>malis</span> <span class='ocrx_word' id='word_1_37' title='bbox 692 308 914 353; x_wconf 80' lang='lat' dir='ltr'>retrahitur,</span> <span class='ocrx_word' id='word_1_38' title='bbox 937 312 974 344; x_wconf 89' lang='lat' dir='ltr'>et</span> <span class='ocrx_word' id='word_1_39' title='bbox 988 308 1035 345; x_wconf 89' lang='lat' dir='ltr'>ad</span> <span class='ocrx_word' id='word_1_40' title='bbox 1055 308 1201 345; x_wconf 88' lang='lat' dir='ltr'>bonum</span> <span class='ocrx_word' id='word_1_41' title='bbox 1222 307 1447 345; x_wconf 89' lang='lat' dir='ltr'>inclinatur.</span> <span class='ocrx_word' id='word_1_42' title='bbox 1469 307 1558 348; x_wconf 89' lang='lat' dir='ltr'>Sed,</span> <span class='ocrx_word' id='word_1_43' title='bbox 1575 307 1668 353; x_wconf 87' lang='lat' dir='ltr'>quia</span> 
     </span>
     <span class='ocr_line' id='line_1_7' title="bbox 56 355 1668 405; baseline -0.004 -8"><span class='ocrx_word' id='word_1_44' title='bbox 56 361 179 398; x_wconf 89' lang='lat' dir='ltr'>homo</span> <span class='ocrx_word' id='word_1_45' title='bbox 204 358 265 396; x_wconf 91' lang='lat' dir='ltr'>vel</span> <span class='ocrx_word' id='word_1_46' title='bbox 285 367 356 405; x_wconf 88' lang='lat' dir='ltr'>per</span> <span class='ocrx_word' id='word_1_47' title='bbox 375 357 674 405; x_wconf 75' lang='lat' dir='ltr'>negligentiam,</span> <span class='ocrx_word' id='word_1_48' title='bbox 695 360 762 393; x_wconf 93' lang='lat' dir='ltr'>aut</span> <span class='ocrx_word' id='word_1_49' title='bbox 780 365 850 401; x_wconf 86' lang='lat' dir='ltr'>per</span> <span class='ocrx_word' id='word_1_50' title='bbox 884 355 1162 399; x_wconf 76' lang='lat' dir='ltr'>occupationes</span> <span class='ocrx_word' id='word_1_51' title='bbox 1181 355 1309 391; x_wconf 84' lang='lat' dir='ltr'>varias</span> <span class='ocrx_word' id='word_1_52' title='bbox 1327 355 1430 397; x_wconf 58' lang='lat' dir='ltr'>vitre,</span> <span class='ocrx_word' id='word_1_53' title='bbox 1453 358 1520 392; x_wconf 90' lang='lat' dir='ltr'>aut</span> <span class='ocrx_word' id='word_1_54' title='bbox 1551 355 1668 391; x_wconf 86' lang='lat' dir='ltr'>etiam</span> 
     </span>
     <span class='ocr_line' id='line_1_8' title="bbox 54 401 1668 460; baseline -0.004 -16"><span class='ocrx_word' id='word_1_55' title='bbox 54 411 214 460; x_wconf 85' lang='lat' dir='ltr'>propter</span> <span class='ocrx_word' id='word_1_56' title='bbox 235 406 426 451; x_wconf 88' lang='lat' dir='ltr'>temporis</span> <span class='ocrx_word' id='word_1_57' title='bbox 444 405 687 446; x_wconf 87' lang='lat' dir='ltr'>brevitatem,</span> <span class='ocrx_word' id='word_1_58' title='bbox 710 406 867 448; x_wconf 89' lang='lat' dir='ltr'>propter</span> <span class='ocrx_word' id='word_1_59' title='bbox 895 402 969 438; x_wconf 84' lang='lat' dir='ltr'>alia</span> <span class='ocrx_word' id='word_1_60' title='bbox 991 402 1230 446; x_wconf 84' lang='lat' dir='ltr'>hujusmodi,</span> <span class='ocrx_word' id='word_1_61' title='bbox 1250 402 1455 446; x_wconf 74' lang='lat' dir='ltr'>praedictos</span> <span class='ocrx_word' id='word_1_62' title='bbox 1491 401 1668 439; x_wconf 85' lang='lat' dir='ltr'>delectus</span> 
     </span>
     <span class='ocr_line' id='line_1_9' title="bbox 56 448 1669 499; baseline -0.003 -8"><span class='ocrx_word' id='word_1_63' title='bbox 56 462 99 491; x_wconf 82' lang='lat' dir='ltr'>tn</span> <span class='ocrx_word' id='word_1_64' title='bbox 121 463 164 490; x_wconf 91' lang='lat' dir='ltr'>se</span> <span class='ocrx_word' id='word_1_65' title='bbox 187 452 356 499; x_wconf 82' lang='lat' dir='ltr'>perfecte</span> <span class='ocrx_word' id='word_1_66' title='bbox 378 461 457 488; x_wconf 92' lang='lat' dir='ltr'>non</span> <span class='ocrx_word' id='word_1_67' title='bbox 478 455 602 494; x_wconf 89' lang='lat' dir='ltr'>curat,</span> <span class='ocrx_word' id='word_1_68' title='bbox 622 450 832 487; x_wconf 87' lang='lat' dir='ltr'>salubriter</span> <span class='ocrx_word' id='word_1_69' title='bbox 845 449 878 484; x_wconf 88' lang='lat' dir='ltr'>ei</span> <span class='ocrx_word' id='word_1_70' title='bbox 897 448 1122 494; x_wconf 86' lang='lat' dir='ltr'>providetur</span> <span class='ocrx_word' id='word_1_71' title='bbox 1143 452 1183 484; x_wconf 88' lang='lat' dir='ltr'>ut</span> <span class='ocrx_word' id='word_1_72' title='bbox 1201 458 1269 493; x_wconf 88' lang='lat' dir='ltr'>per</span> <span class='ocrx_word' id='word_1_73' title='bbox 1288 448 1364 485; x_wconf 98' lang='grc'>1100</span> <span class='ocrx_word' id='word_1_74' title='bbox 1378 452 1669 486; x_wconf 84' lang='lat' dir='ltr'>sacramentum</span> 
     </span>
     <span class='ocr_line' id='line_1_10' title="bbox 44 495 1669 547; baseline -0.003 -10"><span class='ocrx_word' id='word_1_75' title='bbox 44 499 243 547; x_wconf 84' lang='lat' dir='ltr'>&#39;praedicta</span> <span class='ocrx_word' id='word_1_76' title='bbox 263 499 414 536; x_wconf 81' lang='lat' dir='ltr'>curatio</span> <span class='ocrx_word' id='word_1_77' title='bbox 435 498 678 544; x_wconf 80' lang='lat' dir='ltr'>compleatur</span> <span class='ocrx_word' id='word_1_78' title='bbox 698 500 734 532; x_wconf 85' lang='lat' dir='ltr'>et</span> <span class='ocrx_word' id='word_1_79' title='bbox 752 505 775 532; x_wconf 91' lang='lat' dir='ltr'>a</span> <span class='ocrx_word' id='word_1_80' title='bbox 789 499 897 532; x_wconf 72' lang='lat' dir='ltr'>reatu</span> <span class='ocrx_word' id='word_1_81' title='bbox 919 504 1043 540; x_wconf 63' lang='lat' dir='ltr'>poenae</span> <span class='ocrx_word' id='word_1_82' title='bbox 1064 495 1292 540; x_wconf 81' lang='lat' dir='ltr'>temporalis</span> <span class='ocrx_word' id='word_1_83' title='bbox 1313 495 1513 539; x_wconf 72' lang='lat' dir='ltr'>liberetur,</span> <span class='ocrx_word' id='word_1_84' title='bbox 1542 498 1585 532; x_wconf 92' lang='lat' dir='ltr'>ut</span> <span class='ocrx_word' id='word_1_85' title='bbox 1610 496 1669 532; x_wconf 90' lang='lat' dir='ltr'>sic</span> 
     </span>
     <span class='ocr_line' id='line_1_11' title="bbox 9 543 1668 591; baseline -0.004 -7"><span class='ocrx_word' id='word_1_86' title='bbox 9 543 16 551; x_wconf 90' lang='grc'><strong>’</strong></span> <span class='ocrx_word' id='word_1_87' title='bbox 56 547 157 584; x_wconf 85' lang='grc'>1111111</span> <span class='ocrx_word' id='word_1_88' title='bbox 190 547 232 583; x_wconf 85' lang='grc'>111</span> <span class='ocrx_word' id='word_1_89' title='bbox 263 556 309 589; x_wconf 82' lang='lat' dir='ltr'>eo</span> <span class='ocrx_word' id='word_1_90' title='bbox 341 549 543 583; x_wconf 88' lang='lat' dir='ltr'>remaneat</span> <span class='ocrx_word' id='word_1_91' title='bbox 573 543 678 591; x_wconf 88' lang='lat' dir='ltr'>quod</span> <span class='ocrx_word' id='word_1_92' title='bbox 708 543 748 579; x_wconf 91' lang='lat' dir='ltr'>in</span> <span class='ocrx_word' id='word_1_93' title='bbox 770 543 873 578; x_wconf 82' lang='lat' dir='ltr'>exitu</span> <span class='ocrx_word' id='word_1_94' title='bbox 895 543 1036 579; x_wconf 79' lang='lat' dir='ltr'>animae</span> <span class='ocrx_word' id='word_1_95' title='bbox 1054 551 1077 578; x_wconf 86' lang='lat' dir='ltr'>a</span> <span class='ocrx_word' id='word_1_96' title='bbox 1095 551 1260 587; x_wconf 88' lang='lat' dir='ltr'>corpore</span> <span class='ocrx_word' id='word_1_97' title='bbox 1278 551 1364 578; x_wconf 85' lang='lat' dir='ltr'>cam</span> <span class='ocrx_word' id='word_1_98' title='bbox 1384 543 1512 587; x_wconf 79' lang='lat' dir='ltr'>possit</span> <span class='ocrx_word' id='word_1_99' title='bbox 1541 552 1564 578; x_wconf 86' lang='lat' dir='ltr'>a</span> <span class='ocrx_word' id='word_1_100' title='bbox 1582 551 1668 588; x_wconf 86' lang='lat' dir='ltr'>per·</span> 
     </span>
     <span class='ocr_line' id='line_1_12' title="bbox 56 589 1670 640; baseline -0.005 -9"><span class='ocrx_word' id='word_1_101' title='bbox 56 594 236 640; x_wconf 80' lang='lat' dir='ltr'>ceptione</span> <span class='ocrx_word' id='word_1_102' title='bbox 282 594 418 639; x_wconf 71' lang='lat' dir='ltr'>gloriae</span> <span class='ocrx_word' id='word_1_103' title='bbox 456 591 660 637; x_wconf 87' lang='lat' dir='ltr'>impedire.</span> <span class='ocrx_word' id='word_1_104' title='bbox 697 591 738 626; x_wconf 87' lang='lat' dir='ltr'>Et</span> <span class='ocrx_word' id='word_1_105' title='bbox 780 589 870 626; x_wconf 92' lang='lat' dir='ltr'>ideo</span> <span class='ocrx_word' id='word_1_106' title='bbox 903 589 1072 626; x_wconf 83' lang='lat' dir='ltr'>Jacobus</span> <span class='ocrx_word' id='word_1_107' title='bbox 1113 589 1220 626; x_wconf 80' lang='lat' dir='ltr'>addit</span> <span class='ocrx_word' id='word_1_108' title='bbox 1249 599 1256 623; x_wconf 76' lang='grc' dir='ltr'>ε</span> <span class='ocrx_word' id='word_1_109' title='bbox 1290 591 1336 624; x_wconf 80' lang='lat' dir='ltr'>Et</span> <span class='ocrx_word' id='word_1_110' title='bbox 1372 590 1556 624; x_wconf 56' lang='grc' dir='ltr'>(ιῖίιῑιςῐαίηῖέ</span> <span class='ocrx_word' id='word_1_111' title='bbox 1592 598 1670 624; x_wconf 80' lang='lat' dir='ltr'>eum</span> 
     </span>
     <span class='ocr_line' id='line_1_13' title="bbox 55 636 1671 686; baseline -0.004 -7"><span class='ocrx_word' id='word_1_112' title='bbox 55 642 242 679; x_wconf 76' lang='lat' dir='ltr'>Dominus.</span> <span class='ocrx_word' id='word_1_113' title='bbox 263 639 462 686; x_wconf 76' lang='lat' dir='ltr'>Contingit</span> <span class='ocrx_word' id='word_1_114' title='bbox 481 639 599 676; x_wconf 87' lang='lat' dir='ltr'>etiam</span> <span class='ocrx_word' id='word_1_115' title='bbox 619 637 725 685; x_wconf 90' lang='lat' dir='ltr'>quod</span> <span class='ocrx_word' id='word_1_116' title='bbox 742 637 861 673; x_wconf 88' lang='grc'>1101110</span> <span class='ocrx_word' id='word_1_117' title='bbox 882 636 1061 672; x_wconf 89' lang='lat' dir='ltr'>omnium</span> <span class='ocrx_word' id='word_1_118' title='bbox 1081 640 1330 681; x_wconf 85' lang='lat' dir='ltr'>pcccatorum</span> <span class='ocrx_word' id='word_1_119' title='bbox 1353 646 1438 682; x_wconf 60' lang='lat' dir='ltr'>quae</span> <span class='ocrx_word' id='word_1_120' title='bbox 1471 636 1671 674; x_wconf 82' lang='lat' dir='ltr'>commisit</span> 
     </span>
     <span class='ocr_line' id='line_1_14' title="bbox 56 683 1670 733; baseline -0.004 -7"><span class='ocrx_word' id='word_1_121' title='bbox 56 688 250 733; x_wconf 89' lang='lat' dir='ltr'>notitiam,</span> <span class='ocrx_word' id='word_1_122' title='bbox 266 687 570 724; x_wconf 83' lang='lat' dir='ltr'>velmemoriam</span> <span class='ocrx_word' id='word_1_123' title='bbox 595 693 675 722; x_wconf 87' lang='lat' dir='ltr'>non</span> <span class='ocrx_word' id='word_1_124' title='bbox 695 684 825 727; x_wconf 83' lang='lat' dir='ltr'>habet,</span> <span class='ocrx_word' id='word_1_125' title='bbox 848 686 890 719; x_wconf 89' lang='lat' dir='ltr'>ut</span> <span class='ocrx_word' id='word_1_126' title='bbox 906 683 1033 728; x_wconf 78' lang='lat' dir='ltr'>possit</span> <span class='ocrx_word' id='word_1_127' title='bbox 1053 692 1122 728; x_wconf 90' lang='lat' dir='ltr'>per</span> <span class='ocrx_word' id='word_1_128' title='bbox 1140 683 1409 728; x_wconf 78' lang='lat' dir='ltr'>poenitentiam</span> <span class='ocrx_word' id='word_1_129' title='bbox 1429 683 1589 729; x_wconf 72' lang='lat' dir='ltr'>singula</span> <span class='ocrx_word' id='word_1_130' title='bbox 1607 692 1670 720; x_wconf 82' lang='lat' dir='ltr'>ex-</span> 
     </span>
     <span class='ocr_line' id='line_1_15' title="bbox 58 730 1669 783; baseline -0.003 -11"><span class='ocrx_word' id='word_1_131' title='bbox 58 744 226 783; x_wconf 82' lang='lat' dir='ltr'>purgare</span> <span class='ocrx_word' id='word_1_132' title='bbox 249 745 258 769; x_wconf 87' lang='lat'>:</span> <span class='ocrx_word' id='word_1_133' title='bbox 292 738 386 772; x_wconf 90' lang='lat' dir='ltr'>sunt</span> <span class='ocrx_word' id='word_1_134' title='bbox 415 734 530 771; x_wconf 83' lang='lat' dir='ltr'>etiam</span> <span class='ocrx_word' id='word_1_135' title='bbox 549 731 776 778; x_wconf 87' lang='lat' dir='ltr'>quotidiana</span> <span class='ocrx_word' id='word_1_136' title='bbox 794 734 966 775; x_wconf 80' lang='lat' dir='ltr'>peccata,</span> <span class='ocrx_word' id='word_1_137' title='bbox 990 730 1075 766; x_wconf 88' lang='lat' dir='ltr'>sine</span> <span class='ocrx_word' id='word_1_138' title='bbox 1107 731 1251 775; x_wconf 83' lang='lat' dir='ltr'>quibus</span> <span class='ocrx_word' id='word_1_139' title='bbox 1286 739 1463 775; x_wconf 70' lang='lat' dir='ltr'>praesens</span> <span class='ocrx_word' id='word_1_140' title='bbox 1484 732 1560 766; x_wconf 83' lang='lat' dir='ltr'>vita</span> <span class='ocrx_word' id='word_1_141' title='bbox 1588 738 1669 767; x_wconf 88' lang='lat' dir='ltr'>non</span> 
     </span>
     <span class='ocr_line' id='line_1_16' title="bbox 57 777 1668 829; baseline -0.004 -8"><span class='ocrx_word' id='word_1_142' title='bbox 57 783 202 829; x_wconf 81' lang='lat' dir='ltr'>agitur,</span> <span class='ocrx_word' id='word_1_143' title='bbox 224 791 248 819; x_wconf 90' lang='lat' dir='ltr'>a</span> <span class='ocrx_word' id='word_1_144' title='bbox 285 782 431 828; x_wconf 86' lang='lat' dir='ltr'>quibus</span> <span class='ocrx_word' id='word_1_145' title='bbox 462 783 615 827; x_wconf 78' lang='lat' dir='ltr'>oportet</span> <span class='ocrx_word' id='word_1_146' title='bbox 645 778 847 815; x_wconf 89' lang='lat' dir='ltr'>hominem</span> <span class='ocrx_word' id='word_1_147' title='bbox 877 777 917 813; x_wconf 89' lang='lat' dir='ltr'>in</span> <span class='ocrx_word' id='word_1_148' title='bbox 948 786 1022 813; x_wconf 88' lang='lat' dir='ltr'>suo</span> <span class='ocrx_word' id='word_1_149' title='bbox 1054 777 1159 814; x_wconf 86' lang='lat' dir='ltr'>exitu</span> <span class='ocrx_word' id='word_1_150' title='bbox 1183 786 1253 823; x_wconf 86' lang='lat' dir='ltr'>per</span> <span class='ocrx_word' id='word_1_151' title='bbox 1277 777 1353 814; x_wconf 90' lang='lat' dir='ltr'>hoc</span> <span class='ocrx_word' id='word_1_152' title='bbox 1379 781 1668 815; x_wconf 84' lang='lat' dir='ltr'>sacramentum</span> 
     </span>
     <span class='ocr_line' id='line_1_17' title="bbox 58 824 1670 873; baseline -0.004 -7"><span class='ocrx_word' id='word_1_153' title='bbox 58 829 274 873; x_wconf 87' lang='lat' dir='ltr'>emendari,</span> <span class='ocrx_word' id='word_1_154' title='bbox 298 833 339 865; x_wconf 92' lang='lat' dir='ltr'>ut</span> <span class='ocrx_word' id='word_1_155' title='bbox 359 827 458 864; x_wconf 77' lang='lat' dir='ltr'>niliil</span> <span class='ocrx_word' id='word_1_156' title='bbox 478 827 700 863; x_wconf 83' lang='lat' dir='ltr'>inveniatur</span> <span class='ocrx_word' id='word_1_157' title='bbox 720 825 760 862; x_wconf 91' lang='lat' dir='ltr'>in</span> <span class='ocrx_word' id='word_1_158' title='bbox 781 833 827 861; x_wconf 93' lang='lat' dir='ltr'>eo</span> <span class='ocrx_word' id='word_1_159' title='bbox 850 824 953 870; x_wconf 90' lang='lat' dir='ltr'>quod</span> <span class='ocrx_word' id='word_1_160' title='bbox 974 824 1214 869; x_wconf 64' lang='lat' dir='ltr'>perceptioni</span> <span class='ocrx_word' id='word_1_161' title='bbox 1229 824 1364 870; x_wconf 68' lang='lat' dir='ltr'>gloriae</span> <span class='ocrx_word' id='word_1_162' title='bbox 1386 827 1579 871; x_wconf 81' lang='lat' dir='ltr'>repugnet</span> <span class='ocrx_word' id='word_1_163' title='bbox 1599 836 1607 860; x_wconf 91' lang='lat'><strong>:</strong></span> <span class='ocrx_word' id='word_1_164' title='bbox 1633 828 1670 861; x_wconf 90' lang='lat' dir='ltr'>et</span> 
     </span>
     <span class='ocr_line' id='line_1_18' title="bbox 58 871 1669 921; baseline -0.004 -8"><span class='ocrx_word' id='word_1_165' title='bbox 58 876 150 914; x_wconf 90' lang='lat' dir='ltr'>ideo</span> <span class='ocrx_word' id='word_1_166' title='bbox 170 875 278 912; x_wconf 80' lang='lat' dir='ltr'>addit</span> <span class='ocrx_word' id='word_1_167' title='bbox 295 875 480 919; x_wconf 86' lang='lat' dir='ltr'>Jacobus‚</span> <span class='ocrx_word' id='word_1_168' title='bbox 499 874 602 921; x_wconf 88' lang='lat' dir='ltr'>quod</span> <span class='ocrx_word' id='word_1_169' title='bbox 622 875 655 908; x_wconf 79' lang='lat' dir='ltr'>si</span> <span class='ocrx_word' id='word_1_170' title='bbox 668 875 708 908; x_wconf 76' lang='lat' dir='ltr'>in</span> <span class='ocrx_word' id='word_1_171' title='bbox 722 873 878 917; x_wconf 72' lang='lat' dir='ltr'>peccatis</span> <span class='ocrx_word' id='word_1_172' title='bbox 897 873 958 916; x_wconf 69' lang='lat' dir='ltr'>sic,</span> <span class='ocrx_word' id='word_1_173' title='bbox 975 871 1202 906; x_wconf 58' lang='lat' dir='ltr'>demutentur</span> <span class='ocrx_word' id='word_1_174' title='bbox 1220 873 1265 906; x_wconf 76' lang='grc' dir='ltr'>ρι’.</span> <span class='ocrx_word' id='word_1_175' title='bbox 1288 871 1394 907; x_wconf 83' lang='lat' dir='ltr'>Unde</span> <span class='ocrx_word' id='word_1_176' title='bbox 1416 872 1669 908; x_wconf 72' lang='lat' dir='ltr'>manifestum</span> 
     </span>
     <span class='ocr_line' id='line_1_19' title="bbox 61 918 1669 969; baseline -0.003 -9"><span class='ocrx_word' id='word_1_177' title='bbox 61 927 121 960; x_wconf 89' lang='lat' dir='ltr'>est</span> <span class='ocrx_word' id='word_1_178' title='bbox 140 922 246 969; x_wconf 91' lang='lat' dir='ltr'>quod</span> <span class='ocrx_word' id='word_1_179' title='bbox 269 922 343 959; x_wconf 89' lang='lat' dir='ltr'>hoc</span> <span class='ocrx_word' id='word_1_180' title='bbox 357 925 645 959; x_wconf 87' lang='lat' dir='ltr'>sacramentum</span> <span class='ocrx_word' id='word_1_181' title='bbox 665 922 724 957; x_wconf 85' lang='lat' dir='ltr'>est</span> <span class='ocrx_word' id='word_1_182' title='bbox 740 918 936 962; x_wconf 88' lang='lat' dir='ltr'>ultimum,</span> <span class='ocrx_word' id='word_1_183' title='bbox 956 918 1295 964; x_wconf 83' lang='lat' dir='ltr'>etquodammodo</span> <span class='ocrx_word' id='word_1_184' title='bbox 1310 919 1669 955; x_wconf 87' lang='lat' dir='ltr'>consummativum</span> 
     </span>
     <span class='ocr_line' id='line_1_20' title="bbox 60 965 1669 1017; baseline -0.002 -11"><span class='ocrx_word' id='word_1_185' title='bbox 60 969 186 1007; x_wconf 91' lang='lat' dir='ltr'>totius</span> <span class='ocrx_word' id='word_1_186' title='bbox 207 969 428 1016; x_wconf 58' lang='lat' dir='ltr'>spiritualis</span> <span class='ocrx_word' id='word_1_187' title='bbox 446 968 674 1011; x_wconf 80' lang='lat' dir='ltr'>curationis,</span> <span class='ocrx_word' id='word_1_188' title='bbox 695 975 773 1013; x_wconf 89' lang='lat' dir='ltr'>quo</span> <span class='ocrx_word' id='word_1_189' title='bbox 793 965 912 1017; x_wconf 87' lang='grc'>1101110</span> <span class='ocrx_word' id='word_1_190' title='bbox 945 966 1058 1011; x_wconf 82' lang='lat' dir='ltr'>quasi</span> <span class='ocrx_word' id='word_1_191' title='bbox 1089 966 1137 1002; x_wconf 82' lang='lat' dir='ltr'>ad</span> <span class='ocrx_word' id='word_1_192' title='bbox 1169 965 1477 1011; x_wconf 82' lang='lat' dir='ltr'>participandam</span> <span class='ocrx_word' id='word_1_193' title='bbox 1503 966 1669 1012; x_wconf 83' lang='lat' dir='ltr'>gloriam</span> 
     </span>
     <span class='ocr_line' id='line_1_21' title="bbox 60 1015 1141 1064; baseline -0.004 -10"><span class='ocrx_word' id='word_1_194' title='bbox 60 1020 319 1064; x_wconf 77' lang='lat' dir='ltr'>praeparatur,</span> <span class='ocrx_word' id='word_1_195' title='bbox 343 1016 445 1053; x_wconf 91' lang='lat' dir='ltr'>unde</span> <span class='ocrx_word' id='word_1_196' title='bbox 465 1018 504 1052; x_wconf 88' lang='lat' dir='ltr'>et</span> <span class='ocrx_word' id='word_1_197' title='bbox 523 1017 701 1051; x_wconf 76' lang='lat' dir='ltr'>Extrema</span> <span class='ocrx_word' id='word_1_198' title='bbox 721 1015 859 1049; x_wconf 81' lang='lat' dir='ltr'>Unctlo</span> <span class='ocrx_word' id='word_1_199' title='bbox 879 1016 1141 1057; x_wconf 84' lang='lat' dir='ltr'>nuncupatur.</span> 
     </span>
    </p>

    <p class='ocr_par' dir='ltr' id='par_1_4' title="bbox 60 1060 1674 1533">
     <span class='ocr_line' id='line_1_22' title="bbox 113 1060 1670 1111; baseline -0.001 -12"><span class='ocrx_word' id='word_1_200' title='bbox 113 1066 165 1100; x_wconf 85' lang='lat' dir='ltr'>Ex</span> <span class='ocrx_word' id='word_1_201' title='bbox 193 1072 273 1111; x_wconf 91' lang='lat' dir='ltr'>quo</span> <span class='ocrx_word' id='word_1_202' title='bbox 305 1063 559 1100; x_wconf 81' lang='lat' dir='ltr'>manifestum</span> <span class='ocrx_word' id='word_1_203' title='bbox 590 1064 651 1098; x_wconf 87' lang='lat' dir='ltr'>est</span> <span class='ocrx_word' id='word_1_204' title='bbox 680 1060 785 1107; x_wconf 85' lang='lat' dir='ltr'>quod</span> <span class='ocrx_word' id='word_1_205' title='bbox 818 1060 892 1096; x_wconf 88' lang='grc'>1100</span> <span class='ocrx_word' id='word_1_206' title='bbox 928 1064 1218 1097; x_wconf 79' lang='lat' dir='ltr'>sacramentum</span> <span class='ocrx_word' id='word_1_207' title='bbox 1250 1069 1328 1097; x_wconf 91' lang='lat' dir='ltr'>non</span> <span class='ocrx_word' id='word_1_208' title='bbox 1356 1060 1670 1106; x_wconf 87' lang='lat' dir='ltr'>quibuscumque</span> 
     </span>
     <span class='ocr_line' id='line_1_23' title="bbox 60 1106 1670 1154; baseline -0.002 -7"><span class='ocrx_word' id='word_1_209' title='bbox 60 1110 354 1148; x_wconf 82' lang='lat' dir='ltr'>infirmantibus</span> <span class='ocrx_word' id='word_1_210' title='bbox 368 1112 428 1147; x_wconf 89' lang='lat' dir='ltr'>est</span> <span class='ocrx_word' id='word_1_211' title='bbox 442 1108 719 1152; x_wconf 83' lang='lat' dir='ltr'>exhibendum,</span> <span class='ocrx_word' id='word_1_212' title='bbox 735 1106 802 1144; x_wconf 85' lang='lat' dir='ltr'>sed</span> <span class='ocrx_word' id='word_1_213' title='bbox 819 1106 897 1143; x_wconf 90' lang='lat' dir='ltr'>illis</span> <span class='ocrx_word' id='word_1_214' title='bbox 917 1110 1069 1142; x_wconf 86' lang='lat' dir='ltr'>tantum</span> <span class='ocrx_word' id='word_1_215' title='bbox 1091 1107 1156 1154; x_wconf 89' lang='lat' dir='ltr'>qui</span> <span class='ocrx_word' id='word_1_216' title='bbox 1176 1117 1223 1143; x_wconf 82' lang='lat' dir='ltr'>ex</span> <span class='ocrx_word' id='word_1_217' title='bbox 1243 1107 1467 1144; x_wconf 79' lang='lat' dir='ltr'>infirmitate</span> <span class='ocrx_word' id='word_1_218' title='bbox 1488 1108 1670 1144; x_wconf 81' lang='lat' dir='ltr'>videntur</span> 
     </span>
     <span class='ocr_line' id='line_1_24' title="bbox 60 1154 1669 1207; baseline -0.002 -12"><span class='ocrx_word' id='word_1_219' title='bbox 60 1157 178 1195; x_wconf 89' lang='lat' dir='ltr'>morti</span> <span class='ocrx_word' id='word_1_220' title='bbox 210 1158 474 1204; x_wconf 87' lang='lat' dir='ltr'>propinquare</span> <span class='ocrx_word' id='word_1_221' title='bbox 497 1166 504 1190; x_wconf 93' lang='lat'>:</span> <span class='ocrx_word' id='word_1_222' title='bbox 535 1155 602 1207; x_wconf 81' lang='lat' dir='ltr'>qui</span> <span class='ocrx_word' id='word_1_223' title='bbox 622 1159 752 1192; x_wconf 83' lang='lat' dir='ltr'>tamen</span> <span class='ocrx_word' id='word_1_224' title='bbox 773 1154 806 1191; x_wconf 90' lang='lat' dir='ltr'>si</span> <span class='ocrx_word' id='word_1_225' title='bbox 825 1154 1111 1196; x_wconf 85' lang='lat' dir='ltr'>convaluerint,</span> <span class='ocrx_word' id='word_1_226' title='bbox 1132 1154 1272 1191; x_wconf 89' lang='lat' dir='ltr'>iterato</span> <span class='ocrx_word' id='word_1_227' title='bbox 1291 1158 1421 1201; x_wconf 85' lang='lat' dir='ltr'>potest</span> <span class='ocrx_word' id='word_1_228' title='bbox 1440 1155 1515 1191; x_wconf 89' lang='lat' dir='ltr'>hoc</span> <span class='ocrx_word' id='word_1_229' title='bbox 1538 1163 1669 1191; x_wconf 82' lang='lat' dir='ltr'>sacra-</span> 
     </span>
     <span class='ocr_line' id='line_1_25' title="bbox 60 1200 1671 1246; baseline -0.002 -5"><span class='ocrx_word' id='word_1_230' title='bbox 60 1208 238 1242; x_wconf 85' lang='lat' dir='ltr'>mentum</span> <span class='ocrx_word' id='word_1_231' title='bbox 259 1205 318 1241; x_wconf 88' lang='lat' dir='ltr'>eis</span> <span class='ocrx_word' id='word_1_232' title='bbox 337 1203 521 1244; x_wconf 88' lang='lat' dir='ltr'>conferri,</span> <span class='ocrx_word' id='word_1_233' title='bbox 544 1212 578 1240; x_wconf 83' lang='lat' dir='ltr'>si</span> <span class='ocrx_word' id='word_1_234' title='bbox 600 1203 648 1240; x_wconf 84' lang='lat' dir='ltr'>ad</span> <span class='ocrx_word' id='word_1_235' title='bbox 669 1201 840 1239; x_wconf 83' lang='lat' dir='ltr'>similem</span> <span class='ocrx_word' id='word_1_236' title='bbox 872 1204 1016 1238; x_wconf 88' lang='lat' dir='ltr'>statum</span> <span class='ocrx_word' id='word_1_237' title='bbox 1047 1200 1289 1237; x_wconf 85' lang='lat' dir='ltr'>devenerint.</span> <span class='ocrx_word' id='word_1_238' title='bbox 1311 1203 1398 1238; x_wconf 88' lang='lat' dir='ltr'>Non</span> <span class='ocrx_word' id='word_1_239' title='bbox 1425 1201 1530 1237; x_wconf 87' lang='lat' dir='ltr'>enim</span> <span class='ocrx_word' id='word_1_240' title='bbox 1553 1201 1671 1246; x_wconf 80' lang='lat' dir='ltr'>liujus</span> 
     </span>
     <span class='ocr_line' id='line_1_26' title="bbox 61 1248 1670 1292; baseline -0.002 -3"><span class='ocrx_word' id='word_1_241' title='bbox 61 1251 298 1290; x_wconf 82' lang='lat' dir='ltr'>sacramenti</span> <span class='ocrx_word' id='word_1_242' title='bbox 333 1250 468 1287; x_wconf 91' lang='lat' dir='ltr'>unctio</span> <span class='ocrx_word' id='word_1_243' title='bbox 506 1253 567 1287; x_wconf 90' lang='lat' dir='ltr'>est</span> <span class='ocrx_word' id='word_1_244' title='bbox 597 1249 644 1286; x_wconf 85' lang='lat' dir='ltr'>ad</span> <span class='ocrx_word' id='word_1_245' title='bbox 678 1248 1014 1291; x_wconf 87' lang='lat' dir='ltr'>consecrandum,</span> <span class='ocrx_word' id='word_1_246' title='bbox 1041 1248 1145 1284; x_wconf 87' lang='lat' dir='ltr'>sicut</span> <span class='ocrx_word' id='word_1_247' title='bbox 1175 1248 1310 1285; x_wconf 89' lang='lat' dir='ltr'>unctio</span> <span class='ocrx_word' id='word_1_248' title='bbox 1339 1248 1670 1292; x_wconf 70' lang='lat' dir='ltr'>confirmationis,</span> 
     </span>
     <span class='ocr_line' id='line_1_27' title="bbox 61 1294 1674 1343; baseline -0.003 -7"><span class='ocrx_word' id='word_1_249' title='bbox 61 1297 209 1337; x_wconf 85' lang='lat' dir='ltr'>ablutio</span> <span class='ocrx_word' id='word_1_250' title='bbox 246 1297 447 1343; x_wconf 90' lang='lat' dir='ltr'>Baptismi,</span> <span class='ocrx_word' id='word_1_251' title='bbox 483 1299 520 1334; x_wconf 91' lang='lat' dir='ltr'>et</span> <span class='ocrx_word' id='word_1_252' title='bbox 548 1296 726 1343; x_wconf 77' lang='lat' dir='ltr'>quaedam</span> <span class='ocrx_word' id='word_1_253' title='bbox 761 1295 846 1332; x_wconf 85' lang='lat' dir='ltr'>aliae</span> <span class='ocrx_word' id='word_1_254' title='bbox 881 1294 1104 1339; x_wconf 88' lang='lat' dir='ltr'>unctiones,</span> <span class='ocrx_word' id='word_1_255' title='bbox 1138 1304 1224 1342; x_wconf 63' lang='lat' dir='ltr'>quse</span> <span class='ocrx_word' id='word_1_256' title='bbox 1254 1295 1344 1332; x_wconf 91' lang='lat' dir='ltr'>ideo</span> <span class='ocrx_word' id='word_1_257' title='bbox 1375 1304 1577 1342; x_wconf 83' lang='lat' dir='ltr'>nunquam</span> <span class='ocrx_word' id='word_1_258' title='bbox 1607 1295 1674 1331; x_wconf 86' lang='lat' dir='ltr'>ite-</span> 
     </span>
     <span class='ocr_line' id='line_1_28' title="bbox 60 1342 1673 1391; baseline -0.002 -9"><span class='ocrx_word' id='word_1_259' title='bbox 60 1349 213 1389; x_wconf 86' lang='lat' dir='ltr'>rantur,</span> <span class='ocrx_word' id='word_1_260' title='bbox 234 1344 326 1391; x_wconf 83' lang='lat' dir='ltr'>quia</span> <span class='ocrx_word' id='word_1_261' title='bbox 343 1345 592 1382; x_wconf 84' lang='lat' dir='ltr'>consecratio</span> <span class='ocrx_word' id='word_1_262' title='bbox 609 1352 764 1389; x_wconf 86' lang='lat' dir='ltr'>semper</span> <span class='ocrx_word' id='word_1_263' title='bbox 783 1346 929 1385; x_wconf 90' lang='lat' dir='ltr'>manet,</span> <span class='ocrx_word' id='word_1_264' title='bbox 947 1342 1039 1379; x_wconf 90' lang='lat' dir='ltr'>dum</span> <span class='ocrx_word' id='word_1_265' title='bbox 1061 1352 1124 1378; x_wconf 89' lang='lat' dir='ltr'>res</span> <span class='ocrx_word' id='word_1_266' title='bbox 1141 1347 1372 1379; x_wconf 84' lang='lat' dir='ltr'>consecrata</span> <span class='ocrx_word' id='word_1_267' title='bbox 1388 1343 1502 1379; x_wconf 85' lang='lat' dir='ltr'>durat</span> <span class='ocrx_word' id='word_1_268' title='bbox 1516 1346 1673 1389; x_wconf 87' lang='lat' dir='ltr'>propter</span> 
     </span>
     <span class='ocr_line' id='line_1_29' title="bbox 62 1389 1672 1434; baseline -0.004 -4"><span class='ocrx_word' id='word_1_269' title='bbox 62 1392 282 1430; x_wconf 84' lang='lat' dir='ltr'>efficaciam</span> <span class='ocrx_word' id='word_1_270' title='bbox 315 1391 458 1429; x_wconf 75' lang='lat' dir='ltr'>divinae</span> <span class='ocrx_word' id='word_1_271' title='bbox 485 1391 641 1427; x_wconf 90' lang='lat' dir='ltr'>virtutis</span> <span class='ocrx_word' id='word_1_272' title='bbox 667 1389 954 1428; x_wconf 88' lang='lat' dir='ltr'>consecrantis.</span> <span class='ocrx_word' id='word_1_273' title='bbox 989 1389 1200 1426; x_wconf 86' lang='lat' dir='ltr'>Ordinatur</span> <span class='ocrx_word' id='word_1_274' title='bbox 1228 1394 1357 1426; x_wconf 71' lang='lat' dir='ltr'>autem</span> <span class='ocrx_word' id='word_1_275' title='bbox 1391 1390 1510 1434; x_wconf 85' lang='lat' dir='ltr'>hujus</span> <span class='ocrx_word' id='word_1_276' title='bbox 1542 1398 1672 1425; x_wconf 86' lang='lat' dir='ltr'>sacra-</span> 
     </span>
     <span class='ocr_line' id='line_1_30' title="bbox 65 1435 1672 1481; baseline -0.003 -4"><span class='ocrx_word' id='word_1_277' title='bbox 65 1439 190 1477; x_wconf 89' lang='lat' dir='ltr'>menti</span> <span class='ocrx_word' id='word_1_278' title='bbox 221 1438 399 1476; x_wconf 89' lang='lat' dir='ltr'>inunctio</span> <span class='ocrx_word' id='word_1_279' title='bbox 431 1437 480 1475; x_wconf 84' lang='lat' dir='ltr'>ad</span> <span class='ocrx_word' id='word_1_280' title='bbox 507 1437 752 1481; x_wconf 86' lang='lat' dir='ltr'>sanandum;</span> <span class='ocrx_word' id='word_1_281' title='bbox 785 1436 983 1474; x_wconf 86' lang='lat' dir='ltr'>medicina</span> <span class='ocrx_word' id='word_1_282' title='bbox 1013 1440 1144 1473; x_wconf 87' lang='lat' dir='ltr'>autem</span> <span class='ocrx_word' id='word_1_283' title='bbox 1172 1438 1350 1473; x_wconf 80' lang='lat' dir='ltr'>sanativa</span> <span class='ocrx_word' id='word_1_284' title='bbox 1385 1438 1503 1473; x_wconf 86' lang='lat' dir='ltr'>toties</span> <span class='ocrx_word' id='word_1_285' title='bbox 1541 1435 1672 1473; x_wconf 82' lang='lat' dir='ltr'>iterari</span> 
     </span>
     <span class='ocr_line' id='line_1_31' title="bbox 64 1484 794 1533; baseline -0.005 -9"><span class='ocrx_word' id='word_1_286' title='bbox 64 1486 194 1529; x_wconf 87' lang='lat' dir='ltr'>debet,</span> <span class='ocrx_word' id='word_1_287' title='bbox 215 1486 373 1533; x_wconf 87' lang='lat' dir='ltr'>quoties</span> <span class='ocrx_word' id='word_1_288' title='bbox 389 1484 600 1522; x_wconf 84' lang='lat' dir='ltr'>infirmitas</span> <span class='ocrx_word' id='word_1_289' title='bbox 620 1485 794 1522; x_wconf 86' lang='lat' dir='ltr'>iteratur.</span> 
     </span>
    </p>

    <p class='ocr_par' dir='ltr' id='par_1_5' title="bbox 56 1531 1684 2040">
     <span class='ocr_line' id='line_1_32' title="bbox 111 1531 1672 1584; baseline -0.001 -14"><span class='ocrx_word' id='word_1_290' title='bbox 111 1535 167 1577; x_wconf 87' lang='lat' dir='ltr'>Et,</span> <span class='ocrx_word' id='word_1_291' title='bbox 186 1532 276 1570; x_wconf 89' lang='lat' dir='ltr'>licet</span> <span class='ocrx_word' id='word_1_292' title='bbox 303 1532 425 1584; x_wconf 85' lang='lat' dir='ltr'>aliqui</span> <span class='ocrx_word' id='word_1_293' title='bbox 448 1532 527 1584; x_wconf 77' lang='lat' dir='ltr'>sint</span> <span class='ocrx_word' id='word_1_294' title='bbox 546 1532 585 1568; x_wconf 91' lang='lat' dir='ltr'>in</span> <span class='ocrx_word' id='word_1_295' title='bbox 607 1535 711 1569; x_wconf 87' lang='lat' dir='ltr'>statu</span> <span class='ocrx_word' id='word_1_296' title='bbox 731 1531 954 1577; x_wconf 86' lang='lat' dir='ltr'>propinquo</span> <span class='ocrx_word' id='word_1_297' title='bbox 972 1531 1090 1584; x_wconf 66' lang='lat' dir='ltr'>morti</span> <span class='ocrx_word' id='word_1_298' title='bbox 1110 1531 1226 1568; x_wconf 85' lang='lat' dir='ltr'>etiam</span> <span class='ocrx_word' id='word_1_299' title='bbox 1248 1531 1397 1577; x_wconf 85' lang='lat' dir='ltr'>absque</span> <span class='ocrx_word' id='word_1_300' title='bbox 1430 1531 1672 1576; x_wconf 81' lang='lat' dir='ltr'>infirmitate,</span> 
     </span>
     <span class='ocr_line' id='line_1_33' title="bbox 61 1578 1672 1626; baseline -0.002 -8"><span class='ocrx_word' id='word_1_301' title='bbox 61 1583 106 1619; x_wconf 89' lang='lat' dir='ltr'>ut</span> <span class='ocrx_word' id='word_1_302' title='bbox 142 1583 247 1626; x_wconf 85' lang='lat' dir='ltr'>patet</span> <span class='ocrx_word' id='word_1_303' title='bbox 283 1579 324 1616; x_wconf 90' lang='lat' dir='ltr'>in</span> <span class='ocrx_word' id='word_1_304' title='bbox 362 1579 426 1616; x_wconf 87' lang='lat' dir='ltr'>his</span> <span class='ocrx_word' id='word_1_305' title='bbox 463 1589 530 1626; x_wconf 80' lang='lat' dir='ltr'>qui</span> <span class='ocrx_word' id='word_1_306' title='bbox 568 1578 805 1616; x_wconf 83' lang='lat' dir='ltr'>damnantur</span> <span class='ocrx_word' id='word_1_307' title='bbox 847 1578 896 1615; x_wconf 89' lang='lat' dir='ltr'>ad</span> <span class='ocrx_word' id='word_1_308' title='bbox 930 1582 1111 1622; x_wconf 89' lang='lat' dir='ltr'>mortem,</span> <span class='ocrx_word' id='word_1_309' title='bbox 1142 1579 1210 1624; x_wconf 87' lang='lat' dir='ltr'>qui</span> <span class='ocrx_word' id='word_1_310' title='bbox 1241 1581 1373 1615; x_wconf 87' lang='lat' dir='ltr'>tamen</span> <span class='ocrx_word' id='word_1_311' title='bbox 1399 1578 1672 1623; x_wconf 87' lang='lat' dir='ltr'>spiritualibus</span> 
     </span>
     <span class='ocr_line' id='line_1_34' title="bbox 62 1625 1673 1672; baseline -0.002 -8"><span class='ocrx_word' id='word_1_312' title='bbox 62 1626 270 1664; x_wconf 82' lang='lat' dir='ltr'>effectibus</span> <span class='ocrx_word' id='word_1_313' title='bbox 290 1626 409 1672; x_wconf 85' lang='lat' dir='ltr'>hujus</span> <span class='ocrx_word' id='word_1_314' title='bbox 429 1625 663 1664; x_wconf 85' lang='lat' dir='ltr'>sacramenti</span> <span class='ocrx_word' id='word_1_315' title='bbox 697 1625 930 1671; x_wconf 76' lang='lat' dir='ltr'>indigerent,</span> <span class='ocrx_word' id='word_1_316' title='bbox 953 1634 1034 1662; x_wconf 89' lang='lat' dir='ltr'>non</span> <span class='ocrx_word' id='word_1_317' title='bbox 1054 1630 1186 1662; x_wconf 87' lang='lat' dir='ltr'>tamen</span> <span class='ocrx_word' id='word_1_318' title='bbox 1217 1625 1481 1662; x_wconf 79' lang='lat' dir='ltr'>exhibendum</span> <span class='ocrx_word' id='word_1_319' title='bbox 1513 1630 1572 1662; x_wconf 87' lang='lat' dir='ltr'>est</span> <span class='ocrx_word' id='word_1_320' title='bbox 1594 1625 1673 1662; x_wconf 87' lang='lat' dir='ltr'>nisi</span> 
     </span>
     <span class='ocr_line' id='line_1_35' title="bbox 61 1672 1671 1725; baseline -0.002 -14"><span class='ocrx_word' id='word_1_321' title='bbox 61 1673 294 1719; x_wconf 85' lang='lat' dir='ltr'>infirmanti,</span> <span class='ocrx_word' id='word_1_322' title='bbox 328 1682 451 1721; x_wconf 86' lang='lat' dir='ltr'>quum</span> <span class='ocrx_word' id='word_1_323' title='bbox 475 1672 938 1725; x_wconf 21' lang='lat' dir='ltr'>subqspeciessorporalis</span> <span class='ocrx_word' id='word_1_324' title='bbox 971 1672 1178 1709; x_wconf 69' lang='lat' dir='ltr'>medicinae</span> <span class='ocrx_word' id='word_1_325' title='bbox 1209 1672 1452 1716; x_wconf 78' lang='lat' dir='ltr'>exhibeatur,</span> <span class='ocrx_word' id='word_1_326' title='bbox 1471 1681 1558 1718; x_wconf 85' lang='lat' dir='ltr'>quae</span> <span class='ocrx_word' id='word_1_327' title='bbox 1590 1681 1671 1709; x_wconf 90' lang='lat' dir='ltr'>non</span> 
     </span>
     <span class='ocr_line' id='line_1_36' title="bbox 63 1718 1674 1767; baseline -0.002 -8"><span class='ocrx_word' id='word_1_328' title='bbox 63 1721 251 1767; x_wconf 88' lang='lat' dir='ltr'>competit</span> <span class='ocrx_word' id='word_1_329' title='bbox 269 1720 347 1757; x_wconf 90' lang='lat' dir='ltr'>nisi</span> <span class='ocrx_word' id='word_1_330' title='bbox 367 1720 624 1766; x_wconf 82' lang='lat' dir='ltr'>corporaliter</span> <span class='ocrx_word' id='word_1_331' title='bbox 640 1720 852 1756; x_wconf 73' lang='lat' dir='ltr'>infirmato.</span> <span class='ocrx_word' id='word_1_332' title='bbox 875 1720 1035 1765; x_wconf 79' lang='lat' dir='ltr'>Oportet</span> <span class='ocrx_word' id='word_1_333' title='bbox 1054 1720 1158 1756; x_wconf 87' lang='lat' dir='ltr'>enim</span> <span class='ocrx_word' id='word_1_334' title='bbox 1184 1719 1226 1754; x_wconf 88' lang='lat' dir='ltr'>in</span> <span class='ocrx_word' id='word_1_335' title='bbox 1245 1720 1504 1757; x_wconf 85' lang='lat' dir='ltr'>sacramentis</span> <span class='ocrx_word' id='word_1_336' title='bbox 1524 1718 1674 1765; x_wconf 79' lang='lat' dir='ltr'>signifi·</span> 
     </span>
     <span class='ocr_line' id='line_1_37' title="bbox 63 1765 1673 1813; baseline -0.002 -7"><span class='ocrx_word' id='word_1_337' title='bbox 63 1769 263 1806; x_wconf 87' lang='lat' dir='ltr'>cationem</span> <span class='ocrx_word' id='word_1_338' title='bbox 301 1768 461 1805; x_wconf 85' lang='lat' dir='ltr'>servari.</span> <span class='ocrx_word' id='word_1_339' title='bbox 495 1767 605 1804; x_wconf 85' lang='lat' dir='ltr'>Sicut</span> <span class='ocrx_word' id='word_1_340' title='bbox 634 1767 755 1813; x_wconf 81' lang='lat' dir='ltr'>igitur</span> <span class='ocrx_word' id='word_1_341' title='bbox 782 1767 996 1812; x_wconf 87' lang='lat' dir='ltr'>requiritur</span> <span class='ocrx_word' id='word_1_342' title='bbox 1026 1766 1067 1802; x_wconf 93' lang='lat' dir='ltr'>in</span> <span class='ocrx_word' id='word_1_343' title='bbox 1100 1765 1298 1811; x_wconf 78' lang='lat' dir='ltr'>Baptismo</span> <span class='ocrx_word' id='word_1_344' title='bbox 1333 1767 1482 1803; x_wconf 88' lang='lat' dir='ltr'>ablutio</span> <span class='ocrx_word' id='word_1_345' title='bbox 1518 1766 1673 1812; x_wconf 85' lang='lat' dir='ltr'>corpori</span> 
     </span>
     <span class='ocr_line' id='line_1_38' title="bbox 62 1813 1673 1860; baseline -0.002 -8"><span class='ocrx_word' id='word_1_346' title='bbox 62 1814 253 1859; x_wconf 83' lang='lat' dir='ltr'>exhibita,</span> <span class='ocrx_word' id='word_1_347' title='bbox 273 1814 329 1851; x_wconf 88' lang='lat' dir='ltr'>ita</span> <span class='ocrx_word' id='word_1_348' title='bbox 346 1815 385 1851; x_wconf 89' lang='lat' dir='ltr'>in</span> <span class='ocrx_word' id='word_1_349' title='bbox 407 1815 484 1851; x_wconf 89' lang='lat' dir='ltr'>hoc</span> <span class='ocrx_word' id='word_1_350' title='bbox 501 1818 750 1851; x_wconf 83' lang='lat' dir='ltr'>sacramento</span> <span class='ocrx_word' id='word_1_351' title='bbox 770 1814 983 1860; x_wconf 86' lang='lat' dir='ltr'>requiritur</span> <span class='ocrx_word' id='word_1_352' title='bbox 999 1813 1209 1849; x_wconf 86' lang='lat' dir='ltr'>medicatio</span> <span class='ocrx_word' id='word_1_353' title='bbox 1241 1813 1457 1850; x_wconf 85' lang='lat' dir='ltr'>infirmitati</span> <span class='ocrx_word' id='word_1_354' title='bbox 1477 1813 1673 1859; x_wconf 86' lang='lat' dir='ltr'>corporali</span> 
     </span>
     <span class='ocr_line' id='line_1_39' title="bbox 64 1860 1675 1909; baseline -0.002 -9"><span class='ocrx_word' id='word_1_355' title='bbox 64 1862 245 1909; x_wconf 85' lang='lat' dir='ltr'>apposita</span> <span class='ocrx_word' id='word_1_356' title='bbox 265 1873 274 1898; x_wconf 78' lang='lat' dir='ltr'><em>z</em></span> <span class='ocrx_word' id='word_1_357' title='bbox 295 1861 400 1898; x_wconf 89' lang='lat' dir='ltr'>unde</span> <span class='ocrx_word' id='word_1_358' title='bbox 416 1861 532 1898; x_wconf 87' lang='lat' dir='ltr'>etiam</span> <span class='ocrx_word' id='word_1_359' title='bbox 555 1860 685 1897; x_wconf 89' lang='lat' dir='ltr'>oleum</span> <span class='ocrx_word' id='word_1_360' title='bbox 708 1864 768 1897; x_wconf 88' lang='lat' dir='ltr'>est</span> <span class='ocrx_word' id='word_1_361' title='bbox 787 1861 973 1906; x_wconf 88' lang='lat' dir='ltr'>specialis</span> <span class='ocrx_word' id='word_1_362' title='bbox 996 1860 1159 1897; x_wconf 87' lang='lat' dir='ltr'>materia</span> <span class='ocrx_word' id='word_1_363' title='bbox 1178 1860 1297 1907; x_wconf 80' lang='lat' dir='ltr'>hujiis</span> <span class='ocrx_word' id='word_1_364' title='bbox 1319 1862 1569 1904; x_wconf 86' lang='lat' dir='ltr'>sacramenti,</span> <span class='ocrx_word' id='word_1_365' title='bbox 1583 1861 1675 1907; x_wconf 81' lang='lat' dir='ltr'>quia</span> 
     </span>
     <span class='ocr_line' id='line_1_40' title="bbox 56 1907 1672 1954; baseline -0.002 -7"><span class='ocrx_word' id='word_1_366' title='bbox 56 1909 180 1947; x_wconf 83' lang='lat' dir='ltr'>habet</span> <span class='ocrx_word' id='word_1_367' title='bbox 193 1907 406 1946; x_wconf 83' lang='lat' dir='ltr'>efficaciam</span> <span class='ocrx_word' id='word_1_368' title='bbox 420 1908 469 1946; x_wconf 84' lang='lat' dir='ltr'>ad</span> <span class='ocrx_word' id='word_1_369' title='bbox 480 1908 702 1945; x_wconf 87' lang='lat' dir='ltr'>sanandum</span> <span class='ocrx_word' id='word_1_370' title='bbox 722 1907 992 1953; x_wconf 87' lang='lat' dir='ltr'>corporaliter,</span> <span class='ocrx_word' id='word_1_371' title='bbox 1013 1907 1229 1954; x_wconf 83' lang='lat' dir='ltr'>mitigando</span> <span class='ocrx_word' id='word_1_372' title='bbox 1249 1907 1421 1950; x_wconf 90' lang='lat' dir='ltr'>dolores,</span> <span class='ocrx_word' id='word_1_373' title='bbox 1438 1908 1542 1944; x_wconf 87' lang='lat' dir='ltr'>sicut</span> <span class='ocrx_word' id='word_1_374' title='bbox 1557 1916 1672 1953; x_wconf 85' lang='lat' dir='ltr'>aqua,</span> 
     </span>
     <span class='ocr_line' id='line_1_41' title="bbox 62 1954 1674 2040; baseline -0.001 -47"><span class='ocrx_word' id='word_1_375' title='bbox 62 1965 150 2040; x_wconf 59' lang='lat' dir='ltr'>qfflie</span> <span class='ocrx_word' id='word_1_376' title='bbox 177 1956 440 2008; x_wconf 75' lang='lat' dir='ltr'>corporaliter</span> <span class='ocrx_word' id='word_1_377' title='bbox 478 1954 615 1999; x_wconf 89' lang='lat' dir='ltr'>abluit,</span> <span class='ocrx_word' id='word_1_378' title='bbox 642 1958 703 1992; x_wconf 88' lang='lat' dir='ltr'>est</span> <span class='ocrx_word' id='word_1_379' title='bbox 728 1955 895 1992; x_wconf 86' lang='lat' dir='ltr'>materia</span> <span class='ocrx_word' id='word_1_380' title='bbox 928 1955 1165 1991; x_wconf 87' lang='lat' dir='ltr'>sacramenti</span> <span class='ocrx_word' id='word_1_381' title='bbox 1198 1954 1239 1990; x_wconf 90' lang='lat' dir='ltr'>in</span> <span class='ocrx_word' id='word_1_382' title='bbox 1271 1964 1349 2001; x_wconf 91' lang='lat' dir='ltr'>quo</span> <span class='ocrx_word' id='word_1_383' title='bbox 1382 1955 1425 1990; x_wconf 86' lang='lat' dir='ltr'>lit</span> <span class='ocrx_word' id='word_1_384' title='bbox 1457 1954 1674 2000; x_wconf 88' lang='lat' dir='ltr'>spiritualis</span> 
     </span>
     <span class='ocr_line' id='line_1_42' title="bbox 63 2004 1684 2040; baseline -0.003 0"><span class='ocrx_word' id='word_1_385' title='bbox 63 2011 86 2040; x_wconf 87' lang='lat' dir='ltr'>a</span> <span class='ocrx_word' id='word_1_386' title='bbox 132 2006 227 2040; x_wconf 77' lang='lat' dir='ltr'>utto.</span> <span class='ocrx_word' id='word_1_387' title='bbox 1679 2004 1684 2009; x_wconf 84' lang='grc'><em>·</em></span> 
     </span>
    </p>

    <p class='ocr_par' dir='ltr' id='par_1_6' title="bbox 61 2048 1677 2331">
     <span class='ocr_line' id='line_1_43' title="bbox 111 2048 1676 2095; baseline 0.001 -9"><span class='ocrx_word' id='word_1_388' title='bbox 111 2049 205 2086; x_wconf 88' lang='lat' dir='ltr'>Inde</span> <span class='ocrx_word' id='word_1_389' title='bbox 226 2049 344 2086; x_wconf 88' lang='lat' dir='ltr'>etiam</span> <span class='ocrx_word' id='word_1_390' title='bbox 365 2049 619 2086; x_wconf 76' lang='lat' dir='ltr'>manifestum</span> <span class='ocrx_word' id='word_1_391' title='bbox 641 2053 702 2086; x_wconf 90' lang='lat' dir='ltr'>est</span> <span class='ocrx_word' id='word_1_392' title='bbox 721 2049 840 2095; x_wconf 90' lang='lat' dir='ltr'>quod,</span> <span class='ocrx_word' id='word_1_393' title='bbox 856 2049 960 2086; x_wconf 88' lang='lat' dir='ltr'>sicut</span> <span class='ocrx_word' id='word_1_394' title='bbox 980 2049 1192 2085; x_wconf 86' lang='lat' dir='ltr'>medicatio</span> <span class='ocrx_word' id='word_1_395' title='bbox 1209 2049 1429 2094; x_wconf 84' lang='lat' dir='ltr'>corporalis</span> <span class='ocrx_word' id='word_1_396' title='bbox 1452 2048 1676 2087; x_wconf 88' lang='lat' dir='ltr'>adhibenda</span> 
     </span>
     <span class='ocr_line' id='line_1_44' title="bbox 63 2095 1675 2142; baseline -0.001 -8"><span class='ocrx_word' id='word_1_397' title='bbox 63 2101 125 2134; x_wconf 89' lang='lat' dir='ltr'>est</span> <span class='ocrx_word' id='word_1_398' title='bbox 143 2096 192 2133; x_wconf 87' lang='lat' dir='ltr'>ad</span> <span class='ocrx_word' id='word_1_399' title='bbox 214 2095 456 2133; x_wconf 83' lang='lat' dir='ltr'>infirmitatis</span> <span class='ocrx_word' id='word_1_400' title='bbox 475 2096 684 2142; x_wconf 85' lang='lat' dir='ltr'>originem,</span> <span class='ocrx_word' id='word_1_401' title='bbox 704 2095 757 2132; x_wconf 88' lang='lat' dir='ltr'>ita</span> <span class='ocrx_word' id='word_1_402' title='bbox 777 2095 860 2132; x_wconf 72' lang='lat' dir='ltr'>haec</span> <span class='ocrx_word' id='word_1_403' title='bbox 881 2096 1016 2132; x_wconf 83' lang='lat' dir='ltr'>unctio</span> <span class='ocrx_word' id='word_1_404' title='bbox 1046 2096 1127 2133; x_wconf 91' lang='lat' dir='ltr'>illis</span> <span class='ocrx_word' id='word_1_405' title='bbox 1161 2097 1338 2141; x_wconf 86' lang='lat' dir='ltr'>partibus</span> <span class='ocrx_word' id='word_1_406' title='bbox 1365 2096 1544 2142; x_wconf 88' lang='lat' dir='ltr'>corporis</span> <span class='ocrx_word' id='word_1_407' title='bbox 1565 2097 1675 2133; x_wconf 89' lang='lat' dir='ltr'>adhi-</span> 
     </span>
     <span class='ocr_line' id='line_1_45' title="bbox 61 2141 1676 2190; baseline -0.001 -9"><span class='ocrx_word' id='word_1_408' title='bbox 61 2143 177 2181; x_wconf 87' lang='lat' dir='ltr'>betur</span> <span class='ocrx_word' id='word_1_409' title='bbox 208 2152 257 2180; x_wconf 87' lang='lat' dir='ltr'>ex</span> <span class='ocrx_word' id='word_1_410' title='bbox 293 2142 439 2190; x_wconf 89' lang='lat' dir='ltr'>quibus</span> <span class='ocrx_word' id='word_1_411' title='bbox 473 2141 681 2184; x_wconf 85' lang='lat' dir='ltr'>infirmitas</span> <span class='ocrx_word' id='word_1_412' title='bbox 713 2142 862 2187; x_wconf 85' lang='lat' dir='ltr'>peccati</span> <span class='ocrx_word' id='word_1_413' title='bbox 894 2142 1095 2187; x_wconf 88' lang='lat' dir='ltr'>procedit,</span> <span class='ocrx_word' id='word_1_414' title='bbox 1136 2144 1241 2179; x_wconf 87' lang='lat' dir='ltr'>sicut</span> <span class='ocrx_word' id='word_1_415' title='bbox 1279 2147 1373 2180; x_wconf 89' lang='lat' dir='ltr'>sunt</span> <span class='ocrx_word' id='word_1_416' title='bbox 1410 2144 1676 2180; x_wconf 85' lang='lat' dir='ltr'>instrumenta</span> 
     </span>
     <span class='ocr_line' id='line_1_46' title="bbox 63 2189 1677 2235; baseline -0.001 -7"><span class='ocrx_word' id='word_1_417' title='bbox 63 2199 270 2234; x_wconf 88' lang='lat' dir='ltr'>sensuum,</span> <span class='ocrx_word' id='word_1_418' title='bbox 308 2193 347 2226; x_wconf 91' lang='lat' dir='ltr'>et</span> <span class='ocrx_word' id='word_1_419' title='bbox 381 2197 524 2226; x_wconf 87' lang='lat' dir='ltr'>manus</span> <span class='ocrx_word' id='word_1_420' title='bbox 540 2216 549 2233; x_wconf 96' lang='lat'>,</span> <span class='ocrx_word' id='word_1_421' title='bbox 585 2192 623 2225; x_wconf 89' lang='lat' dir='ltr'>et</span> <span class='ocrx_word' id='word_1_422' title='bbox 660 2189 794 2233; x_wconf 85' lang='lat' dir='ltr'>pedes,</span> <span class='ocrx_word' id='word_1_423' title='bbox 829 2189 974 2234; x_wconf 86' lang='lat' dir='ltr'>quibus</span> <span class='ocrx_word' id='word_1_424' title='bbox 1008 2197 1127 2234; x_wconf 89' lang='lat' dir='ltr'>opera</span> <span class='ocrx_word' id='word_1_425' title='bbox 1161 2190 1311 2235; x_wconf 90' lang='lat' dir='ltr'>peccati</span> <span class='ocrx_word' id='word_1_426' title='bbox 1344 2193 1600 2233; x_wconf 86' lang='lat' dir='ltr'>exercentur,</span> <span class='ocrx_word' id='word_1_427' title='bbox 1636 2193 1677 2226; x_wconf 90' lang='lat' dir='ltr'>et</span> 
     </span>
     <span class='ocr_line' id='line_1_47' title="bbox 62 2235 1675 2290; baseline -0.001 -15"><span class='ocrx_word' id='word_1_428' title='bbox 62 2237 282 2290; x_wconf 79' lang='lat' dir='ltr'>secundum</span> <span class='ocrx_word' id='word_1_429' title='bbox 301 2236 562 2284; x_wconf 87' lang='lat' dir='ltr'>quorumdam</span> <span class='ocrx_word' id='word_1_430' title='bbox 580 2235 908 2272; x_wconf 79' lang='lat' dir='ltr'>consuetudinem</span> <span class='ocrx_word' id='word_1_431' title='bbox 923 2236 1037 2272; x_wconf 87' lang='lat' dir='ltr'>etiam</span> <span class='ocrx_word' id='word_1_432' title='bbox 1054 2245 1183 2281; x_wconf 89' lang='lat' dir='ltr'>renes,</span> <span class='ocrx_word' id='word_1_433' title='bbox 1196 2236 1236 2272; x_wconf 90' lang='grc'>111</span> <span class='ocrx_word' id='word_1_434' title='bbox 1257 2236 1402 2283; x_wconf 86' lang='lat' dir='ltr'>quibus</span> <span class='ocrx_word' id='word_1_435' title='bbox 1418 2237 1477 2274; x_wconf 89' lang='lat' dir='ltr'>vis</span> <span class='ocrx_word' id='word_1_436' title='bbox 1497 2236 1675 2274; x_wconf 87' lang='lat' dir='ltr'>libidinis</span> 
     </span>
     <span class='ocr_line' id='line_1_48' title="bbox 63 2288 953 2331; baseline -0.006 -10"><span class='ocrx_word' id='word_1_437' title='bbox 63 2288 182 2331; x_wconf 79' lang='lat' dir='ltr'>viget.</span> <span class='ocrx_word' id='word_1_438' title='bbox 949 2306 953 2308; x_wconf 90' lang='lat'>-</span> 
     </span>
    </p>

    <p class='ocr_par' dir='ltr' id='par_1_7' title="bbox 61 2329 1676 2893">
     <span class='ocr_line' id='line_1_49' title="bbox 109 2329 1673 2376; baseline 0 -8"><span class='ocrx_word' id='word_1_439' title='bbox 109 2331 208 2375; x_wconf 80' lang='lat' dir='ltr'>Quia</span> <span class='ocrx_word' id='word_1_440' title='bbox 226 2339 319 2367; x_wconf 87' lang='lat' dir='ltr'>vero</span> <span class='ocrx_word' id='word_1_441' title='bbox 340 2340 409 2376; x_wconf 88' lang='lat' dir='ltr'>per</span> <span class='ocrx_word' id='word_1_442' title='bbox 427 2330 503 2367; x_wconf 90' lang='lat' dir='ltr'>hoc</span> <span class='ocrx_word' id='word_1_443' title='bbox 529 2332 821 2366; x_wconf 85' lang='lat' dir='ltr'>sacramentum</span> <span class='ocrx_word' id='word_1_444' title='bbox 843 2332 1004 2374; x_wconf 86' lang='lat' dir='ltr'>peccata</span> <span class='ocrx_word' id='word_1_445' title='bbox 1022 2329 1283 2371; x_wconf 87' lang='lat' dir='ltr'>dimittuntur,</span> <span class='ocrx_word' id='word_1_446' title='bbox 1306 2333 1510 2376; x_wconf 88' lang='lat' dir='ltr'>peccatum</span> <span class='ocrx_word' id='word_1_447' title='bbox 1542 2332 1673 2368; x_wconf 84' lang='lat' dir='ltr'>autem</span> 
     </span>
     <span class='ocr_line' id='line_1_50' title="bbox 61 2376 1674 2423; baseline -0.001 -7"><span class='ocrx_word' id='word_1_448' title='bbox 61 2387 144 2416; x_wconf 87' lang='lat' dir='ltr'>non</span> <span class='ocrx_word' id='word_1_449' title='bbox 167 2377 377 2415; x_wconf 86' lang='lat' dir='ltr'>dimittitur</span> <span class='ocrx_word' id='word_1_450' title='bbox 397 2377 475 2414; x_wconf 88' lang='lat' dir='ltr'>nisi</span> <span class='ocrx_word' id='word_1_451' title='bbox 494 2385 562 2423; x_wconf 90' lang='lat' dir='ltr'>per</span> <span class='ocrx_word' id='word_1_452' title='bbox 581 2376 762 2422; x_wconf 81' lang='lat' dir='ltr'>gratiam,</span> <span class='ocrx_word' id='word_1_453' title='bbox 784 2376 1036 2413; x_wconf 84' lang='lat' dir='ltr'>manifestum</span> <span class='ocrx_word' id='word_1_454' title='bbox 1055 2381 1114 2413; x_wconf 88' lang='lat' dir='ltr'>est</span> <span class='ocrx_word' id='word_1_455' title='bbox 1134 2377 1239 2423; x_wconf 89' lang='lat' dir='ltr'>quod</span> <span class='ocrx_word' id='word_1_456' title='bbox 1256 2378 1295 2413; x_wconf 91' lang='lat' dir='ltr'>in</span> <span class='ocrx_word' id='word_1_457' title='bbox 1318 2378 1394 2414; x_wconf 90' lang='lat' dir='ltr'>hoc</span> <span class='ocrx_word' id='word_1_458' title='bbox 1425 2380 1674 2414; x_wconf 84' lang='lat' dir='ltr'>sacramento</span> 
     </span>
     <span class='ocr_line' id='line_1_51' title="bbox 63 2421 1676 2472; baseline -0.001 -10"><span class='ocrx_word' id='word_1_459' title='bbox 63 2425 192 2472; x_wconf 83' lang='lat' dir='ltr'>gratia</span> <span class='ocrx_word' id='word_1_460' title='bbox 208 2424 423 2461; x_wconf 84' lang='lat' dir='ltr'>confertur.</span> <span class='ocrx_word' id='word_1_461' title='bbox 445 2425 499 2460; x_wconf 88' lang='lat' dir='ltr'>Ea</span> <span class='ocrx_word' id='word_1_462' title='bbox 528 2431 621 2460; x_wconf 91' lang='lat' dir='ltr'>vero</span> <span class='ocrx_word' id='word_1_463' title='bbox 639 2423 680 2459; x_wconf 90' lang='grc'>111</span> <span class='ocrx_word' id='word_1_464' title='bbox 701 2421 846 2468; x_wconf 89' lang='lat' dir='ltr'>quibus</span> <span class='ocrx_word' id='word_1_465' title='bbox 865 2422 990 2468; x_wconf 83' lang='lat' dir='ltr'>gratia</span> <span class='ocrx_word' id='word_1_466' title='bbox 1009 2423 1241 2461; x_wconf 87' lang='lat' dir='ltr'>illuminans</span> <span class='ocrx_word' id='word_1_467' title='bbox 1272 2429 1443 2460; x_wconf 87' lang='lat' dir='ltr'>mentem</span> <span class='ocrx_word' id='word_1_468' title='bbox 1473 2425 1676 2461; x_wconf 80' lang='lat' dir='ltr'>confertur</span> 
     </span>
     <span class='ocr_line' id='line_1_52' title="bbox 62 2469 1676 2516; baseline -0.001 -7"><span class='ocrx_word' id='word_1_469' title='bbox 62 2471 249 2509; x_wconf 82' lang='lat' dir='ltr'>exhibere</span> <span class='ocrx_word' id='word_1_470' title='bbox 266 2471 397 2508; x_wconf 89' lang='lat' dir='ltr'>solum</span> <span class='ocrx_word' id='word_1_471' title='bbox 411 2471 578 2515; x_wconf 87' lang='lat' dir='ltr'>pertinet</span> <span class='ocrx_word' id='word_1_472' title='bbox 592 2469 640 2506; x_wconf 86' lang='lat' dir='ltr'>ad</span> <span class='ocrx_word' id='word_1_473' title='bbox 662 2469 901 2512; x_wconf 84' lang='lat' dir='ltr'>sacerdotes,</span> <span class='ocrx_word' id='word_1_474' title='bbox 921 2478 1090 2516; x_wconf 88' lang='lat' dir='ltr'>quorum</span> <span class='ocrx_word' id='word_1_475' title='bbox 1110 2471 1207 2507; x_wconf 86' lang='lat' dir='ltr'>ordo</span> <span class='ocrx_word' id='word_1_476' title='bbox 1228 2475 1289 2508; x_wconf 88' lang='lat' dir='ltr'>est</span> <span class='ocrx_word' id='word_1_477' title='bbox 1307 2471 1610 2512; x_wconf 86' lang='lat' dir='ltr'>illuminativus,</span> <span class='ocrx_word' id='word_1_478' title='bbox 1631 2473 1676 2507; x_wconf 88' lang='lat' dir='ltr'>ut</span> 
     </span>
     <span class='ocr_line' id='line_1_53' title="bbox 63 2516 1675 2564; baseline -0.001 -8"><span class='ocrx_word' id='word_1_479' title='bbox 63 2517 159 2556; x_wconf 88' lang='lat' dir='ltr'>dicit</span> <span class='ocrx_word' id='word_1_480' title='bbox 177 2517 391 2563; x_wconf 84' lang='lat' dir='ltr'>Dionysius</span> <span class='ocrx_word' id='word_1_481' title='bbox 415 2517 456 2554; x_wconf 89' lang='lat' dir='ltr'>in</span> <span class='ocrx_word' id='word_1_482' title='bbox 486 2517 586 2554; x_wconf 90' lang='lat' dir='ltr'>libro</span> <span class='ocrx_word' id='word_1_483' title='bbox 605 2518 656 2553; x_wconf 83' lang='lat' dir='ltr'>De</span> <span class='ocrx_word' id='word_1_484' title='bbox 685 2517 804 2552; x_wconf 76' lang='lat' dir='ltr'>eccles.</span> <span class='ocrx_word' id='word_1_485' title='bbox 833 2516 922 2552; x_wconf 75' lang='lat' dir='ltr'>hier.</span> <span class='ocrx_word' id='word_1_486' title='bbox 953 2516 1052 2562; x_wconf 85' lang='lat' dir='ltr'>(cap.</span> <span class='ocrx_word' id='word_1_487' title='bbox 1074 2516 1123 2562; x_wconf 84' lang='lat'>6).</span> <span class='ocrx_word' id='word_1_488' title='bbox 1155 2519 1233 2554; x_wconf 86' lang='lat' dir='ltr'>Nec</span> <span class='ocrx_word' id='word_1_489' title='bbox 1265 2519 1477 2564; x_wconf 86' lang='lat' dir='ltr'>requiritur</span> <span class='ocrx_word' id='word_1_490' title='bbox 1512 2518 1560 2555; x_wconf 86' lang='lat' dir='ltr'>ad</span> <span class='ocrx_word' id='word_1_491' title='bbox 1600 2517 1675 2554; x_wconf 92' lang='lat' dir='ltr'>hoc</span> 
     </span>
     <span class='ocr_line' id='line_1_54' title="bbox 63 2562 1675 2610; baseline 0 -9"><span class='ocrx_word' id='word_1_492' title='bbox 63 2568 355 2602; x_wconf 86' lang='lat' dir='ltr'>sacramentum</span> <span class='ocrx_word' id='word_1_493' title='bbox 372 2564 598 2610; x_wconf 87' lang='lat' dir='ltr'>episcopus,</span> <span class='ocrx_word' id='word_1_494' title='bbox 616 2571 706 2599; x_wconf 87' lang='lat' dir='ltr'>cum</span> <span class='ocrx_word' id='word_1_495' title='bbox 725 2572 794 2608; x_wconf 88' lang='lat' dir='ltr'>per</span> <span class='ocrx_word' id='word_1_496' title='bbox 806 2562 880 2599; x_wconf 90' lang='grc'>1100</span> <span class='ocrx_word' id='word_1_497' title='bbox 898 2569 1187 2600; x_wconf 84' lang='lat' dir='ltr'>sacramentum</span> <span class='ocrx_word' id='word_1_498' title='bbox 1209 2573 1289 2601; x_wconf 88' lang='lat' dir='ltr'>non</span> <span class='ocrx_word' id='word_1_499' title='bbox 1310 2566 1536 2602; x_wconf 74' lang='lat' dir='ltr'>conseratur</span> <span class='ocrx_word' id='word_1_500' title='bbox 1550 2564 1675 2601; x_wconf 76' lang='lat' dir='ltr'>excel—</span> 
     </span>
     <span class='ocr_line' id='line_1_55' title="bbox 62 2609 1674 2658; baseline -0.001 -9"><span class='ocrx_word' id='word_1_501' title='bbox 62 2611 185 2649; x_wconf 86' lang='lat' dir='ltr'>lentia</span> <span class='ocrx_word' id='word_1_502' title='bbox 214 2614 355 2653; x_wconf 86' lang='lat' dir='ltr'>status,</span> <span class='ocrx_word' id='word_1_503' title='bbox 386 2612 490 2647; x_wconf 87' lang='lat' dir='ltr'>sicut</span> <span class='ocrx_word' id='word_1_504' title='bbox 522 2610 562 2647; x_wconf 90' lang='lat' dir='ltr'>in</span> <span class='ocrx_word' id='word_1_505' title='bbox 591 2609 671 2646; x_wconf 86' lang='lat' dir='ltr'>illis</span> <span class='ocrx_word' id='word_1_506' title='bbox 688 2618 857 2656; x_wconf 89' lang='lat' dir='ltr'>quorum</span> <span class='ocrx_word' id='word_1_507' title='bbox 886 2613 947 2646; x_wconf 90' lang='lat' dir='ltr'>est</span> <span class='ocrx_word' id='word_1_508' title='bbox 974 2611 1156 2647; x_wconf 86' lang='lat' dir='ltr'>minister</span> <span class='ocrx_word' id='word_1_509' title='bbox 1175 2611 1402 2658; x_wconf 90' lang='lat' dir='ltr'>episcopus.</span> <span class='ocrx_word' id='word_1_510' title='bbox 1422 2612 1523 2657; x_wconf 80' lang='lat' dir='ltr'>Quia</span> <span class='ocrx_word' id='word_1_511' title='bbox 1542 2615 1674 2648; x_wconf 88' lang='lat' dir='ltr'>tamen</span> 
     </span>
     <span class='ocr_line' id='line_1_56' title="bbox 64 2655 1676 2705; baseline -0.001 -9"><span class='ocrx_word' id='word_1_512' title='bbox 64 2658 142 2696; x_wconf 86' lang='lat' dir='ltr'>hoc</span> <span class='ocrx_word' id='word_1_513' title='bbox 160 2660 451 2696; x_wconf 84' lang='lat' dir='ltr'>sacramentum</span> <span class='ocrx_word' id='word_1_514' title='bbox 469 2657 652 2702; x_wconf 80' lang='lat' dir='ltr'>perfectae</span> <span class='ocrx_word' id='word_1_515' title='bbox 667 2656 882 2693; x_wconf 84' lang='lat' dir='ltr'>curationis</span> <span class='ocrx_word' id='word_1_516' title='bbox 903 2655 1082 2693; x_wconf 81' lang='lat' dir='ltr'>effectum</span> <span class='ocrx_word' id='word_1_517' title='bbox 1101 2657 1230 2701; x_wconf 83' lang='lat' dir='ltr'>habet,</span> <span class='ocrx_word' id='word_1_518' title='bbox 1252 2662 1290 2694; x_wconf 84' lang='lat' dir='ltr'>et</span> <span class='ocrx_word' id='word_1_519' title='bbox 1319 2659 1359 2694; x_wconf 85' lang='lat' dir='ltr'>in</span> <span class='ocrx_word' id='word_1_520' title='bbox 1381 2667 1429 2695; x_wconf 91' lang='lat' dir='ltr'>eo</span> <span class='ocrx_word' id='word_1_521' title='bbox 1460 2658 1676 2705; x_wconf 83' lang='lat' dir='ltr'>requiritur</span> 
     </span>
     <span class='ocr_line' id='line_1_57' title="bbox 63 2703 1672 2752; baseline -0.002 -8"><span class='ocrx_word' id='word_1_522' title='bbox 63 2705 181 2752; x_wconf 82' lang='lat' dir='ltr'>copia</span> <span class='ocrx_word' id='word_1_523' title='bbox 209 2705 358 2752; x_wconf 77' lang='lat' dir='ltr'>gratiae,</span> <span class='ocrx_word' id='word_1_524' title='bbox 381 2703 562 2749; x_wconf 79' lang='lat' dir='ltr'>cempetit</span> <span class='ocrx_word' id='word_1_525' title='bbox 581 2703 674 2740; x_wconf 91' lang='lat' dir='ltr'>huic</span> <span class='ocrx_word' id='word_1_526' title='bbox 700 2707 948 2740; x_wconf 86' lang='lat' dir='ltr'>sacramento</span> <span class='ocrx_word' id='word_1_527' title='bbox 968 2704 1072 2750; x_wconf 87' lang='lat' dir='ltr'>qnod</span> <span class='ocrx_word' id='word_1_528' title='bbox 1091 2704 1202 2740; x_wconf 89' lang='lat' dir='ltr'>multi</span> <span class='ocrx_word' id='word_1_529' title='bbox 1223 2706 1449 2743; x_wconf 84' lang='lat' dir='ltr'>sacerdotes</span> <span class='ocrx_word' id='word_1_530' title='bbox 1473 2705 1672 2749; x_wconf 85' lang='lat' dir='ltr'>intersint,</span> 
     </span>
     <span class='ocr_line' id='line_1_58' title="bbox 64 2749 1670 2801; baseline -0.002 -12"><span class='ocrx_word' id='word_1_531' title='bbox 64 2755 104 2789; x_wconf 89' lang='lat' dir='ltr'>et</span> <span class='ocrx_word' id='word_1_532' title='bbox 136 2752 242 2799; x_wconf 87' lang='lat' dir='ltr'>quod</span> <span class='ocrx_word' id='word_1_533' title='bbox 273 2751 401 2801; x_wconf 80' lang='lat' dir='ltr'>oratio</span> <span class='ocrx_word' id='word_1_534' title='bbox 424 2751 546 2788; x_wconf 90' lang='lat' dir='ltr'>totius</span> <span class='ocrx_word' id='word_1_535' title='bbox 564 2750 749 2786; x_wconf 80' lang='lat' dir='ltr'>Ecclesiae</span> <span class='ocrx_word' id='word_1_536' title='bbox 768 2749 816 2787; x_wconf 89' lang='lat' dir='ltr'>ad</span> <span class='ocrx_word' id='word_1_537' title='bbox 837 2749 1020 2787; x_wconf 80' lang='lat' dir='ltr'>effectum</span> <span class='ocrx_word' id='word_1_538' title='bbox 1041 2751 1159 2796; x_wconf 88' lang='lat' dir='ltr'>hujus</span> <span class='ocrx_word' id='word_1_539' title='bbox 1180 2752 1416 2789; x_wconf 87' lang='lat' dir='ltr'>sacramenti</span> <span class='ocrx_word' id='word_1_540' title='bbox 1434 2752 1641 2799; x_wconf 89' lang='lat' dir='ltr'>coadjuvet</span> <span class='ocrx_word' id='word_1_541' title='bbox 1661 2762 1670 2786; x_wconf 93' lang='lat'>:</span> 
     </span>
     <span class='ocr_line' id='line_1_59' title="bbox 62 2796 1676 2845; baseline 0 -10"><span class='ocrx_word' id='word_1_542' title='bbox 62 2798 169 2836; x_wconf 86' lang='lat' dir='ltr'>unde</span> <span class='ocrx_word' id='word_1_543' title='bbox 207 2798 378 2836; x_wconf 71' lang='lat' dir='ltr'>Iacobus</span> <span class='ocrx_word' id='word_1_544' title='bbox 409 2797 504 2834; x_wconf 87' lang='lat' dir='ltr'>dicit</span> <span class='ocrx_word' id='word_1_545' title='bbox 528 2807 538 2830; x_wconf 88' lang='lat'><strong>:</strong></span> <span class='ocrx_word' id='word_1_546' title='bbox 569 2796 722 2833; x_wconf 80' lang='lat' dir='ltr'>Inducat</span> <span class='ocrx_word' id='word_1_547' title='bbox 749 2796 972 2842; x_wconf 73' lang='lat' dir='ltr'>presbyteros</span> <span class='ocrx_word' id='word_1_548' title='bbox 1002 2798 1197 2834; x_wconf 69' lang='lat' dir='ltr'>Ecclesiae:</span> <span class='ocrx_word' id='word_1_549' title='bbox 1227 2801 1261 2834; x_wconf 76' lang='lat' dir='ltr'>et</span> <span class='ocrx_word' id='word_1_550' title='bbox 1290 2801 1404 2835; x_wconf 75' lang='lat' dir='ltr'>oratio</span> <span class='ocrx_word' id='word_1_551' title='bbox 1421 2800 1508 2845; x_wconf 77' lang='lat' dir='ltr'>fidei</span> <span class='ocrx_word' id='word_1_552' title='bbox 1530 2800 1676 2835; x_wconf 75' lang='lat' dir='ltr'>sanabit</span> 
     </span>
     <span class='ocr_line' id='line_1_60' title="bbox 63 2843 1674 2893; baseline 0 -11"><span class='ocrx_word' id='word_1_553' title='bbox 63 2846 262 2892; x_wconf 71' lang='lat' dir='ltr'>infirmum.</span> <span class='ocrx_word' id='word_1_554' title='bbox 290 2845 329 2883; x_wconf 87' lang='lat' dir='ltr'>Si</span> <span class='ocrx_word' id='word_1_555' title='bbox 356 2849 488 2882; x_wconf 83' lang='lat' dir='ltr'>tamen</span> <span class='ocrx_word' id='word_1_556' title='bbox 520 2852 625 2882; x_wconf 90' lang='lat' dir='ltr'>unus</span> <span class='ocrx_word' id='word_1_557' title='bbox 654 2843 766 2881; x_wconf 87' lang='lat' dir='ltr'>solus</span> <span class='ocrx_word' id='word_1_558' title='bbox 795 2843 999 2890; x_wconf 83' lang='lat' dir='ltr'>presbyter</span> <span class='ocrx_word' id='word_1_559' title='bbox 1031 2844 1148 2890; x_wconf 86' lang='lat' dir='ltr'>adsit,</span> <span class='ocrx_word' id='word_1_560' title='bbox 1169 2844 1405 2893; x_wconf 81' lang='lat' dir='ltr'>intelligitur</span> <span class='ocrx_word' id='word_1_561' title='bbox 1434 2846 1511 2884; x_wconf 87' lang='lat' dir='ltr'>hoc</span> <span class='ocrx_word' id='word_1_562' title='bbox 1542 2855 1674 2883; x_wconf 87' lang='lat' dir='ltr'>sacra-</span> 
     </span>
    </p>
   </div>
  </div>
 </body>
</html>
