1894 3223
723 186 808 222 Llss.
838 187 864 229 1,
894 187 993 222 CAP.
1023 187 1124 223 xxii.
1682 189 1725 224 27

115 277 156 310 ut
175 268 470 316 ostendeturoe.
490 268 563 314 42).
582 267 720 304 Divina
741 267 860 314 igitur
875 269 1050 305 essentia
1070 269 1363 315 pnedicatnrde
1386 271 1478 312 Deo,
1496 274 1538 306 ut
1553 269 1725 305 dicatur:

115 322 209 356 Deus
229 321 280 354 est
297 327 362 353 sua
382 317 547 352 essentia.

158 368 347 404 Praeterea,
371 363 546 400 essentia
566 362 620 398 rei
658 361 717 398 vel
739 365 799 398 εει
827 371 888 398 res
910 362 1008 408 ipsa,
1040 363 1099 399 vel
1132 363 1311 400 sehabet
1343 363 1389 400 ad
1424 365 1563 409 ipsunt,
1594 365 1727 411 aliquo

116 413 250 457 modo,
274 416 316 449 ut
349 419 492 454 causa;
515 417 635 454 Quum
657 417 720 446 res
755 418 823 454 pei·
843 418 954 446 suam
991 411 1202 446 essentiam
1227 410 1396 456 speciem
1435 412 1635 448 sortiatur.
1656 413 1727 449 Sed

114 459 226 497 nullo
242 458 360 495 modo
379 461 508 503 potest
522 465 611 493 esse
633 455 781 502 aliquid
802 465 924 493 causa
944 457 1025 499 Dei,
1041 467 1160 503 quum
1178 459 1229 494 sit
1243 458 1408 503 primuni
1427 468 1512 502 ens,
1531 463 1570 495 ut
1593 463 1727 495 osten-

115 516 203 544 sum
227 510 286 543 est
302 506 349 551 (ε.
370 504 440 551 13).
464 505 567 540 Deus
590 503 710 550 igitur
729 506 789 539 est
806 512 879 540 sua
896 505 1082 541 essentia.
1553 522 1558 524 -

159 554 259 597 Item,
281 551 387 600 quod
419 559 498 588 non
520 554 578 588 est
600 559 673 586 sua
709 551 883 587 essentia
901 560 942 587 se
979 551 1107 590 habet,
1132 552 1349 588 secundnm
1389 551 1537 598 aliquid
1570 553 1646 593 sni,
1680 554 1727 591 ad

115 601 256 646 ipsam,
282 602 324 636 ut
361 597 537 644 potentia
571 596 617 634 ad
651 600 795 633 actum.
818 598 925 634 Unde
956 602 993 634 ct
1013 608 1080 644 ρει·
1119 600 1279 635 moduni
1323 600 1454 635 l'ornne
1477 600 1727 645 significatur

113 647 303 688 essentia,
329 649 464 692 utpma
500 644 740 681 humanitas.
762 644 834 681 Sed
866 645 905 681 in
931 647 1007 681 Deo
1032 646 1140 682 nnlla
1161 650 1220 682 est
1240 647 1521 692 polentialilas,
1548 651 1726 694 utsupra

114 695 162 742 (c.
185 693 242 742 ¹6)
263 697 470 733 ostensum
491 695 564 729 est.
580 692 740 738 Oportet
758 691 878 738 igitur
898 692 1003 739 quod
1025 693 1108 738 ipse
1130 693 1182 730 sit
1203 703 1277 730 sua
1297 698 1484 731 essentia.

757 840 924 881 CAPUT
952 839 1080 883 XXII.

488 959 588 996 QUOD
613 960 654 990 IN
670 960 745 989 DEO
766 960 862 989 IDEM
881 960 951 989 EST
969 959 1061 989 ESSE
1078 960 1127 988 ET
1147 960 1348 990 ESSENTIA.

162 1072 213 1108 Ex
233 1070 296 1108 his
326 1073 471 1113 autem,
493 1078 579 1115 quae
602 1077 723 1121 supra
756 1072 917 1120 ostensa
938 1072 1043 1120 sunt,
1067 1068 1233 1107 ulterius
1267 1071 1422 1117 probari
1461 1076 1603 1127 ρριεει,
1621 1077 1724 1122 qnod

114 1118 154 1155 in
174 1119 253 1155 Deo
272 1125 351 1154 non
371 1120 430 1153 est
448 1116 556 1153 aliud
577 1119 752 1153 essentia
771 1115 831 1151 vel
854 1116 1066 1162 quidditas,
1089 1126 1205 1162 quam
1231 1127 1347 1155 suum
1371 1128 1472 1156 esse.

161 1166 372 1203 ostensum
395 1167 451 1201 cst
473 1164 578 1200 enim
600 1172 720 1208 supra
740 1162 788 1208 (c.
808 1163 863 1209 15)
893 1161 1041 1209 aliquid
1071 1172 1174 1208 csse,
1200 1166 1304 1211 quod
1329 1175 1396 1212 ρει·
1416 1175 1458 1203 εε
1481 1177 1643 1206 ιιεεεεεε
1666 1175 1725 1208 εει

113 1221 202 1250 εεεε
218 1224 226 1256 ;
243 1211 347 1259 quod
370 1213 472 1248 Deus
492 1214 564 1247 est.
588 1212 666 1247 Hoc
688 1210 808 1255 igitur
828 1219 930 1254 esse,
953 1210 1057 1257 quod
1080 1219 1243 1248 necesse
1265 1215 1338 1255 est,
1355 1214 1388 1249 si
1404 1217 1461 1250 εει
1479 1215 1596 1252 alicui
1618 1218 1731 1263 quid-

112 1259 222 1296 ditati
257 1258 527 1305 conjunctum,
549 1266 636 1304 quae
670 1265 748 1294 non
771 1259 830 1294 est
862 1257 967 1303 quod
987 1257 1116 1309 ipsnm
1151 1262 1223 1303 est,
1246 1263 1313 1296 aut
1346 1264 1405 1297 est
1427 1261 1633 1300 dissonum
1668 1264 1721 1301 illi

111 1306 321 1354 quidditati
343 1315 412 1342 seu
446 1313 686 1351 repugnans,
708 1304 812 1341 sicut
832 1313 900 1349 per
921 1313 963 1341 se
982 1308 1170 1342 exsistere
1192 1306 1400 1352 quidditati
1417 1309 1637 1354 albedinis3
1660 1316 1727 1348 aut

114 1353 149 1390 ei
188 1361 411 1391 consonum
430 1352 512 1389 sive
539 1351 671 1395 altine,
692 1351 794 1388 sicut
816 1351 984 1387 albedini
1009 1361 1097 1387 esse
1132 1352 1169 1388 in
1194 1354 1285 1390 alio.
1307 1355 1344 1390 Si
1364 1355 1489 1400 primo
1511 1357 1643 1402 modo,
1665 1359 1723 1395 illi

115 1400 322 1448 quidditati
343 1408 422 1436 non
457 1399 665 1435 conveniet
685 1407 773 1435 esse
795 1399 899 1445 quod
940 1402 1000 1435 est
1035 1408 1102 1444 per
1129 1409 1170 1436 se
1199 1409 1363 1438 necesse
1402 1412 1505 1447 esse,
1529 1404 1632 1441 sicut
1653 1415 1726 1443 nee

115 1447 287 1485 albedini
308 1455 376 1493 per
392 1455 434 1483 se
455 1446 658 1483 exsistere.
679 1446 717 1482 Si
739 1449 867 1482 autem
890 1446 1066 1482 secundo
1087 1447 1218 1491 modo,
1242 1452 1395 1494 oportet
1421 1451 1525 1496 quod
1551 1452 1612 1488 vel
1638 1462 1728 1490 esse

117 1494 346 1541 huJ'usmodi
369 1493 586 1539 dependeat
608 1493 655 1529 ab
677 1493 863 1537 essentia,
886 1493 945 1529 vel
967 1497 1176 1539 utrumque
1199 1495 1247 1531 ab
1268 1495 1346 1531 alia
1366 1506 1499 1541 causa,
1515 1498 1573 1534 vel
1596 1509 1731 1536 essen-

117 1542 170 1578 tia
193 1541 240 1578 ab
261 1550 363 1578 esse.
377 1541 508 1578 Prima
528 1540 606 1577 duo
626 1543 720 1577 sunt
736 1543 872 1577 contra
890 1539 1084 1577 rationem
1102 1540 1202 1588 ejus,
1223 1542 1328 1589 quod
1343 1547 1402 1580 est
1420 1553 1489 1590 per
1508 1554 1551 1582 se
1565 1555 1729 1585 necesse

119 1597 230 1632 esse;
251 1589 356 1634 quia,
379 1588 412 1624 si
439 1588 486 1623 ab
507 1587 586 1624 alio
611 1587 815 1632 dependet,
835 1587 914 1632 jam
937 1596 1016 1623 non
1038 1591 1098 1624 est
1115 1597 1278 1625 necesse
1300 1599 1401 1627 esse.
1430 1594 1481 1627 Ex
1502 1594 1616 1629 tertio
1636 1603 1727 1631 vero

118 1635 310 1681 sequitur,
333 1633 434 1680 qnod
467 1634 535 1670 illa
567 1633 765 1680 quidditas
787 1634 1081 1686 accidentaliter
1118 1635 1274 1671 advenit
1294 1636 1341 1672 ad
1372 1647 1469 1681 rem,
1488 1649 1574 1685 quae
1595 1650 1662 1685 ρει·
1683 1650 1725 1678 εε

120 1690 285 1719 necesse
307 1685 365 1718 est
400 1690 510 1725 esse;
533 1681 625 1726 quia
648 1690 764 1717 omne
799 1680 903 1726 quod
925 1685 1103 1726 seqnitur
1122 1682 1170 1718 ad
1208 1692 1296 1719 esse
1318 1684 1387 1723 rei,
1410 1688 1470 1721 est
1489 1686 1523 1722 ei
1545 1687 1726 1725 acciden-

117 1729 218 1773 tale3
241 1730 278 1765 et
312 1728 369 1766 sic
391 1737 469 1764 non
506 1728 579 1763 erit
599 1727 697 1773 eJ'us.
719 1727 931 1774 quidditas.
957 1730 1058 1765 Dens
1080 1729 1201 1775 igitur
1237 1739 1318 1766 non
1356 1731 1472 1768 habet
1491 1735 1724 1780 essentiam,

117 1785 205 1823 quae
223 1784 300 1812 non
321 1775 369 1812 sil
386 1784 500 1812 suum
524 1784 625 1811 esse.

163 1821 235 1860 Sed
257 1825 392 1859 contra
413 1822 488 1858 hoc
507 1825 637 1866 potest
659 1820 751 1865 dici,
770 1821 875 1868 quod
893 1821 989 1858 illud
1011 1831 1100 1859 esse
1130 1831 1209 1860 non
1245 1823 1423 1861 absolute
1457 1825 1649 1872 dependet
1670 1829 1719 1867 ab

117 1869 292 1906 essentia
312 1869 390 1908 illa,
414 1871 456 1905 nt
477 1869 640 1905 omnino
662 1877 743 1905 non
771 1869 835 1912 sit,
857 1869 935 1905 nisi
972 1869 1039 1905 illa
1059 1873 1181 1913 esset;
1205 1871 1274 1907 sed
1307 1872 1500 1918 dependet
1530 1879 1723 1921 quantum

118 1914 167 1954 ad
185 1915 521 1963 conjunctionem,
543 1924 620 1962 qua
640 1915 674 1952 ei
696 1915 974 1962 conjungitur.-
997 1920 1033 1952 et
1054 1916 1112 1953 sic
1133 1916 1231 1954 illud
1258 1927 1346 1955 esse
1380 1929 1449 1965 per
1481 1929 1523 1958 se
1559 1931 1723 1960 necesse

116 1965 190 2007 est,
212 1963 281 2000 sed
299 1963 430 2008 ipsum
447 1961 634 2009 conjungi
657 1971 738 1999 non
756 1972 823 2008 pei·
844 1972 886 1999 se
907 1972 1070 2000 necesse
1087 1967 1159 2001 est.

164 2011 254 2047 Haec
286 2013 417 2046 autem
452 2010 662 2055 responsio
697 2010 883 2055 praedicta
913 2010 1232 2048 inconvenientia
1264 2020 1345 2049 non
1378 2014 1519 2056 evadit,
1557 2016 1664 2062 quia,
1688 2017 1721 2054 si

115 2056 216 2095 illud
237 2065 326 2094 esse
343 2060 474 2110 potest
493 2056 662 2103 intelligi
683 2057 770 2094 sine
802 2057 870 2093 illa
901 2057 1088 2102 essentia,
1114 2060 1293 2105 sequitur
1326 2061 1431 2106 quod
1450 2062 1518 2098 illa
1547 2064 1721 2101 essentia

117 2103 413 2141 accidentaliter
434 2113 476 2140 se
497 2103 615 2140 habet
636 2103 684 2140 ad
702 2103 800 2140 illud
819 2113 929 2146 esse;
954 2105 1023 2141 sed
1043 2105 1081 2141 id
1103 2107 1208 2152 quod
1230 2110 1289 2143 est
1309 2116 1377 2153 per
1397 2117 1454 2153 se,
1483 2118 1646 2147 necesse
1662 2114 1721 2148 est

115 2150 216 2188 illud
233 2158 336 2188 esse.
360 2153 461 2197 Ergo
480 2150 549 2187 illa
568 2151 743 2188 essentia
773 2160 814 2188 se
842 2151 959 2187 habet
980 2152 1273 2190 accidentaliter
1293 2154 1340 2190 ad
1370 2155 1424 2199 id,
1446 2157 1552 2202 quod
1573 2161 1633 2194 est
1653 2166 1720 2203 per

116 2206 160 2235 se
183 2206 347 2235 necesse
369 2206 484 2234 esse:
507 2205 585 2234 non
609 2207 702 2244 ergo
718 2201 777 2235 est
795 2198 994 2245 quidditas
1030 2199 1128 2245 eJus.
1153 2202 1232 2237 Hoc
1258 2206 1403 2247 autem,
1427 2204 1532 2249 quod
1575 2207 1636 2241 εει
1653 2213 1720 2250 per

116 2252 160 2282 se
181 2253 344 2282 necesse
362 2253 465 2288 esse,
486 2248 547 2281 est
566 2246 684 2281 Deus.
706 2247 792 2282 Non
812 2246 933 2291 igitur
948 2246 1016 2282 illa
1036 2250 1096 2283 est
1114 2247 1289 2284 essentia
1310 2249 1391 2293 Dei,
1414 2250 1483 2286 sed
1504 2250 1638 2297 aliqua
1657 2260 1720 2288 εε-

115 2291 245 2329 sentia
264 2292 344 2329 Deo
366 2292 574 2338 posterior.
592 2292 628 2329 Si
651 2295 781 2328 autem
802 2300 882 2329 non
918 2295 1048 2338 potest
1075 2294 1245 2341 intelligi
1279 2295 1377 2332 illud
1411 2305 1500 2334 esse
1539 2298 1626 2334 sine
1650 2298 1719 2335 illa

116 2340 305 2382 essentia,
325 2342 420 2375 tune
438 2338 537 2375 illud
555 2347 644 2375 esse
668 2339 848 2376 absolute
875 2339 1067 2385 dependet
1086 2341 1133 2377 ab
1156 2350 1216 2385 eo,
1239 2351 1262 2378 a
1299 2350 1377 2389 quo
1406 2343 1599 2389 dependet
1618 2353 1713 2382 con-

111 2385 266 2431 junctio
287 2395 360 2422 sua
379 2385 428 2422 ad
449 2386 661 2422 essentiam
684 2386 812 2429 illa1n;
835 2390 872 2422 et
891 2388 948 2423 sic
969 2387 1069 2423 redit
1089 2388 1191 2424 idem
1215 2389 1316 2434 quod
1337 2390 1461 2434 prius.

162 2433 263 2475 Item,
284 2432 594 2478 unumquodque
612 2436 671 2469 est
687 2442 756 2478 per
775 2442 891 2469 suum
913 2442 1015 2470 esse.
1033 2435 1145 2477 Quod
1166 2435 1286 2481 igitur
1305 2445 1385 2472 non
1413 2440 1472 2473 est
1492 2446 1608 2474 suum
1631 2447 1720 2475 esse

116 2486 197 2514 non
220 2481 280 2514 est
299 2487 368 2524 per
386 2487 428 2515 se
449 2487 613 2516 necesse
636 2488 738 2516 esse.
762 2481 865 2516 Deus
886 2484 1016 2517 autem
1047 2484 1107 2517 est
1126 2491 1195 2527 pei·
1214 2491 1257 2518 se
1292 2491 1457 2520 necesse
1489 2493 1602 2529 esse;
1623 2494 1717 2532 ergo

115 2526 220 2561 Deus
241 2528 301 2561 est
319 2534 436 2562 suum
456 2533 559 2562 esse.
1210 2555 1213 2558 -

161 2572 343 2616 Amplius,
367 2571 401 2608 si
425 2580 515 2608 esse
536 2571 603 2608 Dei
624 2578 707 2609 non
723 2575 783 2610 est
815 2582 889 2610 sua
908 2572 1083 2611 essentia
1099 2573 1195 2620 (non
1228 2578 1358 2612 autem
1390 2586 1482 2622 pars
1513 2578 1599 2625 ejus
1631 2588 1720 2616 esse

115 2623 259 2664 potest,
282 2627 403 2665 quum
422 2618 597 2654 essentia
616 2618 747 2656 divina
769 2621 820 2656 sit
839 2621 1018 2665 simplex,
1040 2624 1083 2657 ut
1116 2620 1164 2667 (e.
1189 2622 1245 2668 18)
1265 2626 1471 2661 ostensum
1492 2625 1565 2671 est)
1600 2635 1719 2672 opor-

113 2668 169 2701 tet
188 2664 293 2712 quod
311 2663 539 2711 hujusmodi
559 2674 647 2702 esse
668 2666 720 2702 sit
739 2666 888 2712 aliquid
943 2670 1054 2703 raeter
1073 2669 1287 2706 essentiam
1309 2670 1408 2715 ejus.
1431 2672 1554 2709 Omne
1587 2676 1718 2710 autem

117 2711 223 2758 quod
246 2712 431 2748 convenit
450 2711 568 2748 alicui
590 2711 696 2758 quod
715 2722 795 2748 non
821 2715 879 2749 est
927 2723 946 2749 e
967 2714 1141 2751 essentia
1159 2714 1258 2762 ejus,
1281 2718 1465 2754 convenit
1495 2719 1530 2755 ei
1565 2729 1634 2765 per
1652 2720 1721 2757 ali-

115 2766 233 2805 quam
255 2767 430 2795 causam.
456 2760 508 2795 Ea
528 2758 647 2802 enim,
676 2768 762 2805 quae
782 2768 850 2805 per
880 2769 923 2796 se
952 2768 1032 2797 non
1066 2765 1159 2798 sunt
1183 2771 1320 2808 unum,
1342 2765 1375 2801 si
1407 2765 1717 2812 conjunguntur,

115 2808 269 2851 oportet
300 2814 368 2851 per
397 2805 570 2852 aliquam
604 2815 764 2842 causam
800 2806 916 2843 uniri.
951 2808 1046 2844 Esse
1078 2808 1199 2855 igitur
1229 2810 1412 2847 convenit
1431 2812 1489 2848 illi
1511 2814 1716 2859 quidditati

113 2860 184 2897 pei·
202 2851 375 2898 aliquam
395 2861 570 2889 causam.
591 2855 665 2889 Ant
697 2853 818 2898 igitur
844 2862 912 2898 per
935 2854 985 2890 ali
1019 2854 1083 2891 uid
1110 2855 1213 2902 quod
1243 2864 1303 2894 est
1330 2858 1376 2894 de
1404 2860 1578 2896 essentia
1607 2860 1717 2897 illius

115 2898 185 2943 rei,
210 2898 294 2935 sive
318 2907 388 2945 per
407 2900 619 2936 essentiam
642 2901 782 2945 ipsam,
802 2903 868 2936 ant
886 2909 955 2946 per
971 2910 994 2938 a
1012 2900 1120 2948 iquid
1140 2903 1259 2939 aliud.
1283 2904 1321 2941 Si
1348 2905 1474 2950 primo
1500 2907 1617 2943 niodo
1641 2906 1717 2953 (es-

114 2945 243 2982 sentia
258 2949 389 2982 autem
410 2949 470 2983 est
488 2946 706 2983 secundum
726 2947 824 2983 illud
844 2947 962 2993 esse),
982 2948 1160 2994 sequitui·
1179 2949 1284 2996 quod
1307 2950 1456 2998 aliquid
1472 2951 1525 2989 sit
1541 2953 1617 2990 sibi
1638 2952 1715 2999 ipsi
