1894 3223
695 54 786 94 LtB.
812 55 879 101 111,
905 55 1008 92 CAP.
1033 54 1138 90 xxti.
1657 55 1721 90 281

106 141 331 186 generatur,
361 136 442 174 acci
477 136 505 172 it
533 143 558 173 a
586 140 802 184 generante
830 136 1018 174 virtutem
1052 134 1294 179 nutritivam,
1327 134 1382 171 ita
1407 134 1525 171 etiam
1545 134 1727 172 virtutem

104 184 393 234 generativam.
415 185 442 221 E
475 185 586 220 ectus
606 182 729 230 igitur
748 182 873 220 tendit
894 182 936 220 in
954 181 1256 220 similitudinem
1278 181 1502 228 agentis‚ut
1521 184 1729 219 ostensum

105 234 180 277 est,
200 239 281 269 non
301 230 432 269 solum
455 234 647 278 quantum
666 229 714 266 ad
732 230 908 275 speciem
930 229 1073 275 ipsius,
1097 229 1166 266 sed
1199 229 1316 266 etiam
1348 231 1539 276 quantum
1571 229 1620 266 ad
1653 229 1729 266 hoc

105 278 213 327 quod
233 278 284 316 sit
305 277 474 316 aliorum
497 285 632 314 causa.
655 277 718 314 Sic
740 281 871 314 autern
892 277 1060 313 tendunt
1082 276 1206 313 resin
1223 276 1526 314 similitudinem
1545 276 1609 313 Dei
1626 277 1728 313 sicut

104 323 273 364 effectus
293 325 335 362 in
356 324 661 362 similitudinem
683 324 852 371 agentis.
875 324 1088 361 intendunt
1105 323 1228 371 igitur
1246 332 1311 361 res
1327 323 1560 362 naturaliter
1575 323 1730 361 assimi-

103 371 179 412 lari
199 374 281 410 Deo
301 372 344 410 in
364 372 441 410 hoc
461 371 568 419 quod
589 374 682 409 sunt
704 379 835 408 causae
856 371 1040 408 aliorum.

151 420 342 461 Praeterea,
363 423 457 457 tunc
478 418 648 456 maxime
669 418 886 464 perfectum
902 422 963 455 est
981 416 1293 464 unumquodque
1314 417 1473 465 quando
1493 421 1623 464 potest
1638 418 1730 455 alte-

103 473 193 506 rum
213 466 290 505 sibi
310 466 442 505 simile
463 465 612 510 facere;
634 465 733 503 illud
755 465 860 502 enim
880 466 1047 512 perfecte
1067 465 1171 502 lucet
1188 464 1294 512 quod
1315 465 1393 502 alia
1412 464 1638 502 illuminare
1659 474 1728 511 po·

103 517 197 553 test.
219 512 539 562 Unumquodque
561 516 691 551 autem
713 513 881 550 tendens
903 513 945 550 in
966 521 1079 550 suam
1100 512 1386 564 perfectionem
1410 512 1536 566 tendit
1563 512 1605 550 i'n
1635 512 1731 549 divi-

105 569 198 600 nam
217 560 536 600 similitudinem.
559 562 633 598 Per
653 560 729 597 hoc
748 560 869 607 igitur
889 559 1200 607 unumquodque
1216 559 1341 595 tendit
1362 567 1402 596 in
1418 559 1592 596 divinam
1617 560 1728 597 simi-

104 608 312 647 litudinem
335 607 441 656 quod
461 607 630 646 intendit
647 608 816 645 aliorum
837 616 958 645 causa
978 616 1082 645 esse.
1103 606 1206 651 Quia
1219 615 1312 643 vero
1326 615 1462 651 causa,
1478 606 1519 643 in
1535 611 1728 654 quantum

103 655 352 703 hujusmodi,
373 655 558 703 superior
575 657 633 692 est
655 659 833 696 causato,
854 654 1111 692 manifestum
1128 652 1309 700 estquod
1324 653 1538 690 tenderem
1554 654 1729 691 divinam

103 703 408 788 similiter-tizam
427 712 496 751 per
516 702 622 740 hunc
644 702 806 740 modum
828 706 870 739 ut
890 702 942 739 sit
961 702 1129 738 aliorum
1141 709 1276 745 causa,
1300 703 1362 737 est
1382 701 1730 747 superiorpersec-

103 750 161 788 tio
182 751 224 788 in
244 752 324 788 enti
358 759 418 788 us.

152 799 255 843 Item,
278 798 390 844 prius
412 799 473 835 est
492 796 806 844 unumquodque
825 796 866 832 in
885 805 926 832 sc
948 795 1162 842 perfeetum
1184 803 1302 842 quam
1323 793 1628 840 possitalterum
1643 804 1732 832 cau-

107 854 211 889 sare,
235 848 278 882 ut
297 845 445 882 dictum
463 849 536 882 est.
558 845 645 881 Haec
670 844 792 891 igitur
810 843 1000 890 perfectio
1036 842 1177 879 ultimo
1215 840 1374 894 accidit·
1397 841 1465 894 rei·
1487 844 1531 879 ut
1560 841 1730 880 aliorum

104 902 230 930 causa
262 893 420 929 existat.
455 892 583 936 Quum
603 891 726 938 igitur
744 900 814 936 per
831 890 958 928 multa
976 889 1112 926 tendat
1129 897 1195 927 res
1215 891 1346 926 creata
1363 897 1405 925 in
1428 888 1606 926 divinam
1625 889 1734 938 simi·

107 939 332 985 litudinem‚
353 939 429 977 hoc
446 938 628 976 ultimum
646 938 680 974 ei
703 940 825 974 restat
853 941 896 974 ut
928 936 1102 974 divinam
1135 935 1439 973 similitudinem
1476 940 1627 983 quaerat
1663 945 1732 982 per

105 987 180 1025 hoc
201 987 305 1034 quod
322 986 373 1024 sit
394 985 562 1024 aliorum
579 993 711 1022 eausa.
729 984 836 1021 Unde
858 984 1074 1032 Dionysius
1094 983 1189 1020 dicit
1220 982 1316 1030 (Coel.
1338 983 1445 1028 hier„
1479 993 1514 1020 c.
1548 984 1583 1030 3)
1623 983 1728 1030 quod

104 1036 262 1070 omnium
280 1034 443 1069 divinius
459 1035 511 1069 est
524 1034 590 1069 Dei
610 1035 869 1078 cooperatorem
886 1033 993 1078 fieri‚·
1020 1030 1241 1068 secundum
1260 1030 1366 1077 quod
1378 1031 1595 1076 Apostolus
1613 1030 1729 1068 dicit:

103 1082 170 1118 Dei
186 1090 308 1118 sumus
328 1079 513 1125 adjutores
532 1078 563 1126 (Ι
583 1079 685 1119 Cor„
707 1087 765 1124 111,
785 1077 836 1124 9).

754 1224 922 1268 CAPUT
947 1225 1074 1267 XXII.

331 1343 512 1381 QUOMODO
536 1345 612 1375 RES
636 1345 908 1376 DIVERSIMODE
931 1345 973 1375 IN
998 1345 1093 1376 SUOS
1116 1346 1229 1376 FINES
1254 1346 1518 1379 ORDINANTUR.

154 1455 209 1492 Ex
229 1453 449 1501 praemissis
467 1455 602 1507 autem
620 1454 878 1493 manifestum
898 1464 989 1494 esse
1007 1458 1140 1502 potest
1174 1456 1283 1503 quod
1314 1456 1500 1495 ultimum
1537 1466 1608 1503 per
1626 1457 1734 1505 quod

108 1509 359 1549 unaquaeque
374 1509 444 1554 ,res
464 1500 672 1554 ordinatur
690 1501 740 1540 ad
756 1501 876 1540 finem
895 1506 958 1541 est
973 1502 1062 1550 ejus
1081 1503 1276 1550 operatio,
1303 1503 1571 1542 diversimode
1599 1507 1734 1542 tamen

109 1548 330 1587 secundum
345 1547 614 1586 diversitatem
633 1549 895 1597 operationis.

154 1597 251 1634 Nam
273 1595 452 1643 quaedam
475 1595 652 1641 operatio
670 1599 731 1634 est
758 1597 815 1634 rei
841 1600 885 1634 ut
912 1595 1022 1634 aliud
1051 1596 1266 1643 moventis,
1303 1597 1410 1636 sicut
1440 1597 1658 1636 calefacere
1697 1602 1734 1636 et

108 1651 257 1682 secare.
280 1642 467 1688 Quaedam
484 1651 578 1680 vero
598 1646 659 1681 est
679 1643 856 1689 operatio
878 1644 933 1681 rei
958 1647 1002 1681 ut
1021 1643 1070 1682 ab
1091 1644 1170 1681 alio
1188 1648 1321 1691 motae,
1351 1645 1456 1683 sicut
1489 1645 1663 1683 calefieri
1694 1649 1733 1683 et

109 1689 460 1735 secari.·Quaedam
480 1698 574 1727 vero
595 1690 772 1737 operatio
794 1695 856 1729 est
874 1691 1064 1738 perfectio
1094 1692 1297 1737 operantis
1327 1696 1418 1730 actu
1444 1692 1669 1739 existentis,
1690 1693 1732 1730 in

109 1737 218 1775 aliud
237 1737 582 1775 transmutandum
605 1746 685 1774 non
706 1738 888 1779 tendens,
912 1747 1081 1785 quorum
1101 1738 1230 1785 primo
1260 1737 1392 1776 differt
1418 1748 1442 1777 a
1474 1739 1664 1786 passione
1697 1744 1735 1778 et

108 1788 234 1830 motu,
255 1784 434 1822 secundo
454 1793 547 1822 vero
567 1784 615 1822 ab
636 1785 792 1823 actione
813 1786 1118 1823 transmutativa
1135 1786 1345 1823 exterioris
1366 1786 1561 1832 niateriae3
1596 1786 1735 1833 hujus-

107 1831 215 1870 modi
235 1835 364 1869 autem
387 1831 566 1879 operatio
586 1835 647 1870 est
667 1832 771 1870 sicut
787 1832 1025 1880 intelligere,
1049 1832 1197 1871 sentire
1218 1837 1257 1870 et
1275 1833 1387 1872 velle.
1412 1833 1521 1873 Unde
1541 1834 1736 1872 manifes-

107 1881 190 1923 tum
215 1882 274 1917 est
293 1878 399 1927 quod
437 1888 483 1932 eta
514 1888 603 1927 quae
623 1883 832 1918 moventur
862 1880 925 1917 vei
962 1883 1176 1927 operantur
1193 1883 1362 1925 tantum,
1403 1881 1491 1918 sine
1523 1880 1601 1919 hoc
1630 1881 1736 1929 quod

108 1926 367 1964 moveantvel
388 1926 549 1972 saciant,
569 1927 736 1964 tendunt
756 1927 797 1964 in
821 1927 996 1965 divinam
1027 1927 1332 1966 similitudinem
1353 1931 1546 1975 quantum
1579 1927 1627 1965 ad
1660 1929 1736 1966 hoc

110 1973 216 2021 quod
234 1973 315 2011 sint
333 1973 375 2010 in
393 1974 539 2019 seipsis
558 1973 758 2021 perfecta;
780 1983 869 2022 quae
889 1978 1022 2012 autem
1042 1974 1195 2012 faciunt
1213 1978 1252 2013 et
1271 1978 1445 2018 movent,
1474 1975 1516 2012 in
1542 1979 1736 2023 quantum

111 2020 540 2067 hujusmodi,tendunt
564 2022 606 2058 in
631 2021 804 2059 divinam
833 2021 1140 2059 similitudinem
1171 2021 1213 2059 in
1242 2022 1319 2060 hoc
1338 2022 1446 2069 quod
1469 2022 1736 2061 sintaliorum

109 2076 263 2111 causae3
289 2076 376 2114 quae
395 2076 488 2105 vero
509 2077 578 2114 per
607 2068 682 2106 hoc
710 2068 816 2116 quod
842 2073 1053 2108 moventur
1082 2072 1257 2111 movent,
1289 2069 1459 2108 tendunt
1488 2069 1531 2106 in
1561 2069 1736 2108 divinam

111 2114 415 2152 similitudinem
433 2119 623 2162 quantum
642 2115 691 2153 ad
711 2119 937 2163 utrumque.

161 2162 337 2214 Corpora
354 2164 486 2199 autem
506 2162 708 2206 inferiora,
738 2163 959 2201 secundum
990 2163 1096 2210 quod
1123 2166 1332 2202 moventur
1351 2164 1527 2202 motibus
1547 2164 1738 2202 naturali-

111 2208 203 2253 bus,
225 2208 535 2246 considerantur
555 2212 596 2246 ut
612 2214 721 2247 mota
740 2213 908 2255 tantum,
930 2218 1011 2247 non
1034 2215 1164 2248 autem
1185 2214 1229 2248 ut
1247 2211 1461 2256 moventia,
1483 2212 1563 2249 nisi
1590 2221 1661 2257 per
1673 2221 1737 2249 ac-

112 2255 273 2308 cidens:
290 2256 435 2309 accidit
454 2256 559 2294 enim
580 2256 703 2304 lapidi
724 2257 830 2304 quod
851 2256 1100 2295 descendens
1120 2257 1281 2304 aliquod
1294 2258 1462 2295 obvians
1481 2258 1678 2304 impellat3
1699 2262 1738 2296 et

115 2302 304 2340 similiter
321 2305 382 2340 est
403 2311 443 2340 in
466 2303 697 2341 alteratione
719 2308 756 2340 et
773 2304 863 2341 aliis
883 2303 1072 2342 motibus.
1089 2304 1198 2341 Unde
1228 2304 1323 2342 finis
1350 2309 1483 2343 motus
1513 2313 1650 2342 eorum
1677 2308 1740 2342 est

114 2352 159 2386 ut
176 2353 476 2396 consequantur
497 2349 671 2388 divinam
690 2350 994 2389 similitudinem
1018 2355 1211 2398 quantum
1243 2352 1292 2389 ad
1328 2352 1404 2389 hoc
1436 2352 1542 2399 quod
1581 2352 1662 2389 sint
1695 2351 1739 2389 in

117 2396 263 2442 seipsis
282 2396 469 2443 perfecta,
490 2399 625 2443 utpote
643 2398 830 2435 habentia
843 2399 1043 2445 propriam
1064 2398 1232 2436 formam
1251 2401 1289 2435 et
1310 2398 1512 2444 proprium
1530 2398 1605 2435 ubi.

162 2444 338 2491 Corpora
359 2452 452 2481 vero
473 2445 652 2482 coelestia
670 2449 843 2489 movent,
862 2449 983 2482 mota.
1006 2445 1114 2482 Unde
1137 2444 1229 2482 sinis
1246 2449 1379 2482 motus
1401 2454 1538 2482 eorum
1559 2449 1619 2483 est
1642 2453 1738 2483 con-

114 2491 226 2539 sequi
250 2490 424 2528 divinam
444 2490 748 2528 similitudinem
770 2496 962 2539 quantum
983 2492 1031 2529 ad
1050 2497 1276 2538 utrumque.
1295 2511 1341 2518 —-
1363 2492 1562 2535 Quantum
1577 2492 1737 2539 quidem

115 2537 165 2576 ad
186 2538 387 2585 propriam
409 2538 706 2584 perfectionem,
728 2539 767 2575 in
790 2542 981 2585 quantum
999 2547 1143 2585 corpus
1162 2540 1324 2576 coeleste
1356 2539 1409 2576 sit
1439 2539 1482 2577 in
1511 2540 1646 2586 aliquo
1675 2539 1742 2576 ubi

115 2585 159 2623 in
178 2588 281 2630 actu,
303 2585 345 2622 in
365 2594 444 2632 quo
462 2585 574 2632 prius
595 2589 678 2622 erat
697 2585 739 2622 in
761 2586 953 2631 potentia.
978 2587 1056 2623 Nec
1083 2589 1242 2632 propter
1258 2586 1336 2623 hoc
1360 2586 1496 2624 minus
1516 2595 1631 2624 suam
1650 2595 1739 2634 per-

115 2632 329 2670 sectionem
348 2632 621 2679 consequitur,
643 2633 824 2679 quamvis
843 2632 892 2670 ad
921 2633 984 2668 ubi
1010 2632 1051 2669 in
1083 2642 1162 2679 quo
1190 2632 1302 2679 prius
1322 2637 1405 2670 erat
1429 2637 1518 2672 actu
1538 2637 1741 2671 remaneat:

115 2679 158 2717 in
177 2679 377 2727 potentia3
400 2679 585 2718 similiter
605 2681 711 2716 enim
732 2683 770 2717 et
787 2679 952 2716 materia
968 2679 1096 2726 prima
1113 2680 1154 2716 in
1175 2688 1289 2718 suam
1309 2680 1594 2726 perfectionem
1612 2680 1741 2718 tendit

113 2734 186 2779 per
205 2727 282 2765 hoc
300 2726 407 2774 quod
428 2726 596 2774 acquirit
614 2727 654 2763 in
675 2730 764 2764 actu
791 2727 958 2763 formam
986 2735 1104 2773 quam
1125 2727 1238 2773 prius
1269 2727 1439 2765 hahebat
1469 2729 1509 2766 in
1546 2727 1737 2774 potentia,

115 2772 210 2825 licet
227 2777 264 2810 et
284 2774 403 2811 aliam
423 2773 568 2812 habere
591 2773 747 2811 desinat
765 2783 881 2820 quam
902 2774 1013 2820 prius
1030 2778 1119 2811 actu
1143 2773 1335 2819 habehat;
1358 2775 1416 2812 sic
1449 2775 1554 2813 enim
1577 2783 1739 2812 succes-

118 2827 202 2858 sive
221 2822 386 2866 materia
405 2830 545 2859 omnes
567 2821 715 2858 formas
739 2821 906 2867 suscipit
927 2821 973 2858 ad
995 2830 1094 2868 quas
1115 2825 1177 2858 est
1196 2822 1236 2858 in
1255 2823 1445 2868 potentia,
1466 2826 1510 2860 ut
1540 2826 1624 2860 tota
1652 2821 1737 2868 ejus
