1894 3223
55 159 98 198 10
692 150 778 188 ΗΒ.
807 151 836 194 Ι,
864 151 964 187 CAP.
990 151 1049 186 Xl.

734 310 901 354 CAPUT
937 311 988 353 X.

57 446 106 474 DE
125 443 304 473 OPINIONE
325 440 536 471 DlCENTIUM
554 438 655 472 QUOD
674 438 783 467 DEUM
800 437 893 466 ESSE
918 436 1191 466 DEMONSTRARI
1209 436 1286 465 NON
1304 434 1464 471 POTEST,
1485 434 1594 468 QUUM
1612 433 1672 463 sn·

711 496 787 523 PER
806 495 853 524 SE
874 494 1017 524 NOTUM.

111 613 198 648 Haec
221 612 351 646 autem
370 606 650 650 consideratio,
670 615 747 652 qua
764 605 854 652 quis
875 604 1013 642 nititur
1028 604 1075 641 ad
1096 603 1448 641 demonstrandum
1461 604 1575 639 Deum
1588 611 1673 646 esse,

64 656 264 703 superflua
298 658 467 692 tortasse
504 653 739 700 quibusdam
777 652 986 695 videbitur,
1020 651 1086 697 qui
1108 654 1293 687 asserunt
1324 650 1429 697 quod
1459 651 1571 685 Deum
1606 658 1677 684 esse

61 715 128 750 per
154 713 196 740 se
218 705 353 739 notum
376 705 435 738 est
456 713 464 745 ;
486 701 539 737 ita
559 700 664 747 quod
685 700 770 746 ejus
797 698 1037 736 eontrarium
1067 697 1231 744 cogitari
1263 705 1343 734 non
1360 696 1516 743 possit;
1550 698 1588 732 et
1617 695 1676 732 sic

62 755 172 787 Deum
192 760 264 785 esse
278 748 539 785 demonstrari
559 756 639 784 non
659 750 800 793 potest.
1169 763 1173 766 -

109 797 220 841 Quod
239 796 397 842 quidem
418 795 570 831 videtur
589 804 636 830 ex
656 794 718 830 his
752 805 760 829 ε

107 844 180 881 Illa
194 844 298 880 enim
318 852 386 889 per
407 851 449 879 se
470 850 558 878 esse
579 844 671 878 nota
686 841 883 883 dicuntur,
903 838 1155 886 quae‘statim,
1173 838 1280 875 notis
1293 836 1488 881 terminis,
1511 844 1679 882 cognos-

63 894 233 935 cuntur;
256 890 388 927 sicut:
411 889 576 935 Cognito
609 888 697 933 quid
717 891 767 923 ost
800 889 911 922 totum
942 890 980 922 et
1011 886 1100 930 quid
1132 887 1183 921 est
1208 895 1309 930 pars,
1337 883 1467 920 statim
1507 891 1679 929 cognos-

64 938 165 975 citur
199 937 303 984 quod
336 947 436 972 omne
468 938 579 971 totum
611 937 663 970 est
693 934 814 979 majus
846 944 913 968 sua
939 937 1057 978 parte.
1088 931 1321 978 Hujusmodi
1351 933 1481 967 autem
1510 933 1570 966 est
1605 929 1680 966 hoc

65 985 170 1031 quod
209 985 379 1020 dicimus
423 985 536 1019 Deum
565 992 667 1023 esse;
699 990 788 1017 nam
820 980 979 1016 nomine
1016 980 1080 1016 Dei
1119 979 1381 1025 intelligimus
1412 977 1574 1023 aliquid,
1599 985 1679 1023 quo

64 1032 194 1077 majus
228 1030 391 1077 cogitari
425 1038 503 1065 non
527 1033 667 1074 potest.
690 1030 770 1064 Hoc
802 1032 931 1064 autem
953 1027 993 1062 in
1028 1026 1229 1062 intellectu
1259 1025 1450 1061 formatur
1471 1024 1518 1059 ab
1542 1033 1588 1059 eo
1613 1023 1678 1069 qui

65 1079 173 1116 audit
194 1081 231 1114 et
249 1076 433 1123 intelligit
453 1085 596 1112 nomen
621 1075 701 1118 Dei,
728 1079 769 1111 ut
789 1074 860 1118 sie,
883 1074 1019 1110 saltem
1041 1073 1081 1109 in
1106 1072 1320 1115 intellectu,
1340 1072 1422 1118 jzim
1446 1072 1567 1106 Deum
1589 1079 1680 1106 esse

66 1128 257 1171 oporteat.
280 1126 357 1160 Nec
389 1127 518 1169 potest
538 1123 578 1158 in
602 1122 801 1158 intellectu
831 1122 961 1158 solum
983 1129 1070 1157 6556
1089 1132 1097 1163 ;
1118 1129 1208 1155 nam
1230 1118 1335 1164 quod
1355 1118 1396 1154 in
1418 1117 1619 1154 intellectu
1645 1120 1681 1153 et

65 1172 108 1208 in
126 1181 167 1208 re
188 1175 261 1215 est,
283 1171 410 1216 maJ'us
438 1175 497 1206 est
519 1178 564 1205 eo
585 1169 687 1215 quod
710 1169 748 1204 in
773 1168 859 1204 solo
882 1167 1082 1203 intellectu
1113 1171 1185 1210 est,
1223 1167 1302 1202 Deo
1334 1168 1462 1202 autem
1495 1164 1594 1200 nihil
1621 1167 1681 1200 est

66 1219 209 1265 majus,
238 1221 280 1254 ut
308 1218 394 1263 ipsa
427 1216 602 1253 nominis
634 1216 733 1252 ratio
764 1215 1021 1251 demonstrat.
1058 1213 1163 1250 Unde
1196 1215 1316 1249 restat
1348 1211 1450 1258 quod
1473 1213 1585 1247 Deum
1610 1221 1682 1246 6336

64 1275 135 1312 per
156 1273 200 1302 se
229 1268 364 1301 notun]
388 1268 461 1306 est,
483 1263 595 1310 quasi
618 1273 662 1299 ex
694 1263 780 1308 ipsa
812 1261 1102 1307 significatione
1124 1260 1299 1296 nominis
1335 1258 1588 1295 manifestum
1616 1258 1681 1294 sit.

113 1313 214 1356 Item,
251 1311 414 1357 cogitari
449 1310 605 1356 quidem
642 1313 771 1355 potest
803 1308 907 1354 quod
939 1308 1086 1353 aliquid
1121 1307 1173 1344 sit
1193 1306 1294 1352 quod
1318 1314 1397 1342 non
1419 1308 1549 1350 potest
1579 1304 1683 1350 cogi-

67 1359 142 1395 tari
163 1367 242 1395 non
264 1368 367 1397 esse,
390 1358 492 1404 quod
511 1358 637 1402 majus
654 1359 712 1392 est
734 1355 932 1391 evidenter
953 1364 998 1390 oo
1020 1354 1124 1400 quod
1145 1357 1273 1399 potest
1292 1352 1457 1398 cogitari
1482 1360 1560 1388 non
1578 1360 1682 1388 esse.

68 1405 132 1443 Sic
162 1414 256 1451 ergo
286 1407 365 1441 Deo
399 1404 545 1450 aliquid
576 1403 703 1449 majus
736 1402 899 1447 cogitari
923 1405 1070 1447 posset,
1094 1401 1126 1437 si
1155 1401 1238 1445 ipse
1259 1402 1395 1446 posset
1416 1398 1580 1445 cogitari
1603 1406 1684 1435 non

68 1460 170 1493 6556,
194 1452 297 1498 quod
325 1455 385 1488 est
403 1455 541 1487 contra
572 1451 764 1486 rationem
787 1449 976 1485 nominis.
1005 1447 1253 1494 Relinquitur
1282 1446 1403 1492 igitur
1432 1445 1538 1492 quod
1571 1447 1684 1481 Deum
1746 1447 1748 1449 '

66 1509 139 1536 esse
159 1508 226 1543 per
246 1507 288 1535 se
309 1502 445 1534 notum
473 1501 545 1533 est.

114 1546 257 1585 Adhuc,
294 1545 586 1590 propositiones
619 1544 708 1580 illas
740 1546 894 1589 oportet
923 1551 1012 1579 esse
1043 1540 1276 1578 notissimas
1302 1549 1372 1586 per
1392 1549 1449 1583 se,
1467 1539 1506 1576 in
1538 1538 1684 1586 quibus

67 1592 170 1629 idem
200 1593 247 1628 de
268 1592 400 1637 seipso
432 1591 678 1637 praedieatur‚
702 1594 743 1626 ut
763 1602 770 1626 ε
792 1592 901 1626 Homo
917 1592 968 1624 est
988 1590 1101 1632 homo,
1121 1588 1181 1624 vel
1219 1596 1385 1634 quarum
1411 1586 1622 1632 praedicata
1641 1586 1682 1622 in

68 1638 367 1676 definitionibus
409 1639 674 1684 suliJectorum
719 1637 997 1680 includuntur,
1031 1639 1072 1672 ut
1092 1647 1099 1670 :
1119 1636 1228 1670 Homo
1256 1637 1308 1670 est
1348 1634 1497 1670 animal.
1530 1635 1574 1670 In
1605 1634 1685 1670 Deo

68 1690 199 1723 autem
233 1687 308 1723 hoc
335 1694 413 1731 pree
434 1686 524 1721 aliis
558 1685 770 1726 invenitur,
803 1688 843 1720 ut
877 1684 981 1719 infra
1009 1682 1241 1719 ostendetur
1261 1681 1309 1727 (6.
1331 1681 1406 1726 22),
1440 1679 1546 1726 quod
1567 1688 1685 1716 suum

69 1742 159 1769 esse
182 1737 243 1769 est
277 1742 348 1769 sua
372 1733 557 1771 essentia,
590 1742 634 1767 ac
652 1732 710 1767 sic
731 1731 833 1766 idem
866 1731 918 1767 sit
936 1729 1040 1776 quod
1072 1727 1336 1774 respondetur
1354 1727 1399 1763 ad
1423 1726 1686 1773 quaestionem

70 1780 160 1825 quid
178 1783 229 1816 est
249 1782 286 1815 et
306 1780 352 1815 ad
382 1780 642 1825 quaestionem
664 1789 710 1813 an
728 1781 790 1813 est.
814 1777 877 1813 Sic
911 1786 1019 1823 ergo,
1042 1784 1162 1821 quum
1194 1775 1338 1811 dicitur
1359 1785 1367 1810 :
1388 1776 1483 1810 Deus
1503 1775 1567 1817 est,
1586 1782 1685 1819 prae·

69 1827 242 1863 dicatum
277 1826 337 1863 vel
360 1830 419 1862 est
448 1826 549 1861 idem
572 1824 748 1869 subjecto
769 1833 842 1860 vec
877 1823 1016 1860 saltem
1044 1823 1084 1858 in
1111 1820 1340 1858 definitione
1367 1819 1533 1867 subjecti
1559 1819 1686 1858 inelu-

70 1873 199 1917 ditur;
221 1877 259 1909 et
277 1872 331 1909 ita
351 1875 459 1908 Deum
476 1882 547 1907 esse
567 1882 632 1917 per
652 1880 694 1907 se
717 1875 851 1907 notum
873 1871 958 1907 erit.

116 1921 299 1966 Amplius,
319 1929 404 1966 quae
440 1919 669 1955 naturaliter
698 1922 791 1955 sunt
812 1922 917 1957 nota.
935 1926 1004 1963 per
1035 1925 1077 1954 se
1109 1917 1435 1962 cognoscuntur3
1463 1922 1545 1951 non
1579 1914 1685 1952 enim

71 1967 119 2004 ad
150 1977 195 2004 ea
241 1966 519 2013 cognoscenda
550 1965 823 2011 inquisitionis
858 1965 989 2002 studio
1032 1965 1272 2010 pervenitur.
1307 1964 1419 1997 Deum
1452 1964 1583 1998 autem
1615 1971 1691 1998 esse

72 2013 304 2051 naturaliter
331 2018 466 2050 notum
496 2016 567 2052 est,
588 2021 708 2059 quum
748 2012 788 2048 in
824 2013 945 2048 Deum
977 2011 1209 2048 naturaliter
1235 2009 1478 2046 desiderium
1510 2008 1687 2046 hominis

71 2061 218 2105 tendet,
240 2061 342 2097 sieut
363 2060 409 2096 ad
432 2060 613 2096 ultimum
633 2059 766 2103 finem,
788 2062 831 2095 ut
861 2059 964 2095 infra
977 2058 1125 2104 patebit
1144 2057 1226 2104 (lib.
1247 2065 1306 2102 111,
1328 2065 1363 2092 6.
1383 2055 1458 2103 25).
1482 2056 1549 2092 Est
1567 2055 1690 2103 igitur

71 2117 142 2153 per
160 2116 203 2145 se
223 2111 360 2143 notum
378 2109 487 2143 Deum
505 2116 591 2142 esse.

118 2156 219 2199 Item,
246 2154 343 2190 illud
371 2163 438 2199 per
457 2163 499 2190 se
534 2157 672 2190 notum
703 2156 858 2199 oportet
877 2161 980 2198 esse,
1000 2161 1081 2199 quo
1103 2153 1238 2189 omnia
1267 2151 1344 2188 alia
1376 2152 1688 2197 cognoscuntur.

72 2201 178 2238 Deus
211 2205 341 2238 autem
363 2200 591 2246 hujusmodi
613 2204 686 2237 est.
718 2202 825 2237 Sicut
845 2201 950 2236 enim
982 2200 1049 2236 lux
1080 2200 1179 2236 solis
1204 2197 1442 2245 principium
1473 2200 1533 2233 est
1553 2196 1687 2234 omnis

71 2247 242 2285 visibilis
259 2248 536 2293 perceptionis,
560 2248 613 2284 ita
633 2247 765 2284 divina
785 2248 851 2284 lux
872 2247 1003 2284 omnis
1031 2246 1296 2293 intelligibilis
1317 2243 1560 2281 coonitionis
1578 2243 1686 2288 prin-

71 2295 218 2341 cipium
236 2298 308 2347 est,
325 2304 445 2341 quum
461 2294 512 2331 sit
529 2294 569 2330 in
584 2303 662 2340 quo
678 2295 848 2339 primum
864 2294 1032 2331 maxime
1052 2294 1182 2330 lumen
1199 2272 1448 2338 intellig-issile
1469 2290 1682 2327 invenitur.

73 2342 232 2388 Oportet
251 2346 372 2388 igitur
391 2341 494 2388 quod
515 2343 626 2377 Deum
644 2351 716 2377 esse
735 2351 803 2387 per
823 2350 865 2378 se
884 2345 1019 2377 notum
1043 2340 1106 2377 sit.

119 2391 172 2441 Ep(
192 2389 255 2426 liis
274 2389 396 2435 igitur
411 2391 449 2425 et
468 2388 682 2433 similibus,
706 2388 827 2435 aliqui
855 2388 1067 2433 opinantur
1082 2389 1194 2423 Deum
1221 2396 1294 2423 esse
1314 2385 1372 2431 sic
1391 2394 1463 2431 per
1481 2393 1526 2423 se
1544 2387 1684 2423 notum

73 2439 277 2480 exsistere,
296 2439 340 2472 ut
359 2435 598 2473 contrarium
618 2438 748 2472 mente
767 2434 933 2483 cogitari
953 2443 1034 2472 non
1053 2434 1193 2480 possit.

743 2580 914 2623 CAPUT
949 2580 1022 2623 XI.

119 2702 361 2733 REPROBATIO
389 2702 597 2732 PRAEMISSAE
624 2701 820 2731 OPINIONIS
844 2703 894 2731 ΕΤ
917 2702 1076 2732 SOLUTIO
1109 2700 1312 2731 RATIONUM
1342 2697 1638 2729 PRAEMISSARUM.

120 2811 311 2849 Praedicta
332 2815 462 2847 autem
483 2809 619 2856 opinio
638 2810 816 2855 provenit
835 2822 842 2845 :
1182 2842 1197 2855 ,

120 2858 265 2896 Partim
284 2857 441 2904 quidem
460 2867 508 2894 ex
537 2857 839 2900 consuetudine,
860 2866 939 2903 qua
958 2866 981 2894 a
999 2855 1195 2903 principio
1212 2854 1397 2892 homines
1422 2853 1575 2891 assueti
1596 2857 1689 2891 sunt

75 2913 221 2943 nomon
238 2905 306 2941 Dei
336 2904 471 2943 audire
491 2907 530 2941 et
559 2904 755 2942 invocare.
778 2903 1030 2942 Consuetudo
1062 2907 1208 2948 autem,
1228 2905 1268 2939 et
1296 2900 1494 2951 praecipue
1519 2909 1608 2948 quae
1627 2903 1689 2939 est
