1894 3223
115 144 183 180 442
673 135 762 173 ΗΒ.
789 134 854 178 ΙΙΙ,
881 133 982 170 CAP.
1010 133 1170 171 CXXXII.

116 221 252 259 multis
284 218 476 263 indigent,
491 224 586 261 quae
613 223 698 252 non
716 213 825 252 omni
858 217 1034 259 tempore
1062 214 1232 251 inveniri
1261 216 1446 261 possunt.
1473 214 1581 251 Inest
1611 212 1735 260 igitur

115 265 346 305 naturaliter
365 263 518 301 homini
537 261 645 309 quod
675 264 892 307 congreget
916 265 954 297 et
972 265 1180 299 conservet
1197 270 1246 299 ea
1276 270 1364 308 quae
1383 263 1478 298 sunt
1496 260 1574 298 sibi
1594 267 1734 298 neces·

117 315 234 351 saria.
256 313 323 348 Est
341 310 463 356 igitur
480 312 621 347 contra
635 308 763 355 legem
781 307 1000 345 naturalem
1017 307 1154 346 omnia
1169 311 1411 355 congregata
1421 307 1648 354 dispergere
1662 314 1733 353 per

143 370 191 396 au
222 360 399 394 ertatem.

115 370 138 407 p
160 369 306 448 Agma,
327 402 547 440 naturalem
566 400 753 439 affectum
770 400 918 439 habent
935 401 1072 439 omnia
1090 400 1140 439 ad
1159 409 1208 438 ea
1226 400 1371 448 quibus
1392 410 1480 438 esse
1499 410 1618 439 suum
1638 409 1731 438 con·

115 455 306 494 servatur,
328 450 370 486 in
389 452 582 496 quantum
611 448 749 486 omnia
775 456 866 485 esse
899 451 1100 494 appetunt.
1128 447 1202 485 Sed
1233 456 1304 493 per
1333 447 1597 485 substantiam
1626 451 1734 485 exte-

114 499 265 535 riorum
284 496 482 533 bonorum
499 495 580 533 vita
607 494 783 532 hominis
813 498 1082 532 conservatur.
1103 494 1213 532 Sicut
1236 494 1358 541 igitur
1377 503 1425 531 ex
1456 493 1626 532 naturali
1644 494 1733 541 lege

114 543 393 590 unusquisque
410 550 525 580 suam
544 542 665 579 vitam
686 550 921 579 conservare
941 544 1111 585 tenetur,
1131 540 1188 578 ita
1211 545 1250 577 et
1280 541 1520 578 exteriorum
1550 541 1734 579 substan·

117 592 227 627 tiam.
246 590 354 628 Sicut
373 589 496 636 igitur
513 592 575 626 est
593 591 732 626 contra
747 587 873 634 legem
895 591 1046 626 naturae
1065 587 1172 634 quod
1198 587 1344 633 aliquis
1364 587 1440 625 sibi
1461 596 1623 624 manum
1643 587 1734 634 inji-

114 638 205 681 ciat,
223 637 278 674 ita
298 640 336 673 et
366 635 473 683 quod
493 635 639 682 aliquis
659 635 886 672 necessaria
910 635 1000 673 vitae
1029 633 1107 672 sibi
1138 633 1344 672 subtrahat
1376 643 1446 681 per
1468 634 1733 673 voluntariam

113 693 189 728 pau
222 686 399 720 ertatem.

161 694 344 776 Asszplius,
365 729 486 767 homo
506 728 738 766 naturaliter
758 731 819 765 est
835 728 983 765 animal
1003 727 1166 772 sociale,
1184 731 1225 765 ut
1244 737 1366 774 supra
1386 727 1534 779 dictum
1565 731 1638 765 est.
1657 729 1729 766 So-

115 778 240 815 cietas
258 780 390 814 autem
410 776 514 813 inter
533 775 716 813 homines
737 775 962 812 conservari
984 784 1065 812 non
1094 778 1232 821 posset
1251 775 1329 812 nisi
1349 783 1454 811 unus
1473 774 1594 811 alium
1620 774 1732 820 juva-

113 828 186 861 ret.
208 826 275 862 Est
293 823 415 871 igitur
450 822 629 860 naturale
660 821 890 859 hominibus
920 822 1026 868 quod
1058 831 1163 859 unus
1198 821 1321 859 alium
1355 821 1397 858 in
1427 821 1734 872 necessitatibus

112 871 236 917 juvet.
257 870 313 908 Ab
335 870 410 907 1100
429 873 561 907 autem
584 869 734 906 auxilio
771 868 933 905 ferendo
968 878 1012 905 se
1038 868 1188 906 faciunt
1206 869 1457 915 impotentes,
1477 876 1544 914 qui
1567 868 1736 905 exterio-

114 927 198 955 rem
218 916 482 956 substantiam
503 915 707 962 ainciunt,
728 925 798 961 per
816 925 934 962 quam
955 915 1170 962 plurimum
1191 916 1282 953 aliis
1304 914 1496 952 auxilium
1518 913 1653 966 fertur.
1670 916 1737 952 Est

115 965 237 1011 igitur
258 967 398 1002 contra
416 964 636 1001 naturalem
658 962 905 1007 instinctum,
922 966 959 999 et
971 966 1108 1000 contra
1119 963 1303 1000 amicitiae
1318 966 1356 999 et
1376 962 1551 998 caritatis
1569 960 1733 1005 bonum,

116 1012 223 1096 qud
253 1011 374 1050 homo
401 1019 473 1057 per
493 1009 759 1048 voluntariam
789 1012 1059 1056 paupertatem
1097 1018 1257 1047 omnem
1295 1008 1557 1046 substantiam
1597 1007 1735 1049 mundi

115 1068 138 1096 a
169 1058 288 1096 'iciat.

162 1069 263 1146 item,
285 1104 320 1142 si
344 1103 489 1142 habere
508 1103 773 1147 substantiam
794 1103 913 1150 hujus
934 1103 1231 1141 mundimalum
1252 1106 1326 1147 est,
1355 1103 1505 1140 bonum
1523 1107 1583 1141 est
1603 1107 1735 1140 autem

115 1152 321 1198 proximos
336 1151 504 1189 liberare
525 1161 549 1189 a
567 1151 688 1195 malo,
709 1149 857 1188 malum
878 1154 1009 1188 autem
1027 1159 1097 1188 eos
1125 1151 1166 1187 in
1186 1150 1335 1187 malum
1367 1150 1568 1195 inducere,
1592 1158 1734 1187 conse-

115 1207 245 1245 quens
267 1202 329 1236 est
348 1198 454 1245 quod
474 1197 568 1236 dare
596 1197 716 1235 alicui
744 1197 938 1249 indigenti
964 1197 1229 1234 substantiam
1259 1196 1381 1249 hujus
1410 1197 1547 1234 mundi
1569 1197 1622 1234 sit
1651 1205 1735 1248 ma-

115 1245 214 1290 lum,
249 1245 404 1283 auferre
424 1248 554 1282 autem
587 1244 748 1281 habenti
770 1248 822 1281 sit
841 1244 1013 1288 bonum;
1034 1244 1140 1290 quod
1172 1244 1458 1281 inconveniens
1478 1247 1551 1281 est.
1572 1245 1638 1281 Est
1663 1252 1736 1289 igi-

114 1296 179 1329 tur
198 1292 348 1329 bonum
365 1291 510 1328 babere
531 1290 795 1329 substantiam
816 1291 934 1337 hujUs
955 1291 1108 1328 mundi.
1130 1292 1223 1329 Eam
1242 1290 1363 1338 igitur
1377 1300 1451 1337 per
1469 1290 1734 1328 voluntariam

114 1342 385 1384 paupertatem
402 1338 575 1375 totaliter
590 1338 759 1384 abjicere
780 1338 926 1374 malum
947 1342 1020 1375 est.

161 1387 352 1430 Praeterea,
371 1386 606 1422 occasiones
634 1385 830 1421 malorum
849 1384 1020 1421 vitandae
1045 1388 1152 1421 sunt.
1173 1385 1240 1422 Est
1267 1388 1398 1422 autem
1427 1388 1638 1431 paupertas
1669 1393 1734 1421 oc-

113 1432 225 1468 casio
245 1431 353 1476 mali,
375 1431 469 1477 quia
487 1435 647 1477 propter
665 1440 753 1468 eam
773 1431 822 1467 ad
848 1430 966 1476 furta,
987 1430 1251 1475 adulationes,
1273 1431 1444 1477 perjuria
1470 1435 1508 1467 et
1533 1430 1596 1468 his
1623 1431 1734 1468 simi-

114 1479 170 1515 lia
189 1478 312 1525 aliqui
333 1478 589 1515 inducuntur.
608 1479 692 1515 Non
711 1481 772 1515 est
790 1477 911 1526 igitur
924 1481 1136 1525 paupertas
1153 1478 1373 1515 voluntarie
1388 1477 1642 1522 assumenda,
1659 1476 1731 1515 sed

112 1525 259 1571 magiS‚
279 1533 328 1562 ne
346 1524 542 1570 adveniat,
564 1524 737 1562 vitanda.

161 1572 304 1612 Adhuc,
329 1581 420 1609 cum
439 1572 564 1609 virtus
585 1572 780 1609 consistat
809 1571 851 1609 in
879 1572 1024 1617 medio,
1051 1576 1217 1619 utroque
1251 1576 1426 1610 extremo
1452 1572 1731 1618 corrumpitur.

115 1620 182 1656 Est
200 1622 330 1656 autem
348 1618 474 1656 virtus
494 1619 711 1657 liberalitas
730 1619 909 1665 quaedam
930 1629 1018 1666 quae
1039 1619 1102 1656 dat
1123 1619 1266 1664 danda,
1287 1623 1326 1656 et
1343 1620 1485 1656 retinet
1504 1619 1735 1664 retinenda;

112 1666 253 1702 ’vitium
271 1669 402 1703 autem
423 1669 485 1702 est
503 1665 545 1702 in
561 1666 696 1703 minus
716 1663 978 1708 illiberalitas,
1000 1676 1088 1713 quae
1120 1667 1264 1703 retinet
1293 1666 1497 1703 retinenda
1517 1670 1555 1703 et
1575 1675 1654 1702 non
1675 1675 1738 1703 re-

112 1712 301 1756 tinenda3
323 1716 384 1749 est
402 1712 525 1759 igitur
552 1716 590 1749 et
610 1713 748 1749 vitium
770 1712 809 1749 in
833 1713 924 1758 plus
957 1713 1064 1760 quod
1101 1713 1237 1750 omnia
1268 1713 1435 1758 dentur;
1458 1713 1563 1760 quod
1586 1713 1736 1749 faciunt

113 1759 466 1843 ἱῑύἱῑγοωῃῐίαῑὶᾶω
486 1763 715 1806 paupertam
737 1763 960 1797 assumunt.
986 1761 1053 1797 Est
1071 1769 1166 1808 ergo
1187 1760 1263 1798 hoc
1281 1760 1470 1798 vitiosum
1493 1764 1530 1797 et
1548 1759 1734 1806 prodiga·

129 1811 184 1842 ita
204 1816 214 1842 1
235 1815 325 1843 511111
346 1815 380 1842 e.

152 1854 227 1903 ‚Hae
245 1856 376 1889 autem
402 1853 578 1891 rationes
609 1853 727 1890 etiarn
758 1853 992 1890 auctoritate
1022 1853 1233 1900 Scripturae
1270 1853 1498 1891 confirmari
1537 1852 1733 1890 videntur.

114 1900 265 1936 Dicitur
297 1900 417 1943 euim,
434 1901 565 1945 PrOV„
584 1908 681 1944 XXX,
699 1902 734 1944 8,
757 1902 778 1936 9
807 1910 817 1936 :
849 1899 1118 1936 Mendicitatem
1147 1903 1182 1936 et
1210 1900 1361 1937 divitias
1390 1910 1435 1936 ne
1460 1899 1600 1936 dederis
1618 1899 1735 1943 11111113

113 1945 230 1981 tribue
249 1948 390 1981 tantum
408 1947 520 1982 victui
534 1956 608 1982 meo
625 1948 848 1989 necessat-im
865 1956 908 1981 116
925 1948 1020 1991 forte
1037 1948 1194 1983 satiatus
1220 1947 1358 1983 illiciar
1389 1946 1438 1982 ad
1461 1946 1679 1992 neqandum,
1702 1948 1737 1982 et

113 1992 258 2046 dicam.-
280 1992 365 2037 Quis
384 1995 437 2029 est
453 1994 655 2031 Domimas?
667 1996 731 2029 aut
749 1995 902 2038 eyestate
920 1994 1123 2041 compulsus
1140 1994 1258 2037 furer,
1279 1997 1313 2031 et
1329 1993 1512 2041 perjurem
1524 2003 1650 2030 nomen
1671 1994 1738 2029 Dez‘

112 2048 195 2076 met.

724 2161 893 2204 CAPUT
935 2163 1127 2205 CXXXII.

167 2270 218 2299 DE
242 2270 360 2300 MODIS
386 2269 554 2301 VIVENm
577 2269 712 2302 EORUM
736 2270 803 2306 QUI
826 2271 1109 2304 VOLUNTARIAM
1134 2273 1416 2305 PAUPERTATEM
1436 2273 1678 2309 SEQUUNTUR.

158 2367 318 2405 Videtur
337 2372 468 2420 autem
484 2369 567 2406 haec
587 2369 756 2416 quaestio
771 2371 901 2422 magis
918 2380 1074 2419 urgere,
1095 2371 1130 2409 si
1159 2372 1250 2419 quis
1276 2372 1491 2418 specialius
1520 2378 1738 2420 exequatur

112 2414 254 2451 modos
288 2415 434 2461 quibus
475 2424 641 2453 necesse
671 2421 732 2453 est
775 2426 906 2454 vivere
944 2427 1013 2455 eos
1055 2419 1123 2466 qui
1163 2419 1429 2457 voluntariam
1466 2425 1736 2467 paupertatem

112 2464 327 2498 sectantur.
350 2463 417 2499 Est
435 2463 542 2499 enim
557 2472 662 2500 unus
682 2463 826 2501 modus
851 2465 1006 2502 vivendi
1029 2465 1135 2511 quod
1162 2467 1445 2512 possessiones
1480 2467 1734 2512 singulorum

111 2508 347 2560 vendantur,
368 2512 406 2545 et
440 2509 488 2546 de
517 2510 643 2556 pretio
673 2519 814 2548 omnes
844 2513 1110 2549 communiter
1137 2514 1272 2551 vivant
1293 2525 1303 2550 ε
1324 2514 1431 2562 quod
1468 2514 1629 2561 quidem
1659 2513 1735 2551 sub

112 2555 304 2598 apostolis
338 2559 537 2594 servatum
571 2557 726 2595 videtur
756 2559 975 2596 Jerusalem
999 2571 1007 2595 :
1029 2558 1175 2598 dicitur
1205 2560 1326 2606 enim,
1360 2563 1461 2605 Act..
1490 2569 1548 2606 Π,
1574 2563 1633 2606 34,
1655 2562 1731 2597 35:

113 2600 289 2654 Quotquot
331 2612 550 2647 possessores
583 2614 778 2650 aprorum,
827 2609 892 2641 aut
924 2605 1110 2643 domorum
1145 2610 1274 2649 erant,
1313 2607 1505 2645 vendentes
1541 2606 1736 2652 offerebant

110 2650 227 2700 pretori
242 2658 361 2701 eorum
380 2659 459 2695 quae
476 2650 690 2693 vendebant,
707 2655 741 2688 et
760 2652 946 2698 ponebant
957 2657 1039 2690 ante
1055 2654 1163 2700 pedes
1182 2655 1438 2702 apostolorum,
1450 2657 1485 2693 et
1502 2653 1735 2692 dividebatur

110 2694 266 2744 3111911115
281 2700 392 2738 prout
409 2698 536 2743 cuique
551 2708 640 2744 opus
659 2702 750 2737 erat.

159 2740 229 2791 ῌιο
249 2744 380 2792 autem
398 2745 541 2782 modus
558 2755 639 2782 non
653 2746 813 2798 ridetur
827 2747 1040 2786 efficaciter
1052 2749 1258 2795 providere
1277 2750 1462 2788 humanae
1474 2748 1578 2786 vitae.
1601 2749 1733 2787 Primo

112 2785 272 2838 quidem
293 2797 387 2833 quia
403 2798 483 2826 non
505 2795 565 2828 est
585 2792 702 2830 saeile
722 2794 828 2841 quod
860 2796 994 2840 plures
1028 2796 1219 2834 habentes
1250 2805 1418 2842 magnas
1449 2796 1733 2841 possessiones

111 2831 216 2885 hanc
235 2835 354 2886 vitam
369 2842 589 2883 assumant,
605 2843 658 2891 812
673 2841 706 2877 si
728 2841 955 2879 conferatur
975 2843 1078 2879 inter
1095 2843 1242 2880 multos
1258 2843 1426 2889 pretium
1447 2841 1553 2888 quod
1573 2851 1621 2878 cx
1641 2851 1733 2888 pos-

113 2880 366 2919 sessionibus
384 2891 602 2929 paucorum
622 2886 787 2926 divitum
817 2893 1066 2936 assumptum
1093 2894 1168 2937 est,
1187 2898 1270 2929 non
1300 2889 1472 2929 sufficiet
1491 2889 1534 2927 in
1565 2889 1734 2928 multum
