1894 3223
677 106 764 143 LIB.
792 106 856 150 111,
885 106 985 143 CAP.
1013 106 1101 142 etv,
1632 106 1700 141 403

736 273 905 316 CAPUT
946 275 1045 317 CIV.

160 394 259 429 QUOD
287 393 413 424 OPERA
437 393 626 423 MAGORUM
651 393 729 424 NON
755 393 853 423 SUNT
879 394 1003 423 SOLUM
1027 394 1079 424 EX
1113 394 1365 424 IMPRESSIONE
1387 394 1613 424 COELESTIUM

782 451 999 482 CORPORUM.

126 565 297 600 Fuerunt
316 564 447 599 autem
468 561 629 609 quidam
646 560 825 599 dicentes
863 560 1213 614 quodhujusmodi
1232 570 1351 607 opera
1372 563 1488 600 nobis
1505 563 1703 600 mirabilia

77 619 165 694 311ae
187 619 257 656 per
275 612 381 648 artes
401 609 578 655 magicas
599 608 699 645 fiunt
736 617 816 645 non
850 609 898 646 ab
927 608 1127 655 aliquibus
1158 609 1433 655 spiritualibus
1467 610 1702 647 substantiis

108 660 193 700 unt,
213 656 282 694 scd
305 666 351 693 ex
376 656 520 693 virtute
553 656 772 693 coelcstium
811 664 1035 702 corporum.
1059 656 1178 702 Cujus
1212 656 1373 703 signum
1408 657 1562 693 videtur
1597 657 1702 704 quod

78 704 126 742 ab
148 703 424 741 exercentibus
447 702 676 750 hujusmodi
712 712 831 749 opera
869 703 1073 740 stellarum
1108 707 1241 740 certus
1272 703 1375 740 situs
1408 704 1697 743 consideratur.

78 751 323 789 Adhibentur
341 751 459 787 etiam
471 750 650 798 quaedam
660 749 871 787 herbarum
881 750 1097 787 etaliarum
1115 750 1382 797 corporalium
1399 760 1528 787 rerum
1540 751 1701 796 auxilia,

78 798 193 845 quasi
208 798 256 834 ad
276 797 572 881 praeparandam
593 797 823 835 inferiorem
843 798 1048 834 materiam
1069 797 1117 834 ad
1130 797 1427 844 suscipiendam
1444 797 1695 835 influentiam

78 845 237 882 virtutis
261 854 319 882 coe
339 845 452 882 estis.

128 893 208 929 Hoc
228 895 358 929 autem
381 899 565 938 expresse
583 890 864 944 apparentibus
891 890 1134 928 adversatur.
1156 893 1253 929 Cum
1272 891 1378 929 enim
1397 901 1477 929 non
1499 892 1550 929 sit
1571 892 1702 938 possi-

78 939 158 977 bile
179 949 226 975 ex
246 939 447 986 aliquibus
467 947 671 985 corporeis
692 938 899 985 principiis
920 938 1164 975 intellectum
1186 939 1358 983 causari,
1379 944 1422 975 ut
1448 948 1568 985 supra
1602 939 1702 985 (cap.

79 985 138 1032 84)
160 986 367 1032 probatum
389 989 462 1030 est,
484 985 734 1031 impossibile
756 989 815 1022 cst
834 984 940 1032 quod
962 985 1127 1022 effectus
1145 986 1212 1032 qui
1234 990 1327 1023 sunt
1346 987 1493 1032 proprii
1527 986 1703 1022 intellec-

79 1033 200 1070 tualis
221 1036 384 1076 naturae,
405 1042 453 1069 ex
471 1032 613 1069 virtute
631 1032 805 1069 coelestis
818 1032 998 1078 corporis
1013 1036 1240 1069 causentur.
1262 1034 1304 1070 In
1324 1033 1551 1078 hujusmodi
1570 1037 1702 1069 autem

79 1079 381 1126 operationibus
405 1088 611 1125 magorum
634 1082 824 1124 apparent
849 1079 1028 1126 quaedam
1052 1088 1138 1126 quae
1170 1083 1265 1116 sunt
1301 1080 1459 1125 propria
1491 1080 1699 1116 rationalis

79 1129 229 1164 naturae
251 1134 382 1172 opera.
404 1126 635 1162 Redduntur
655 1125 761 1162 enim
787 1134 981 1172 responsa
1009 1126 1058 1163 de
1094 1126 1210 1163 furtis
1242 1127 1427 1170 sublatis,
1462 1129 1500 1163 et
1531 1127 1577 1163 de
1611 1126 1702 1163 aliis

80 1172 463 1220 hujusmod13quod
482 1181 562 1210 non
582 1175 720 1219 posset
753 1171 837 1210 fieri
865 1173 944 1210 nisi
974 1181 1044 1219 per
1075 1172 1336 1210 intellectum.
1371 1175 1457 1210 Non
1489 1176 1549 1210 est
1580 1173 1703 1220 igitur

78 1228 215 1258 verum
229 1229 376 1273 ‚omnes
398 1219 627 1267 hujusmodi
660 1219 826 1258 effectus
860 1229 908 1257 ex
941 1220 1029 1257 sola
1058 1219 1202 1257 virtute
1239 1220 1461 1258 coelestium
1492 1229 1704 1266 corporum

80 1276 252 1306 causari.
1088 1287 1090 1291 ·

125 1316 315 1355 Praeterea,
339 1315 426 1361 ipsa
445 1313 604 1361 loquela
623 1313 808 1360 proprius
828 1317 941 1351 actus
960 1317 1020 1352 est
1046 1314 1254 1352 rationalis
1275 1318 1478 1352 creaturae.
1506 1317 1703 1361 Apparent

80 1365 211 1401 autem
232 1361 355 1408 aliqui
377 1361 652 1408 colloquentes
679 1361 910 1398 hominibus
932 1362 972 1397 in
994 1362 1192 1408 praedictis
1224 1363 1539 1408 operationibus,
1577 1366 1613 1398 ct
1646 1371 1706 1398 ra-

80 1409 321 1447 tiocinantes
340 1409 388 1445 de
417 1408 598 1445 diversis.
620 1410 703 1445 Non
736 1412 794 1445 est
827 1408 949 1456 igitur
976 1408 1169 1455 possibile
1204 1409 1311 1456 quod
1343 1409 1572 1456 hujusmodi
1609 1409 1705 1445 fiant

82 1455 171 1494 sola
189 1456 333 1492 virtute
354 1456 576 1493 coelestium
596 1464 823 1501 corporum.

129 1502 166 1540 Si
187 1502 278 1550 quis
298 1505 429 1540 autem
449 1502 568 1547 dicat,
614 1501 690 1540 uod
709 1501 938 1547 hujusmodi
970 1502 1210 1549 apparenttae
1242 1511 1324 1540 non
1357 1506 1451 1540 sunt
1483 1502 1702 1541 secundum

82 1558 246 1588 sensum
265 1549 514 1593 exteriorem,
535 1558 578 1586 se
626 1549 846 1587 secundum
882 1549 1211 1597 imaginationem
1248 1552 1416 1594 tantum,
1436 1550 1512 1587 hoc
1543 1549 1703 1597 quidem

81 1597 210 1644 primo
232 1605 313 1634 non
332 1597 487 1634 videtur
506 1596 778 1634 manifestum.
799 1598 884 1633 Non
911 1597 1016 1633 enim
1037 1596 1156 1634 alicui
1177 1600 1367 1642 apparent
1392 1597 1529 1634 formae
1562 1597 1704 1644 imagi—

83 1647 185 1681 natae
203 1644 317 1691 quasi
339 1653 402 1681 res
423 1652 538 1688 verae,
560 1643 638 1681 nisi
670 1642 737 1680 fiat
769 1643 957 1681 alienatio
989 1643 1038 1681 ab
1071 1643 1334 1681 exterioribus
1365 1644 1589 1690 speciebus,
1611 1644 1705 1690 quia

83 1699 164 1729 non
185 1694 315 1738 potest
335 1700 424 1728 esse
444 1690 550 1737 quod
571 1690 905 1727 similitudinibus
925 1690 1152 1728 intendatur
1172 1694 1373 1737 tamquam
1403 1691 1522 1729 rebus
1552 1691 1631 1728 nisi
1653 1690 1700 1727 li·

82 1742 175 1786 gato
193 1737 362 1775 naturali
392 1737 634 1784 judicatorio
660 1746 797 1775 sensu.
816 1737 1049 1784 Hujusmodi
1065 1741 1195 1775 autem
1212 1738 1515 1782 collocutiones,
1531 1740 1569 1775 et
1584 1747 1702 1784 appa-

81 1785 249 1822 ritiones
269 1783 371 1821 fiunt
390 1784 437 1821 ad
458 1784 643 1822 ‘nomines
663 1784 730 1831 qui
749 1787 915 1822 utuntur
944 1784 1065 1821 libere
1095 1785 1284 1822 sensibus
1315 1785 1592 1822 exterioribus.
1615 1787 1702 1822 Non

82 1835 143 1870 est
161 1831 284 1878 igitur
301 1830 496 1878 possibile
521 1830 627 1879 quod
648 1830 877 1878 hujusmodi
892 1831 991 1876 visa,
1012 1832 1073 1868 vel
1092 1832 1227 1868 audita
1246 1832 1327 1869 sint
1357 1832 1586 1881 secundum!
1605 1832 1703 1869 ima·

81 1878 328 1927 ginationem
348 1881 516 1916 tantum.

128 1926 278 1971 Deinde,
300 1935 348 1962 ex
373 1924 611 1973 quibusdam
634 1924 773 1962 formis
806 1924 1036 1972 imaginatis
1068 1934 1150 1963 non
1181 1928 1312 1972 potest
1343 1926 1462 1963 alicui
1497 1926 1704 1973 provenire

81 1972 364 2011 intellectualis
384 1972 561 2019 cognitio
581 1972 685 2009 ultra
705 1972 929 2009 facultatem
946 1973 1165 2010 naturalem
1179 1973 1240 2010 vel
1255 1973 1491 2020 acquisitam
1507 1974 1570 2011 sui
1586 1973 1702 2010 intel-

81 2019 211 2058 lectus
227 2032 237 2065 3
259 2019 365 2067 quod
381 2020 502 2057 etiam
520 2019 562 2056 in
582 2018 754 2057 somniis
771 2022 891 2065 patet,
907 2020 950 2056 in
964 2020 1209 2067 quibus,etsi
1224 2020 1417 2068 sitaliqua
1431 2020 1700 2067 praefiguratio

82 2066 322 2111 futurorum,
343 2070 577 2104 nontamen
609 2066 850 2119 quicumque
880 2066 1021 2104 videns
1041 2067 1200 2104 somnia
1224 2076 1363 2105 eorum
1395 2067 1621 2115 significata
1648 2067 1706 2105 in-

81 2113 239 2161 telligit.
260 2115 333 2151 Per
354 2113 585 2160 hujusmodi
606 2116 737 2151 autem
757 2122 857 2158 visa,
877 2113 938 2150 vel
960 2113 1108 2159 audita,
1129 2123 1218 2161 quae
1237 2119 1427 2161 apparent
1454 2115 1494 2152 in
1516 2114 1704 2162 operibus

82 2168 291 2208 magorum
313 2160 545 2208 plerumque
564 2159 721 2198 advenit
742 2160 861 2198 alicui
879 2160 1358 2214 intellectualiscognitio
1378 2162 1603 2209 aliquorum
1616 2171 1703 2209 quae

82 2208 147 2246 sui
165 2207 391 2245 intellectus
410 2207 635 2245 Facultatem
657 2206 864 2253 excedunt,
887 2211 991 2245 sicut
1019 2208 1206 2246 revelatio
1227 2209 1474 2246 occultorum
1495 2210 1704 2246 thesauro-

82 2263 189 2300 rum,
219 2254 488 2293 manifestatio
520 2254 766 2300 futurorum;
788 2257 827 2291 et
857 2255 1095 2301 quandoque
1125 2255 1244 2292 etiam
1274 2255 1322 2292 de
1354 2255 1556 2303 aliquibus
1589 2255 1706 2293 docu-

82 2301 229 2339 mentis
247 2301 424 2339 scientiae
455 2300 626 2349 alicujus
653 2310 746 2339 vera
776 2301 1079 2347 respondentur.
1112 2303 1386 2349 Oportetergo
1418 2303 1524 2350 quod
1557 2303 1616 2339 vel
1645 2303 1704 2342 illi

84 2352 319 2394 apparentes
335 2352 373 2385 et
386 2349 660 2396 colloquentes
675 2356 757 2386 non
783 2348 942 2386 videant
957 2348 1177 2386 secundum
1197 2349 1523 2396 imaginationem
1535 2352 1703 2396 tantum,

82 2395 143 2432 vel
166 2394 306 2432 saltem
327 2395 431 2441 quod
453 2395 530 2433 hoc
549 2395 617 2432 fiat
630 2395 773 2433 virtute
789 2395 1197 2443 alicujusintellectus
1211 2396 1444 2442 superioris,
1459 2396 1565 2443 quod
1583 2397 1703 2435 homo

84 2450 154 2489 per
174 2441 406 2488 hujusmodi
428 2442 736 2489 imaginationes
756 2442 798 2479 in
831 2442 1103 2489 cognitionem
1126 2442 1265 2480 talium
1291 2442 1524 2488 adducatur,
1557 2446 1595 2480 et
1623 2452 1702 2482 non

84 2488 154 2526 fiat
169 2488 246 2525 hoc
264 2488 407 2525 virtute
427 2488 557 2525 solum
577 2488 798 2526 coelestium
819 2497 1045 2535 corporum.

126 2535 271 2577 Adhuc,
294 2534 401 2582 quod
434 2535 578 2572 virtute
615 2535 837 2573 coelestium
860 2544 1070 2582 corporum
1103 2534 1161 2580 fit,
1198 2538 1259 2573 est
1289 2535 1454 2575 effectus
1486 2537 1706 2585 naturalis3

83 2591 177 2620 nam
196 2582 335 2620 formae
359 2581 561 2619 naturales
577 2585 671 2619 sunt
690 2591 777 2629 quae
797 2582 840 2619 in
862 2582 1120 2620 inferioribus
1139 2586 1356 2620 causantur
1379 2593 1427 2621 ex
1454 2583 1598 2622 virtute
1630 2594 1703 2623 coe·

84 2629 247 2668 lestium
265 2637 491 2676 corporum.
515 2628 628 2673 Quod
646 2629 769 2676 igitur
787 2628 886 2666 nulli
905 2629 960 2666 rei
980 2632 1111 2675 potest
1130 2637 1221 2666 esse
1254 2631 1448 2675 naturale,
1468 2639 1551 2669 non
1574 2635 1723 2678 potest.

84 2676 171 2714 fieri
189 2676 333 2714 virtute
351 2676 572 2714 coelestium
594 2684 820 2722 corporum.
842 2675 1028 2720 Quaedam
1048 2679 1180 2714 autem
1199 2675 1294 2714 talia
1315 2676 1400 2715 fieri
1418 2678 1606 2716 dicuntur
1635 2688 1706 2725 per

87 2723 340 2770 operationes
357 2723 581 2770 praedictas,
603 2723 707 2761 sicut
726 2721 831 2770 quod
867 2722 915 2759 ad
946 2722 1199 2768 praesentiam
1232 2724 1415 2772 alicujus,
1446 2736 1706 2774 quaecumque

87 2779 177 2809 sera
195 2771 232 2808 ei
248 2770 458 2818 pandatur,
479 2770 585 2818 quod
610 2769 757 2817 aliquis
789 2769 1004 2808 invisibilis
1033 2770 1232 2815 reddatur,
1252 2774 1291 2807 et.
1323 2773 1448 2809 multa
1474 2773 1703 2820 hujusmodi

88 2826 175 2864 quae
194 2820 418 2856 narrantur.
437 2819 523 2855 Non
537 2820 597 2854 est
613 2816 736 2864 igitur
755 2816 947 2863 possibile
967 2816 1044 2855 hoc
1062 2816 1147 2854 fieri
1168 2816 1310 2855 virtute
1329 2820 1551 2857 coelestium
1569 2829 1705 2867 corpo-

87 2873 187 2901 rum.
