1894 3223
708 107 794 143 Liss.
824 108 888 152 ΙΙΙ,
915 107 1016 144 CAP.
1044 106 1161 144 CLIV.
1679 111 1746 145 473

122 188 345 227 convivere.
383 187 423 226 Si
457 196 554 234 ergo
574 197 644 234 per
663 188 830 234 gratiani
853 188 973 225 liomo
1006 187 1072 224 Dei
1107 187 1274 225 dilector
1293 187 1564 232 constituitur,
1586 192 1742 234 oportet

119 235 229 283 'quod
248 235 289 272 in
307 244 354 273 eo
375 238 561 272 causetur
578 234 819 272 desiderium
843 235 1005 272 unionis
1024 234 1072 272 ad
1095 236 1216 272 Deum
1239 235 1457 272 secundum
1480 234 1585 282 quod
1614 236 1743 282 possi-

120 278 202 326 bile
220 285 292 319 est.
316 280 429 318 Fides
467 284 598 318 autem
636 291 724 328 qua>
758 285 946 318 causatur
978 292 1023 317 ex
1055 282 1183 327 gratia
1203 281 1374 319 declarat
1396 282 1630 328 possibilem
1652 292 1741 320 esse

121 329 311 367 unionem
335 327 510 365 hominis
528 327 575 365 ad
600 330 720 365 Deum
741 329 961 365 secundum
985 329 1195 373 perlectam
1221 329 1464 371 fruitionem,
1488 329 1529 366 in
1549 339 1630 376 qua
1649 329 1740 368 bea-

122 375 250 414 titudo
271 374 469 412 consistit.
492 375 615 421 lluJ'us
650 375 770 420 igitur
799 375 1001 412 fruitionis
1021 375 1263 412 desiderium
1284 376 1324 412 in
1346 376 1506 413 homine
1531 377 1742 424 consequi·

121 425 188 461 tur
203 430 252 460 ex
268 422 335 460 Dei
357 421 583 460 dilectione.
607 421 680 459 Sed
704 421 944 460 desiderium
965 422 1018 458 rei
1042 422 1214 468 alicujus
1247 423 1430 460 molestat
1450 424 1623 469 animam
1641 423 1743 462 desi-

121 468 313 514 derantis,
334 469 412 506 nisi
434 468 539 506 adsit
559 477 650 515 spes
688 469 735 506 de
772 469 1070 516 consequendo.
1109 470 1357 506 Conveniens
1391 470 1512 517 igitur
1545 471 1617 507 t'uit
1639 473 1683 507 ut
1704 471 1741 509 in

120 515 368 560 hominibus,
405 515 445 552 in
466 515 611 564 quibus
647 517 715 553 Dei
746 516 904 553 dilectio
937 520 971 552 et
995 515 1091 552 sides
1114 521 1315 561 causatur,
1337 527 1405 562 per
1427 518 1595 564 gratiam
1625 518 1742 556 etiam

122 566 310 602 causetur
328 572 348 601 s
379 571 421 600 es
439 563 580 600 futurae
598 563 856 601 beatitudinis
875 563 1157 608 adipiscendte.

165 611 268 655 Item,
286 610 329 647 in
349 573 414 648 Eis
434 611 500 658 qui
523 610 758 648 ordinantur
778 610 824 646 ad
848 610 1019 657 aliquem
1037 609 1154 646 finem
1169 609 1449 654 desideratum,
1468 611 1500 648 si
1523 611 1656 659 aliqua
1673 611 1746 649 dis-

121 655 280 695 ficultas
300 657 520 702 emerserit,
541 658 728 695 solatium
750 656 862 695 affert
883 666 975 704 spes
996 657 1043 694 de
1064 656 1142 694 sine
1161 659 1585 708 consequeiidossieut
1605 659 1746 697 amari-

119 703 298 743 tudinem
319 704 526 742 medicinre
544 705 690 752 aliquis
712 705 848 742 leviter
869 703 942 741 sert
962 708 1122 751 propter
1141 712 1253 750 spem
1273 704 1472 741 sanitatis.
1489 707 1529 741 ln
1546 715 1738 751 processu

122 754 254 789 autem
301 760 351 788 iio
368 752 407 788 in
423 751 706 789 beatitudinem
727 752 941 797 tendimus,
958 761 1044 798 quae
1060 755 1120 788 est
1135 750 1226 788 sinis
1245 751 1424 788 omnium
1437 751 1740 798 desideriorum,

120 798 249 851 multa
270 761 450 837 difficilia
467 799 676 836 imminent
690 799 951 851 sustineiida5
973 808 1063 851 nani
1084 798 1210 850 virtus
1230 807 1299 844 per
1318 808 1436 845 quam
1464 799 1511 851 ad
1535 800 1744 852 beatitudi-

121 850 213 883 nem
234 849 313 883 itur
349 846 456 883 circa
475 845 653 884 difficilia
673 849 746 883 est.
765 846 819 883 Ad
836 846 911 891 hoc
930 850 1052 891 igitur
1071 848 1113 882 ut
1132 844 1258 882 levius
1277 848 1314 882 et
1328 849 1550 891 promptius
1567 847 1686 884 lioino
1703 856 1744 884 in

123 886 410 977 h3³1¹1²iss¹¹di¹¹em
432 893 621 934 tenderet,
645 894 915 931 necessarium
932 893 1004 929 t'uit
1018 893 1054 930 ei
1078 901 1190 939 spem
1203 891 1249 929 de
1267 892 1483 930 obtinenda
1502 893 1755 931 beatitudine·

123 942 149 978 'a
210 940 218 976 i
252 949 330 977 ere.

169 988 359 1032 Praeterea,
393 986 530 1025 nullus
547 990 727 1025 movetur
744 987 791 1025 ad
810 986 928 1024 finem
962 987 1010 1025 ad
1039 997 1158 1034 quem
1191 987 1362 1025 aestimat
1380 996 1471 1025 esse
1491 988 1742 1034 impossibile

120 1033 340 1116 pervenire.
374 1034 430 1070 Ad
468 1033 544 1071 lioc
575 1043 617 1071 er
648 1043 671 1071 o
702 1034 807 1081 quod
829 1034 975 1081 aliquis
1009 1039 1146 1081 pergat
1178 1034 1218 1071 in
1254 1033 1373 1071 finem
1411 1035 1599 1082 aliquem,
1629 1044 1747 1082 opor-

139 1083 177 1118 et
191 1079 295 1128 quod
317 1079 514 1118 afficiatur
534 1080 580 1118 ad
641 1089 730 1117 nem
767 1081 879 1117 illum
914 1085 1101 1127 tanquam
1136 1080 1370 1126 possibilem
1410 1081 1571 1127 liaberi;
1605 1086 1644 1119 et
1681 1082 1747 1120 liic

119 1130 182 1170 est
209 1125 377 1164 affectus
416 1128 514 1172 spei.
537 1128 632 1164 Cum
661 1128 783 1175 igitur
813 1136 883 1173 per
918 1128 1085 1174 gratiam
1114 1128 1234 1164 liomo
1262 1127 1457 1173 dirigatur
1489 1128 1532 1164 in
1559 1128 1744 1167 ultimum

120 1172 240 1211 finem
261 1173 534 1219 beatitudinis,
557 1174 828 1211 necessarium
854 1173 927 1210 suit
942 1178 983 1210 ut
998 1173 1552 1221 pergratiamimprimeretur
1567 1174 1745 1213 humano

122 1219 285 1265 ,affectui
310 1229 403 1267 spes
423 1220 471 1258 de
490 1220 734 1259 beatitudine
755 1222 1052 1267 consequenda.
1255 1220 1264 1232 ⁸

169 1267 270 1306 Hinc
289 1271 349 1305 est
369 1267 475 1314 quod
494 1267 640 1306 dicitur
658 1277 666 1302 :
686 1269 921 1313 Reqeizercwz't
939 1278 1001 1303 nos
1021 1270 1060 1303 in
1078 1278 1176 1314 spem
1194 1270 1376 1313 vivam...‚
1395 1269 1437 1304 in
1455 1268 1748 1306 haereditatem...

120 1315 460 1356 immarcescibilem,
493 1317 739 1352 conservatam
762 1317 804 1353 in
832 1315 928 1352 caelis
949 1315 981 1362 (Ι
995 1317 1108 1361 Petra,
1131 1324 1159 1362 1,
1176 1318 1211 1361 3,
1231 1315 1289 1362 4);
1311 1318 1349 1353 et
1374 1315 1519 1354 dicitur
1534 1328 1543 1353 :
1559 1317 1630 1363 Spe
1654 1318 1752 1353 salvi

120 1359 216 1407 facti
233 1372 371 1401 sumus.
391 1362 519 1410 (Rom.,
536 1370 623 1405 vni,
640 1362 716 1410 24.)

771 1510 938 1551 CAPUT
968 1509 1098 1551 CLIV.

264 1629 314 1659 DE
332 1629 448 1660 BONIS
475 1629 629 1659 GRATIAE
654 1629 794 1658 GRATlS
820 1628 960 1664 DATAE3
980 1628 1031 1657 DE
1050 1627 1368 1659 DIVINATIONIBUS
1388 1627 1600 1658 DAEMONUM.

140 1766 141 1769 η
172 1737 275 1783 Quia
306 1747 397 1775 vero
423 1746 470 1776 ea
501 1746 588 1785 quae
607 1737 727 1774 homo
748 1746 817 1782 per
837 1746 880 1774 se
904 1746 984 1773 non
1004 1736 1109 1783 videt
1130 1746 1374 1783 cognoscere
1396 1746 1476 1775 non
1498 1740 1639 1784 potest,
1664 1739 1743 1778 nisi

124 1793 172 1822 ea
191 1783 357 1831 recipiat
370 1784 417 1822 ab
439 1792 487 1821 eo
506 1784 573 1832 qui
592 1782 710 1827 videt,
731 1783 828 1820 fides
850 1788 981 1820 autem
1003 1788 1063 1820 est
1082 1784 1127 1820 de
1142 1784 1305 1831 hisquae
1326 1794 1405 1821 non
1419 1785 1613 1830 videmus,
1632 1796 1745 1832 opor·

123 1834 179 1869 tet
211 1831 482 1878 cognitionem
514 1839 652 1868 eorum
681 1830 729 1867 de
755 1829 901 1877 quibus
920 1834 980 1867 est
999 1830 1097 1867 fides
1119 1830 1167 1867 ab
1198 1840 1245 1868 eo
1267 1831 1434 1868 derivari
1453 1832 1520 1878 qui
1540 1843 1586 1869 ea
1613 1842 1681 1879 per
1702 1843 1744 1870 se

121 1877 243 1916 videt.
265 1878 334 1916 Hic
369 1881 500 1916 autem
536 1879 641 1915 Deus
661 1880 735 1922 est,
763 1877 829 1925 qui
862 1877 1039 1923 seipsum
1061 1877 1232 1923 perfecte
1252 1878 1554 1924 comprehendit
1570 1882 1608 1916 et
1625 1883 1744 1917 'natu-

121 1925 258 1964 raliter
277 1934 392 1964 suam
414 1925 628 1963 essentiam
649 1924 782 1969 videt3
805 1924 853 1962 de
889 1925 969 1962 Deo
989 1925 1095 1961 enim
1117 1924 1235 1962 sidem
1257 1925 1463 1963 habemus.
1485 1928 1645 1971 Oportet
1667 1927 1741 1973 igi-

120 1973 187 2011 lur
216 1981 263 2010 ea
291 1981 378 2020 quae
399 1982 468 2019 per
486 1971 604 2009 fidem
624 1975 806 2009 tenemus
827 1981 849 2008 a
870 1972 950 2009 Deo
971 1971 1010 2008 in
1035 1981 1108 2009 nos
1129 1973 1348 2018 pervenire.
1380 1975 1473 2010 Cum
1505 1976 1635 2010 autem
1658 1983 1744 2020 quse

124 2020 244 2057 a‘Deo
265 2023 359 2057 sunt
372 2019 511 2057 ordine
523 2018 694 2067 quodam
715 2022 896 2065 agantur,
919 2023 962 2056 ut
982 2028 1102 2065 supra
1123 2019 1170 2065 (c.
1191 2023 1236 2056 77
1259 2023 1297 2056 et
1317 2020 1417 2067 seq.)
1439 2023 1647 2057 ostensum
1669 2025 1742 2064 est,

121 2065 165 2105 in
199 2066 523 2104 manifestatione
557 2075 696 2104 eorum
727 2075 815 2113 quae
846 2071 941 2103 sunt
973 2066 1062 2103 fidei
1098 2066 1278 2103 ordinem
1300 2067 1510 2114 quemdam
1542 2068 1745 2105 observari

126 2112 316 2158 oportuit,
337 2113 489 2151 scilicet
509 2116 552 2150 ut
570 2112 730 2160 quidam
751 2113 977 2150 immediate
995 2123 1017 2150 a
1041 2115 1121 2150 Deo
1141 2114 1374 2159 reciperent,
1397 2114 1465 2151 alii
1483 2124 1575 2151 vero
1597 2116 1644 2152 ab
1667 2116 1744 2159 his,

124 2162 164 2196 et
189 2159 247 2196 sic
262 2168 332 2205 per
348 2159 528 2197 ordinem
548 2168 675 2206 usque
695 2159 743 2196 ad
764 2159 941 2197 ultimos.
966 2162 1009 2196 ln
1030 2161 1348 2207 quibuscumque
1369 2165 1500 2198 antem
1522 2165 1582 2198 est
1596 2162 1746 2208 aliquis

124 2205 236 2251 ordo,
259 2210 412 2252 oportet
431 2206 551 2253 quod,
572 2209 720 2253 quanto
739 2206 884 2253 aliquis
906 2210 965 2244 est
980 2207 1241 2254 propinquius
1257 2209 1384 2253 primo
1398 2209 1607 2253 principio,
1631 2213 1741 2246 tanto

121 2252 342 2291 virtuosius
367 2253 616 2297 inveniatur;
638 2252 744 2300 quod
770 2253 809 2289 in
832 2254 907 2290 lioc
927 2254 1067 2290 ordine
1089 2255 1424 2291 manitcstationis
1449 2256 1589 2292 divinae
1623 2265 1742 2301 appa-

123 2302 183 2337 ret
203 2311 212 2336 ε
235 2299 437 2337 invisibila
453 2300 572 2345 enim,
592 2308 760 2347 quorum
778 2300 880 2337 visio
900 2300 1037 2338 beatos
1057 2302 1151 2338 facit
1170 2301 1217 2337 de
1239 2302 1383 2347 quibus
1403 2301 1501 2339 fides
1521 2306 1594 2346 est,
1614 2303 1743 2347 primo

123 2355 148 2384 a
182 2347 262 2383 Deo
299 2347 522 2384 revelantur
542 2347 697 2394 angelis
711 2347 838 2384 beatis
858 2357 926 2392 per
945 2351 1120 2393 apertam
1138 2348 1348 2391 visionem,
1373 2353 1414 2385 ut
1434 2359 1479 2385 ex
1502 2349 1742 2393 supradictis

140 2402 174 2430 c.
194 2393 252 2440 80)
269 2397 372 2439 patet
388 2405 397 2439 ;
415 2393 571 2438 deinde,
594 2394 826 2438 angelorum
846 2395 1132 2431 interveniente
1153 2394 1302 2440 officio,
1333 2396 1637 2432 manifestantur
1658 2396 1746 2441 qui-

155 2440 294 2478 usdam
318 2440 562 2485 bominibus,
584 2449 662 2478 non
685 2441 844 2487 quidem
867 2451 933 2487 per
953 2446 1127 2487 apertam
1143 2443 1355 2486 visionem,
1370 2443 1437 2479 sed
1454 2452 1521 2487 per
1533 2444 1746 2489 quamdam

124 2487 402 2524 certitudinem
423 2487 720 2533 provenientem
758 2497 806 2524 ex
825 2489 1065 2525 revelatione
1090 2489 1237 2525 divina.
1260 2489 1354 2532 Quae
1374 2489 1533 2535 quidem
1558 2490 1745 2527 revelatio

86 2574 94 2578 ,
127 2532 172 2571 fit
190 2534 361 2580 quodam
383 2534 562 2572 interiori
584 2537 622 2570 et
639 2533 880 2581 intelligibili
900 2535 1049 2572 lumine
1070 2539 1243 2572 mentem
1265 2536 1440 2572 elevante
1463 2536 1510 2573 ad
1532 2537 1749 2582 percipien-

130 2580 226 2619 dum
245 2591 291 2618 ea
311 2581 359 2618 ad
379 2590 467 2628 quae
497 2590 567 2627 per
586 2581 721 2618 lumen
738 2581 916 2618 naturale
933 2582 1158 2618 intellectus
1179 2584 1400 2628 pertingere
1419 2592 1500 2619 non
1521 2587 1674 2629 potest;
1694 2585 1748 2620 si-

130 2631 198 2665 cut
215 2629 320 2665 enim
339 2638 408 2674 per
426 2628 560 2666 lumen
581 2627 758 2665 naturale
774 2628 998 2665 intellectus
1017 2629 1192 2665 redditur
1206 2633 1336 2666 certus
1355 2629 1401 2666 de
1416 2630 1479 2667 liis
1495 2640 1582 2677 quae
1598 2631 1748 2668 lumine

129 2674 202 2713 illo
241 2675 462 2723 cognoscit,
481 2678 524 2712 ut
555 2674 603 2712 de
635 2674 774 2726 primis
795 2675 1015 2720 principiis,
1038 2675 1093 2712 ita
1112 2675 1159 2712 de
1181 2675 1244 2713 his
1265 2685 1351 2722 quae
1373 2678 1662 2722 supernaturali
1688 2679 1748 2713 lu·

128 2721 238 2759 mine
278 2721 537 2769 apprehendit
571 2721 846 2758 certitudinem
878 2722 1005 2759 liabet.
1032 2723 1120 2759 Haec
1153 2726 1283 2759 autem
1305 2724 1499 2761 certitudo
1520 2725 1750 2762 necessaria

130 2770 192 2806 est
229 2769 278 2806 ad
315 2770 390 2807 lioc
423 2769 530 2816 quod
563 2768 653 2806 aliis
674 2769 842 2820 proponi
864 2769 1021 2820 possint
1042 2779 1088 2806 ea
1109 2779 1195 2816 quae
1211 2769 1343 2807 divina
1364 2771 1604 2809 revelatione
1628 2772 1749 2817 perci-

129 2815 318 2861 piuntur3
342 2825 423 2854 non
444 2816 550 2854 enim
575 2824 664 2853 cum
685 2819 896 2867 securitate
918 2816 1008 2853 aliis
1036 2817 1275 2861 proterimus
1296 2817 1343 2855 de
1367 2819 1512 2864 quibus
1548 2819 1749 2856 certitudi-

131 2870 222 2900 nem
259 2871 340 2900 non
377 2863 583 2902 habemus
607 2864 701 2901 Cum
728 2862 919 2910 praedicto
939 2866 1071 2903 autem
1092 2863 1244 2905 lumine
1259 2868 1431 2905 mentem
1452 2866 1622 2904 interius
1640 2865 1753 2902 illus-
