1894 3223
718 108 804 143 [ΑΒ.
834 109 880 151 ΙΙ,
909 108 1009 144 CAP.
1036 109 1183 144 mxlii.
1685 114 1747 147 197

122 189 402 228 instrumentis
425 189 615 233 tibicinis,
634 190 687 226 ita
710 189 956 234 impossibile
977 194 1038 227 est
1058 190 1162 237 quod
1179 190 1403 228 intellectus
1426 192 1545 229 unius
1571 191 1748 229 hominis

123 237 177 274 sit
197 237 424 273 intellectus
445 236 607 273 alterius
626 237 815 273 hominis.

168 285 358 327 Praeterea,
379 283 611 320 Aristoteles
632 284 696 328 (De
714 285 848 322 anima,
872 292 899 327 1,
916 286 1009 320 text.
1031 293 1175 320 comm.
1199 285 1257 330 53)
1279 285 1529 331 reprehendit
1552 286 1746 333 antiquos

121 330 168 368 de
190 331 262 367 hoc
279 330 399 377 quod,
422 330 664 368 disserentes
680 330 726 366 de
747 331 892 369 anima,
912 331 1009 366 nihil
1027 331 1073 367 de
1091 333 1250 376 proprio
1267 333 1515 378 susceptibili
1533 333 1746 377 ‹licebant;

121 378 235 424 quasi
259 381 364 414 esset
385 378 637 424 contingens,
667 378 886 414 secundum
923 378 1206 424 Pythagoricus
1228 379 1398 423 fabulas,
1422 380 1637 426 quamlibet
1660 381 1747 416 ani-

120 434 225 462 mam
247 425 450 471 quodlibet
470 433 615 471 corpus
633 424 811 461 induere.
825 426 909 460 Non
932 428 990 460 est
1007 425 1126 471 igitur
1144 426 1335 471 possibile
1353 427 1458 473 quod
1481 427 1615 463 anima
1633 428 1746 464 canis

121 472 368 518 ingrediatur
387 481 532 517 corpus
552 472 648 518 lupi,
668 472 728 508 vel
750 471 883 508 anima
904 472 1080 507 hominis
1115 473 1222 509 aliud
1244 482 1389 519 corpus
1407 484 1525 520 quam
1554 474 1746 511 hominis.

121 519 194 556 Sed
213 529 300 565 qua}
334 522 394 556 est
421 519 626 565 proportio
663 519 805 556 animae
841 519 1015 555 hominis
1050 519 1096 556 ad
1132 529 1275 565 corpus
1304 521 1495 566 hominis,
1519 521 1656 558 eadem
1689 526 1748 558 est

119 566 323 612 proportio
344 566 486 614 animae
512 566 630 612 hujus
647 566 823 603 hominis
846 566 894 602 ad
917 575 1060 611 corpus
1083 566 1201 612 huJus
1224 567 1411 604 hominis.
1436 570 1521 604 Non
1542 572 1601 605 est
1621 569 1748 615 igitur

120 613 315 659 possibile
346 613 520 650 animam
553 613 671 659 huj'us
698 613 873 649 hominis
904 613 1056 659 ingredi
1093 613 1200 650 aliud
1231 623 1376 659 eorpus
1398 625 1514 661 qnam
1538 615 1655 652 istius
1682 616 1748 652 ho-

120 660 256 697 minis.
281 660 353 697 Sed
373 660 508 697 anima
528 660 646 707 hujus
668 660 844 696 hominis
862 664 921 696 est
938 670 1006 705 per
1025 669 1143 707 quam
1165 661 1229 697 hic
1252 661 1372 697 1101110
1390 662 1604 707 intentum
1628 663 1747 699 homo

121 707 227 744 enim
247 716 316 753 per
337 708 510 744 animani
533 708 732 753 intelligit,
751 707 971 744 secundum
1008 708 1245 744 sententiam
1280 708 1501 745 Aristotelis
1525 712 1587 755 (De
1609 712 1744 749 αηιῖηια,

119 762 148 798 1,
170 758 263 791 text.
286 764 429 791 comm.
453 755 525 799 64).
548 756 633 791 Non
655 758 714 791 est
733 754 853 800 igitur
875 763 979 790 unus
995 754 1221 791 intellectus
1243 754 1361 791 istius
1378 760 1413 791 et
1430 756 1539 791 illius
1555 757 1745 794 hominis.

168 802 350 847 Amplius,
373 802 420 838 ab
440 802 578 838 eodem
600 801 749 848 aliquid
771 801 886 837 habet
919 810 1007 837 esse
1031 804 1068 837 et
1104 801 1293 838 unitatem
1318 812 1465 845 ;unu1n
1489 803 1592 839 enim
1616 808 1652 839 et
1675 813 1746 840 ens

120 856 163 885 se
182 853 494 895 consequuntur.
517 849 590 885 Sed
613 848 922 894 unumquodque
946 847 1060 884 habet
1097 857 1186 884 esse
1207 858 1276 893 per
1297 858 1410 886 suam
1434 851 1614 887 sormam.
1646 852 1745 897 Ergo

121 899 159 932 et
181 896 312 932 unitas
329 896 381 932 rei
403 896 582 942 sequitur
602 896 792 932 unitatem
814 896 966 931 l'orinae.
984 895 1238 939 Impossibile
1264 900 1324 932 est
1356 897 1477 943 igitur
1498 898 1746 934 diversorum

123 942 418 979 individuorum
444 943 650 979 hominum
684 951 773 979 csse
795 942 964 978 sormam
993 951 1126 978 unam.
1160 944 1300 979 Forma
1322 948 1453 980 autem
1479 944 1597 991 luijiis
1618 945 1745 981 horni-

122 989 185 1026 nis
207 993 266 1025 est
284 990 415 1026 anima
438 989 693 1025 intellectiva.
718 988 967 1034 Impossibile
989 993 1048 1025 est
1080 989 1200 1035 igitur
1220 990 1400 1027 omnium
1431 991 1636 1028 hominum
1658 1000 1746 1029 esse

125 1045 250 1073 unum
271 1036 529 1073 intellectum.

165 1083 203 1120 Si
225 1087 354 1120 autern
376 1083 529 1119 dicatur
548 1082 652 1129 quod
670 1082 805 1119 anima
825 1082 1017 1119 sensitiva
1032 1082 1152 1129 hujus
1172 1083 1351 1121 hominis
1373 1085 1425 1122 sit
1445 1085 1524 1121 alia
1545 1085 1592 1121 ab
1613 1086 1746 1122 anima

119 1130 312 1168 sensitiva
341 1130 464 1175 illius,
487 1133 524 1166 et
542 1138 614 1176 pro
634 1133 744 1166 tanto
781 1138 860 1166 non
886 1133 944 1166 est
974 1138 1079 1167 unus
1109 1130 1243 1175 homo,
1276 1131 1368 1168 licet
1390 1132 1442 1168 sit
1462 1141 1567 1168 unus
1590 1133 1743 1168 intelle-

118 1179 220 1221 ctus,
245 1178 318 1214 hoc
341 1180 444 1214 stare
462 1186 543 1215 non
561 1180 703 1223 potest.
726 1177 890 1222 Propria
910 1177 1014 1213 enim
1031 1178 1208 1223 operatio
1223 1178 1438 1224 cujuslibet
1459 1179 1513 1215 rei
1537 1180 1745 1225 consequi-

116 1226 182 1261 tur
198 1229 235 1260 et
256 1224 501 1262 demonstrat
522 1225 694 1270 speeiem
718 1224 859 1270 ipsius.
883 1224 990 1260 Sicut
1021 1228 1152 1262 autem
1173 1225 1364 1263 animalis
1385 1226 1544 1272 propria
1566 1227 1744 1272 operatio

118 1274 180 1308 est
199 1272 360 1316 sentire,
394 1272 450 1309 ita
489 1272 665 1309 hominis
683 1271 844 1317 propria
879 1272 1055 1317 operatio
1077 1276 1138 1309 est
1174 1273 1418 1319 intelligere,
1441 1278 1483 1310 ut
1513 1274 1746 1310 Aristoteles

119 1317 216 1355 dicit
236 1319 370 1365 (Echio.
390 1329 418 1364 1,
440 1329 474 1356 c.
498 1319 548 1366 9).
570 1318 677 1355 Unde
695 1321 849 1364 oportet
869 1318 989 1365 quod,
1012 1319 1114 1356 sieut
1133 1319 1209 1356 hoc
1233 1320 1485 1358 individuum
1519 1324 1579 1357 est
1599 1321 1746 1358 animal

117 1369 278 1412 propter
310 1375 489 1410 sensum,
520 1365 740 1403 secundum
769 1365 1020 1402 Aristotelem
1043 1366 1106 1412 (De
1144 1369 1282 1407 anima,
1303 1376 1345 1412 11,
1373 1372 1467 1405 text.
1502 1377 1646 1405 comm.
1675 1368 1745 1414 17),

119 1413 174 1449 ita
195 1413 245 1449 sit
267 1413 386 1450 horno
408 1417 565 1459 propter
594 1413 632 1449 id
655 1422 733 1459 quo
767 1413 966 1459 intelligit.
990 1413 1029 1449 ld
1050 1417 1180 1450 autem
1212 1424 1291 1461 quo
1326 1415 1513 1461 intelligit
1534 1416 1667 1452 anima
1684 1416 1744 1450 vel

119 1458 239 1496 homo
256 1469 324 1506 per
343 1461 531 1504 animam,
556 1464 615 1497 est
635 1460 859 1496 intellectus
881 1460 1101 1504 possibilis,
1126 1465 1168 1497 ut
1188 1461 1332 1499 dicitur
1353 1463 1392 1498 in
1414 1463 1529 1498 terlio
1550 1465 1601 1497 De
1621 1464 1745 1497 anima

121 1505 230 1551 (text.
250 1516 394 1543 comm.
418 1508 467 1553 5).
490 1509 556 1543 Est
578 1507 703 1553 igitur
724 1507 798 1543 1100
816 1506 1063 1543 individuum
1086 1508 1205 1545 homo
1225 1518 1294 1554 per
1312 1509 1556 1545 intellectum
1579 1509 1746 1554 possibi-

122 1553 216 1591 lem.
238 1554 277 1590 Si
302 1554 423 1600 igitur
440 1554 504 1591 1110
520 1554 639 1590 1101110
660 1553 778 1590 habet
792 1553 910 1590 aliam
927 1553 1099 1590 animam
1121 1556 1353 1593 sensitivam
1369 1565 1458 1593 cum
1474 1556 1552 1592 alio
1570 1556 1745 1600 homine,

122 1609 202 1637 non
225 1604 354 1638 aulem
377 1601 499 1638 alium
532 1601 776 1637 intellectum
798 1600 1046 1646 possibilem,
1069 1601 1138 1638 sed
1175 1612 1298 1639 unum
1321 1607 1358 1639 et
1393 1603 1588 1646 eumdem,
1613 1602 1746 1649 sequi-

119 1651 183 1684 tur
200 1648 304 1694 quod
327 1649 407 1685 sint
434 1648 512 1685 duo
540 1648 742 1691 animalia,
764 1647 834 1684 sed
861 1656 941 1684 non
968 1647 1046 1684 duo
1070 1648 1277 1693 homines3
1307 1650 1412 1697 quod
1434 1654 1539 1696 patet
1561 1650 1747 1696 impossi-

118 1693 198 1732 bile
215 1704 321 1744 esse.
344 1697 427 1731 Non
445 1695 567 1741 igitur
587 1698 648 1732 est
665 1703 770 1731 unus
786 1694 1013 1731 intellectus
1031 1696 1237 1740 possibilis
1256 1698 1434 1733 omnium
1456 1697 1677 1734 bominum.

167 1742 235 1778 His
253 1746 384 1779 autem
406 1742 628 1779 rationibus
663 1741 876 1787 respondet
911 1742 1204 1780 commentator
1224 1745 1452 1789 praedictus,
1476 1744 1614 1781 dicens
1638 1744 1745 1790 quod

118 1789 344 1826 intellectus
359 1789 566 1835 possibilis
581 1789 836 1825 continuatur
856 1788 1066 1825 nobiseum
1086 1799 1155 1835 per
1172 1790 1338 1828 formam
1358 1800 1488 1835 suam,
1507 1791 1660 1828 scilieet
1675 1801 1742 1836 per

118 1836 292 1882 speciem
324 1835 632 1883 intelligibilem,
665 1835 778 1881 cujus
812 1844 935 1872 unum
971 1836 1192 1881 subjectum
1225 1842 1283 1875 est
1305 1839 1543 1884 phantasma
1563 1838 1605 1874 in
1625 1838 1742 1874 nobis

118 1882 308 1928 existens,
347 1883 453 1930 quod
485 1886 546 1920 est
583 1884 626 1920 111
659 1882 828 1919 diversis
865 1883 1092 1928 diversum3
1114 1887 1151 1920 et
1172 1884 1230 1921 sie
1269 1885 1495 1922 intellectus
1533 1885 1744 1930 possibilis

117 1934 350 2014 xtiumeratur
378 1930 420 1967 in
441 1929 625 1975 diversis,
664 1938 746 1966 non
766 1929 920 1966 ratione
958 1939 1041 1967 suae
1076 1930 1324 1978 substantiae,
1359 1932 1428 1970 sed
1472 1933 1626 1970 ratione
1662 1941 1745 1969 suae

138 1985 274 2014 ermae.

166 2024 279 2067 Quod
299 2027 430 2061 autem
448 2024 532 2062 haec
552 2024 762 2070 responsio
796 2024 906 2061 nulla
935 2024 1000 2068 sit,
1035 2029 1196 2071 apparet
1213 2035 1283 2072 per
1302 2036 1348 2063 ea
1368 2037 1455 2074 quae
1475 2036 1596 2074 supra
1616 2027 1662 2073 (0.
1686 2025 1746 2073 59)

119 2069 224 2107 dieta
244 2074 349 2107 sunt.
372 2072 585 2108 ostensum
607 2075 668 2109 est
704 2071 810 2108 enim
839 2080 961 2118 supra
991 2073 1099 2119 quod
1120 2081 1198 2110 non
1231 2077 1292 2110 est
1310 2075 1504 2119 possibile
1539 2074 1744 2111 hominem

118 2116 355 2164 intelligere,
374 2118 408 2154 si
430 2118 489 2155 sic
512 2118 643 2155 solum
678 2118 905 2156 intellectus
950 2119 1158 2164 possibilis
1187 2120 1489 2158 continuaretur
1518 2121 1744 2158 nobiscum.

119 2164 218 2200 Dato
239 2167 370 2200 autem
390 2164 496 2211 quod
517 2165 703 2211 praedicta
718 2165 968 2203 continuatio
988 2165 1190 2204 sufficeret
1212 2167 1260 2204 ad
1281 2167 1357 2205 hoc
1371 2169 1478 2215 quod
1497 2168 1618 2205 homo
1640 2170 1746 2206 esset

120 2209 368 2257 intelligens,
388 2211 519 2249 adhuc
539 2212 753 2259 responsio
774 2212 880 2249 dicta
898 2212 1076 2250 rationes
1097 2214 1347 2261 supradictas
1367 2225 1448 2252 non
1470 2215 1602 2253 solvit.

166 2257 390 2295 Secundum
426 2259 533 2295 enim
567 2259 712 2297 dictam
738 2259 994 2305 positionem,
1033 2260 1135 2298 nihil
1172 2261 1222 2298 ad
1262 2261 1508 2299 intellectum
1540 2261 1745 2308 pertinens

118 2305 341 2341 remanebit
373 2309 622 2343 numeratum
663 2306 882 2343 secundum
912 2306 1210 2345 multitudinem
1250 2308 1474 2353 hominum,
1498 2309 1577 2345 nisi
1612 2309 1746 2346 solum

116 2351 380 2397 phantasma3
400 2356 436 2388 et
472 2352 548 2389 1100
578 2353 711 2399 ipsum
748 2353 988 2399 phantasma
1024 2363 1106 2391 11011
1141 2354 1215 2392 erit
1250 2359 1501 2393 numeratum
1523 2354 1745 2392 seeundum

117 2397 223 2445 quod
244 2398 487 2435 intellectum
517 2403 578 2436 est
596 2400 638 2436 in
669 2403 773 2444 actu,
795 2401 890 2447 quia
920 2401 980 2438 sic
1009 2404 1070 2438 est
1089 2401 1131 2438 in
1170 2401 1375 2438 intellectu
1414 2402 1599 2448 possibili
1628 2405 1666 2437 et
1686 2404 1747 2438 est

116 2445 358 2482 abstractum
381 2455 404 2482 a
421 2446 693 2483 materialibus
709 2447 1009 2485 conditionibus
1030 2457 1101 2493 per
1119 2447 1371 2485 intellectum
1393 2452 1592 2495 agentem.
1615 2448 1744 2485 Phan-

113 2494 244 2529 tasma
263 2496 410 2538 autem,
447 2492 667 2529 secundum
699 2493 805 2540 quod
825 2497 887 2531 est
921 2493 1169 2532 intellectum
1201 2493 1244 2531 in
1266 2495 1460 2540 potentia,
1482 2504 1562 2532 non
1592 2494 1747 2532 excedit

114 2539 285 2587 gradum
305 2539 450 2577 animae
464 2539 682 2577 sensitivae.

160 2587 306 2628 Adhuc,
330 2595 411 2624 non
433 2586 655 2624 remanebit
673 2585 778 2624 alius
796 2586 862 2625 hic
881 2586 1004 2625 homo
1021 2586 1071 2625 ab
1091 2586 1162 2624 illo
1189 2587 1270 2625 nisi
1290 2597 1363 2635 per
1381 2589 1558 2627 animam
1580 2588 1742 2626 sensiti-

114 2641 204 2718 {am
221 2645 230 2678 ;
252 2633 490 2717 obsequitur
508 2633 740 2680 praedictum
757 2634 1060 2679 inconveniens,
1080 2633 1188 2681 quod
1206 2643 1289 2672 non
1305 2636 1386 2673 sint
1400 2636 1536 2682 plures
1558 2636 1743 2674 homines

146 2690 182 2718 10
203 2684 241 2717 et
262 2681 273 2718 i
309 2690 344 2718 e.

162 2729 351 2770 Praeterea,
375 2727 477 2765 nihil
496 2727 664 2766 sortitur
695 2726 868 2774 speciem
890 2736 961 2774 per
989 2726 1029 2765 id
1049 2727 1154 2775 quod
1175 2731 1236 2767 est
1256 2729 1299 2766 in
1317 2729 1507 2776 potentia,
1525 2729 1594 2767 sed
1615 2739 1685 2776 per
1703 2729 1745 2768 id

114 2775 222 2821 quod
254 2778 315 2812 est
361 2778 465 2813 actu.
503 2775 746 2813 Phantasma
779 2777 925 2816 autem,
964 2774 1184 2814 secundum
1226 2777 1332 2823 quod
1378 2780 1440 2815 est
1473 2781 1740 2822 numeratum,

114 2823 177 2858 est
211 2824 365 2860 tantum
401 2822 445 2860 in
477 2822 656 2870 potentia
700 2821 751 2860 ad
788 2830 878 2860 esse
916 2821 1181 2869 intelligibile.
1231 2825 1331 2871 Ergo
1375 2833 1445 2870 per
1478 2824 1742 2870 phantasma,

115 2869 336 2907 seeundum
376 2869 484 2917 quod
530 2872 787 2914 numeratur,
824 2877 908 2908 non
949 2869 1114 2907 sortitur
1140 2870 1228 2909 >hoc
1270 2870 1520 2910 individuum
1568 2871 1741 2918 speeiem
