1894 3223
170 131 238 166 624
727 126 814 161 LIB.
840 125 900 168 IV,
927 124 1028 160 CAP.
1055 124 1215 160 LXXXII.

170 209 386 247 tollendum
423 210 603 249 mortem,
638 214 757 251 quam
790 207 995 249 peccatum
1029 203 1120 240 Adae
1159 206 1208 240 ad
1242 204 1522 243 inducendum.
1561 205 1620 242 Illi
1660 204 1783 252 igitur

170 257 236 303 qui
259 264 326 300 per
344 254 526 290 meritum
556 251 700 288 Christi
720 252 929 297 resurgent
947 260 970 286 a
986 254 1113 287 morte
1133 250 1299 297 liberati,
1322 255 1488 289 mortem
1514 251 1679 288 ulterius
1700 260 1782 288 non

198 301 377 338 attentur.

169 313 192 348 p
216 350 404 386 Praetcrea,
426 345 525 382 illud
541 345 647 392 quod
672 347 734 381 est
751 343 792 380 in
811 346 1044 390 perpetuum
1065 343 1312 388 duraturum,
1333 354 1414 381 non
1431 348 1492 382 est
1510 345 1776 382 destructum.

171 394 208 430 Si
238 393 356 439 igitur
391 393 574 429 homines
608 395 860 438 resurgentes
890 390 1019 427 adhuc
1039 390 1184 427 iterum
1214 390 1444 436 morientur,
1467 395 1510 429 ut
1531 391 1589 429 010
1610 400 1719 428 mors
1739 391 1783 428 in

169 444 401 486 perpetuum
421 440 546 484 duret,
568 438 679 476 nullo
698 437 817 474 modo
834 446 943 474 mors
963 446 1032 483 per
1053 441 1219 474 mortem
1241 437 1382 474 Christi
1402 438 1603 476 destructa
1621 442 1695 476 est.
1717 439 1786 476 Est

170 491 300 523 autem
334 487 533 522 destructa
560 494 666 522 nune
697 484 856 530 quidem
885 484 926 521 in
956 493 1089 525 causa,
1114 484 1220 530 quod
1240 485 1433 521 Dominus
1464 494 1533 530 per
1564 486 1662 522 Osee
1687 494 1786 530 prae-

170 534 322 570 dixerat
357 533 494 570 dicens
524 542 532 566 :
562 533 634 568 Ενο
672 541 767 567 mors
802 534 879 575 tua,
913 541 932 566 ο
963 541 1070 566 mors.
1108 530 1216 577 (Osa,
1247 539 1332 575 XIII,
1368 530 1438 578 lli.)
1478 532 1616 569 Ultimo
1653 535 1785 569 autem

170 580 394 616 destruetur
425 580 465 615 in
500 582 603 620 actu,
633 578 853 615 secundum
887 577 983 614 illud
1007 587 1015 612 :
1046 579 1248 615 Novissime
1269 579 1418 613 inimica
1448 577 1652 614 destruetur
1675 588 1785 615 mors.

171 627 204 673 (I
220 627 314 667 Cor„
335 635 402 666 xv,
424 626 497 672 26.)
521 628 586 662 Est
603 626 724 672 igitur
753 624 973 661 secundum
991 623 1107 661 fidem
1132 625 1317 661 Ecclesiae
1334 625 1410 661 1100
1439 625 1652 662 tenendum
1681 624 1786 672 quod

171 677 424 719 resurgentes
446 681 522 709 non
544 674 685 708 iterum
702 672 934 708 morientur.

217 721 361 760 Adhuc,
381 719 545 756 effectus
576 719 772 755 similatur
795 727 877 755 suae
910 727 1053 755 causae.
1077 718 1325 755 Resurrectio
1345 721 1476 755 autem
1500 717 1640 754 Christi
1662 727 1784 756 causa

170 770 231 803 est
263 767 403 804 suturae
432 766 745 809 resurrectionis,
767 768 810 802 ut
831 765 930 811 (cap.
947 765 1009 810 79)
1036 764 1183 801 dietum
1210 770 1270 802 est
1292 778 1299 801 :
1329 765 1387 801 sic
1417 768 1547 801 autem
1570 765 1786 801 resurrexit

172 813 348 850 Christus
388 816 428 849 ut
469 822 548 849 non
581 812 748 849 ulterius
784 814 1016 855 moreretur,
1058 811 1277 858 seeundum
1307 811 1404 848 illud
1431 812 1479 848 ad
1507 813 1632 850 Rom..
1654 820 1710 852 vl,
1731 814 1781 848 9:

173 861 334 896 Christus
354 870 542 903 resurgens
560 870 603 894 σω
621 860 783 900 mortuis,
792 859 874 904 jam
885 869 956 893 non
975 860 1140 894 moritur.
1160 858 1486 906 Homines,igitur
1500 858 1556 895 sic
1577 862 1786 905 resurgent

170 911 212 943 ut
235 907 400 943 ulterius
422 916 500 942 non
522 906 754 942 moriantur.

217 955 397 999 Amplius,
429 954 461 990 si
491 953 673 989 homines
694 955 946 999 resurgentes
972 952 1113 988 iterum
1133 952 1364 997 moriantur,
1387 956 1453 989 aut
1491 952 1539 989 ab
1569 952 1639 989 illa
1657 954 1784 990 morte

169 1000 307 1037 iterato
345 1003 565 1046 resurgent,
596 1003 664 1036 aut
701 1008 795 1035 non.
834 999 873 1035 Si
910 1007 990 1034 non
1029 1004 1262 1046 resurgent,
1298 999 1559 1036 remanebunt
1593 1003 1783 1045 perpetuo

172 1048 313 1084 animae
334 1053 522 1093 separatae
545 1059 553 1081 :
577 1046 682 1093 quod
701 1050 762 1083 est
786 1046 1085 1090 inconveniens,
1109 1050 1149 1082 ut
1182 1055 1302 1092 supra
1328 1046 1474 1083 dictum
1498 1050 1581 1090 est3
1604 1046 1652 1082 ad
1677 1045 1786 1093 quod

172 1094 398 1130 evitandum
420 1097 620 1139 ponuntur
639 1097 730 1139 post
757 1102 976 1139 resurgere.
999 1093 1077 1135 Vel,
1094 1093 1128 1129 si
1149 1098 1239 1138 post
1271 1093 1483 1130 secundam
1504 1096 1669 1129 mortem
1703 1101 1786 1130 non

170 1145 394 1188 resurgant,
422 1141 531 1177 nulla
551 1141 623 1176 erit
655 1150 777 1177 causa
802 1149 921 1186 quare
943 1142 1032 1184 post
1049 1139 1215 1184 primam
1236 1144 1457 1186 resurgant.
1479 1140 1515 1176 Si
1543 1143 1673 1176 autem
1694 1142 1786 1185 post

172 1188 390 1224 secundam
411 1192 575 1224 mortem
611 1187 750 1224 iterato
772 1190 990 1232 resurgent,
1014 1189 1081 1222 aut
1100 1190 1308 1232 resurgent
1339 1188 1478 1223 iterum
1505 1187 1696 1230 morituri,
1716 1190 1785 1223 aut

170 1243 265 1270 non.
296 1235 334 1270 Si
369 1243 449 1270 non
486 1234 680 1278 morituri,
713 1234 848 1270 eadem
887 1233 1037 1269 ratione
1063 1232 1138 1269 hoc
1161 1234 1234 1269 erit
1262 1234 1487 1279 ponendum
1516 1236 1552 1269 et
1586 1233 1625 1269 in
1657 1233 1784 1278 prima.

173 1282 489 1325 resurreetione;
511 1281 545 1318 si
566 1289 655 1317 vero
689 1280 829 1316 iterum
857 1280 1051 1323 morituri,
1074 1280 1257 1324 procedet
1293 1281 1334 1316 in
1355 1280 1552 1316 infinitum
1574 1280 1782 1317 alternatio

170 1328 310 1365 mortis
340 1331 378 1364 et
402 1328 488 1364 vitae
518 1328 557 1364 in
584 1328 722 1364 eodem
756 1326 933 1372 subjecto
956 1337 963 1360 ε
986 1327 1091 1373 quod
1120 1327 1270 1364 videtur
1301 1327 1600 1364 inconveniens.
1623 1328 1784 1372 Oportet

169 1375 274 1411 enim
293 1374 397 1421 quod
422 1374 587 1411 intentio
608 1374 674 1411 Dei
695 1373 922 1410 suscitantis
949 1373 996 1410 ad
1015 1373 1162 1419 aliquid
1184 1374 1484 1410 determinatum
1512 1374 1671 1410 feratur.
1693 1375 1786 1418 Ipsa

170 1424 300 1458 autem
329 1421 466 1458 mortis
489 1424 526 1457 et
551 1421 638 1457 vitae
663 1421 868 1457 alternatio
897 1420 1124 1457 successiva
1153 1423 1213 1457 est
1242 1421 1354 1466 quasi
1384 1420 1561 1466 quaedam
1584 1424 1781 1456 transmu-

169 1468 280 1512 tatio,
299 1477 385 1514 quae
407 1467 497 1504 finis
516 1477 604 1505 esse
623 1477 702 1504 non
720 1470 871 1513 potest;
893 1470 953 1503 est
968 1467 1073 1504 enim
1097 1472 1235 1504 contra
1252 1467 1443 1504 rationem
1457 1471 1591 1504 motus
1611 1466 1716 1513 quod
1730 1466 1784 1504 sit

170 1514 277 1558 finis,
301 1524 422 1561 quum
442 1515 571 1552 omnis
591 1519 723 1551 motus
744 1515 785 1550 in
803 1513 909 1554 aliud
929 1513 1075 1550 tendat.

213 1563 404 1601 Praeterea,
429 1562 594 1598 intentio
615 1561 814 1598 inferioris
836 1563 983 1596 naturae
1004 1560 1044 1597 in
1066 1559 1219 1606 agendo
1241 1560 1288 1596 ad
1312 1560 1609 1606 perpetuitatem
1643 1560 1779 1597 fertur.

169 1609 306 1646 Omnis
338 1609 440 1644 enim
473 1611 621 1645 naturae
651 1608 850 1645 inferioris
883 1607 982 1644 actio
1021 1607 1067 1643 ad
1104 1608 1400 1651 generationem
1428 1607 1645 1651 ordinatur,
1667 1607 1781 1653 cujus

168 1656 326 1702 quidem
346 1655 437 1692 finis
460 1660 517 1692 est
537 1660 577 1692 ut
598 1659 853 1692 conservetur
874 1664 962 1691 esse
983 1658 1214 1700 perpetuum
1235 1655 1404 1700 speciei;
1427 1655 1530 1691 unde
1546 1660 1687 1691 natura
1699 1663 1780 1691 non

169 1702 340 1739 intendit
361 1703 436 1739 1100
455 1702 700 1739 individuum
717 1702 818 1747 sieut
839 1701 1019 1738 ultimum
1034 1701 1166 1745 finem,
1185 1701 1253 1738 sed
1274 1701 1418 1746 speciei
1438 1701 1780 1740 conservationem

168 1750 209 1785 in
227 1750 313 1794 ipso
333 1761 341 1785 ;
365 1753 401 1785 et
422 1750 497 1786 1100
517 1750 634 1786 habet
652 1754 805 1792 natura,
822 1749 1056 1795 inquantum
1069 1748 1150 1794 agit
1164 1748 1203 1783 in
1216 1749 1357 1785 virtute
1375 1748 1452 1792 Dei,
1474 1758 1560 1795 quae
1578 1752 1638 1785 est
1654 1748 1783 1793 prima

168 1796 279 1833 radix
297 1797 568 1842 perpetuitatis
589 1808 596 1832 :
619 1797 722 1833 unde
752 1798 868 1832 etiam
898 1796 990 1832 finis
1020 1795 1286 1841 generationis
1307 1805 1396 1832 esse
1424 1796 1583 1841 ponitur
1601 1805 1624 1831 a
1650 1795 1782 1832 Philo-

168 1844 295 1888 sopho
330 1842 394 1888 (De
421 1845 659 1887 generatione,
688 1853 730 1885 11,
769 1847 861 1879 text.
894 1851 996 1879 com.
1027 1842 1101 1888 59),
1136 1845 1176 1877 ut
1206 1847 1393 1888 generata
1432 1843 1664 1888 participent
1690 1851 1780 1879 esse

167 1890 343 1927 divinum
365 1890 582 1926 secundum
604 1890 916 1935 perpetuitatem.
938 1889 1057 1925 Multo
1092 1889 1209 1935 igitur
1225 1890 1353 1936 magis
1375 1890 1475 1925 actio
1496 1889 1623 1934 ipsius
1641 1889 1709 1925 Dei
1729 1889 1780 1926 ad

167 1937 314 1983 aliquid
342 1941 573 1981 perpetuum
598 1937 733 1973 tendit.
762 1937 1010 1973 Resurrectio
1029 1939 1159 1972 autem
1186 1944 1267 1971 non
1288 1936 1493 1973 ordinatur
1515 1935 1562 1972 ad
1584 1935 1779 1981 perpetui-

165 1986 285 2020 tatem
306 1983 473 2028 speciei;
497 1983 578 2020 11000
611 1983 714 2019 enim
748 1993 816 2028 per
845 1983 1140 2029 generationem
1175 1986 1327 2026 poterat
1359 1982 1597 2019 conservari.
1621 1984 1780 2027 Oportet

166 2030 288 2077 igitur
307 2030 411 2076 quod
432 2030 636 2066 ordinetur
661 2030 709 2066 ad
744 2030 1042 2075 perpetuitatem
1063 2029 1266 2065 individui.
1287 2032 1374 2066 Non
1395 2033 1526 2066 autem
1559 2029 1778 2065 secundum

167 2076 337 2114 animam
356 2080 523 2121 tantum,
545 2077 619 2113 1100
646 2076 748 2112 011101
767 2077 847 2122 jam
868 2076 1000 2113 anima
1019 2076 1186 2112 habebat
1205 2080 1295 2112 ante
1316 2077 1661 2113 resurrectionem.
1676 2078 1777 2123 Ergo

167 2124 386 2161 secundum
404 2125 683 2169 compositum.
707 2126 831 2160 Homo
853 2123 972 2169 igitur
989 2131 1202 2169 resurgens
1223 2128 1412 2169 perpetuo
1427 2124 1542 2159 vivet.

213 2171 358 2214 Adhuc,
387 2171 517 2207 anima
537 2175 572 2207 et
594 2180 736 2216 eorpus
758 2171 912 2207 diverso
934 2170 1071 2207 ordine
1104 2171 1323 2215 comparari
1353 2170 1534 2206 videntur
1560 2169 1781 2206 secundum

166 2218 333 2264 primam
355 2217 528 2254 hominis
549 2218 858 2264 generationem,
881 2220 918 2253 et
946 2216 1275 2253 resurrectionem
1297 2217 1487 2262 ejusdem.
1509 2219 1605 2253 Nam
1637 2225 1780 2253 secun-

165 2265 258 2301 dum
279 2264 573 2309 generationem
596 2264 760 2310 primam
787 2264 932 2301 creatio
951 2265 1090 2300 animae
1110 2263 1290 2310 sequitur
1310 2264 1605 2310 generationem
1638 2272 1779 2309 corpo·
1837 2272 1850 2279 ‘

164 2311 240 2355 11ος
260 2314 474 2357 praeparata
495 2312 599 2347 enim
621 2312 785 2348 materia
805 2311 999 2356 corporali
1018 2320 1087 2356 per
1107 2311 1290 2347 virtutem
1311 2311 1434 2348 decisi
1469 2311 1650 2355 seminis,
1673 2312 1779 2347 Deus

164 2358 336 2395 animam
357 2358 526 2394 creando
548 2359 720 2394 infundit
742 2370 750 2402 3
773 2359 813 2394 in
840 2358 1129 2394 resurrectione
1162 2361 1292 2395 autem
1328 2367 1472 2404 corpus
1503 2358 1646 2394 animae
1677 2367 1777 2403 prae-

164 2405 346 2442 existenti
381 2405 639 2450 coaptabitur.
674 2405 801 2442 Prima
833 2408 963 2441 autem
982 2405 1073 2448 vita,
1094 2413 1211 2451 quam
1242 2404 1361 2441 homo
1391 2415 1459 2451 per
1478 2404 1777 2451 generationem

163 2452 408 2497 adipiscitur,
429 2453 607 2498 sequitur
626 2452 891 2489 conditionem
912 2451 1179 2498 corruptibilis
1200 2452 1392 2497 corporis,
1416 2453 1456 2488 in
1475 2452 1550 2488 1100
1583 2451 1688 2498 quod
1706 2460 1778 2498 per

163 2502 329 2535 mortem
350 2499 521 2544 privatur
539 2499 630 2536 vita.
653 2499 736 2535 Vita
762 2499 883 2546 igitur
902 2508 1019 2545 quam
1052 2499 1170 2535 homo
1188 2499 1432 2545 resurgendo
1454 2498 1686 2544 adipiscitur
1705 2498 1779 2536 erit

164 2549 350 2590 perpetua
370 2546 586 2582 secundum
608 2545 877 2583 conditionem
896 2545 1205 2591 incorruptibilis
1221 2546 1376 2582 anitnae.

182 2638 188 2643 ·
212 2594 311 2633 Item,
341 2593 374 2629 si
393 2592 433 2628 in
451 2592 647 2629 infinitum
669 2593 883 2629 succedant
901 2592 976 2629 sibi
995 2593 1035 2628 in
1056 2593 1194 2629 eodem
1213 2593 1292 2629 vita
1306 2598 1343 2629 et
1362 2602 1484 2636 mors,
1505 2592 1592 2638 ipsa
1611 2592 1774 2630 alterna-

162 2642 216 2689 tro
236 2639 321 2675 vitae
340 2644 378 2676 et
396 2639 536 2676 mortis
556 2640 715 2676 habebit
734 2640 907 2684 speciem
927 2639 1199 2676 circulationis
1219 2639 1440 2686 qu'usdam.
1474 2639 1612 2676 Omnis
1644 2643 1775 2676 autem

162 2685 362 2736 circulatio
379 2686 420 2722 in
442 2686 558 2723 rebus
579 2687 869 2733 generabilibus
890 2690 927 2723 et
948 2686 1269 2732 corruptibilibus
1306 2696 1329 2724 a
1358 2687 1484 2732 prima
1519 2686 1777 2723 circulatione

162 2732 515 2783 incorruptibilium
535 2742 744 2779 corporum
765 2737 951 2770 causatur
973 2743 980 2767 :
999 2743 1090 2770 nam
1110 2734 1234 2778 prima
1248 2733 1453 2770 circulatio
1470 2734 1511 2769 in
1531 2736 1640 2770 motu
1658 2731 1775 2768 locali

161 2783 359 2814 invenitur
373 2807 382 2821 ‚
414 2784 449 2814 et
488 2780 705 2816 secundum
739 2780 824 2826 eJus
857 2780 1157 2817 similitudinem
1190 2781 1237 2816 ad
1271 2784 1403 2817 motus
1431 2779 1532 2817 alios
1564 2778 1772 2815 derivatur.

162 2825 392 2861 causabitur
415 2825 533 2876 igit—ur
549 2827 756 2864 alternatio
776 2828 916 2864 mortis
936 2829 974 2863 et
990 2827 1076 2863 vitae
1102 2837 1125 2864 a
1158 2836 1323 2872 corpore
1343 2826 1495 2863 coelesti
1515 2837 1522 2867 ;
1551 2825 1656 2871 quod
1685 2834 1774 2862 esse

161 2880 243 2908 non
261 2873 404 2918 potest,
425 2882 518 2918 quia
538 2874 730 2919 reparatio
761 2875 941 2920 corporis
960 2874 1104 2911 mortui
1140 2874 1189 2910 ad
1217 2874 1336 2910 vitam
1357 2873 1585 2910 facultatem
1605 2871 1776 2909 actionis

1879 2363 1883 2369 ¹
1879 2191 1894 2315 'manha-..t

1883 2663 1888 2667 “
1885 2527 1894 2626 ...ι-..Δ
1886 2487 1894 2514 .-.
