1894 3223
137 128 205 164 508
750 121 833 157 ΜΒ.
863 125 921 166 W,
949 124 1049 160 CAP.
1075 125 1134 161 xl.

815 290 981 332 CAPUT
1008 290 1078 332 XI.

205 409 386 444 QUOMODO
411 409 649 440 ACCIPIENDA.
671 409 731 438 SIT
757 408 976 438 GENERATIO
1002 408 1045 437 IN
1069 409 1220 439 DIVINIS
1243 410 1294 439 ET
1317 411 1404 445 QUAE
1428 411 1478 440 DE
1500 412 1599 440 FILIO
1625 412 1692 441 DEI

688 467 878 496 DICUNTUR
902 467 941 495 IN
967 468 1199 497 SCRIPTURIS.

185 576 426 623 Principium
463 579 594 613 autem
638 575 757 622 hujus
805 575 1040 613 intentionis
1086 575 1180 613 hinc
1216 584 1373 613 sumere
1410 581 1588 623 oportet,
1627 578 1748 625 quod,

137 624 357 662 secundum
372 623 639 660 diversitatem
661 626 904 667 naturarum,
919 623 1100 660 diversus
1116 623 1380 660 emanationis
1394 624 1537 662 modus
1552 624 1753 663 invenitur

135 671 176 709 in
197 670 314 708 rebus
332 682 341 715 ;
369 674 407 707 et
425 674 572 716 quanto
594 669 728 716 aliqua
747 673 887 706 natura
905 673 964 707 est
984 669 1114 714 altior,
1131 673 1241 706 tanto
1269 669 1309 707 id
1329 671 1435 717 quod
1465 680 1512 708 ex
1529 681 1575 708 ea
1595 676 1754 710 emanat

135 717 264 765 magis
285 721 345 755 est
376 717 572 753 intimum.
600 718 643 752 In
666 717 782 753 rebus
803 716 905 753 enim
928 716 1115 753 omnibus
1135 716 1353 754 inanimata
1378 726 1544 762 corpora
1570 718 1751 758 infimum

136 765 268 801 locum
298 767 446 808 tenent,
476 763 517 801 in
548 763 693 810 quibus
718 764 989 800 emanationes
1020 764 1133 800 aliter
1151 772 1240 801 esse
1270 773 1350 801 non
1371 768 1540 810 possunt
1571 765 1650 802 nisi
1683 775 1754 811 per

137 812 334 848 actionem
365 811 485 848 unius
506 819 643 847 eorum
664 812 705 846 in
726 810 885 857 aliquod
915 810 1080 847 alterum
1099 821 1108 855 ;
1133 810 1192 848 sic
1211 810 1316 847 enim
1337 820 1384 847 ex
1416 811 1507 858 igne
1542 814 1753 856 generatur

135 859 254 905 ignis,
271 858 363 895 dum
379 858 426 894 ab
448 858 539 905 igne
560 866 704 903 corpus
725 861 953 894 extraneum
970 857 1157 894 alteratur
1169 861 1207 895 et
1220 857 1268 895 ad
1283 857 1509 904 qualitatem
1525 861 1562 894 et
1579 859 1750 904 speciem

136 906 244 952 ignis
267 904 508 951 perducitur.
529 906 622 942 Post
640 904 856 941 inanimata
876 913 967 941 vero
986 913 1166 950 corpora,
1199 905 1421 950 proximum
1457 905 1586 942 locum
1619 909 1754 943 tenent

136 954 294 998 plantae,
313 952 354 988 in
375 951 520 998 quibus
536 951 616 998 jam
640 952 837 988 emanatio
854 951 1090 988 exinteriori
1111 951 1301 997 procedit,
1327 952 1367 988 in
1390 954 1580 998 quantum
1602 952 1753 990 scilicet

137 1000 282 1037 humor
302 999 445 1045 plantae
466 998 673 1035 intraneus
701 999 739 1034 in
763 1007 898 1035 semen
919 998 1161 1035 convertitur
1180 1001 1218 1034 et
1235 998 1333 1035 illud
1352 1007 1488 1035 semen
1509 1004 1623 1035 terrae
1640 1008 1751 1036 man-

138 1046 271 1083 datum
292 1046 435 1083 crescit
466 1045 505 1082 in
527 1045 716 1092 plantam.
736 1047 820 1082 Jam
849 1055 942 1092 ergo
962 1045 1027 1082 hic
1058 1045 1211 1091 primus
1237 1045 1384 1092 gradus
1404 1047 1492 1083 vitae
1526 1046 1749 1091 invenitur;

137 1102 226 1130 narn
262 1093 434 1129 viventia
454 1097 547 1130 sunt
567 1101 653 1139 quae
674 1092 806 1138 seipsa
838 1097 997 1129 movent
1017 1092 1065 1129 ad
1097 1092 1308 1138 agendum,
1332 1092 1401 1130 illa
1431 1101 1524 1130 vero
1555 1102 1642 1139 quae
1671 1102 1750 1130 non

137 1140 216 1177 nisi
237 1140 432 1177 exteriora
449 1148 606 1177 movere
626 1143 795 1185 possunt
824 1139 986 1176 omnino
1007 1141 1100 1176 sunt
1118 1139 1197 1176 vita
1215 1140 1412 1182 carentia:
1435 1139 1475 1176 in
1491 1139 1636 1186 plantis
1657 1148 1750 1178 vero

138 1187 213 1224 hoc
230 1186 416 1223 indicium
437 1186 524 1223 vitae
545 1190 604 1223 est
636 1186 740 1232 quod
760 1186 798 1222 id
820 1186 924 1232 quod
947 1187 987 1222 in
1005 1186 1103 1232 ipsis
1122 1189 1181 1222 est
1209 1190 1339 1223 movet
1371 1187 1545 1233 aliquam
1565 1187 1747 1224 sormam.

138 1235 203 1270 Est
226 1238 354 1270 tamen
373 1234 452 1269 vita
471 1233 691 1279 plantarum
712 1233 954 1278 imperfecta,
975 1233 1080 1280 quia,
1103 1233 1300 1269 emanatio
1322 1233 1362 1269 in
1383 1233 1440 1270 eis
1463 1233 1554 1270 licet
1582 1233 1630 1271 ab
1651 1233 1749 1271 inte-

137 1280 231 1317 riori
271 1280 469 1326 procedat‚
512 1283 643 1316 tamen
685 1280 872 1326 paulatim
910 1279 957 1316 ab
992 1279 1247 1317 interioribus
1285 1280 1421 1317 exiens
1452 1280 1557 1326 quod
1594 1283 1750 1317 emanat

136 1326 308 1363 finaliter
329 1327 490 1364 omnino
514 1326 779 1363 extrinsecum
799 1327 1020 1370 invenitur3
1045 1327 1188 1363 humor
1219 1326 1325 1363 enim
1356 1327 1510 1364 arboris
1541 1327 1669 1373 primo
1701 1327 1749 1365 ab

138 1374 276 1410 arbore
301 1374 507 1420 egrediens
527 1373 570 1410 fit
589 1372 663 1410 flos
695 1377 732 1409 et
761 1373 920 1410 tandem
951 1373 1101 1410 fructus
1121 1373 1168 1410 ab
1189 1373 1340 1410 arboris
1361 1374 1506 1410 cortice
1537 1374 1748 1420 discretus,

138 1421 207 1457 sed
229 1420 263 1457 ei
282 1421 493 1467 colligatus
512 1432 520 1464 ;
540 1420 711 1466 perfecto
733 1424 862 1457 autem
883 1421 1025 1463 fructu,
1042 1421 1205 1457 omnino
1227 1420 1275 1457 ab
1297 1420 1434 1457 arbore
1456 1423 1673 1466 separatur,
1696 1426 1747 1466 et,

135 1467 175 1503 in
216 1472 359 1503 terram
393 1466 552 1512 cadens,
586 1467 809 1504 sementina
841 1467 981 1504 virtute
1020 1467 1200 1512 producit
1234 1467 1350 1504 aliam
1383 1467 1570 1513 plantam.
1590 1467 1631 1504 Si
1659 1468 1749 1514 quis

137 1514 255 1550 etiam
286 1513 497 1561 diligenter
527 1513 764 1558 consideret,
784 1514 955 1560 primum
987 1512 1107 1560 hujus
1130 1514 1394 1551 emanationis
1429 1514 1667 1560 principium
1700 1515 1749 1552 ab

137 1560 319 1598 exteriori
351 1561 541 1605 sumitur;
576 1569 666 1597 nam
698 1560 841 1598 humor
872 1560 1115 1598 intrinsecus
1142 1561 1295 1598 arboris
1328 1571 1397 1607 per
1422 1561 1574 1598 radices
1603 1570 1627 1598 a
1646 1565 1752 1599 terra

136 1608 320 1653 sumitur,
338 1608 383 1644 de
401 1618 479 1655 qua
498 1608 631 1653 planta
651 1608 817 1653 suscipit
831 1608 1129 1644 nutrimentum.
1151 1608 1255 1644 Ultra
1269 1608 1491 1654 plantarum
1509 1608 1746 1653 verovitam,

136 1655 252 1692 altior
288 1655 435 1702 gradus
463 1655 552 1692 vitae
581 1655 793 1700 invenitur,
815 1664 901 1702 quae
936 1658 996 1691 est
1032 1655 1252 1692 secundum
1293 1655 1465 1692 animam
1501 1655 1747 1697 sensitivam,

136 1702 249 1748 cujus
271 1702 468 1740 emanatio
489 1702 661 1748 propria,
683 1702 756 1739 etsi
778 1702 825 1739 ab
847 1701 1029 1739 exteriori
1050 1702 1226 1748 incipiat,
1246 1701 1288 1739 in
1309 1702 1485 1739 interiori
1517 1706 1649 1739 tamen
1671 1707 1747 1739 ter-

135 1750 334 1791 minatur;
357 1752 405 1793 et,
428 1752 575 1796 quanto
605 1749 959 1796 emanatiomagis
992 1749 1214 1793 incesserit,
1236 1752 1344 1786 tanto
1374 1749 1502 1796 magis
1535 1749 1583 1786 ad
1611 1749 1751 1786 intima

137 1796 364 1841 devenitur3
387 1796 574 1833 sensibile
599 1796 702 1833 enim
721 1797 893 1833 exterius
923 1797 1087 1832 sormam
1119 1805 1231 1833 suam
1266 1797 1528 1833 exterioribus
1563 1796 1749 1833 sensibus

134 1843 291 1890 ingerit,
314 1853 335 1880 a
355 1843 499 1890 quibus
519 1843 695 1889 procedit
718 1843 759 1880 in
785 1843 1108 1890 imaginationem
1130 1846 1167 1879 et
1186 1843 1353 1880 ulterius
1371 1843 1413 1879 in
1433 1843 1633 1880 memoriae
1661 1843 1747 1880 the-

135 1898 312 1927 saurum.
341 1892 384 1926 In
416 1890 592 1936 quolibet
614 1894 746 1927 tamen
766 1889 885 1936 hujus
916 1890 1180 1927 emanationis
1211 1898 1417 1936 processu,
1440 1890 1678 1935 principium
1712 1894 1749 1926 et

132 1936 327 1974 terminus
356 1937 550 1982 pertinent
584 1937 632 1974 ad
664 1937 844 1981 diversa;
877 1945 957 1973 non
987 1936 1089 1973 enim
1112 1936 1244 1983 aliqua
1276 1937 1451 1982 potentia
1485 1936 1675 1973 sensitiva
1706 1937 1747 1973 in

135 1983 306 2029 seipsam
329 1983 552 2021 reflectitur.
577 1985 641 2020 Est
663 1993 757 2030 ergo
779 1983 841 2020 hic
862 1983 1009 2030 gradus
1029 1983 1117 2020 vitae
1138 1986 1248 2020 tanto
1269 1984 1384 2020 altior
1405 1993 1522 2029 quain
1541 1983 1620 2020 vita
1638 1983 1750 2029 plan-

135 2033 262 2067 tarum
277 2035 424 2076 quanto
441 2031 617 2077 operatio
634 2030 752 2076 hujus
765 2030 851 2067 vitae
870 2031 997 2077 magis
1015 2030 1052 2066 in
1075 2030 1227 2067 intimis
1247 2031 1495 2074 continetur;
1517 2034 1746 2067 nontamen

136 2081 194 2114 est
219 2078 382 2114 omnino
403 2077 481 2114 vita
501 2077 685 2123 perfecta,
714 2087 834 2124 quum
856 2077 1053 2114 emanatio
1072 2086 1228 2123 semper
1248 2077 1314 2113 tiat
1335 2087 1382 2114 ex
1404 2086 1483 2114 uno
1504 2077 1543 2113 in
1565 2077 1746 2115 alterum.

135 2125 201 2160 Est
233 2124 354 2170 igitur
383 2133 593 2171 supremus
628 2129 666 2160 et
696 2125 893 2170 perfectus
919 2124 1066 2171 gradus
1086 2124 1188 2169 vitae,
1211 2125 1277 2171 qui
1299 2127 1359 2161 est
1391 2124 1611 2161 secundum
1632 2124 1746 2161 intel·

135 2170 305 2215 lectum3
342 2180 432 2208 nam
465 2171 689 2208 intellectus
724 2171 763 2208 in
798 2171 971 2217 seipsum
1001 2171 1227 2216 reflectitur,
1249 2175 1285 2208 et
1312 2171 1489 2217 seipsum
1526 2171 1746 2218 intelligere

164 2222 277 2255 otest.
301 2218 376 2255 Sed
396 2223 433 2255 et
461 2219 502 2255 in
524 2218 780 2255 intellectuali
800 2219 878 2255 vita
899 2218 1042 2255 diversi
1058 2218 1205 2264 gradus
1226 2218 1504 2261 inveniuntur3
1526 2227 1615 2254 nam
1637 2218 1744 2254 intel-

153 2269 261 2302 ectus
293 2265 505 2309 humanus,
529 2265 602 2302 etsi
635 2265 810 2311 seipsum
843 2274 1085 2312 cognoscere
1118 2265 1259 2311 possit,
1290 2269 1422 2302 tamen
1457 2265 1626 2310 primum
1665 2274 1744 2302 suae

135 2312 379 2358 cognitionis
409 2313 564 2350 initium
593 2311 640 2349 ab
661 2312 883 2349 extrinseco
914 2312 1058 2357 sumit;
1080 2313 1173 2359 quia
1203 2321 1282 2349 non
1312 2316 1373 2349 est
1401 2312 1622 2359 intelligere
1658 2312 1745 2349 sine

134 2359 423 2405 phantasmate,
445 2363 488 2398 ut
520 2369 566 2397 ex
589 2359 863 2405 superioribus
883 2363 988 2406 patet
1012 2359 1053 2406 (l.
1078 2369 1120 2400 11,
1148 2369 1184 2396 c.
1204 2359 1278 2406 40).
1302 2359 1515 2396 perfectior
1544 2359 1664 2406 igitur
1687 2363 1747 2396 est

134 2407 415 2444 intellectualis
443 2407 523 2444 vita
548 2407 590 2444 in
621 2407 789 2453 angelis,
812 2407 850 2443 in
885 2407 1030 2453 quibus
1057 2406 1283 2444 intellectus
1306 2406 1353 2443 ad
1383 2406 1445 2443 sui
1476 2405 1746 2452 cognitionem

134 2462 215 2490 non
239 2454 416 2499 procedit
433 2464 480 2491 ex
500 2454 634 2501 aliquo
654 2454 853 2497 exteriori,
873 2454 940 2490 sed
963 2463 1031 2499 per
1053 2463 1096 2491 se
1115 2454 1323 2501 cognoscit
1343 2453 1517 2499 seipsum
1537 2464 1545 2496 3
1569 2452 1746 2490 nondum

135 2503 265 2551 tamen
281 2501 328 2537 ad
344 2501 520 2538 ultimam
539 2500 818 2547 perfectionem
829 2501 908 2537 vita
929 2501 1106 2547 ipsorum
1127 2501 1327 2547 pertingit,
1347 2502 1452 2547 quia,
1470 2500 1561 2536 licet
1578 2499 1744 2536 intentio

134 2548 334 2585 intellecta
351 2548 403 2585 sit
423 2549 481 2586 eis
502 2549 666 2586 omnino
686 2548 914 2591 intrinseca,
931 2551 1161 2585 nontamen
1183 2548 1269 2594 ipsa
1283 2547 1448 2584 intentio
1467 2546 1665 2583 intellecta
1685 2549 1746 2583 est

136 2602 272 2631 eorum
304 2595 540 2640 substantia,
568 2595 661 2642 quia
697 2604 778 2632 non
805 2599 865 2632 est
896 2595 999 2631 idem
1020 2594 1061 2631 in
1092 2595 1151 2632 eis
1181 2594 1402 2641 intelligere
1434 2597 1471 2630 et
1500 2602 1602 2637 esse,
1625 2596 1668 2629 ut
1697 2601 1750 2629 ex

135 2642 406 2686 superioribus
424 2645 541 2688 patet.
563 2642 706 2679 Ultima
723 2642 844 2690 igitur
864 2641 1051 2688 perfectio
1070 2642 1158 2679 vitae
1179 2641 1365 2687 competit
1384 2643 1477 2685 Deo,
1497 2641 1537 2677 in
1564 2648 1643 2687 quo
1662 2647 1742 2675 non

136 2690 194 2723 est
216 2688 321 2724 aliud
342 2689 562 2736 intelligere
582 2691 620 2726 et
639 2689 745 2726 aliud
766 2698 869 2733 esse,
889 2693 931 2726 ut
951 2698 1073 2735 supra
1091 2692 1297 2726 ostensum
1331 2692 1414 2732 est;
1437 2692 1473 2724 et
1505 2688 1559 2723 ita
1590 2690 1745 2731 oportet

142 2740 247 2793 quod
267 2741 430 2793 intentio
449 2739 648 2780 intellecta
663 2742 703 2779 in
723 2744 801 2779 Deo
823 2742 873 2778 sit
893 2741 980 2787 ipsa
1001 2741 1132 2793 divina
1146 2730 1447 2793 essentiasbico
1463 2744 1591 2791 aut-em
1613 2740 1750 2776 intem-'⁴
1766 2744 1784 2787 ἰΧ
1824 2767 1833 2778 2

77 2803 89 2814 ν
140 2790 289 2825 nonem
310 2788 543 2825 intellectam
563 2789 602 2825 id
623 2788 727 2836 quod
749 2789 971 2825 intellectus
990 2787 1029 2824 in
1049 2796 1181 2833 seipso
1197 2791 1369 2832 concipit
1388 2787 1434 2822 de
1455 2795 1495 2821 re
1521 2785 1749 2833 1ntellecta„
1786 2793 1791 2807 t

143 2833 235 2878 Quae
258 2833 413 2879 quidem
434 2834 472 2869 in
496 2835 609 2872 nobis
629 2845 756 2881 nequit
779 2839 838 2871 est
856 2834 941 2880 ipsa
961 2843 1024 2871 res
1045 2843 1131 2880 quae
1162 2833 1395 2878 intelligitur
1422 2840 1546 2876 neque
1569 2835 1627 2867 est
1648 2832 1735 2878 ipsa

142 2880 363 2920 substantia
383 2879 618 2927 intellectus,
640 2882 709 2918 sed
729 2885 765 2918 et
800 2881 977 2928 quaedam
998 2880 1216 2918 similitudo
1242 2882 1428 2924 concepta
1450 2878 1648 2915 intellectu
1684 2879 1732 2917 de

1855 2788 1894 2824 a*
