1894 3223
685 81 771 118 LIB.
799 81 846 126 ΙΙ,
874 81 977 117 CAP.
1003 80 1160 118 LXXXV.
1661 86 1726 122 231

150 164 336 210 Amplius,
357 165 564 200 ostensum
585 164 647 200 est
665 170 785 208 supra
806 161 846 208 (l.
880 171 906 207 ι,
929 172 962 199 c.
985 166 1006 199 2
1071 161 1176 209 quod
1203 163 1307 215 Deus
1340 163 1492 202 nullius
1525 164 1580 202 rei
1604 164 1731 203 forma

106 220 198 250 esse
218 213 360 258 potest.
377 210 518 247 Anima
546 212 678 247 autem
706 210 879 246 humana
902 213 963 246 est
994 210 1012 246 s
1059 218 1122 247 ma
1147 219 1216 246 cor
1245 218 1341 255 oris,
1377 214 1420 248 ut
1440 213 1647 250 ostensum
1669 217 1730 251 est

105 258 156 308 (c.
174 261 217 296 57
239 261 278 295 et
296 259 342 295 68
362 261 400 294 et
422 256 555 303 infra).
576 257 661 294 Non
682 255 804 302 igitur
822 255 942 293 estde
965 257 1189 294 substantia
1235 257 1352 295 ivina.

151 307 346 350 Praeterea,
365 312 483 341 omne
500 303 599 340 illud
629 312 676 340 ex
696 311 775 349 quo
796 302 839 340 fit
864 303 1014 350 aliquid
1035 303 1154 340 estin
1175 304 1351 350 potentia
1370 304 1418 342 ad
1437 304 1477 343 id
1493 305 1597 353 quod
1620 306 1661 344 fit
1682 317 1731 345 ex

109 350 418 392 eo.Substantia
439 354 570 388 autem
593 350 659 387 Dei
682 359 760 387 non
779 350 895 386 estin
918 351 1092 396 potentia
1119 350 1167 388 ad
1201 351 1250 387 ali
1285 351 1364 396 uid,
1393 360 1515 399 quum
1535 354 1587 390 sit
1607 363 1729 400 purus

108 403 238 440 actus,
262 402 303 435 ut
323 407 443 444 supra
460 398 501 444 (l.
521 406 549 443 1,
570 407 606 434 c.
630 396 687 445 16)
710 401 917 434 ostensum
949 401 1021 435 cst.
1056 398 1267 444 Impossibi
1287 409 1306 436 e
1336 402 1397 436 est
1416 399 1538 447 igitur
1557 401 1663 448 quod
1683 406 1731 440 ex

109 446 337 487 substantia
357 445 424 482 Dei
447 444 514 482 fiat
531 444 666 482 anima
683 444 745 481 vel
766 445 1043 492 quodcumque
1065 445 1185 482 aliud.

153 494 300 532 Adhuc.
322 492 420 530 illud
438 501 486 528 ex
511 500 591 540 quo
623 490 667 528 fit
695 492 801 528 aliud
835 492 970 539 aliquo
989 492 1107 528 modo
1140 495 1314 530 mutatur
1335 504 1344 529 :
1364 494 1468 531 Deus
1499 497 1629 531 autem
1671 498 1729 532 est

105 541 273 580 omnino
293 539 528 584 immobilis,
560 542 601 576 ut
629 548 749 584 supra
781 539 820 585 (l.
844 548 870 583 1,
904 550 938 576 e.
965 538 1023 587 Η)
1052 539 1259 586 probatum
1290 542 1363 577 est.
1399 541 1649 587 Impossibile
1670 545 1730 579 est

105 588 230 636 igitur
248 587 353 634 quod
375 596 423 623 ex
442 595 489 623 eo
511 586 659 633 aliquid
684 585 765 622 fieri
788 586 927 632 possit.

152 636 334 680 Amplius,
356 634 398 670 in
419 633 552 670 anima
574 634 782 670 manifeste
809 637 970 680 apparet
996 633 1160 671 variatio
1191 633 1425 671 secundum‘
1445 635 1653 674 scientiam
1687 639 1726 674 et

106 682 289 720 virtutem
312 684 352 718 et
369 689 508 718 eorum
531 681 726 727 opposita.
748 682 852 717 Deus
874 684 1003 717 aulem
1021 681 1259 718 estomnino
1275 680 1523 719 invariabilis
1545 686 1582 720 et
1598 692 1668 730 per
1686 691 1730 720 se

105 732 147 768 et
163 738 234 775 per
253 728 453 766 accidens.
471 729 557 764 Non
576 727 697 774 igitur
719 728 852 765 anima
878 730 1008 773 potest
1025 736 1114 764 esse
1136 727 1183 764 de
1204 727 1337 765 divina
1355 728 1589 766 substantia.

153 777 255 816 Item,
277 784 398 822 supra
418 779 625 812 ostensum
644 777 705 812 est
727 775 767 821 (l.
788 784 815 819 1,
836 784 871 811 c.
894 774 950 821 16)
971 774 1076 821 quod
1103 776 1206 812 Deus
1228 779 1287 812 est
1306 779 1418 813 actus
1438 785 1573 821 purus,
1592 777 1630 814 in
1651 786 1729 825 quo

111 823 221 862 nulla
241 822 512 870 potentialitas
536 822 748 858 invenitur.
773 823 813 857 lu
843 822 974 857 anima
1003 825 1133 857 autem
1164 822 1339 859 humana
1370 822 1569 860 invenitur
1598 828 1633 860 ot
1662 833 1731 871 po-

107 871 233 907 tentia
254 873 290 907 et
313 873 444 913 actus;
469 872 528 906 cst
549 870 653 905 onim
676 869 714 904 in
741 878 787 905 ea
818 869 1042 905 intellectus
1070 869 1293 916 possibilis,
1316 869 1383 916 qui
1405 873 1466 907 est
1484 871 1662 916 potentia
1680 871 1728 908 ad

113 917 251 955 omnia
270 916 552 961 intelligibilia,
575 920 612 952 et
632 915 856 952 intellectus
875 924 1012 962 agens,
1032 920 1073 952 ut
1095 926 1141 952 ex
1162 916 1400 961 supradictis
1429 916 1478 964 (c.
1498 920 1545 955 76
1573 922 1610 955 et
1630 918 1730 967 seq.)

112 968 232 1012 patet.
254 965 340 1001 Non
363 968 423 1001 est
444 963 564 1009 igitur
583 963 715 999 anima
736 963 909 999 humana
928 962 975 999 de
996 966 1137 1000 natura
1158 963 1302 1000 divina.

160 1013 262 1055 Item,
285 1020 404 1056 quum
426 1009 650 1046 substantia
675 1010 807 1046 divina
828 1010 881 1047 sit
906 1009 1070 1046 omnino
1103 1010 1369 1055 impartibilis,
1392 1020 1472 1048 non
1506 1015 1634 1057 polest
1659 1011 1730 1049 ali-

112 1058 209 1111 quid
231 1057 465 1095 substantiae
482 1056 568 1103 ejus
587 1065 676 1093 esse
695 1057 841 1100 anima,
866 1057 942 1093 nisi
965 1057 1016 1093 sit
1044 1060 1128 1093 tota
1158 1056 1383 1094 substantia
1411 1058 1511 1104 eJ‘us.
1547 1059 1733 1096 Substan-

114 1108 212 1142 tiam
232 1107 363 1141 autem
385 1103 559 1141 divinam
581 1107 641 1140 est
661 1103 908 1148 impossibile
938 1113 1026 1140 csse
1046 1103 1277 1149 insinuant,
1300 1108 1341 1141 ut
1359 1113 1479 1150 supra
1498 1104 1539 1148 (l.
1560 1114 1588 1150 1,
1613 1116 1646 1142 c.
1671 1107 1731 1152 42)

112 1155 322 1190 ostensum
353 1154 425 1188 est.
459 1150 643 1197 Sequitur
663 1151 784 1197 igitur
804 1151 909 1197 quod
926 1151 1104 1188 omnium
1132 1151 1339 1188 hominum
1358 1152 1410 1188 sit
1427 1155 1577 1189 tantum
1601 1153 1734 1189 anima

109 1207 203 1242 una,
221 1201 413 1246 quantum
431 1197 480 1235 ad
501 1197 764 1241 intellectum
789 1202 827 1234 et
857 1198 931 1234 hoc
952 1207 1073 1244 supra
1093 1196 1142 1246 (c.
1159 1198 1222 1245 75)
1250 1198 1517 1246 improbatum
1546 1203 1620 1237 est.
1641 1201 1728 1238 Non

114 1249 177 1285 est
195 1245 319 1292 igitur
337 1245 471 1283 anima
490 1245 536 1282 de
557 1244 781 1282 substantia
800 1244 946 1281 divina.

159 1293 321 1331 Videtur
340 1296 472 1330 autem
492 1292 575 1328 haec
595 1292 733 1338 opinio
756 1302 804 1328 ex
824 1292 967 1338 triplici
992 1293 1099 1329 sonte
1123 1292 1386 1339 processisse.

158 1340 326 1384 Quidam
345 1340 452 1377 enim
473 1343 693 1385 posuerunt
715 1340 865 1376 nullam
887 1340 1151 1377 substantiam
1188 1341 1463 1386 incorpoream
1494 1351 1606 1388 esse;
1625 1342 1731 1381 unde

114 1387 412 1425 nobilissimum
444 1395 654 1432 corporum
689 1388 810 1422 Deum
843 1396 932 1423 esse
966 1387 1162 1432 dicebant,
1185 1388 1268 1424 sive
1301 1388 1377 1425 hoc
1400 1393 1506 1427 esset
1541 1400 1620 1434 aer,
1649 1390 1730 1427 sive

114 1434 234 1482 ignis,
257 1434 340 1472 sive
355 1434 634 1480 quodcumque
655 1433 762 1470 aliud
795 1434 1034 1479 principium
1057 1434 1276 1480 ponebant;
1297 1438 1336 1471 et
1364 1435 1411 1472 de
1432 1440 1572 1473 natura
1593 1437 1731 1482 hujus·

116 1481 223 1518 modi
255 1481 434 1527 corporis
464 1481 637 1517 animam
666 1489 756 1517 esse
787 1480 990 1526 dicebant;
1025 1491 1115 1518 nam
1146 1490 1287 1518 ornnes
1321 1481 1360 1518 id
1393 1483 1499 1529 quod
1534 1484 1734 1529 ponebant

117 1528 371 1575 principium,
393 1527 536 1564 animae
553 1527 834 1572 attribuebant,
869 1531 911 1565 ut
932 1531 1036 1574 patet
1067 1537 1137 1574 per
1162 1529 1416 1566 Aristotelem
1452 1529 1518 1576 (De
1546 1532 1683 1572 (citima,
1702 1539 1731 1576 1,

114 1579 209 1613 text.
231 1583 376 1613 comm.
398 1577 440 1612 ¹9
461 1578 500 1611 et
527 1574 659 1620 infra),
689 1578 726 1611 et
749 1574 807 1611 sic
840 1575 1081 1621 sequebatur
1108 1575 1282 1612 animam
1303 1585 1392 1613 esse
1426 1576 1474 1613 de
1506 1577 1733 1615 substantia

114 1623 264 1660 divina.
293 1623 338 1659 Et
360 1631 409 1659 ex
442 1621 515 1658 hac
545 1622 676 1658 radice
714 1621 923 1667 pullulavit
955 1622 1101 1668 positio
1134 1623 1355 1666 Manichaei,
1389 1623 1455 1670 qui
1491 1624 1733 1662 existimavit

116 1672 349 1707 Deum·esse
371 1668 582 1716 quamdam
605 1669 731 1705 lucem
754 1678 984 1714 corpoream
1004 1679 1072 1715 per
1093 1669 1249 1706 infinita
1267 1670 1395 1714 spatia
1415 1671 1648 1716 distensam,
1671 1681 1735 1709 cu-

110 1716 179 1765 jus
201 1716 412 1764 quamdam
445 1715 679 1761 particulam
712 1716 926 1753 humanam
954 1717 1128 1754 animam
1158 1724 1247 1754 esse
1277 1717 1445 1755 dicebat.
1480 1719 1569 1755 llaec
1601 1722 1731 1756 autem

117 1764 264 1811 positio
278 1772 399 1809 supra
412 1761 452 1809 (l.
465 1771 492 1807 1,
507 1772 540 1799 c.
553 1762 612 1809 20)
630 1763 849 1807 improbata
864 1767 923 1799 est
937 1773 1006 1809 per
1020 1764 1094 1800 hoc
1108 1765 1212 1810 quod
1226 1768 1431 1801 ostensum
1446 1769 1506 1802 est
1518 1767 1639 1803 Deum
1654 1774 1734 1803 non

116 1820 205 1849 esse
225 1819 385 1856 corpus,
406 1813 443 1846 et
463 1809 619 1855 pei-hoc
634 1809 739 1856 quod
755 1813 962 1846 ostensum
978 1814 1037 1847 est
1050 1810 1099 1857 (c.
1115 1813 1161 1847 49
1183 1814 1220 1847 et
1240 1813 1298 1857 65)
1324 1812 1498 1848 animam
1519 1812 1734 1850 humanam

118 1866 265 1904 corpus
289 1866 369 1895 non
386 1865 490 1901 esse,
513 1865 585 1893 nec
606 1856 778 1903 aliquam
801 1857 1109 1895 intellectualem
1130 1858 1397 1895 substantiam
1422 1859 1525 1905 (esse
1559 1860 1733 1907 corpus).

162 1905 331 1950 Quidam
348 1912 442 1941 vero
464 1907 683 1950 posuerunt
704 1903 949 1941 intellectum
969 1905 1150 1942 omnium
1169 1905 1376 1943 bominum
1399 1915 1488 1944 esse
1513 1916 1652 1952 unum,
1674 1907 1734 1945 vel

115 1955 300 1999 agentem
316 1953 484 1994 tantum,
502 1951 564 1988 vel
595 1954 777 1997 agentem
807 1954 846 1988 et
871 1952 1105 1997 possibilem
1139 1952 1273 1997 simul,
1303 1953 1408 1990 sicut
1436 1962 1557 1999 supra
1586 1954 1635 2001 (c.
1668 1953 1729 2001 76)

115 1999 266 2037 dictum
284 2001 364 2043 est;
382 2001 435 2044 et,
455 1997 549 2045 quia
566 1998 784 2045 quamlibet
799 1998 1064 2037 substantiam
1085 2004 1307 2045 separatam
1325 1999 1477 2048 antiqui
1499 2003 1623 2039 Deum
1641 2010 1731 2040 esse

116 2046 314 2087 dicebant,
335 2045 575 2092 sequebatur
594 2045 767 2082 animam
788 2050 980 2091 nostram,
1001 2046 1042 2083 id
1074 2050 1135 2084 est
1162 2047 1407 2085 intellectum
1439 2056 1518 2094 quo
1540 2048 1729 2096 iutelligi-

116 2101 223 2139 mus,
250 2102 340 2130 esse
369 2092 512 2129 divinae
535 2096 706 2137 natu1ae3
740 2093 844 2129 unde
873 2097 910 2129 et
936 2103 959 2130 a
976 2093 1217 2141 quibusdam
1243 2095 1370 2131 nostri
1402 2096 1596 2142 temporis
1628 2095 1733 2134 chri-

118 2140 259 2178 stianae
278 2139 371 2177 fidei
396 2139 711 2192 professoribus,
732 2141 973 2185 ponentibus
1003 2140 1248 2178 intellectum
1281 2144 1464 2188 agentem
1492 2146 1733 2188 separatum,

118 2187 268 2225 dictum
285 2190 346 2225 est
364 2195 551 2232 expresse
571 2187 678 2234 quod
695 2187 923 2225 intellectus
946 2197 1071 2234 agens
1101 2188 1152 2225 sit
1185 2189 1302 2225 Deus.
1326 2190 1414 2226 Haec
1435 2193 1567 2228 autent
1586 2190 1734 2237 positio

120 2234 166 2271 de
183 2235 335 2271 unitate
352 2233 579 2270 intellectus
599 2233 726 2271 nostri
744 2243 866 2280 supra
885 2234 935 2282 (c.
954 2238 1002 2272 73
1023 2238 1062 2272 et
1078 2235 1141 2283 75)
1163 2234 1385 2282 improbata
1399 2239 1472 2273 est.

167 2281 298 2318 Potuit
315 2283 445 2318 autem
466 2290 514 2318 ex
531 2281 620 2326 ipsa
641 2281 903 2319 similitudine
933 2282 1077 2320 animae
1095 2285 1242 2320 nostrae
1261 2282 1310 2320 ad
1330 2284 1453 2320 Deum
1482 2282 1567 2320 haec
1595 2283 1732 2329 opinio

121 2327 247 2364 nasci.
283 2327 507 2379 Intelligere
539 2327 660 2372 enim,
694 2328 801 2375 quod
832 2328 1003 2366 maxime
1032 2329 1254 2367 aestimatur
1276 2330 1481 2380 proprium
1510 2330 1593 2373 Dei,
1635 2330 1734 2368 nulli

120 2373 356 2412 substantiae
375 2381 418 2410 m
437 2374 587 2411 mundo
620 2374 800 2413 inferiori
821 2376 1034 2413 convenire
1066 2375 1268 2413 invenitur
1293 2375 1372 2413 nisi
1399 2376 1553 2413 homini
1576 2381 1735 2422 propter

120 2419 315 2464 animam3
336 2419 441 2457 unde
457 2420 581 2457 videri
600 2421 729 2466 potuit
755 2421 930 2459 animam
961 2422 1012 2459 ad
1040 2425 1224 2460 naturam
1255 2421 1430 2459 divinam
1463 2423 1672 2468 pertinere,
1696 2427 1734 2461 et

120 2467 340 2515 praesertim
369 2466 473 2513 apud
502 2466 688 2511 homines
715 2467 757 2505 in
783 2478 953 2515 quorum
995 2468 1256 2516 opinionibus
1284 2471 1367 2506 erat
1395 2468 1594 2507 firmatum
1629 2471 1735 2518 quod

121 2514 255 2552 anima
274 2514 450 2552 hominis
468 2516 576 2551 esset
599 2513 851 2553 immortalis.
871 2515 1009 2553 Adhuc
1038 2516 1156 2553 etiam
1187 2514 1421 2562 coadjuvare
1438 2516 1592 2554 videtur
1614 2518 1735 2565 quod,

120 2565 331 2609 postquam
366 2561 515 2598 dictum
546 2564 606 2598 est
634 2572 644 2597 τ
669 2562 861 2598 Faciamus
890 2562 1066 2599 hominem
1101 2562 1151 2599 acl
1175 2564 1371 2607 imaginem
1402 2565 1437 2600 et
1463 2565 1738 2601 similitudinem

120 2611 284 2645 nostram
302 2607 427 2655 (Gen.,
444 2617 473 2653 1,
493 2607 568 2655 26),
598 2607 810 2645 subditur:
832 2609 1016 2646 Formavit
1053 2610 1228 2646 Dominus
1251 2612 1346 2647 Deus
1378 2610 1556 2648 hominem
1584 2612 1626 2647 cle
1655 2613 1738 2648 limo

122 2658 240 2702 terrae,
259 2658 294 2692 et
302 2656 503 2702 ’inspiravit
519 2656 560 2691 in
576 2655 709 2699 faciem
727 2654 805 2700 ejus
821 2656 1044 2702 spiraculum
1061 2657 1147 2693 vitae
1165 2656 1294 2704 (thid,
1310 2665 1356 2702 ΙΙ,
1378 2657 1450 2706 17).
1471 2659 1525 2696 EX
1553 2668 1632 2706 quo
1650 2659 1736 2706 qui-

123 2702 214 2740 dam
227 2702 407 2749 accipere
430 2703 644 2740 voluerunt
674 2701 782 2749 quod
813 2702 947 2740 anima
972 2703 1025 2741 sit
1043 2701 1092 2740 de
1112 2707 1254 2742 natura
1284 2703 1438 2750 divina;
1469 2705 1536 2753 qui
1567 2706 1736 2743 enimin

123 2748 265 2786 faciem
288 2749 453 2787 alterius
470 2748 651 2795 inspirat,
670 2749 776 2786 idem
805 2758 972 2787 numero
992 2750 1098 2796 quod
1118 2750 1159 2787 in
1192 2751 1282 2797 ipso
1302 2754 1385 2788 erat
1413 2752 1454 2788 in
1475 2752 1598 2790 alium
1621 2753 1733 2791 emit·

123 2795 188 2839 tit3
208 2799 248 2833 et
263 2796 321 2834 sic
337 2796 492 2834 videtur
509 2796 710 2842 Scriptura
727 2796 895 2849 innuere
914 2797 1019 2844 quod
1041 2797 1191 2846 aliquid
1210 2797 1388 2836 divinum
1409 2808 1433 2837 a
1452 2800 1533 2837 Deo
1548 2798 1590 2837 in
1610 2799 1735 2838 homi·

119 2850 231 2886 nem,
251 2842 301 2880 ad
319 2842 765 2890 ipsumovivificandum,
786 2843 1014 2883 immissum
1034 2844 1100 2882 sit.
