1894 3223
722 123 809 159 LlB.
838 123 884 166 ΙΙ,
911 122 1012 158 ΟΑΡ.
1041 121 1108 158 Lx.
1668 122 1736 158 183

109 210 171 245 est
201 209 342 252 potens
362 205 598 258 intelligere,
633 209 844 252 antequam
880 204 1106 241 intellectus
1127 201 1350 249 possibilis,
1373 201 1438 249 qui
1477 204 1537 238 est
1557 202 1735 247 potentia

110 252 376 300 intelligendi,
404 252 457 290 sit
476 261 511 289 ei
533 252 804 289 continuatus.

155 302 360 345 Praeterea,
397 299 510 337 aliter
551 299 695 337 dicitur
740 298 885 345 aliquis
931 301 1072 344 potens
1113 296 1267 343 operari
1286 324 1295 342 ,
1335 298 1546 342 antequam
1594 295 1737 348 habeat

111 351 294 385 naturam
315 356 394 394 qua
414 349 610 393 operetur,
631 349 669 383 et
699 345 814 382 aliter
833 348 1042 392 postquam
1061 345 1142 390 jam
1162 343 1280 396 habet
1298 347 1492 386 naturam,
1521 342 1590 379 sed
1612 352 1736 397 inipe3

110 394 218 432 ditur
237 403 306 440 per
325 393 511 431 accidens
531 393 579 430 ab
601 393 803 440 operando
824 404 833 437 3
857 393 961 429 sicut
981 392 1094 429 aliter
1115 391 1259 428 dieitur
1294 399 1438 437 corpus
1469 393 1610 436 potens
1644 390 1737 428 ferri

111 449 288 486 sursum,
310 443 521 488 antequam
543 440 597 477 sit
619 440 717 485 leve,
740 444 777 477 et
809 439 923 476 aliter
944 442 1154 486 postquam
1171 438 1253 485 jam
1275 441 1331 475 est
1367 440 1596 489 generatum
1637 437 1735 483 leve,

111 487 183 526 sed
203 487 430 535 {impeditur
457 487 499 524 in
519 496 594 525 suo
615 491 739 524 motu.
763 489 864 524 Puer
889 490 1019 523 autem
1041 490 1101 523 est
1121 486 1162 522 in
1182 485 1358 531 potentia
1386 484 1630 535 intelligens,
1653 493 1736 521 non

111 535 226 582 quasi
263 535 440 573 nondum
462 534 614 572 habens
646 538 827 572 naturam
849 533 1112 586 intelligendi,
1135 533 1205 569 sed
1226 532 1377 569 habens
1407 530 1735 584 impedimentum

111 585 258 620 utnon
282 582 501 629 intelligat3
523 581 736 628 impeditur
768 582 873 618 enim
903 581 951 618 ab
987 579 1246 626 intelligendo
1283 582 1442 625 propter
1477 578 1736 616 multimodos

111 633 246 667 motus
261 629 303 666 in
322 629 411 676 ipso
431 629 662 674 existentes,
677 633 719 665 ut
738 628 882 666 dicitur
896 628 937 665 in
950 628 1118 673 septimo
1132 627 1367 678 Physicortcm
1384 626 1489 672 (text.
1507 635 1650 662 comm.
1661 627 1722 678 20)

111 677 198 713 Non
225 676 346 724 igitur
375 679 535 723 propter
565 676 640 713 hoc
662 676 806 713 dicitur
825 679 964 721 potens
987 674 1221 721 intel-ligere,
1245 682 1339 719 quia
1360 673 1587 710 intellectus
1606 682 1738 719 pOSSl-

112 723 220 769 bilis,
241 723 309 770 qui
327 728 388 761 est
407 723 655 770 intelligendi
677 723 930 769 principium,
947 725 1075 768 potest
1096 720 1320 772 continuari
1338 720 1414 756 sibi
1433 731 1441 764 ;
1457 720 1532 772 ‘sed
1550 720 1737 767 quiajam

113 774 176 808 est
209 770 480 814 continuatus,
503 774 540 807 ct
570 770 782 816 impeditur
812 769 861 807 ab
892 770 1046 806 actione
1082 776 1265 814 propr1a;
1301 766 1417 807 unde,
1453 768 1738 814 impedimento

113 821 281 860 remoto,
300 818 434 855 statim
455 817 653 864 intelligit.
1344 861 1349 867 ,

161 866 261 909 Item,
293 864 452 902 habitus
487 869 548 901 est
581 874 660 911 quo
690 864 780 911 quis
811 867 1009 909 operatur,
1047 871 1169 909 quum
1200 861 1383 898 voluer1t.
1419 863 1579 907 Oportet
1615 863 1738 911 igitur

114 912 296 959 ejusdem
318 918 407 949 esse
442 911 620 948 habitum
651 914 688 948 ct
708 911 978 956 operationem
1000 918 1087 956 quae
1109 911 1170 961 est
1202 908 1421 960 secundum
1448 910 1640 947 habitum.
1664 910 1740 948 Sed

113 959 370 996 considerare
391 958 665 1004 intelligendo,
700 958 805 1004 quod
833 961 891 994 est
912 961 1024 994 actus
1056 956 1175 1008 hujus
1196 954 1356 1008 habitus
1377 956 1442 1002 qui
1476 962 1534 994 est
1556 957 1738 1003 scientia,

115 1014 196 1043 non
218 1008 348 1052 potest
373 1014 463 1043 esse
489 1004 715 1042 intellectus
737 1004 899 1050 passivi,
924 1004 992 1041 sed
1023 1007 1082 1040 est
1101 1004 1228 1049 ipSluS
1259 1002 1483 1040 intellectus
1504 1004 1738 1050 possibilis;

115 1052 164 1090 ad
192 1053 268 1090 hoc
288 1052 393 1090 enim
415 1051 520 1105 quod
556 1052 690 1099 aliqua
710 1051 887 1097 potentia
906 1051 1114 1097 intelligat,
1135 1052 1291 1101 oportet
1308 1049 1414 1096 quod
1437 1059 1517 1087 non
1539 1052 1590 1088 sit
1626 1056 1738 1089 actus

113 1099 296 1145 corporis
316 1099 499 1146 alicujus.
523 1100 624 1146 Ergo
648 1102 685 1135 et
706 1098 866 1135 habitus
896 1098 1072 1135 scientiae
1094 1105 1172 1134 non
1195 1099 1255 1148 est
1283 1105 1322 1132 in
1341 1096 1541 1134 intellectu
1562 1099 1736 1143 passivo,

115 1146 186 1184 sed
207 1146 248 1183 in
274 1146 477 1183 intellectu
507 1145 706 1191 possibili.
727 1145 900 1182 scientia
920 1148 1050 1182 autem
1084 1144 1125 1180 in
1148 1143 1264 1195 nobis
1285 1147 1346 1180 est
1374 1145 1599 1196 'secundum
1620 1155 1739 1192 quam

113 1193 287 1231 dicimur
302 1193 489 1231 scientes.
507 1195 608 1240 Ergo
629 1196 667 1230 et
683 1192 909 1230 intellectus
929 1191 1136 1239 possibilis
1151 1194 1266 1228 estin
1288 1190 1405 1228 nobis
1420 1199 1501 1229 non
1520 1192 1740 1230 secundum

114 1249 206 1279 esse
227 1249 250 1278 a
270 1240 388 1278 nobis
405 1244 625 1286 separatus.
1248 1285 1254 1291 .
1434 1285 1440 1292 .

161 1287 307 1333 Adhuc,
328 1287 497 1325 scientia
510 1291 571 1325 est
587 1287 825 1325 assimilatio
846 1287 1011 1325 scientis
1027 1287 1075 1323 ad
1096 1295 1178 1323 rem
1199 1289 1354 1323 smtam.
1375 1287 1443 1322 Rei
1464 1289 1593 1323 autem
1616 1287 1740 1332 scitae,

116 1335 158 1373 in
177 1338 370 1382 quantum
391 1338 450 1372 est
469 1334 581 1379 scita,
600 1343 681 1372 non
702 1335 949 1372 assimilatur
967 1334 1113 1374 sciens,
1137 1333 1215 1370 nisi
1238 1333 1459 1370 secundum
1481 1335 1635 1379 species
1657 1335 1742 1371 uni-

115 1382 319 1427 versales;
343 1382 511 1419 scientia
531 1382 636 1418 enim
652 1382 698 1419 de
720 1382 949 1430 hujusmodi
971 1386 1053 1426 est3
1073 1380 1228 1426 species
1249 1384 1379 1417 autem
1397 1380 1644 1419 universales
1660 1391 1740 1418 non

116 1432 289 1476 possunt
324 1429 366 1465 in
385 1428 589 1466 intellectu
611 1429 772 1475 passivo
793 1438 897 1473 esse,
920 1438 1040 1476 quum
1067 1428 1118 1465 sit
1140 1427 1317 1473 potentia
1339 1432 1454 1464 utens
1484 1436 1649 1473 organo,
1672 1428 1742 1465 sed

117 1476 251 1514 solum
272 1476 313 1512 in
333 1476 538 1513 intellectu
554 1476 752 1522 possibili.
774 1476 947 1513 Scientia
965 1476 1087 1522 igitur
1106 1483 1186 1512 non
1206 1477 1266 1512 est
1285 1474 1326 1511 in
1342 1474 1544 1511 intellectu
1564 1476 1739 1521 passivo,

121 1523 193 1561 sed
214 1523 344 1560 solum
359 1522 400 1559 in
419 1523 621 1560 intellectu
639 1523 837 1569 possibili.

165 1571 349 1615 Amplius,
372 1569 596 1606 intellectus
627 1570 666 1606 in
701 1570 851 1614 habitu,
874 1574 915 1606 ut
947 1569 1198 1606 adversarius
1230 1567 1453 1613 confitetur,
1483 1574 1543 1606 est
1575 1569 1742 1607 effectus

119 1617 348 1654 intellectus
366 1617 537 1663 agentis.
558 1613 784 1654 Intellect'us
814 1621 945 1654 autem
974 1616 1128 1663 agentis
1150 1615 1316 1652 effectus
1343 1619 1436 1652 sunt
1471 1616 1743 1664 intelligibilia

118 1665 162 1702 in
195 1668 297 1708 actu,
319 1672 489 1711 quorum
510 1664 713 1710 proprium
747 1664 944 1711 recipiens
973 1667 1031 1701 est
1055 1663 1279 1700 intellectus
1307 1663 1528 1708 possibilis,
1550 1664 1597 1701 ad
1624 1673 1741 1711 quem

117 1714 373 1758 comparatur
404 1719 528 1757 agens
557 1711 661 1748 sicut
680 1720 744 1748 ars
766 1711 814 1748 ad
835 1711 1053 1754 materiam,
1086 1715 1127 1747 ut
1145 1710 1378 1747 Aristoteles
1398 1709 1493 1747 dicit
1518 1711 1581 1757 (De
1604 1714 1741 1756 (azima,

116 1766 178 1803 111,
202 1762 295 1795 text.
317 1767 462 1796 comm.
487 1757 560 1805 17).
582 1759 742 1804 Oportet
771 1758 893 1805 igitur
910 1758 1153 1795 intellectum
1174 1757 1216 1794 in
1241 1756 1391 1802 habitu,
1413 1758 1481 1804 qui
1503 1761 1562 1795 est
1583 1758 1742 1795 habitus

117 1805 312 1848 scientiae‚
335 1814 426 1843 esse
442 1805 484 1842 in
507 1805 709 1843 intellectu
728 1805 929 1852 possibili,
953 1814 1034 1843 non
1054 1804 1228 1851 passivo,

164 1854 357 1893 Praeterea,
371 1852 622 1898 impossibile
635 1856 695 1890 est
714 1852 818 1900 quod
837 1852 1025 1898 perfectio
1045 1851 1265 1898 superioris
1279 1850 1512 1890 substantiae
1525 1853 1744 1899 dependeat

117 1898 168 1937 ab
189 1900 383 1937 inferiori.
408 1899 599 1937 perfectio
616 1903 745 1937 autem
768 1900 994 1937 intellectus
1013 1898 1221 1945 possibilis
1237 1898 1432 1945 dependet
1450 1900 1498 1937 ab
1513 1900 1744 1946 operatione

118 1947 321 1992 hominis;
343 1946 538 1993 dependet
559 1947 665 1984 enim
682 1956 704 1984 a
724 1946 1069 1993 phantasmatibus
1091 1955 1178 1993 quae
1195 1949 1356 1983 movent
1373 1946 1617 1984 intellectum
1650 1956 1743 1994 pos-

118 1993 293 2031 sibilem.
314 1995 399 2032 Non
432 1994 555 2041 igitur
574 1997 635 2032 est
665 1994 892 2031 intellectus
913 1993 1120 2041 possibilis
1144 1993 1278 2040 aliqua
1310 1992 1534 2031 substantia
1562 1995 1744 2041 superior

120 2040 307 2085 homine;
324 2050 419 2089 ergo
439 2044 594 2087 oportet
613 2041 719 2089 quod
733 2042 786 2078 sit
805 2041 954 2088 aliquid
975 2040 1165 2086 hominis,
1187 2044 1228 2078 ut
1249 2044 1362 2077 actus
1382 2044 1420 2078 et
1441 2041 1569 2079 forma
1591 2042 1737 2088 ipsius.

170 2087 315 2132 Adhuc,
334 2097 594 2135 quaecumque
621 2092 714 2126 sunt
737 2092 919 2135 separata
939 2088 1159 2126 secundum
1193 2096 1282 2125 esse
1317 2087 1464 2125 habent
1481 2089 1599 2126 etiam
1631 2098 1744 2135 sepa-

120 2138 228 2172 ratas
260 2135 536 2180 operationes;
568 2143 660 2172 nam
695 2145 759 2173 res
789 2139 884 2173 sunt
903 2139 1062 2182 propter
1093 2144 1188 2172 suas
1209 2134 1474 2182 operationes,
1509 2136 1613 2173 sicut
1632 2141 1745 2174 actus

120 2180 276 2228 primus
294 2184 452 2227 propter
471 2182 689 2220 secundum
707 2194 716 2228 ;
737 2183 840 2219 unde
852 2183 1083 2220 Aristoteles
1102 2182 1195 2219 dicit
1211 2181 1276 2229 (De
1288 2183 1425 2228 anima,
1445 2192 1472 2228 1,
1488 2186 1583 2220 text.
1599 2192 1742 2220 comm.

122 2230 168 2265 12
188 2231 228 2265 et
249 2228 306 2275 13)
333 2228 440 2275 quod
460 2228 495 2266 si
527 2228 661 2276 aliqua
682 2230 960 2276 operationum
985 2229 1128 2267 animae
1161 2233 1222 2266 est
1242 2228 1329 2266 sine
1350 2238 1528 2276 corpore,
1551 2230 1744 2276 possibile

121 2278 184 2312 est
216 2274 390 2312 animam
418 2275 606 2321 separari.
635 2276 818 2322 Operatio
851 2280 982 2314 autem
1014 2276 1240 2314 intellectus
1259 2276 1466 2322 possibilis
1486 2277 1635 2323 indiget
1664 2285 1746 2314 cor-

64 2366 70 2372 ·
120 2330 243 2368 pore3
270 2321 365 2359 dicit
387 2322 491 2359 enim
514 2323 781 2370 Philosophus
802 2323 866 2371 (De
885 2325 1023 2365 anima,
1045 2332 1104 2369 111,
1137 2326 1230 2360 text.
1252 2332 1396 2360 comm.
1421 2323 1456 2370 8)
1478 2324 1584 2370 quod
1611 2324 1745 2361 anima

89 2376 97 2383 ‘
120 2372 253 2415 potest
272 2377 389 2415 agere
409 2378 478 2414 per
495 2369 683 2415 seipsam,
696 2370 850 2408 scilicet
870 2370 1105 2418 intelligere,
1120 2368 1279 2417 quando
1300 2369 1524 2406 intellectus
1544 2373 1604 2407 est
1618 2370 1745 2408 sactus

120 2416 163 2452 in
197 2419 287 2452 actu
317 2425 387 2462 per
413 2415 585 2461 speciem
607 2426 630 2453 a
649 2417 995 2463 phantasmatibus
1014 2417 1266 2460 abstractam,
1298 2425 1385 2462 quae
1413 2425 1495 2453 non
1526 2420 1619 2454 sunt
1655 2417 1743 2454 sine

121 2471 304 2547 ssgfflisore.
335 2462 718 2509 Igitur'intellectus
749 2464 956 2510 possibilis
991 2472 1073 2501 non
1105 2466 1166 2500 est
1198 2463 1363 2500 omnino
1395 2472 1418 2500 a
1438 2472 1603 2510 corpore
1630 2473 1742 2511 sepa-

168 2557 353 2602 Amplius,
377 2556 613 2603 cuicumque
634 2557 822 2603 competit
841 2557 975 2605 aliqua
994 2557 1171 2603 operatio
1191 2557 1410 2595 secundum
1432 2561 1628 2604 naturam,
1652 2562 1746 2595 sunt

54 2642 57 2645 ,
86 2630 90 2637 .
120 2602 160 2641 ei
191 2613 215 2641 a
244 2606 386 2640 natura
414 2603 601 2641 attributa
632 2613 678 2640 ea
698 2605 785 2641 sine
818 2604 964 2651 quibus
989 2604 1059 2641 illa
1076 2603 1253 2650 operatio
1273 2604 1463 2651 compleri
1483 2614 1565 2642 non
1599 2609 1743 2652 potest,

121 2650 229 2688 sicut
261 2650 495 2688 Aristoteles
526 2650 667 2697 probat
687 2650 751 2698 (De
782 2652 865 2687 coelo
886 2654 920 2687 et
950 2651 1082 2688 mundo
1111 2660 1154 2696 11,
1185 2654 1278 2688 text.
1310 2661 1454 2690 comm.
1486 2652 1545 2700 50)
1566 2652 1686 2700 quod,
1709 2653 1744 2690 si

121 2697 249 2734 stellae
284 2701 538 2735 moverentur
574 2701 684 2735 motu
722 2697 975 2745 progressivo
1012 2697 1061 2735 ad
1101 2697 1264 2735 modum
1307 2699 1560 2745 animalium,
1602 2703 1744 2737 natura
1810 2697 1812 2718 ³

123 2742 300 2782 dedisset
319 2744 379 2783 eis
397 2753 548 2792 organa
561 2748 695 2782 motus
715 2744 972 2792 progressivi.
994 2744 1068 2783 Sed
1087 2745 1264 2792 operatio
1291 2745 1516 2784 intellectus
1534 2747 1743 2793 possibilis

124 2791 346 2837 completur
363 2801 434 2838 per
453 2801 604 2839 organa
622 2801 824 2838 corporea,
847 2792 888 2829 in
909 2791 1055 2839 quibus
1070 2801 1235 2830 necesse
1253 2796 1315 2830 est
1340 2802 1430 2831 esse
1450 2794 1742 2840 phantasmata.

122 2837 274 2890 Natura
302 2838 426 2886 igitur
444 2839 689 2876 intellectum
710 2839 943 2886 possibilem
976 2839 1179 2886 corporeis
1206 2840 1335 2878 univit
1367 2841 1530 2888 organis
1550 2852 1559 2887 ;
1581 2850 1662 2879 non
1683 2842 1743 2878 est

127 2886 251 2931 igitur
269 2885 490 2928 secundum
505 2896 595 2926 esse
612 2896 636 2925 a
653 2895 813 2934 corpore
834 2889 1055 2934 separatus.
1614 2893 1618 2895 ’
