1894 3223
0 2889 42 2907 X

698 91 786 127 LIB.
815 92 860 130 Π,
889 92 989 127 ΠΛΡ,
1016 92 1104 129 XCI.
1225 135 1228 139 .
1637 95 1707 129 243

129 173 317 219 Amplius,
338 181 458 210 omne
477 171 583 220 quod
609 175 670 209 est
688 171 737 209 de
757 172 911 210 ratione
932 173 1092 220 generis
1114 175 1269 219 oportet
1295 173 1342 210 de
1372 172 1527 211 ratione
1557 174 1706 220 speciei

82 228 198 264 esse3
221 224 315 258 sunt
335 223 467 257 autern
489 219 669 266 quaedam
696 228 783 266 quae
811 224 905 257 sunt
942 221 988 258 de
1013 221 1166 258 ratione
1199 220 1361 266 speciei,
1383 229 1464 258 non
1492 224 1623 258 autem
1660 221 1707 258 de

85 267 239 305 ratione
260 267 435 314 generis,
457 266 562 304 sicut
581 266 774 303 rationale
804 270 865 304 est
895 266 943 304 de
974 269 1126 305 ratione
1159 268 1351 312 hominis,
1383 277 1465 305 non
1497 271 1628 305 autem
1660 268 1708 305 de

82 314 239 352 ratione
258 314 458 351 animalis.
480 313 680 360 Quidquid
701 317 832 350 autem
852 318 912 351 est
932 314 978 350 de
1008 315 1161 352 ratione
1198 315 1360 360 speciei,
1388 323 1469 352 non
1496 319 1626 353 autem
1659 315 1708 353 de

83 361 239 399 ratione
269 361 444 407 generis,
480 369 562 398 non
594 364 655 398 est
683 369 849 398 necesse
883 361 1070 399 omnibus
1104 362 1314 408 speciebus
1377 362 1509 399 eneris
1546 363 1706 407 inesse3

86 408 223 446 multae
250 408 355 445 enim
388 408 544 454 species
577 410 673 446 sunt
703 408 993 445 irrationalium
1024 409 1271 447 animalium.
1304 409 1355 446 Su
1388 409 1544 447 stantiae
1576 413 1708 448 autern

84 455 345 493 intellectuali
387 455 606 493 secundum
642 464 761 494 suum
792 464 919 502 genus
949 457 1134 493 convenit
1157 456 1263 503 quod
1295 456 1349 493 sit
1406 466 1448 494 er
1478 465 1523 494 se
1552 456 1708 494 subsis-

81 506 185 547 tens,
208 512 332 549 quum
354 502 497 539 habeat
527 512 597 549 per
616 510 661 540 se
698 503 984 549 operationem,
1018 504 1121 540 sicut
1151 502 1337 549 superius
1387 513 1421 540 c.
1442 505 1486 540 50
1503 507 1541 540 et
1561 504 1622 550 51)
1647 507 1708 541 est

82 553 321 594 ostensum;
343 549 390 586 de
410 549 566 587 ratione
594 553 725 587 autem
746 550 803 587 rei
821 559 891 596 per
918 559 960 587 se
985 551 1243 588 subsistentis
1265 559 1345 587 non
1367 555 1428 587 est
1457 550 1563 598 quod
1594 551 1708 588 alteri

84 597 261 635 uniatur.
279 597 367 634 Non
407 599 468 634 est
508 597 630 644 igitur
649 597 696 635 de
728 598 881 634 ratione
907 597 1141 635 substantiae
1172 597 1456 635 intellectualis
1486 598 1708 635 secundum

82 652 203 682 suum
236 651 367 691 genus
400 643 507 691 quod
545 645 598 681 sit
634 645 790 691 corpori
823 645 948 689 unita,
970 645 1043 682 etsi
1077 645 1230 682 sithoc
1265 644 1313 681 de
1337 639 1502 697 ‚ratione
1537 645 1708 691 alicujus

84 690 371 729 intellectualis
392 691 627 729 substantiae
654 700 742 739 quae
771 696 831 729 est
851 692 996 729 anima.
1018 693 1119 729 Sunt
1148 692 1271 739 igitur
1293 689 1438 739 aliq-uae
1474 690 1707 731 substantiae

82 737 378 776 intellectuales
399 739 635 784 corporibus
653 748 735 776 non
760 739 894 776 unitae.

130 785 275 829 Adhuc,
297 788 439 822 natura
460 786 643 831 superior
658 787 699 823 in
721 795 795 823 suo
815 786 954 822 intimo
982 785 1178 831 contingit
1198 788 1380 823 naturam
1407 784 1637 823 inferiorern
1665 786 1707 823 in

84 832 172 879 ejus
193 841 394 879 supremo.
416 834 561 870 Natura
582 836 713 870 autem
734 832 1014 870 intellectualis
1033 836 1094 869 est
1113 833 1296 878 superior
1317 833 1514 877 corporali
1532 845 1540 877 ;
1557 833 1709 870 contin-

114 880 143 916 it
163 883 294 917 autem
314 889 398 916 eam
420 879 638 917 secundum
656 880 830 926 aliquam
851 884 1000 925 partem
1023 880 1100 923 sui,
1122 889 1208 926 quae
1224 883 1284 917 est
1302 880 1436 917 anima
1452 881 1706 917 intellectiva.

84 888 248 973 {portet
261 926 383 973 igitur
404 926 525 973 quod,
545 927 650 964 sicut
667 935 815 973 corpus
833 926 1049 972 perfectum
1070 936 1140 972 per
1159 927 1333 964 animam
1351 927 1632 964 intellectivam
1648 931 1708 965 est

84 982 316 1020 supremum
337 974 379 1011 in
399 982 544 1020 genere
564 982 789 1019 corporum,
810 974 866 1010 ita
884 974 1015 1011 anima
1034 973 1276 1011 intellectiva
1292 983 1380 1020 quae
1396 974 1531 1011 unitur
1550 974 1707 1020 corpori

85 1020 295 1059 sitinfima
322 1020 364 1057 in
392 1029 537 1066 genere
570 1021 886 1058 substantiarum
917 1020 1261 1058 intellectualium.
1283 1021 1384 1057 Sunt
1407 1021 1530 1067 igitur
1564 1022 1707 1068 aliquae

85 1067 322 1106 substantiae
351 1067 642 1105 intellectuales
670 1076 753 1105 non
784 1067 906 1105 unitae
941 1067 1190 1113 corporibus,
1223 1068 1454 1114 superiores
1486 1069 1708 1107 secundum

84 1117 237 1153 naturae
257 1114 438 1152 ordinem
459 1114 606 1152 anima.

130 1163 232 1202 Item,
248 1161 282 1199 si
304 1163 364 1199 est
381 1161 532 1208 aliquid
552 1161 826 1208 imperfectum
845 1161 886 1198 in
905 1161 1041 1209 aliquo
1058 1170 1217 1209 genere,
1236 1162 1439 1200 invenitur
1471 1165 1562 1201 ante
1593 1162 1707 1209 illud,

85 1209 308 1247 secundum
328 1212 480 1246 naturae
506 1209 702 1254 ordinem,
722 1209 871 1256 aliquid
892 1209 931 1245 in
953 1218 1098 1256 genere
1118 1210 1189 1247 illo
1219 1211 1462 1257 perfectum;
1491 1210 1710 1256 perfectum

85 1256 194 1294 enim
215 1259 359 1293 natura
377 1255 490 1302 prius
505 1259 566 1293 est
584 1256 991 1302 imperfecto.Formae
1011 1260 1142 1294 autem
1160 1261 1350 1304 quaesunt
1363 1258 1403 1295 in
1425 1258 1603 1296 materiis
1617 1261 1711 1296 sunt

84 1307 200 1341 actus
219 1302 456 1349 imperfecti,
479 1303 673 1350 quianon
699 1303 847 1340 habent
884 1312 974 1341 esse
1005 1305 1261 1350 completum.
1283 1306 1383 1343 Sunt
1413 1304 1537 1352 igitur
1566 1305 1709 1352 aliquae

84 1350 224 1388 formae
244 1359 332 1398 quae
353 1353 447 1388 sunt
465 1354 578 1389 actus
598 1351 785 1398 completi
806 1359 877 1397 per
895 1359 938 1388 se
959 1351 1228 1390 subsistentes
1260 1356 1299 1389 et
1329 1353 1503 1398 speciem
1537 1353 1710 1399 comple-

85 1400 167 1434 tam
184 1397 390 1434 habentes.
413 1397 551 1435 Omnis
571 1402 704 1437 autem
723 1398 852 1435 forma
877 1407 947 1444 per
965 1407 1009 1436 se
1029 1398 1256 1437 subsistens
1275 1399 1427 1446 absque
1446 1399 1613 1437 materia
1650 1402 1711 1437 est

86 1444 313 1482 substantia
330 1444 611 1483 intellectualis
628 1457 638 1489 ;
656 1445 890 1483 immunitas
910 1448 1042 1482 autem
1061 1447 1236 1483 materiae
1258 1447 1412 1484 confert
1436 1455 1527 1484 esse
1562 1446 1709 1484 intelli-

117 1491 224 1535 ibile‚
245 1494 289 1528 ut
307 1500 357 1528 ex
374 1491 596 1537 praemissis
617 1492 666 1538 (c.
687 1492 747 1538 51)
768 1495 886 1538 patet.
907 1492 1008 1529 Sunt
1028 1501 1122 1540 ergo
1149 1493 1292 1540 aliquae
1322 1494 1556 1531 substantiae
1594 1493 1709 1531 intel-

105 1538 281 1576 ectuales
302 1538 537 1584 corporibus
553 1547 634 1576 non
652 1540 798 1583 unitae;
821 1548 939 1576 omne
957 1542 1088 1577 autem
1109 1549 1253 1586 corpus
1274 1541 1480 1578 materiam
1506 1540 1637 1578 habet.

134 1586 318 1630 Amplius,
347 1585 573 1623 substantia
606 1589 737 1632 potest
777 1594 866 1623 esse
899 1586 987 1623 sine
1014 1587 1246 1633 quantitate,
1265 1587 1357 1625 licet
1389 1588 1591 1634 quantitas
1621 1587 1709 1626 sine

88 1632 314 1670 substantia
333 1641 423 1670 esse
443 1641 524 1670 non
545 1634 674 1679 possit
691 1646 700 1677 ;
721 1633 946 1671 substantia
967 1635 1073 1670 enim
1093 1634 1264 1671 aliorum
1284 1643 1475 1682 generum
1504 1635 1632 1681 prima
1650 1639 1709 1672 est

86 1682 279 1725 tempore,
302 1680 456 1716 ratione
476 1683 514 1717 et
545 1680 788 1726 cognitione,
812 1680 886 1717 Sed
915 1680 1027 1717 nulla
1053 1680 1277 1718 substantia
1315 1690 1506 1727 corporea
1533 1686 1594 1719 est
1623 1682 1709 1720 sine

87 1726 322 1774 quantitate.
345 1728 521 1764 Possunt
537 1727 659 1774 igitur
690 1726 872 1774 quaedam
904 1736 994 1764 esse
1029 1728 1069 1764 in
1104 1737 1249 1774 genere
1276 1729 1511 1766 substantiae
1543 1730 1709 1766 omnino

86 1773 238 1820 absque
259 1781 438 1818 corpore.
460 1774 608 1811 Omnes
628 1777 759 1812 autem
780 1778 930 1812 naturae
951 1775 1166 1820 possibiles
1196 1775 1238 1812 in
1274 1784 1408 1812 rerum
1436 1775 1576 1813 ordine
1606 1776 1712 1813 inve-

87 1821 276 1864 niuntur;
305 1820 420 1857 aliter
439 1821 547 1858 enim
566 1824 674 1860 esset
690 1822 921 1859 universum
941 1822 1214 1868 imperfectum
1231 1834 1241 1867 ;
1261 1822 1304 1859 in
1324 1823 1579 1869 sempiternis
1591 1823 1710 1861 etiam

86 1876 172 1905 non
193 1865 324 1904 differt
346 1876 436 1905 esse
453 1871 492 1905 et
511 1876 646 1915 posse.
664 1869 764 1906 Sunt
779 1868 902 1915 igitur
921 1869 1064 1916 aliquae
1086 1869 1321 1907 substantiae
1350 1869 1500 1916 absque
1535 1871 1712 1917 corpori·

86 1913 166 1953 bus
186 1914 455 1952 subsistentes
473 1919 566 1961 post
583 1915 752 1963 primam
773 1916 1053 1961 substantiam,
1074 1925 1162 1963 quae
1186 1918 1291 1954 Deus
1324 1921 1398 1962 est,
1429 1926 1516 1964 quae
1542 1926 1624 1955 non
1649 1920 1712 1955 est

84 1961 130 2000 in
146 1970 305 2045 gtenere,
326 1965 508 2008 utsupra
529 1961 581 2010 (c.
599 1962 638 2009 2)
658 1967 866 2001 ostensum
886 1966 961 2008 est,
982 1967 1021 2000 et
1040 1972 1162 2010 supra
1180 1964 1354 2003 animam
1374 1973 1464 2013 quae
1477 1967 1539 2002 est
1552 1965 1711 2013 corpori

85 2017 156 2048 uni
177 2018 213 2046 a.

133 2055 278 2100 Adhuc,
299 2055 334 2093 si
356 2065 404 2093 ex
423 2055 626 2104 aliquibus
646 2056 804 2096 duobus
818 2057 1020 2096 invenitur
1031 2057 1194 2106 aliquod
1207 2059 1473 2106 compositum
1489 2062 1527 2096 et
1542 2059 1710 2097 alterum

88 2110 227 2140 eorum
249 2102 450 2141 invenitur
468 2113 539 2150 per
559 2113 602 2141 se
622 2105 730 2151 quod
750 2109 811 2142 est
826 2105 962 2142 minus
989 2106 1222 2152 perfectum,
1244 2110 1282 2143 et
1311 2107 1495 2152 alterum,
1515 2107 1622 2154 quod
1651 2110 1712 2145 est

86 2150 219 2197 magis
250 2150 468 2202 perfectum
489 2153 528 2188 et
547 2151 682 2189 minus
714 2152 869 2199 reliquo
899 2152 1099 2199 indigens,
1120 2162 1191 2199 per
1210 2162 1253 2190 se
1271 2153 1484 2191 invenitur.
1510 2153 1712 2191 Invenitur

84 2200 220 2235 autem
241 2197 375 2244 aliqua
393 2198 620 2236 substantia
639 2199 863 2246 composita
880 2208 930 2236 ex
949 2200 1174 2237 substantia
1192 2200 1453 2238 intellectuali
1473 2203 1510 2237 et
1529 2209 1709 2246 corpore,

84 2246 133 2296 ut
149 2253 198 2280 ex
209 2244 431 2290 praemissis
452 2244 500 2292 (c.
523 2245 583 2292 68)
602 2249 710 2293 patet
726 2258 735 2291 ;
754 2255 899 2292 corpus
921 2250 1051 2284 autem
1071 2247 1275 2284 invenitur
1291 2256 1361 2293 per
1391 2256 1447 2288 se,
1472 2248 1576 2284 sicut
1605 2250 1711 2292 patet

84 2297 131 2327 ln
150 2290 338 2343 omnibus
371 2291 608 2338 corporibus
628 2293 874 2331 inanimatis.
894 2294 1016 2331 Multo
1036 2294 1159 2341 igitur
1171 2294 1315 2331 fortius
1329 2294 1587 2331 inveniuntur
1598 2293 1710 2331 subs-

84 2339 222 2375 tant1ae
241 2337 532 2377 intellectuales
552 2341 788 2385 corporibus
808 2349 890 2377 non
911 2340 1045 2378 unitae.

133 2384 237 2436 Item,
259 2383 523 2422 substantiam
541 2386 598 2422 rei
619 2390 774 2432 oportet
790 2396 879 2424 esse
894 2387 1233 2432 proportionatam
1254 2396 1338 2425 suae
1358 2387 1595 2434 operationi,
1615 2386 1711 2434 quia

87 2434 267 2477 operatio
299 2433 361 2468 est
388 2434 502 2469 actus
532 2435 572 2468 et
599 2432 749 2470 bonum
782 2434 1016 2470 substantiae
1047 2434 1264 2480 operantis.
1291 2434 1366 2471 Sed
1395 2434 1618 2480 intelligere
1649 2437 1711 2471 est

86 2477 249 2524 propria
277 2477 456 2523 operatio
493 2477 728 2517 substantiae
763 2479 1058 2517 intellectualis.
1093 2481 1255 2526 Oportet
1284 2481 1408 2527 igitur
1444 2480 1709 2519 substantiam

86 2523 401 2562 intellectualem
421 2524 540 2562 talem
573 2533 663 2562 esse
686 2535 774 2572 quae
794 2530 992 2572 competat
1010 2527 1207 2572 praedictae
1228 2527 1465 2573 operationi.
1481 2528 1709 2575 Intelligere

87 2575 236 2615 autern,
270 2580 394 2618 quum
420 2571 474 2610 sit
510 2572 688 2618 operatio
720 2581 791 2618 per
812 2582 1006 2619 organum
1037 2582 1272 2619 corporeum
1304 2583 1387 2612 non
1419 2575 1604 2620 exercita,
1627 2583 1708 2613 non

85 2617 241 2665 indiget
260 2627 440 2665 corpore,
462 2617 542 2656 nisi
573 2618 615 2655 in
635 2622 828 2665 quantum
855 2619 1125 2666 intelligibilia
1142 2624 1355 2658 sumuntur
1384 2629 1409 2659 a
1430 2621 1707 2660 sensibilibus.

90 2665 161 2702 Hic
191 2668 323 2702 autem
355 2668 417 2703 est
446 2665 703 2712 imperfectus
728 2666 875 2703 modus
902 2666 1389 2713 intelligendi3perfectus
1425 2669 1532 2706 enim
1563 2669 1708 2706 modus

86 2711 338 2759 intelligendi
358 2716 420 2750 est
456 2716 500 2749 ut
519 2712 795 2759 intelligantur
814 2722 860 2749 ea
893 2722 980 2760 quae
1011 2716 1106 2750 sunt
1139 2714 1359 2753 secundum
1390 2719 1572 2754 naturam
1593 2724 1706 2753 suam

87 2757 380 2805 intelligibilia3
400 2759 508 2813 quod
523 2763 654 2797 autem
669 2768 752 2796 non
774 2758 1051 2806 intelligantur
1071 2760 1151 2798 nisi
1171 2770 1219 2799 ea
1236 2771 1325 2809 quae
1343 2771 1425 2801 non
1446 2766 1541 2800 sunt
1564 2771 1702 2800 secun:

90 2803 185 2841 dum
221 2813 266 2842 se
298 2805 584 2853 intelhgibilia,
604 2805 674 2844 sed
693 2806 795 2844 fiunt
824 2806 1096 2853 intelligibilia
1116 2817 1186 2855 per
1201 2808 1461 2855 intellectum,
1482 2813 1543 2847 est
1562 2809 1704 2855 imper:

88 2850 218 2890 fectus
236 2852 383 2892 modus
401 2853 666 2901 intelligendi.
688 2853 728 2891 Si
749 2852 872 2901 igitur
890 2857 982 2892 ante
1004 2862 1124 2893 omne
1149 2855 1425 2903 imperfectum
1445 2859 1602 2904 oportet
1617 2863 1708 2896 esse
