1894 3223
622 165 708 200 LIB.
736 165 794 208 lv,
821 165 922 201 CAP.
950 165 1075 201 Lxxv.
1581 163 1649 199 613

41 247 131 285 dam
151 245 410 284 sensibilibus
433 246 558 290 signis
577 246 794 291 explentur,
812 250 853 282 ut
871 256 916 282 ex
937 245 1173 291 supradictis
1194 245 1292 290 (cap.
1312 243 1368 289 56)
1391 246 1508 289 patet,
1537 251 1650 289 opor-

43 294 118 330 tuit
135 294 250 330 etiam
272 292 376 339 quod
395 292 476 328 11100
496 293 710 339 spiritualis
728 297 901 338 potestas
917 292 990 328 sub
1006 291 1240 337 quibusdam
1254 291 1507 328 sensibilibus
1523 290 1649 337 signis

41 339 273 376 hominibus
293 339 522 375 traderetur.
548 340 669 385 liujus
693 344 820 375 autem
844 342 934 375 sunt
958 342 1071 375 certse
1104 339 1238 374 formae
1269 338 1489 379 verborum,
1523 337 1649 373 deter-

44 387 181 424 minati
214 389 339 428 actus,
372 390 462 431 puta
497 387 696 431 impositio
734 395 936 428 manuum,
972 385 1162 431 inJ‘unctio
1193 388 1229 421 et
1261 385 1453 430 porrectio
1480 383 1567 420 libri
1588 383 1648 421 vel

42 433 189 476 calicis,
211 437 278 469 aut
298 433 466 477 alicujus
490 433 729 477 hujusmodi,
751 433 854 478 quod
876 433 922 468 ad
939 432 1230 468 exsecutionem
1248 431 1462 476 spiritualis
1483 431 1650 476 pertinet

42 480 260 526 potestatis.
285 481 618 525 Quandocumque
638 484 767 515 autem
789 479 932 523 aliquid
964 478 1167 523 spirituale
1201 478 1274 514 sub
1309 479 1424 522 signo
1454 477 1648 523 corporali

40 527 220 570 traditur,
245 527 317 563 1100
339 527 482 562 dicitur
506 530 807 562 sacramentum.
834 526 1082 561 Manifestum
1105 529 1165 561 est
1184 525 1302 569 igitur
1323 524 1427 570 quod
1458 525 1497 560 in
1529 524 1649 560 colla·

41 574 146 610 tione
168 574 383 619 spiritualis
409 573 610 618 potestatis
630 572 824 618 quoddam
848 575 1135 607 sacramentum
1151 573 1364 617 peragitur,
1383 572 1485 617 quod
1509 571 1653 607 dicitur

44 621 202 657 Ordinis
221 626 525 656 sacramentinn.
540 621 592 656 Ad
615 620 786 655 divinam
811 623 937 654 autem
954 618 1223 654 liberalitatem
1242 619 1407 662 pertinet
1427 621 1465 653 ut
1484 618 1652 654 0010011-

43 669 165 704 fertur
184 671 356 712 potestas
379 668 424 702 ad
448 667 592 712 aliquid
612 666 868 711 operandum,
889 666 1142 701 conferantur
1161 666 1276 701 etiam
1310 675 1354 700 ea
1388 665 1471 701 sine
1508 665 1651 710 quibus

44 714 270 759 hujusmodi
293 714 467 759 operatio
489 715 768 749 convenienter
789 713 958 748 exerceri
981 721 1058 747 non
1093 716 1233 757 potest.
1256 712 1551 747 Administratio
1581 721 1649 748 au-

43 765 120 797 tem
143 765 492 801 sacrantentorum,
517 761 563 796 ad
586 770 671 806 quae
693 760 895 795 ordinatur
922 759 1139 803 spiritualis
1167 763 1341 804 potestas
1374 759 1651 794 convenienter

44 817 122 844 non
146 808 185 843 fit
213 808 286 843 nisi
304 808 446 854 aliquis
466 807 601 843 adhoc
625 817 645 842 a
664 807 793 842 divina
814 806 937 851 gratia
959 806 1184 850 adjuvetur:
1204 810 1240 841 et
1257 805 1345 841 ideo
1367 805 1406 841 in
1429 805 1504 841 1100
1525 814 1653 841 sacra·

43 859 176 891 mento
195 857 394 890 confertur
414 855 551 897 gratia,
576 854 677 889 sicut
696 857 733 889 et
753 853 792 888 in
815 853 903 889 aliis
931 853 1203 889 sacramentis.

91 902 186 945 Quia
208 910 298 937 vero
321 905 492 946 potestas
516 900 671 937 Ordinis
693 900 739 936 ad
767 900 1102 944 dispensationem
1125 903 1460 935 sacramentorum
1497 899 1653 936 ordina-

44 952 119 991 tur,
152 948 252 983 inter
275 951 519 984 sacramenta
545 952 673 983 autem
710 947 1001 982 nobilissimum
1034 949 1069 981 et
1102 947 1457 982 consummativum
1483 947 1649 983 aliorum

44 998 103 1031 est
123 995 376 1031 Eucharistiie
398 999 700 1038 sacramentum,
722 998 762 1029 ut
784 1004 829 1029 ex
850 993 963 1029 dictis
984 994 1080 1038 (cap.
1110 993 1167 1038 61>
1198 998 1313 1038 patet,
1363 996 1515 1038 oportet
1548 993 1651 1039 quod

44 1045 219 1087 potestas
242 1042 398 1077 Ordinis
419 1041 690 1077 consideretur
708 1040 899 1086 praecipue
921 1040 1137 1076 secundum
1153 1040 1487 1085 comparationem
1512 1040 1557 1076 ad
1579 1040 1653 1076 1100

45 1092 333 1125 sacramentum
361 1097 477 1131 ;nam
510 1087 818 1133 unumquodque
839 1087 1116 1122 denominatur
1150 1096 1170 1122 a
1203 1087 1292 1122 tine.
1323 1086 1502 1132 EJusdem
1524 1091 1653 1122 autem

45 1136 200 1172 virtutis
220 1145 308 1171 esse
332 1135 482 1171 videtur
502 1135 672 1180 aliquam
697 1134 972 1179 perfectionem
1005 1134 1186 1177 tribuere,
1210 1137 1247 1169 et
1276 1133 1322 1169 ad
1360 1134 1652 1178 susceptionem

45 1182 154 1218 illius
175 1182 375 1218 materiam
399 1190 640 1226 praeparare3
664 1181 765 1217 sicut
783 1181 886 1227 ignis
905 1181 1085 1216 virtutem
1117 1180 1232 1216 habet
1263 1184 1305 1215 ut
1338 1180 1501 1216 formam
1541 1189 1653 1216 suam

45 1228 295 1265 transfundat
315 1229 352 1263 in
376 1229 555 1269 alterum,
577 1231 614 1264 et
634 1232 673 1263 ut
693 1228 894 1263 materiam
915 1227 1099 1272 disponat
1119 1227 1165 1263 ad
1188 1227 1321 1262 formae
1344 1226 1651 1272 susceptionem.

45 1276 171 1319 Quum
194 1275 311 1321 igitur
331 1278 505 1320 potestas
527 1274 682 1311 Ordinis
702 1275 747 1310 ad
778 1274 853 1310 hoc
875 1284 916 1310 se
936 1274 1118 1310 extendat
1139 1277 1180 1310 ut
1197 1278 1488 1310 sacramentum
1517 1282 1654 1319 corpo-

44 1322 96 1358 ris
116 1322 256 1359 Christi
278 1322 461 1358 conficiat
492 1326 529 1357 et
556 1322 737 1365 fidelibus
761 1322 899 1364 tradat,
922 1324 1074 1366 oportet
1099 1320 1202 1366 quod
1238 1321 1371 1356 eadem
1402 1324 1577 1365 potestas
1607 1320 1655 1356 ad

47 1369 120 1406 hoc
142 1378 184 1406 se
205 1369 387 1405 extendat
405 1368 507 1415 quod
531 1368 665 1404 fideles
686 1372 798 1414 aptos
825 1368 972 1407 reddat,
996 1370 1032 1403 et
1064 1377 1263 1413 congruos
1298 1367 1345 1403 ad
1378 1367 1496 1413 liujtts
1525 1377 1654 1403 saera-

46 1416 166 1452 menti
190 1416 495 1461 perceptionem.
516 1415 701 1451 Redditur
719 1419 848 1451 autem
871 1419 984 1460 aptus
1006 1418 1042 1450 et
1075 1423 1276 1461 congruus
1306 1414 1433 1451 fidelis
1469 1413 1515 1450 ad
1537 1414 1655 1460 hujus

46 1462 281 1499 sacramenti
301 1463 589 1508 perceptionem
613 1472 679 1507 per
701 1462 773 1498 lioc
794 1462 897 1508 quod
914 1465 973 1497 est
990 1471 1012 1497 a
1032 1466 1192 1506 peccato
1214 1461 1403 1497 immunis
1426 1470 1529 1497 :non
1552 1461 1653 1498 enim

46 1513 175 1554 potest
198 1509 311 1545 aliter
331 1509 485 1545 Christo
507 1509 762 1554 spiritualiter
783 1509 898 1547 uniri,
923 1509 984 1544 cui
1020 1509 1356 1544 sacramentaliter
1387 1508 1654 1553 conJungstur,

46 1556 121 1593 hoc
139 1561 427 1592 sacramentum
455 1556 720 1601 percipiendo.
747 1556 905 1601 Oportet
931 1556 1051 1601 igitur
1083 1555 1186 1601 quod
1219 1557 1393 1600 potestas
1425 1554 1582 1591 Ordinis
1613 1563 1655 1592 se

46 1603 230 1639 extendat
248 1603 295 1639 ad
319 1603 593 1639 remissionem
617 1606 864 1647 peccatorum
888 1612 955 1647 per
975 1602 1311 1646 dispensationem
1346 1601 1503 1638 illorum
1529 1610 1656 1638 sacra-

47 1653 269 1686 mentorum
304 1650 401 1695 quae'
420 1650 652 1685 ordinantur
681 1649 728 1685 ad
758 1649 905 1694 peccati
947 1649 1221 1685 remissionem
1261 1661 1268 1684 :
1306 1648 1527 1694 cujusmodi
1564 1651 1657 1685 sunt

48 1697 274 1742 Baptismus
295 1701 332 1732 et
352 1696 600 1739 poenitentia,
617 1699 659 1732 ut
674 1706 719 1732 ex
739 1696 853 1732 dictis
875 1698 991 1741 patet.
1012 1695 1134 1740 Unde,
1151 1699 1192 1731 ut
1209 1695 1355 1731 dictum
1374 1700 1446 1735 est,
1464 1696 1655 1732 Dominus

45 1743 267 1788 discipulis,
291 1743 435 1790 quibus
453 1743 652 1779 commisit
670 1743 730 1780 sui
749 1743 927 1788 corporis
948 1743 1302 1786 consecrationem,
1324 1742 1430 1778 dedit
1449 1743 1564 1778 etiam
1588 1751 1654 1787 po-

43 1792 224 1827 testatem
245 1789 664 1835 1'emittendipeceata;
686 1799 772 1836 quae
792 1790 948 1836 quidem
970 1791 1144 1835 potestas
1164 1798 1232 1834 per
1256 1789 1386 1825 claves
1408 1789 1654 1835 intelligitur,

44 1836 91 1873 de
111 1836 256 1883 quibus
276 1837 466 1873 Dominus
486 1838 613 1879 Petro,
634 1837 783 1881 Matui„
801 1845 883 1879 xvi,
922 1839 977 1880 19,
1012 1836 1110 1872 dixit
1144 1848 1152 1872 ε
1183 1836 1264 1871 Tibi
1291 1836 1381 1871 dabo
1414 1837 1530 1871 claves
1554 1837 1657 1882 reqm'

47 1884 224 1920 coelorum.
247 1883 393 1920 Coelum
416 1883 520 1919 enim
542 1883 754 1929 unicuique
787 1883 982 1920 clauditur
1008 1887 1044 1918 et
1065 1882 1236 1928 aperitur
1253 1891 1321 1928 per
1352 1883 1427 1919 hoc
1447 1882 1550 1929 quod
1571 1892 1655 1928 pec-

48 1934 136 1967 cato
155 1929 343 1976 subjacet,
364 1930 423 1966 vel
445 1939 466 1967 a
484 1934 645 1975 peccato
659 1934 868 1976 purgatur:
887 1929 989 1965 unde
1004 1933 1041 1965 et
1062 1939 1159 1966 usus
1178 1930 1316 1965 harum
1333 1929 1500 1966 clavium
1516 1929 1657 1965 dicitur

48 1986 137 2014 esse
157 1977 294 2024 ligare,
316 1980 352 2012 et
382 1976 548 2020 solvere,
580 1977 733 2013 scilicet
760 1986 783 2013 a
810 1977 1012 2022 peccatis:
1043 1975 1090 2012 de
1118 1976 1261 2023 quibus
1293 1976 1450 2023 quidem
1480 1976 1656 2013 clavibus

46 2032 167 2070 supra
187 2024 333 2060 dictum
356 2026 428 2060 est.
451 2024 521 2070 (IV
535 2024 649 2068 Sent„
671 2023 762 2060 dist.
786 2023 913 2066 xxiv.)

688 2169 854 2209 CAPUT
883 2170 1036 2210 LXXV.

574 2288 623 2315 DE
642 2288 909 2316 DISTINCTIONE
936 2287 1122 2316 ORDINUM·

94 2398 434 2437 Considerandum
456 2401 516 2434 est
548 2400 678 2434 autem
714 2396 819 2443 quod
849 2400 1025 2442 potestas
1056 2407 1142 2444 quae
1177 2397 1381 2434 ordinatur
1407 2398 1454 2434 ad
1484 2398 1652 2444 aliquem

46 2446 306 2492 principalem
337 2444 518 2481 effectum
547 2447 637 2480 nata
657 2443 879 2480 esthabere
912 2444 985 2480 sub
1018 2453 1060 2480 se
1091 2444 1299 2480 inferiores
1333 2447 1545 2490 potestates
1578 2446 1653 2482 sibi

47 2492 316 2529 deservientes
339 2504 346 2527 :
371 2491 476 2537 quod
495 2491 704 2526 manifeste
721 2489 762 2525 in
782 2490 932 2527 artibus
955 2493 1126 2535 apparet.
1148 2491 1227 2527 Arti
1259 2491 1363 2527 enim
1385 2500 1470 2537 quae
1489 2492 1655 2528 formam

47 2538 291 2576 artificialem
312 2537 462 2574 inducit
483 2538 709 2573 deserviunt
734 2540 837 2573 artes
858 2546 945 2583 quae
964 2537 1179 2582 disponunt
1199 2539 1422 2581 materiam3
1439 2542 1475 2573 et
1490 2538 1558 2574 illa
1569 2548 1655 2584 quae

47 2585 216 2622 formam
246 2584 398 2620 inducit
426 2584 594 2620 deservit
625 2583 697 2619 arti
730 2583 777 2619 ad
798 2593 915 2630 quam
934 2585 1102 2629 pertinet
1139 2584 1331 2621 artificiati
1354 2584 1465 2628 finis;
1501 2587 1653 2621 010110-

47 2632 133 2670 rius
155 2641 241 2678 quae
263 2631 467 2668 ordinatur
493 2630 541 2667 ad
568 2630 802 2666 anteriorem
822 2629 940 2666 finem
967 2630 1135 2667 deservit
1169 2631 1226 2666 illi
1262 2631 1308 2667 ad
1339 2640 1454 2677 quam
1487 2632 1655 2677 pertinet

46 2679 216 2716 ultimus
236 2677 340 2721 finis,
370 2677 473 2714 sicut
492 2686 555 2713 ars
576 2686 662 2723 quae
700 2677 814 2712 caedit
832 2676 941 2723 ligna
967 2677 1135 2713 deservit
1155 2677 1406 2722 navisactivae‚
1429 2681 1467 2714 et
1487 2679 1569 2715 haec
1588 2688 1653 2726 gu-

46 2724 294 2768 bernatoriae,
328 2732 413 2770 quae
444 2724 584 2760 iterum
618 2723 787 2760 deservit
819 2724 1087 2767 oeconomicae‚
1122 2724 1181 2760 vel
1202 2724 1375 2768 militari,
1398 2728 1464 2761 aut
1483 2725 1651 2771 alicujus

47 2771 288 2818 hujusmodi,
307 2770 524 2808 secundum
545 2770 650 2853 &uo-d
671 2770 936 2822 00119011000
962 2770 1138 2822 diversos
1170 2769 1270 2807 fines
1304 2771 1476 2808 ordinari
1508 2774 1650 2818 potest.

48 2818 147 2862 Quia
164 2818 283 2865 igitur
302 2820 476 2864 potestas
497 2818 547 2853 Or
577 2825 653 2854 11115
672 2817 934 2862 ρ111101ρο11101·
954 2817 1156 2853 ordinat-ur
1175 2817 1223 2853 ad
1240 2826 1384 2863 eorpus
1405 2818 1547 2855 Christi
1564 2827 1654 2856 con-

48 2865 284 2902 secrandum
314 2868 351 2901 et
376 2863 557 2900 fidelibus
577 2863 901 2909 dispensandum,
923 2865 961 2899 et
979 2863 1027 2900 00
1058 2863 1195 2900 fideles
1231 2873 1253 2900 0
1281 2865 1453 2910 peccatis
1484 2874 1652 2912 purgan-

48 2911 142 2948 dum
160 2923 169 2957 ;
191 2914 345 2958 oportet
365 2920 453 2948 esse
474 2911 644 2958 aliquem
664 2910 920 2956 principalem
940 2910 1132 2956 ordinem,
1154 2909 1267 2958 cujus
1298 2914 1473 2957 potestas
1496 2911 1544 2949 00
1579 2911 1655 2949 1100
