1894 3223
159 141 234 175 490
775 134 862 170 Lm.
888 135 948 178 iv,
978 134 1077 172 CAP.
1101 135 1163 173 IV.

165 220 269 256 Sedes
289 222 364 261 tua,
386 219 492 256 Deus,
513 217 553 252 in
573 216 740 252 saeculum
758 216 900 259 saeculi3
921 217 1028 260 virga
1047 217 1253 253 directionis
1271 218 1378 262 virya
1410 219 1513 262 reyni
1532 218 1598 254 tui.
1623 218 1793 254 Dileoeisti
1823 261 1827 264 ¹

159 266 344 311 ,iustitiam
363 265 396 298 et
415 263 525 298 odisti
558 263 787 308 iniquitatem
820 263 953 300 Psalm.
982 270 1084 308 XLIV,
1105 266 1141 308 7,
1164 263 1223 311 8);
1250 268 1287 301 et
1304 265 1408 311 quod
1445 265 1492 302 ad
1515 264 1712 301 Christum
1733 264 1791 301 di-

165 315 275 348 catur
295 312 398 356 patet
418 318 488 355 per
521 309 560 345 id
592 309 697 356 quod
724 309 796 347 sub
829 309 906 346 itur
926 321 935 346 1
956 310 1150 355 Propterea
1168 311 1278 347 unxit
1296 313 1329 346 te
1346 313 1453 356 Deus,
1475 314 1570 348 Deus
1599 314 1695 356 tuus,
1720 312 1792 348 oleo

164 359 298 394 laetitiae
313 366 392 401 prae
411 356 633 392 consortibus
663 357 736 392 tuis
758 356 878 403 (ibid.,
900 356 935 404 8)
953 368 961 401 ;
984 358 1022 394 et
1041 357 1184 394 dicitur
1204 368 1212 394 :
1234 358 1440 396 PARVULUS
1471 360 1564 394 enim
1595 366 1721 396 NA'rus
1741 361 1794 395 est

163 405 279 447 nobis,
300 407 332 439 et
349 404 447 449 silius
466 403 572 439 clatus
591 405 643 439 est
657 404 784 447 nobis;
810 406 843 439 et
858 405 979 447 factus
996 406 1047 440 est
1062 405 1294 449 principatus
1310 415 1416 451 super
1436 406 1621 441 humerum
1639 405 1718 451 ejus
1732 417 1743 448 ,·
1760 408 1794 441 et

162 452 349 487 vocabitur
390 461 516 486 nomen
555 450 632 495 eJ'us
668 451 924 496 Admirabilis‚
959 451 1211 496 consiliarius,
1232 451 1339 492 Deus,
1372 453 1503 496 Fortis,
1533 454 1643 489 Pater
1672 453 1794 497 futuri

162 499 296 539 saeculi,
318 498 491 542 Princeps
506 498 625 542 pacis.
648 496 764 544 (lsai,
786 505 839 542 ix,
860 497 908 544 6.)
937 498 1000 535 Sic
1031 498 1152 545 igitur
1183 507 1229 534 ex
1253 506 1366 535 sacra
1385 499 1585 545 Scriptura
1605 499 1794 536 docemur

164 545 302 581 Filium
320 544 402 588 Dei,
428 554 449 580 a
468 546 546 581 Deo
568 544 758 591 genitum,
782 546 903 581 Deum
923 554 1025 582 esse.
1040 545 1181 581 Filium
1200 547 1329 582 autem
1350 546 1417 581 Dei
1438 547 1571 583 Jesum
1594 546 1792 583 Christum

165 593 303 629 Petrus
323 591 535 628 consessus
559 594 632 637 est,
669 591 704 628 ei
745 591 882 628 dicens
906 603 914 628 :
940 593 993 627 Tu
1024 602 1059 628 es
1080 591 1245 628 Christus
1275 593 1389 628 Filius
1426 594 1491 629 Dei
1518 595 1607 631 vivi.
1631 593 1792 641 (Mutia,

159 645 249 684 XVI,
275 638 346 685 16.)
368 640 456 684 Ipse
477 638 598 686 igitur
613 638 896 686 etunigenitus
919 642 979 676 est
998 642 1036 675 et
1056 640 1160 676 Deus
1181 641 1254 676 est.

848 784 1015 827 CAPUT
1045 785 1111 827 IV.

291 907 381 940 QUID
409 906 596 935 OPINATUS
623 906 682 935 SIT
706 905 896 935 PHOTINUS
919 906 969 935 DE
994 906 1096 935 FILIO
1122 907 1202 943 DEI,
1228 907 1278 936 ET
1301 907 1391 936 EJUS
1414 908 1665 936 IMPROBATIO.

212 1015 336 1062 Hujus
370 1019 501 1052 autem
535 1015 725 1052 doctrinae
752 1015 953 1052 veritatem
986 1015 1145 1062 quidam
1171 1016 1343 1062 perversi
1362 1015 1547 1053 homines
1576 1025 1649 1053 suo
1672 1025 1793 1053 sensu

163 1062 292 1099 metiri
316 1065 615 1108 praesumentes,
638 1062 685 1098 de
705 1063 924 1108 praemissis
945 1071 1067 1100 vanas
1083 1067 1120 1100 et
1140 1063 1270 1100 varias
1286 1063 1496 1108 opiniones
1512 1067 1791 1109 conceperunt.

166 1111 341 1153 Quorum
364 1110 523 1155 quidam
557 1109 911 1146 consideraverunt
943 1109 1046 1146 hanc
1079 1119 1168 1147 esse
1202 1110 1411 1156 scripturae
1446 1111 1792 1155 cousuetudinem,

165 1166 235 1193 eos
257 1157 322 1202 qui
343 1156 476 1193 divina
493 1157 620 1203 gratia
640 1156 909 1202 justificantur
929 1156 1033 1194 filios
1065 1157 1133 1193 Dei
1166 1156 1258 1201 dici,
1286 1157 1505 1193 secundum
1539 1157 1635 1194 illud
1655 1169 1663 1193 :
1685 1157 1796 1194 Dedit

164 1205 213 1239 eis
228 1206 439 1249 potestatem
459 1204 551 1248 filios
572 1205 636 1239 Dei
665 1205 757 1249 fieri,
779 1205 835 1239 his
856 1205 920 1249 qui
949 1204 1099 1239 credunt
1127 1205 1167 1239 in
1200 1205 1340 1240 nomine
1376 1204 1454 1248 ejus
1476 1205 1634 1250 (Joann.,
1658 1213 1684 1247 Ι,
1713 1205 1791 1250 1-2);

162 1255 201 1286 et
222 1262 229 1286 :
251 1253 333 1296 Ipse
352 1252 446 1286 enini
465 1251 626 1296 Spiritus
646 1252 886 1286 testimonium
903 1250 1025 1286 reddit
1049 1252 1198 1296 spiritui
1222 1253 1342 1286 nostro
1373 1251 1467 1295 quod
1500 1262 1622 1286 311111113
1641 1252 1711 1297 filii
1728 1253 1795 1288 Dei

166 1298 295 1343 (Rom,
316 1306 402 1337 vill,
428 1297 483 1342 16)
506 1309 514 1341 ;
538 1301 575 1334 et
599 1309 607 1333 :
634 1298 759 1334 Videte
779 1298 918 1344 qualem
951 1298 1162 1334 charitatem
1191 1298 1292 1333 dedit
1322 1299 1424 1333 nobis
1443 1300 1563 1339 Pater,
1583 1302 1623 1334 ut
1640 1300 1710 1344 filii
1728 1299 1796 1335 Dei

162 1347 388 1380 nominemur
408 1346 581 1380 0131111113.
606 1343 639 1389 (I
653 1345 800 1389 Joann.,
823 1353 879 1387 111,
905 1345 952 1391 1.)
975 1345 1082 1388 Quos
1103 1345 1221 1382 etiam
1242 1354 1264 1381 a
1287 1346 1366 1381 Deo
1387 1345 1544 1392 genitos
1564 1354 1652 1383 esse
1671 1345 1795 1392 Scrip-

164 1396 251 1427 tura
274 1401 353 1428 11011
380 1394 482 1427 tacet
503 1402 512 1428 ε
536 1391 679 1427 dicitur
710 1391 813 1428 enim
836 1404 845 1427 :
872 1392 1081 1427 Voluntaric
1113 1393 1206 1427 enim
1234 1393 1358 1436 qcnuit
1389 1402 1452 1427 1103
1498 1393 1602 1428 verbo
1629 1395 1794 1430 veritatis

167 1439 316 1484 (Jacob.‚
339 1447 365 1481 Ι,
388 1439 443 1484 18)
462 1450 470 1482 ;
494 1441 531 1474 et
550 1437 694 1474 dicitur
716 1450 723 1474 :
747 1439 870 1475 Omnis
891 1441 953 1483 qni
988 1442 1095 1474 natas
1124 1442 1176 1474 cst
1197 1448 1241 1474 eoe
1270 1439 1352 1480 Deo,
1371 1442 1558 1483 peccatam
1584 1450 1657 1475 non
1675 1441 1793 1484 facit3

164 1487 335 1530 quoniam
353 1495 470 1520 semen
489 1486 604 1530 ipsius
625 1486 664 1520 in
684 1496 720 1520 eo
751 1489 882 1520 manet.
907 1486 938 1531 (I
954 1486 1099 1529 Joann.,
1122 1493 1179 1530 ΙΙΙ,
1202 1485 1254 1532 9.)
1279 1485 1323 1522 Et
1354 1485 1459 1532 quod
1481 1490 1541 1522 est
1561 1485 1792 1532 mirabilius,

165 1532 314 1569 eisdem
345 1540 491 1568 nomen
528 1531 739 1568 divinitatis
771 1532 1006 1569 adscribitur
1037 1544 1044 1570 :
1077 1534 1252 1569 Dominus
1289 1534 1382 1568 enim
1417 1533 1515 1568 dimit
1542 1534 1590 1569 ad
1618 1535 1792 1578 Moysen:

162 1581 251 1615 Ecce
270 1580 438 1614 constitui
469 1582 501 1614 te
534 1579 637 1614 deum
668 1580 869 1616 Pharaonis
891 1579 1036 1626 OEoeod„
1056 1588 1126 1623 vn,
1152 1579 1183 1626 1)
1205 1591 1213 1624 ;
1245 1583 1281 1616 ct
1303 1590 1311 1616 ε
1330 1581 1405 1624 Eoo
1435 1581 1517 1615 dimi
1539 1590 1546 1615 :
1569 1581 1623 1616 dii
1643 1583 1740 1629 estiS,
1762 1583 1796 1617 et

162 1627 232 1672 filii
251 1627 396 1662 Eoecclsi
435 1636 552 1662 omnes
585 1626 731 1672 (Psalm.
765 1634 897 1670 LXXXI,
922 1627 979 1673 6);
1005 1630 1055 1672 et,
1089 1627 1192 1664 sicut
1228 1627 1418 1664 Dominus
1452 1627 1542 1665 dicit
1565 1639 1572 1664 :
1595 1629 1678 1665 Illos
1698 1628 1797 1665 dimit

163 1674 244 1709 deos
265 1674 314 1709 ad
333 1683 419 1718 quos
451 1683 564 1709 serino
601 1675 668 1709 Dei
687 1675 806 1718 factas
842 1677 906 1711 est.
930 1673 1088 1720 (Joann.,
1109 1682 1149 1719 Χ,
1171 1674 1245 1720 35.)
1285 1675 1358 1710 Per
1376 1674 1482 1711 huno
1502 1675 1678 1720 modum,
1711 1675 1793 1722 opi-

163 1724 305 1757 nantes
324 1722 458 1758 Jcsurn
481 1720 676 1758 Christum
696 1730 837 1767 purum
858 1721 1059 1758 hominem
1091 1730 1180 1758 esse
1201 1725 1237 1758 et
1258 1730 1305 1758 ex
1329 1722 1449 1759 Maria
1467 1722 1621 1768 Virgine
1639 1723 1793 1760 initium

163 1768 399 1813 sumpsisse,
419 1771 457 1804 et
475 1777 544 1813 per
571 1768 693 1805 beatae
712 1768 798 1806 vitae
829 1768 1011 1805 meritum
1054 1768 1267 1805 divinitatis
1305 1767 1497 1806 honorem
1532 1778 1610 1815 pree
1641 1770 1793 1807 caeteris

163 1815 288 1851 fuisse
309 1815 507 1860 adeptum,
531 1815 853 1852 existimaverunt
873 1825 961 1852 eum
999 1816 1179 1853 similiter
1212 1815 1299 1852 aliis
1334 1815 1561 1853 hominibus
1583 1825 1652 1862 per
1677 1817 1794 1863 adop·

162 1862 282 1898 tionis
315 1862 493 1907 spiritum
521 1862 588 1899 Dei
607 1862 744 1902 tilium,
765 1865 802 1899 et
820 1872 890 1908 per
908 1863 1074 1909 gratiam
1095 1863 1142 1899 ab
1164 1871 1211 1900 eo
1230 1862 1420 1909 genitum,
1442 1867 1479 1899 et
1493 1873 1561 1909 per
1581 1864 1791 1909 quamdam

163 1908 489 1945 assimilationem
509 1909 556 1945 ad
578 1911 701 1945 Deum
722 1909 762 1945 in
784 1910 993 1955 scripturis
1027 1910 1101 1947 dici
1133 1912 1271 1953 Deum,
1294 1918 1374 1946 0011
1410 1919 1481 1955 per
1507 1914 1703 1956 naturam,
1722 1912 1792 1948 sed

163 1965 232 2001 per
249 1955 492 1992 consortium
513 1955 710 2002 quoddam
727 1956 865 1993 divinae
891 1956 1101 2001 bonitatis;
1124 1956 1226 1994 sicut
1245 1959 1283 1992 et
1313 1956 1360 1993 de
1387 1957 1534 1994 sanctis
1554 1957 1694 1994 (licitur
1716 1971 1723 1994 :
1749 1960 1793 1995 Ut

162 2004 368 2046 efficiamini
387 2002 520 2038 divinae
540 2006 715 2038 consortes
735 2006 886 2043 ncturae,
908 2005 1087 2049 fugyientes
1108 2004 1185 2049 ejus
1206 2012 1284 2050 quae
1314 2004 1354 2039 in
1377 2004 1509 2040 mundo
1535 2007 1586 2041 cst
1610 2007 1793 2051 concupis-

162 2051 286 2085 centiae
305 2051 580 2095 corruptionem.
603 2049 655 2096 (II
669 2052 780 2090 Petr„
802 2059 828 2090 1,
847 2049 899 2097 4.)

212 2098 318 2133 Hanc
338 2099 468 2133 autem
489 2096 727 2142 positionem
748 2105 870 2134 sacrae
885 2097 1093 2143 scripturae
1113 2097 1343 2135 auctoritate
1363 2097 1599 2135 confirmare
1617 2099 1792 2136 niteban-

161 2146 237 2180 tur.
261 2143 358 2180 Dicit
377 2143 479 2180 enim
500 2143 719 2181 Dominus:
751 2145 849 2180 Data
874 2147 926 2180 est
956 2145 1048 2180 mihi
1069 2146 1184 2181 omnis
1210 2147 1368 2191 potestas
1405 2147 1444 2180 in
1470 2147 1552 2181 coelo
1573 2148 1606 2181 ct
1622 2147 1662 2182 in
1679 2149 1789 2183 terra.

163 2190 326 2237 (Mutia,
349 2199 490 2235 xxvni,
514 2190 586 2238 18.)
609 2190 722 2236 Quod
743 2190 777 2228 si
795 2193 884 2229 ante
903 2194 1081 2239 tempora
1102 2193 1206 2229 Deus
1237 2194 1357 2237 esset,
1379 2194 1616 2238 potestatem
1635 2203 1682 2230 ex
1698 2196 1792 2231 tem-

161 2246 256 2284 pore
278 2246 357 2274 non
380 2237 613 2284 accepisset.

207 2286 308 2325 Item,
331 2284 472 2322 dicitur
504 2285 550 2322 de
572 2285 668 2323 Filio
687 2285 794 2333 quod
812 2286 933 2330 factus
951 2288 1002 2322 est
1020 2287 1065 2331 ei,
1087 2285 1237 2323 scilicet
1258 2287 1350 2332 Deo,
1373 2296 1417 2322 ea:
1446 2289 1579 2322 semine
1607 2288 1728 2324 David
1745 2298 1791 2324 se-

161 2331 318 2367 cundum
338 2341 493 2373 carnem,
509 2335 547 2369 et
566 2333 671 2379 quod
686 2332 969 2378 praedestinatus
989 2335 1042 2369 est
1058 2334 1173 2370 Filius
1190 2335 1257 2370 Dei
1273 2336 1314 2370 in
1330 2335 1477 2370 virtute.
1497 2333 1624 2380 (Rom,
1643 2343 1670 2380 1,
1685 2337 1719 2380 3,
1738 2334 1789 2382 4.)

162 2378 274 2424 Quod
295 2381 426 2416 autem
448 2379 747 2425 praedestinatur
763 2383 803 2418 et
820 2380 966 2417 factum
986 2382 1048 2417 cst
1078 2380 1230 2418 videtui·
1249 2390 1330 2418 non
1355 2390 1444 2418 esse
1465 2384 1668 2418 aeternum.

207 2427 308 2470 Item,
327 2427 541 2472 Apostolus
562 2427 654 2464 dicit
676 2437 684 2462 :
705 2428 838 2464 Factus
855 2431 907 2463 est
922 2428 1087 2464 obediens
1106 2438 1220 2474 usque
1238 2428 1287 2464 ad
1305 2431 1466 2469 mortem,
1490 2432 1638 2465 mortem
1671 2431 1790 2466 autem

163 2474 303 2516 crucis;
325 2476 472 2519 propter
489 2474 584 2519 quod
602 2477 637 2510 et
662 2475 757 2511 Deus
775 2475 953 2511 eoealtavit
972 2475 1087 2515 illum,
1108 2478 1142 2512 et
1159 2475 1260 2511 dedit
1278 2476 1336 2512 illi
1354 2485 1481 2512 nomen
1501 2475 1597 2522 quod
1615 2477 1667 2512 est
1682 2485 1790 2520 super

160 2530 260 2556 0111110
286 2530 427 2558 nomen.
451 2522 575 2567 (Phia,
602 2530 646 2566 11,
685 2523 720 2565 8,
739 2521 790 2569 9.)
812 2524 866 2559 Ex
897 2531 976 2568 quo
997 2522 1148 2559 videtur
1180 2522 1336 2560 ostendi
1367 2522 1487 2570 quod,
1512 2525 1668 2568 propter
1699 2523 1789 2560 ohe-

160 2567 316 2650 diesffwte
336 2569 374 2604 et
393 2568 593 2614 passionis
612 2569 809 2614 meritum,
843 2568 974 2607 divino
994 2569 1044 2606 sit
1062 2568 1215 2607 honore
1236 2569 1407 2608 donatus
1443 2573 1480 2607 et
1506 2579 1625 2616 super
1655 2569 1790 2608 omnia

160 2623 233 2651 exa
268 2624 289 2651 a
309 2623 369 2652 us.

207 2663 345 2698 Petrus
367 2661 484 2699 etiam
506 2662 598 2701 dicit
619 2675 628 2700 z
651 2664 853 2701 Certissima
873 2674 955 2709 erqo
974 2665 1067 2701 sciat
1085 2664 1199 2700 omnis
1215 2664 1340 2700 domus
1359 2664 1474 2701 Israel
1490 2665 1577 2709 quia
1595 2664 1788 2701 Dominum

161 2716 240 2742 011111
254 2711 286 2743 et
306 2709 486 2760 Christum
505 2712 593 2754 fecit
612 2712 706 2748 Deus
723 2711 818 2746 hunc
835 2711 968 2756 Jesum,
991 2721 1094 2757 quem
1109 2721 1171 2748 vos
1191 2712 1438 2758 crucifiaeistis.
1469 2710 1563 2757 (Act.
1595 2713 1712 2755 apost,
1740 2719 1784 2757 11,

161 2754 234 2836 36.ss
273 2754 431 2792 Videtur
464 2756 584 2805 igitur
627 2767 675 2795 ex
703 2758 880 2804 tempore
916 2759 1020 2796 Deus
1059 2766 1149 2796 esse
1182 2758 1324 2804 factus,
1364 2766 1444 2795 non
1482 2759 1571 2793 ante
1606 2759 1786 2804 tempora

161 2808 212 2837 na
233 2809 293 2837 us.

206 2847 415 2900 Adducunt
438 2850 553 2887 etiam
572 2850 613 2888 in
644 2851 916 2889 fulcimentum
935 2861 1017 2890 suae
1036 2851 1234 2898 opinionis
1254 2860 1301 2889 ea
1330 2859 1417 2902 quae
1445 2850 1485 2886 in
1506 2850 1716 2896 scripturis
1736 2851 1784 2889 de

161 2893 314 2933 Christo
332 2895 381 2934 ad
395 2896 591 2935 defectum
608 2899 801 2946 pertinere
816 2899 1012 2944 videntur,
1034 2899 1137 2938 sicut
1157 2897 1262 2946 quod
1287 2897 1459 2936 femineo
1476 2900 1655 2945 portatur
1673 2907 1783 2943 utero
