<?xml version="1.0" encoding="UTF-8"?>
<!DOCTYPE html PUBLIC "-//W3C//DTD XHTML 1.0 Transitional//EN"
    "http://www.w3.org/TR/xhtml1/DTD/xhtml1-transitional.dtd">
<html xmlns="http://www.w3.org/1999/xhtml" xml:lang="en" lang="en">
 <head>
  <title>
</title>
<meta http-equiv="Content-Type" content="text/html;charset=utf-8" />
  <meta name='ocr-system' content='tesseract 3.04.00' />
  <meta name='ocr-capabilities' content='ocr_page ocr_carea ocr_par ocr_line ocrx_word'/>
</head>
<body>
  <div class='ocr_page' id='page_1' title='image "./deveritatecathol00thomuoft_0194.png"; bbox 0 0 1894 3223; ppageno 0'>
   <div class='ocr_carea' id='block_1_1' title="bbox 177 84 1209 129">
    <p class='ocr_par' dir='ltr' id='par_1_1' title="bbox 177 84 1209 129">
     <span class='ocr_line' id='line_1_1' title="bbox 177 84 1209 129; baseline -0.009 -1"><span class='ocrx_word' id='word_1_1' title='bbox 177 93 248 128; x_wconf 75' lang='lat'>154</span> <span class='ocrx_word' id='word_1_2' title='bbox 767 85 856 122; x_wconf 86' lang='lat' dir='ltr'>LIB.</span> <span class='ocrx_word' id='word_1_3' title='bbox 886 84 932 129; x_wconf 89' lang='lat'>11,</span> <span class='ocrx_word' id='word_1_4' title='bbox 959 84 1060 120; x_wconf 84' lang='lat' dir='ltr'>CAP.</span> <span class='ocrx_word' id='word_1_5' title='bbox 1087 85 1209 120; x_wconf 80' lang='lat' dir='ltr'><strong>XLIII.</strong></span> 
     </span>
    </p>
   </div>
   <div class='ocr_carea' id='block_1_2' title="bbox 175 164 1804 1429">
    <p class='ocr_par' dir='ltr' id='par_1_2' title="bbox 175 164 1798 394">
     <span class='ocr_line' id='line_1_2' title="bbox 175 164 1795 219; baseline -0.004 -12"><span class='ocrx_word' id='word_1_6' title='bbox 175 174 307 219; x_wconf 86' lang='lat' dir='ltr'>potest</span> <span class='ocrx_word' id='word_1_7' title='bbox 324 168 546 206; x_wconf 81' lang='lat' dir='ltr'>extendere.</span> <span class='ocrx_word' id='word_1_8' title='bbox 569 166 681 211; x_wconf 88' lang='lat' dir='ltr'>Quod</span> <span class='ocrx_word' id='word_1_9' title='bbox 702 169 833 203; x_wconf 85' lang='lat' dir='ltr'>autem</span> <span class='ocrx_word' id='word_1_10' title='bbox 853 174 899 201; x_wconf 88' lang='lat' dir='ltr'>ex</span> <span class='ocrx_word' id='word_1_11' title='bbox 921 174 1002 201; x_wconf 89' lang='lat' dir='ltr'>uno</span> <span class='ocrx_word' id='word_1_12' title='bbox 1027 174 1108 201; x_wconf 88' lang='lat' dir='ltr'>non</span> <span class='ocrx_word' id='word_1_13' title='bbox 1142 164 1211 201; x_wconf 87' lang='lat' dir='ltr'>fiat</span> <span class='ocrx_word' id='word_1_14' title='bbox 1242 164 1321 202; x_wconf 89' lang='lat' dir='ltr'>nisi</span> <span class='ocrx_word' id='word_1_15' title='bbox 1355 173 1480 201; x_wconf 91' lang='lat' dir='ltr'>unum</span> <span class='ocrx_word' id='word_1_16' title='bbox 1511 172 1593 200; x_wconf 90' lang='lat' dir='ltr'>non</span> <span class='ocrx_word' id='word_1_17' title='bbox 1625 167 1795 210; x_wconf 84' lang='lat' dir='ltr'>oportet,</span> 
     </span>
     <span class='ocr_line' id='line_1_3' title="bbox 177 211 1798 263; baseline -0.004 -9"><span class='ocrx_word' id='word_1_18' title='bbox 177 218 257 255; x_wconf 90' lang='lat' dir='ltr'>nisi</span> <span class='ocrx_word' id='word_1_19' title='bbox 279 215 437 263; x_wconf 83' lang='lat' dir='ltr'>quando</span> <span class='ocrx_word' id='word_1_20' title='bbox 455 222 578 260; x_wconf 85' lang='lat' dir='ltr'>agens</span> <span class='ocrx_word' id='word_1_21' title='bbox 606 213 653 249; x_wconf 89' lang='lat' dir='ltr'>ad</span> <span class='ocrx_word' id='word_1_22' title='bbox 684 221 806 249; x_wconf 92' lang='lat' dir='ltr'>unum</span> <span class='ocrx_word' id='word_1_23' title='bbox 841 211 1024 249; x_wconf 83' lang='lat' dir='ltr'>effectum</span> <span class='ocrx_word' id='word_1_24' title='bbox 1052 211 1349 248; x_wconf 83' lang='lat' dir='ltr'>determinatur.</span> <span class='ocrx_word' id='word_1_25' title='bbox 1371 212 1459 248; x_wconf 91' lang='lat' dir='ltr'>Non</span> <span class='ocrx_word' id='word_1_26' title='bbox 1488 214 1644 256; x_wconf 86' lang='lat' dir='ltr'>oportet</span> <span class='ocrx_word' id='word_1_27' title='bbox 1675 211 1798 256; x_wconf 82' lang='lat' dir='ltr'>igitur</span> 
     </span>
     <span class='ocr_line' id='line_1_4' title="bbox 176 257 1795 308; baseline -0.002 -8"><span class='ocrx_word' id='word_1_28' title='bbox 176 265 308 301; x_wconf 82' lang='lat' dir='ltr'>dicere</span> <span class='ocrx_word' id='word_1_29' title='bbox 327 261 447 308; x_wconf 79' lang='lat' dir='ltr'>quod,</span> <span class='ocrx_word' id='word_1_30' title='bbox 468 260 563 307; x_wconf 86' lang='lat' dir='ltr'>quia</span> <span class='ocrx_word' id='word_1_31' title='bbox 580 261 684 296; x_wconf 90' lang='lat' dir='ltr'>Deus</span> <span class='ocrx_word' id='word_1_32' title='bbox 707 262 766 296; x_wconf 90' lang='lat' dir='ltr'>est</span> <span class='ocrx_word' id='word_1_33' title='bbox 792 267 897 295; x_wconf 91' lang='lat' dir='ltr'>unus</span> <span class='ocrx_word' id='word_1_34' title='bbox 928 261 967 294; x_wconf 88' lang='lat' dir='ltr'>et</span> <span class='ocrx_word' id='word_1_35' title='bbox 986 258 1151 295; x_wconf 90' lang='lat' dir='ltr'>omnino</span> <span class='ocrx_word' id='word_1_36' title='bbox 1177 258 1360 304; x_wconf 83' lang='lat' dir='ltr'>simplex,</span> <span class='ocrx_word' id='word_1_37' title='bbox 1382 267 1430 294; x_wconf 86' lang='lat' dir='ltr'>ex</span> <span class='ocrx_word' id='word_1_38' title='bbox 1458 257 1547 303; x_wconf 89' lang='lat' dir='ltr'>ipso</span> <span class='ocrx_word' id='word_1_39' title='bbox 1580 257 1795 296; x_wconf 79' lang='lat' dir='ltr'>multitudo</span> 
     </span>
     <span class='ocr_line' id='line_1_5' title="bbox 175 303 1795 391; baseline -0.004 -45"><span class='ocrx_word' id='word_1_40' title='bbox 175 309 383 391; x_wconf 55' lang='lat' dir='ltr'>provenisse</span> <span class='ocrx_word' id='word_1_41' title='bbox 404 315 485 344; x_wconf 91' lang='lat' dir='ltr'>non</span> <span class='ocrx_word' id='word_1_42' title='bbox 504 306 634 353; x_wconf 86' lang='lat' dir='ltr'>possit</span> <span class='ocrx_word' id='word_1_43' title='bbox 653 305 732 342; x_wconf 87' lang='lat' dir='ltr'>nisi</span> <span class='ocrx_word' id='word_1_44' title='bbox 753 305 1020 342; x_wconf 80' lang='lat' dir='ltr'>mediantibus</span> <span class='ocrx_word' id='word_1_45' title='bbox 1039 304 1242 353; x_wconf 84' lang='lat' dir='ltr'>aliquibus</span> <span class='ocrx_word' id='word_1_46' title='bbox 1262 305 1310 342; x_wconf 90' lang='lat' dir='ltr'>ab</span> <span class='ocrx_word' id='word_1_47' title='bbox 1331 304 1417 350; x_wconf 90' lang='lat' dir='ltr'>ejus</span> <span class='ocrx_word' id='word_1_48' title='bbox 1442 303 1696 350; x_wconf 83' lang='lat' dir='ltr'>simplicitate</span> <span class='ocrx_word' id='word_1_49' title='bbox 1732 304 1795 341; x_wconf 83' lang='lat' dir='ltr'>de-</span> 
     </span>
     <span class='ocr_line' id='line_1_6' title="bbox 175 355 422 394; baseline -0.02 0"><span class='ocrx_word' id='word_1_50' title='bbox 175 355 326 394; x_wconf 84' lang='lat' dir='ltr'>ficienti</span> <span class='ocrx_word' id='word_1_51' title='bbox 361 363 422 390; x_wconf 90' lang='lat' dir='ltr'>us.</span> 
     </span>
    </p>

    <p class='ocr_par' dir='ltr' id='par_1_3' title="bbox 175 398 1799 773">
     <span class='ocr_line' id='line_1_7' title="bbox 222 398 1794 450; baseline -0.002 -12"><span class='ocrx_word' id='word_1_52' title='bbox 222 404 412 445; x_wconf 62' lang='lat' dir='ltr'>Praeterea,</span> <span class='ocrx_word' id='word_1_53' title='bbox 430 403 637 438; x_wconf 88' lang='lat' dir='ltr'>ostensum</span> <span class='ocrx_word' id='word_1_54' title='bbox 655 402 716 436; x_wconf 87' lang='lat' dir='ltr'>est</span> <span class='ocrx_word' id='word_1_55' title='bbox 742 407 864 445; x_wconf 86' lang='lat' dir='ltr'>supra</span> <span class='ocrx_word' id='word_1_56' title='bbox 891 398 941 445; x_wconf 87' lang='lat' dir='ltr'>(c.</span> <span class='ocrx_word' id='word_1_57' title='bbox 971 398 1032 446; x_wconf 79' lang='lat'>21)</span> <span class='ocrx_word' id='word_1_58' title='bbox 1061 398 1168 446; x_wconf 89' lang='lat' dir='ltr'>quod</span> <span class='ocrx_word' id='word_1_59' title='bbox 1199 398 1312 436; x_wconf 91' lang='lat' dir='ltr'>solus</span> <span class='ocrx_word' id='word_1_60' title='bbox 1345 399 1450 450; x_wconf 82' lang='lat' dir='ltr'>Deus</span> <span class='ocrx_word' id='word_1_61' title='bbox 1482 400 1613 443; x_wconf 88' lang='lat' dir='ltr'>potest</span> <span class='ocrx_word' id='word_1_62' title='bbox 1645 406 1794 450; x_wconf 72' lang='lat' dir='ltr'>creare.</span> 
     </span>
     <span class='ocr_line' id='line_1_8' title="bbox 175 444 1799 492; baseline -0.002 -7"><span class='ocrx_word' id='word_1_63' title='bbox 175 448 297 487; x_wconf 87' lang='lat' dir='ltr'>Multa</span> <span class='ocrx_word' id='word_1_64' title='bbox 326 450 458 484; x_wconf 89' lang='lat' dir='ltr'>autem</span> <span class='ocrx_word' id='word_1_65' title='bbox 490 450 584 483; x_wconf 85' lang='lat' dir='ltr'>sunt</span> <span class='ocrx_word' id='word_1_66' title='bbox 608 454 740 483; x_wconf 89' lang='lat' dir='ltr'>rerum</span> <span class='ocrx_word' id='word_1_67' title='bbox 763 455 851 492; x_wconf 83' lang='lat' dir='ltr'>quae</span> <span class='ocrx_word' id='word_1_68' title='bbox 885 454 965 482; x_wconf 90' lang='lat' dir='ltr'>non</span> <span class='ocrx_word' id='word_1_69' title='bbox 997 449 1168 491; x_wconf 82' lang='lat' dir='ltr'>possunt</span> <span class='ocrx_word' id='word_1_70' title='bbox 1192 444 1466 491; x_wconf 87' lang='lat' dir='ltr'>procederem</span> <span class='ocrx_word' id='word_1_71' title='bbox 1490 453 1579 481; x_wconf 86' lang='lat' dir='ltr'>esse</span> <span class='ocrx_word' id='word_1_72' title='bbox 1615 453 1694 481; x_wconf 81' lang='lat' dir='ltr'>nisi</span> <span class='ocrx_word' id='word_1_73' title='bbox 1728 453 1799 490; x_wconf 87' lang='lat' dir='ltr'>per</span> 
     </span>
     <span class='ocr_line' id='line_1_9' title="bbox 175 491 1795 539; baseline -0.002 -8"><span class='ocrx_word' id='word_1_74' title='bbox 175 496 416 533; x_wconf 77' lang='lat' dir='ltr'>creationem</span> <span class='ocrx_word' id='word_1_75' title='bbox 441 506 450 530; x_wconf 80' lang='lat' dir='ltr'><strong><em>z</em></strong></span> <span class='ocrx_word' id='word_1_76' title='bbox 472 494 577 530; x_wconf 90' lang='lat' dir='ltr'>sicut</span> <span class='ocrx_word' id='word_1_77' title='bbox 596 493 731 530; x_wconf 89' lang='lat' dir='ltr'>omnia</span> <span class='ocrx_word' id='word_1_78' title='bbox 751 501 837 539; x_wconf 83' lang='lat' dir='ltr'>quae</span> <span class='ocrx_word' id='word_1_79' title='bbox 859 501 939 528; x_wconf 91' lang='lat' dir='ltr'>non</span> <span class='ocrx_word' id='word_1_80' title='bbox 960 496 1052 529; x_wconf 87' lang='lat' dir='ltr'>sunt</span> <span class='ocrx_word' id='word_1_81' title='bbox 1085 492 1306 538; x_wconf 90' lang='lat' dir='ltr'>composita</span> <span class='ocrx_word' id='word_1_82' title='bbox 1336 501 1385 528; x_wconf 87' lang='lat' dir='ltr'>ex</span> <span class='ocrx_word' id='word_1_83' title='bbox 1419 491 1546 528; x_wconf 89' lang='lat' dir='ltr'>forma</span> <span class='ocrx_word' id='word_1_84' title='bbox 1566 494 1605 527; x_wconf 86' lang='lat' dir='ltr'>et</span> <span class='ocrx_word' id='word_1_85' title='bbox 1627 491 1795 528; x_wconf 85' lang='lat' dir='ltr'>materia</span> 
     </span>
     <span class='ocr_line' id='line_1_10' title="bbox 175 538 1794 586; baseline -0.003 -7"><span class='ocrx_word' id='word_1_86' title='bbox 175 540 445 579; x_wconf 79' lang='lat' dir='ltr'>contrarietati</span> <span class='ocrx_word' id='word_1_87' title='bbox 471 540 661 586; x_wconf 87' lang='lat' dir='ltr'>subjecta.</span> <span class='ocrx_word' id='word_1_88' title='bbox 684 538 917 585; x_wconf 84' lang='lat' dir='ltr'>Hujusmodi</span> <span class='ocrx_word' id='word_1_89' title='bbox 943 538 1048 575; x_wconf 90' lang='lat' dir='ltr'>enim</span> <span class='ocrx_word' id='word_1_90' title='bbox 1082 538 1372 585; x_wconf 82' lang='lat' dir='ltr'>ingenerabilia</span> <span class='ocrx_word' id='word_1_91' title='bbox 1400 541 1555 584; x_wconf 87' lang='lat' dir='ltr'>oportet</span> <span class='ocrx_word' id='word_1_92' title='bbox 1575 547 1680 582; x_wconf 88' lang='lat' dir='ltr'>esse,</span> <span class='ocrx_word' id='word_1_93' title='bbox 1702 547 1794 574; x_wconf 86' lang='lat' dir='ltr'>cum</span> 
     </span>
     <span class='ocr_line' id='line_1_11' title="bbox 176 585 1796 633; baseline -0.001 -9"><span class='ocrx_word' id='word_1_94' title='bbox 176 587 309 625; x_wconf 91' lang='lat' dir='ltr'>omnis</span> <span class='ocrx_word' id='word_1_95' title='bbox 348 587 552 633; x_wconf 85' lang='lat' dir='ltr'>generatio</span> <span class='ocrx_word' id='word_1_96' title='bbox 584 587 637 624; x_wconf 88' lang='lat' dir='ltr'>sit</span> <span class='ocrx_word' id='word_1_97' title='bbox 667 595 689 623; x_wconf 92' lang='lat' dir='ltr'>e</span> <span class='ocrx_word' id='word_1_98' title='bbox 719 585 919 623; x_wconf 89' lang='lat' dir='ltr'>contrario</span> <span class='ocrx_word' id='word_1_99' title='bbox 945 588 984 622; x_wconf 90' lang='lat' dir='ltr'>et</span> <span class='ocrx_word' id='word_1_100' title='bbox 1005 595 1053 621; x_wconf 83' lang='lat' dir='ltr'>ex</span> <span class='ocrx_word' id='word_1_101' title='bbox 1073 585 1250 622; x_wconf 87' lang='lat' dir='ltr'>materia.</span> <span class='ocrx_word' id='word_1_102' title='bbox 1266 585 1375 622; x_wconf 87' lang='lat' dir='ltr'>Talia</span> <span class='ocrx_word' id='word_1_103' title='bbox 1393 588 1524 621; x_wconf 92' lang='lat' dir='ltr'>autem</span> <span class='ocrx_word' id='word_1_104' title='bbox 1540 589 1634 622; x_wconf 86' lang='lat' dir='ltr'>sunt</span> <span class='ocrx_word' id='word_1_105' title='bbox 1652 593 1796 622; x_wconf 88' lang='lat' dir='ltr'>omnes</span> 
     </span>
     <span class='ocr_line' id='line_1_12' title="bbox 175 631 1799 677; baseline -0.002 -5"><span class='ocrx_word' id='word_1_106' title='bbox 175 634 466 672; x_wconf 83' lang='lat' dir='ltr'>intellectuales</span> <span class='ocrx_word' id='word_1_107' title='bbox 487 633 734 677; x_wconf 77' lang='lat' dir='ltr'>substantiae,</span> <span class='ocrx_word' id='word_1_108' title='bbox 762 636 800 669; x_wconf 89' lang='lat' dir='ltr'>et</span> <span class='ocrx_word' id='word_1_109' title='bbox 819 631 954 669; x_wconf 89' lang='lat' dir='ltr'>omnia</span> <span class='ocrx_word' id='word_1_110' title='bbox 985 640 1154 677; x_wconf 91' lang='lat' dir='ltr'>corpora</span> <span class='ocrx_word' id='word_1_111' title='bbox 1172 632 1364 675; x_wconf 85' lang='lat' dir='ltr'>coelestia,</span> <span class='ocrx_word' id='word_1_112' title='bbox 1384 635 1423 668; x_wconf 92' lang='lat' dir='ltr'>et</span> <span class='ocrx_word' id='word_1_113' title='bbox 1441 632 1558 668; x_wconf 89' lang='lat' dir='ltr'>etiam</span> <span class='ocrx_word' id='word_1_114' title='bbox 1594 632 1683 677; x_wconf 87' lang='lat' dir='ltr'>ipsa</span> <span class='ocrx_word' id='word_1_115' title='bbox 1715 640 1799 670; x_wconf 88' lang='lat' dir='ltr'>ma·</span> 
     </span>
     <span class='ocr_line' id='line_1_13' title="bbox 180 677 1797 727; baseline -0.002 -9"><span class='ocrx_word' id='word_1_116' title='bbox 180 681 282 718; x_wconf 86' lang='lat' dir='ltr'>teria</span> <span class='ocrx_word' id='word_1_117' title='bbox 297 681 437 727; x_wconf 89' lang='lat' dir='ltr'>prima.</span> <span class='ocrx_word' id='word_1_118' title='bbox 457 681 618 727; x_wconf 86' lang='lat' dir='ltr'>Oportet</span> <span class='ocrx_word' id='word_1_119' title='bbox 647 680 770 726; x_wconf 82' lang='lat' dir='ltr'>igitur</span> <span class='ocrx_word' id='word_1_120' title='bbox 799 688 947 725; x_wconf 90' lang='lat' dir='ltr'>ponere</span> <span class='ocrx_word' id='word_1_121' title='bbox 978 679 1115 716; x_wconf 89' lang='lat' dir='ltr'>omnia</span> <span class='ocrx_word' id='word_1_122' title='bbox 1145 677 1374 725; x_wconf 80' lang='lat' dir='ltr'>hujusmodi</span> <span class='ocrx_word' id='word_1_123' title='bbox 1406 678 1633 715; x_wconf 80' lang='lat' dir='ltr'>immediate</span> <span class='ocrx_word' id='word_1_124' title='bbox 1667 688 1690 715; x_wconf 89' lang='lat' dir='ltr'>a</span> <span class='ocrx_word' id='word_1_125' title='bbox 1715 680 1797 715; x_wconf 89' lang='lat' dir='ltr'>Deo</span> 
     </span>
     <span class='ocr_line' id='line_1_14' title="bbox 185 726 881 773; baseline -0.003 -8"><span class='ocrx_word' id='word_1_126' title='bbox 185 729 410 773; x_wconf 82' lang='lat' dir='ltr'>sumpsisse</span> <span class='ocrx_word' id='word_1_127' title='bbox 432 728 495 765; x_wconf 89' lang='lat' dir='ltr'>sui</span> <span class='ocrx_word' id='word_1_128' title='bbox 516 736 606 765; x_wconf 86' lang='lat' dir='ltr'>esse</span> <span class='ocrx_word' id='word_1_129' title='bbox 626 726 881 772; x_wconf 90' lang='lat' dir='ltr'>principium.</span> 
     </span>
    </p>

    <p class='ocr_par' dir='ltr' id='par_1_4' title="bbox 176 772 1804 914">
     <span class='ocr_line' id='line_1_15' title="bbox 226 772 1804 821; baseline -0.001 -11"><span class='ocrx_word' id='word_1_130' title='bbox 226 775 324 811; x_wconf 87' lang='lat' dir='ltr'>Hinc</span> <span class='ocrx_word' id='word_1_131' title='bbox 343 779 404 812; x_wconf 90' lang='lat' dir='ltr'>est</span> <span class='ocrx_word' id='word_1_132' title='bbox 423 774 529 821; x_wconf 89' lang='lat' dir='ltr'>quod</span> <span class='ocrx_word' id='word_1_133' title='bbox 549 774 706 818; x_wconf 85' lang='lat' dir='ltr'>dicitur,</span> <span class='ocrx_word' id='word_1_134' title='bbox 729 773 907 816; x_wconf 90' lang='lat' dir='ltr'>Genesis,</span> <span class='ocrx_word' id='word_1_135' title='bbox 929 776 988 816; x_wconf 87' lang='lat'>1‚1</span> <span class='ocrx_word' id='word_1_136' title='bbox 1015 784 1024 808; x_wconf 90' lang='lat'>:</span> <span class='ocrx_word' id='word_1_137' title='bbox 1054 774 1096 808; x_wconf 84' lang='lat' dir='ltr'>In</span> <span class='ocrx_word' id='word_1_138' title='bbox 1120 773 1304 818; x_wconf 73' lang='lat' dir='ltr'>principio</span> <span class='ocrx_word' id='word_1_139' title='bbox 1324 773 1458 807; x_wconf 77' lang='lat' dir='ltr'>creavit</span> <span class='ocrx_word' id='word_1_140' title='bbox 1488 773 1582 807; x_wconf 77' lang='lat' dir='ltr'>Deus</span> <span class='ocrx_word' id='word_1_141' title='bbox 1614 772 1737 807; x_wconf 78' lang='lat' dir='ltr'>coelum</span> <span class='ocrx_word' id='word_1_142' title='bbox 1768 774 1804 808; x_wconf 77' lang='lat' dir='ltr'>et</span> 
     </span>
     <span class='ocr_line' id='line_1_16' title="bbox 176 817 1803 866; baseline -0.002 -9"><span class='ocrx_word' id='word_1_143' title='bbox 176 825 324 857; x_wconf 73' lang='lat' dir='ltr'>terram.</span> <span class='ocrx_word' id='word_1_144' title='bbox 346 823 390 858; x_wconf 89' lang='lat' dir='ltr'>Et</span> <span class='ocrx_word' id='word_1_145' title='bbox 407 821 493 866; x_wconf 77' lang='lat' dir='ltr'>soh,</span> <span class='ocrx_word' id='word_1_146' title='bbox 514 829 670 865; x_wconf 79' lang='lat' dir='ltr'>XXXVII,</span> <span class='ocrx_word' id='word_1_147' title='bbox 687 822 729 858; x_wconf 86' lang='lat'>18</span> <span class='ocrx_word' id='word_1_148' title='bbox 751 832 763 856; x_wconf 76' lang='grc' dir='ltr'><strong><em>ε</em></strong></span> <span class='ocrx_word' id='word_1_149' title='bbox 780 822 833 856; x_wconf 87' lang='lat' dir='ltr'>Tu</span> <span class='ocrx_word' id='word_1_150' title='bbox 845 821 1005 863; x_wconf 76' lang='lat' dir='ltr'>forsitan</span> <span class='ocrx_word' id='word_1_151' title='bbox 1025 830 1105 856; x_wconf 85' lang='lat' dir='ltr'>cum</span> <span class='ocrx_word' id='word_1_152' title='bbox 1120 829 1157 856; x_wconf 86' lang='lat' dir='ltr'>eo</span> <span class='ocrx_word' id='word_1_153' title='bbox 1167 820 1373 863; x_wconf 79' lang='lat' dir='ltr'>fabricatus</span> <span class='ocrx_word' id='word_1_154' title='bbox 1392 828 1427 854; x_wconf 85' lang='lat' dir='ltr'>es</span> <span class='ocrx_word' id='word_1_155' title='bbox 1447 819 1561 863; x_wconf 78' lang='lat' dir='ltr'>coetos,</span> <span class='ocrx_word' id='word_1_156' title='bbox 1577 820 1642 864; x_wconf 74' lang='lat' dir='ltr'>qui</span> <span class='ocrx_word' id='word_1_157' title='bbox 1661 817 1803 854; x_wconf 73' lang='lat' dir='ltr'>solidis-</span> 
     </span>
     <span class='ocr_line' id='line_1_17' title="bbox 176 869 1082 914; baseline -0.004 -10"><span class='ocrx_word' id='word_1_158' title='bbox 176 870 262 905; x_wconf 74' lang='lat' dir='ltr'>simi</span> <span class='ocrx_word' id='word_1_159' title='bbox 277 869 385 914; x_wconf 73' lang='lat' dir='ltr'>quasi</span> <span class='ocrx_word' id='word_1_160' title='bbox 400 878 468 904; x_wconf 82' lang='lat' dir='ltr'>aere</span> <span class='ocrx_word' id='word_1_161' title='bbox 486 869 582 912; x_wconf 77' lang='lat' dir='ltr'>fusti</span> <span class='ocrx_word' id='word_1_162' title='bbox 599 869 709 904; x_wconf 81' lang='lat' dir='ltr'>sunt?</span> <span class='ocrx_word' id='word_1_163' title='bbox 1080 897 1082 900; x_wconf 81' lang='grc'>,</span> 
     </span>
    </p>

    <p class='ocr_par' dir='ltr' id='par_1_5' title="bbox 176 911 1802 1289">
     <span class='ocr_line' id='line_1_18' title="bbox 227 911 1801 965; baseline -0.002 -13"><span class='ocrx_word' id='word_1_164' title='bbox 227 915 454 952; x_wconf 86' lang='lat' dir='ltr'>Excluditur</span> <span class='ocrx_word' id='word_1_165' title='bbox 481 918 613 952; x_wconf 85' lang='lat' dir='ltr'>autem</span> <span class='ocrx_word' id='word_1_166' title='bbox 633 924 681 951; x_wconf 86' lang='lat' dir='ltr'>ex</span> <span class='ocrx_word' id='word_1_167' title='bbox 708 913 908 960; x_wconf 82' lang='lat' dir='ltr'>praedictis</span> <span class='ocrx_word' id='word_1_168' title='bbox 928 913 1066 959; x_wconf 90' lang='lat' dir='ltr'>opinio</span> <span class='ocrx_word' id='word_1_169' title='bbox 1085 913 1308 958; x_wconf 86' lang='lat' dir='ltr'>Avicennae‚</span> <span class='ocrx_word' id='word_1_170' title='bbox 1328 913 1395 960; x_wconf 88' lang='lat' dir='ltr'>qui</span> <span class='ocrx_word' id='word_1_171' title='bbox 1427 912 1524 950; x_wconf 88' lang='lat' dir='ltr'>dicit</span> <span class='ocrx_word' id='word_1_172' title='bbox 1543 911 1650 965; x_wconf 84' lang='lat' dir='ltr'>quod</span> <span class='ocrx_word' id='word_1_173' title='bbox 1679 913 1801 957; x_wconf 85' lang='lat' dir='ltr'>Deus,</span> 
     </span>
     <span class='ocr_line' id='line_1_19' title="bbox 177 959 1802 1009; baseline -0.002 -11"><span class='ocrx_word' id='word_1_174' title='bbox 177 962 409 1008; x_wconf 83' lang='lat' dir='ltr'>intelligens</span> <span class='ocrx_word' id='word_1_175' title='bbox 430 971 488 1006; x_wconf 89' lang='lat' dir='ltr'>se,</span> <span class='ocrx_word' id='word_1_176' title='bbox 509 961 697 1009; x_wconf 81' lang='lat' dir='ltr'>produxit</span> <span class='ocrx_word' id='word_1_177' title='bbox 717 970 836 997; x_wconf 88' lang='lat' dir='ltr'>unam</span> <span class='ocrx_word' id='word_1_178' title='bbox 858 960 1165 1006; x_wconf 81' lang='lat' dir='ltr'>intelligentiam</span> <span class='ocrx_word' id='word_1_179' title='bbox 1184 959 1369 1006; x_wconf 82' lang='lat' dir='ltr'>primam,</span> <span class='ocrx_word' id='word_1_180' title='bbox 1391 960 1432 996; x_wconf 90' lang='lat' dir='ltr'>in</span> <span class='ocrx_word' id='word_1_181' title='bbox 1453 968 1532 1007; x_wconf 85' lang='lat' dir='ltr'>qua</span> <span class='ocrx_word' id='word_1_182' title='bbox 1548 968 1629 1005; x_wconf 83' lang='lat' dir='ltr'>Jam</span> <span class='ocrx_word' id='word_1_183' title='bbox 1651 962 1711 996; x_wconf 89' lang='lat' dir='ltr'>est</span> <span class='ocrx_word' id='word_1_184' title='bbox 1730 967 1802 1004; x_wconf 91' lang='lat' dir='ltr'>po-</span> 
     </span>
     <span class='ocr_line' id='line_1_20' title="bbox 176 1006 1800 1055; baseline -0.002 -10"><span class='ocrx_word' id='word_1_185' title='bbox 176 1009 302 1045; x_wconf 84' lang='lat' dir='ltr'>tentia</span> <span class='ocrx_word' id='word_1_186' title='bbox 322 1012 359 1045; x_wconf 87' lang='lat' dir='ltr'>et.</span> <span class='ocrx_word' id='word_1_187' title='bbox 379 1012 505 1052; x_wconf 87' lang='lat' dir='ltr'>actus,</span> <span class='ocrx_word' id='word_1_188' title='bbox 528 1018 629 1055; x_wconf 84' lang='lat' dir='ltr'>quae,</span> <span class='ocrx_word' id='word_1_189' title='bbox 651 1008 692 1045; x_wconf 90' lang='lat' dir='ltr'>in</span> <span class='ocrx_word' id='word_1_190' title='bbox 714 1011 905 1054; x_wconf 86' lang='lat' dir='ltr'>quantum</span> <span class='ocrx_word' id='word_1_191' title='bbox 925 1007 1114 1054; x_wconf 83' lang='lat' dir='ltr'>intelligit</span> <span class='ocrx_word' id='word_1_192' title='bbox 1133 1008 1271 1050; x_wconf 89' lang='lat' dir='ltr'>Deum,</span> <span class='ocrx_word' id='word_1_193' title='bbox 1292 1007 1476 1052; x_wconf 89' lang='lat' dir='ltr'>producit</span> <span class='ocrx_word' id='word_1_194' title='bbox 1494 1006 1800 1052; x_wconf 83' lang='lat' dir='ltr'>intelligentlam</span> 
     </span>
     <span class='ocr_line' id='line_1_21' title="bbox 181 1053 1799 1102; baseline -0.002 -10"><span class='ocrx_word' id='word_1_195' title='bbox 181 1055 427 1100; x_wconf 78' lang='lat' dir='ltr'>secundam3</span> <span class='ocrx_word' id='word_1_196' title='bbox 450 1056 491 1091; x_wconf 91' lang='lat' dir='ltr'>in</span> <span class='ocrx_word' id='word_1_197' title='bbox 512 1059 701 1102; x_wconf 88' lang='lat' dir='ltr'>quantum</span> <span class='ocrx_word' id='word_1_198' title='bbox 723 1063 816 1091; x_wconf 84' lang='lat' dir='ltr'>vero</span> <span class='ocrx_word' id='word_1_199' title='bbox 847 1054 1036 1100; x_wconf 83' lang='lat' dir='ltr'>intelligit</span> <span class='ocrx_word' id='word_1_200' title='bbox 1065 1063 1109 1090; x_wconf 90' lang='lat' dir='ltr'>se</span> <span class='ocrx_word' id='word_1_201' title='bbox 1142 1053 1363 1090; x_wconf 89' lang='lat' dir='ltr'>secundum</span> <span class='ocrx_word' id='word_1_202' title='bbox 1393 1053 1499 1100; x_wconf 89' lang='lat' dir='ltr'>quod</span> <span class='ocrx_word' id='word_1_203' title='bbox 1533 1057 1593 1090; x_wconf 87' lang='lat' dir='ltr'>est</span> <span class='ocrx_word' id='word_1_204' title='bbox 1621 1054 1663 1088; x_wconf 89' lang='lat' dir='ltr'>in</span> <span class='ocrx_word' id='word_1_205' title='bbox 1695 1056 1799 1095; x_wconf 87' lang='lat' dir='ltr'>actu,</span> 
     </span>
     <span class='ocr_line' id='line_1_22' title="bbox 179 1099 1802 1148; baseline -0.002 -9"><span class='ocrx_word' id='word_1_206' title='bbox 179 1102 363 1148; x_wconf 85' lang='lat' dir='ltr'>producit</span> <span class='ocrx_word' id='word_1_207' title='bbox 383 1102 556 1139; x_wconf 87' lang='lat' dir='ltr'>animam</span> <span class='ocrx_word' id='word_1_208' title='bbox 578 1102 712 1145; x_wconf 88' lang='lat' dir='ltr'>orbis;</span> <span class='ocrx_word' id='word_1_209' title='bbox 735 1101 775 1137; x_wconf 91' lang='lat' dir='ltr'>in</span> <span class='ocrx_word' id='word_1_210' title='bbox 801 1105 993 1147; x_wconf 83' lang='lat' dir='ltr'>quantum</span> <span class='ocrx_word' id='word_1_211' title='bbox 1020 1110 1112 1137; x_wconf 91' lang='lat' dir='ltr'>vero</span> <span class='ocrx_word' id='word_1_212' title='bbox 1148 1100 1336 1145; x_wconf 81' lang='lat' dir='ltr'>intelligit</span> <span class='ocrx_word' id='word_1_213' title='bbox 1365 1109 1409 1137; x_wconf 92' lang='lat' dir='ltr'>se</span> <span class='ocrx_word' id='word_1_214' title='bbox 1435 1100 1656 1137; x_wconf 88' lang='lat' dir='ltr'>secundum</span> <span class='ocrx_word' id='word_1_215' title='bbox 1694 1099 1802 1145; x_wconf 85' lang='lat' dir='ltr'>quod</span> 
     </span>
     <span class='ocr_line' id='line_1_23' title="bbox 179 1146 1802 1194; baseline -0.002 -9"><span class='ocrx_word' id='word_1_216' title='bbox 179 1152 241 1186; x_wconf 89' lang='lat' dir='ltr'>est</span> <span class='ocrx_word' id='word_1_217' title='bbox 264 1149 306 1185; x_wconf 90' lang='lat' dir='ltr'>in</span> <span class='ocrx_word' id='word_1_218' title='bbox 327 1152 430 1193; x_wconf 91' lang='lat' dir='ltr'>actu,</span> <span class='ocrx_word' id='word_1_219' title='bbox 451 1149 634 1194; x_wconf 90' lang='lat' dir='ltr'>producit</span> <span class='ocrx_word' id='word_1_220' title='bbox 653 1148 826 1185; x_wconf 84' lang='lat' dir='ltr'>animam</span> <span class='ocrx_word' id='word_1_221' title='bbox 846 1147 955 1184; x_wconf 88' lang='lat' dir='ltr'>orbis</span> <span class='ocrx_word' id='word_1_222' title='bbox 973 1159 982 1191; x_wconf 91' lang='lat'>;</span> <span class='ocrx_word' id='word_1_223' title='bbox 1003 1147 1045 1184; x_wconf 90' lang='lat' dir='ltr'>in</span> <span class='ocrx_word' id='word_1_224' title='bbox 1065 1151 1257 1194; x_wconf 86' lang='lat' dir='ltr'>quantum</span> <span class='ocrx_word' id='word_1_225' title='bbox 1277 1155 1370 1184; x_wconf 90' lang='lat' dir='ltr'>vero</span> <span class='ocrx_word' id='word_1_226' title='bbox 1388 1146 1576 1193; x_wconf 85' lang='lat' dir='ltr'>intelligit</span> <span class='ocrx_word' id='word_1_227' title='bbox 1598 1155 1641 1184; x_wconf 92' lang='lat' dir='ltr'>se</span> <span class='ocrx_word' id='word_1_228' title='bbox 1663 1154 1802 1183; x_wconf 89' lang='lat' dir='ltr'>secun-</span> 
     </span>
     <span class='ocr_line' id='line_1_24' title="bbox 180 1192 1801 1242; baseline -0.001 -10"><span class='ocrx_word' id='word_1_229' title='bbox 180 1195 273 1232; x_wconf 89' lang='lat' dir='ltr'>dum</span> <span class='ocrx_word' id='word_1_230' title='bbox 293 1195 400 1242; x_wconf 85' lang='lat' dir='ltr'>quod</span> <span class='ocrx_word' id='word_1_231' title='bbox 421 1199 481 1232; x_wconf 89' lang='lat' dir='ltr'>est</span> <span class='ocrx_word' id='word_1_232' title='bbox 500 1196 540 1232; x_wconf 91' lang='lat' dir='ltr'>in</span> <span class='ocrx_word' id='word_1_233' title='bbox 561 1195 750 1241; x_wconf 84' lang='lat' dir='ltr'>potentia,</span> <span class='ocrx_word' id='word_1_234' title='bbox 772 1194 954 1240; x_wconf 85' lang='lat' dir='ltr'>producit</span> <span class='ocrx_word' id='word_1_235' title='bbox 970 1194 1234 1231; x_wconf 85' lang='lat' dir='ltr'>substantiam</span> <span class='ocrx_word' id='word_1_236' title='bbox 1256 1193 1365 1230; x_wconf 90' lang='lat' dir='ltr'>orbis</span> <span class='ocrx_word' id='word_1_237' title='bbox 1385 1193 1501 1240; x_wconf 84' lang='lat' dir='ltr'>primi</span> <span class='ocrx_word' id='word_1_238' title='bbox 1519 1205 1528 1238; x_wconf 90' lang='lat'>;</span> <span class='ocrx_word' id='word_1_239' title='bbox 1550 1196 1589 1230; x_wconf 91' lang='lat' dir='ltr'>et</span> <span class='ocrx_word' id='word_1_240' title='bbox 1614 1193 1673 1230; x_wconf 87' lang='lat' dir='ltr'>sic</span> <span class='ocrx_word' id='word_1_241' title='bbox 1708 1192 1801 1230; x_wconf 88' lang='lat' dir='ltr'>inde</span> 
     </span>
     <span class='ocr_line' id='line_1_25' title="bbox 178 1241 1528 1289; baseline -0.003 -9"><span class='ocrx_word' id='word_1_242' title='bbox 178 1243 413 1289; x_wconf 85' lang='lat' dir='ltr'>procedens,</span> <span class='ocrx_word' id='word_1_243' title='bbox 435 1243 700 1280; x_wconf 86' lang='lat' dir='ltr'>diversitatem</span> <span class='ocrx_word' id='word_1_244' title='bbox 723 1251 854 1279; x_wconf 89' lang='lat' dir='ltr'>rerum</span> <span class='ocrx_word' id='word_1_245' title='bbox 874 1241 1048 1277; x_wconf 86' lang='lat' dir='ltr'>instituit</span> <span class='ocrx_word' id='word_1_246' title='bbox 1067 1251 1136 1288; x_wconf 88' lang='lat' dir='ltr'>per</span> <span class='ocrx_word' id='word_1_247' title='bbox 1151 1249 1295 1277; x_wconf 88' lang='lat' dir='ltr'>causas</span> <span class='ocrx_word' id='word_1_248' title='bbox 1316 1241 1528 1278; x_wconf 88' lang='lat' dir='ltr'>secundas.</span> 
     </span>
    </p>

    <p class='ocr_par' dir='ltr' id='par_1_6' title="bbox 178 1286 1803 1429">
     <span class='ocr_line' id='line_1_26' title="bbox 228 1286 1800 1334; baseline 0 -10"><span class='ocrx_word' id='word_1_249' title='bbox 228 1289 456 1326; x_wconf 82' lang='lat' dir='ltr'>Excluditur</span> <span class='ocrx_word' id='word_1_250' title='bbox 491 1290 609 1326; x_wconf 85' lang='lat' dir='ltr'>etiam</span> <span class='ocrx_word' id='word_1_251' title='bbox 643 1288 779 1334; x_wconf 89' lang='lat' dir='ltr'>opinio</span> <span class='ocrx_word' id='word_1_252' title='bbox 820 1288 1071 1334; x_wconf 85' lang='lat' dir='ltr'>quorundam</span> <span class='ocrx_word' id='word_1_253' title='bbox 1107 1288 1360 1333; x_wconf 82' lang='lat' dir='ltr'>antiquorum</span> <span class='ocrx_word' id='word_1_254' title='bbox 1408 1286 1699 1331; x_wconf 75' lang='lat' dir='ltr'>haereticorum,</span> <span class='ocrx_word' id='word_1_255' title='bbox 1731 1286 1800 1332; x_wconf 81' lang='lat' dir='ltr'>qui</span> 
     </span>
     <span class='ocr_line' id='line_1_27' title="bbox 179 1333 1803 1380; baseline -0.001 -8"><span class='ocrx_word' id='word_1_256' title='bbox 179 1335 364 1373; x_wconf 86' lang='lat' dir='ltr'>dicebant</span> <span class='ocrx_word' id='word_1_257' title='bbox 389 1337 512 1373; x_wconf 89' lang='lat' dir='ltr'>Deum</span> <span class='ocrx_word' id='word_1_258' title='bbox 541 1345 623 1372; x_wconf 89' lang='lat' dir='ltr'>non</span> <span class='ocrx_word' id='word_1_259' title='bbox 641 1344 800 1372; x_wconf 86' lang='lat' dir='ltr'>creasse</span> <span class='ocrx_word' id='word_1_260' title='bbox 821 1335 1030 1380; x_wconf 88' lang='lat' dir='ltr'>mundum,</span> <span class='ocrx_word' id='word_1_261' title='bbox 1049 1334 1120 1372; x_wconf 90' lang='lat' dir='ltr'>sed</span> <span class='ocrx_word' id='word_1_262' title='bbox 1140 1334 1333 1380; x_wconf 75' lang='lat' dir='ltr'>angelos;</span> <span class='ocrx_word' id='word_1_263' title='bbox 1355 1334 1470 1380; x_wconf 85' lang='lat' dir='ltr'>cujus</span> <span class='ocrx_word' id='word_1_264' title='bbox 1491 1333 1639 1371; x_wconf 88' lang='lat' dir='ltr'>erroris</span> <span class='ocrx_word' id='word_1_265' title='bbox 1656 1334 1803 1372; x_wconf 88' lang='lat' dir='ltr'>dicitur</span> 
     </span>
     <span class='ocr_line' id='line_1_28' title="bbox 178 1381 990 1429; baseline -0.002 -9"><span class='ocrx_word' id='word_1_266' title='bbox 178 1383 308 1429; x_wconf 86' lang='lat' dir='ltr'>primo</span> <span class='ocrx_word' id='word_1_267' title='bbox 322 1383 450 1420; x_wconf 83' lang='lat' dir='ltr'>fuisse</span> <span class='ocrx_word' id='word_1_268' title='bbox 475 1383 614 1420; x_wconf 88' lang='lat' dir='ltr'>Simon</span> <span class='ocrx_word' id='word_1_269' title='bbox 634 1391 777 1429; x_wconf 80' lang='lat' dir='ltr'>magus</span> <span class='ocrx_word' id='word_1_270' title='bbox 791 1381 990 1419; x_wconf 86' lang='lat' dir='ltr'>inventor.</span> 
     </span>
    </p>
   </div>
   <div class='ocr_carea' id='block_1_3' title="bbox 817 1523 1164 1565">
    <p class='ocr_par' dir='ltr' id='par_1_7' title="bbox 817 1523 1164 1565">
     <span class='ocr_line' id='line_1_29' title="bbox 817 1523 1164 1565; baseline -0.003 0"><span class='ocrx_word' id='word_1_271' title='bbox 817 1523 988 1565; x_wconf 88' lang='lat' dir='ltr'><strong>CAPUT</strong></span> <span class='ocrx_word' id='word_1_272' title='bbox 1022 1523 1164 1565; x_wconf 85' lang='lat' dir='ltr'>XLIII.</span> 
     </span>
    </p>
   </div>
   <div class='ocr_carea' id='block_1_4' title="bbox 250 1642 1731 1731">
    <p class='ocr_par' dir='ltr' id='par_1_8' title="bbox 250 1642 1731 1731">
     <span class='ocr_line' id='line_1_30' title="bbox 250 1642 1731 1678; baseline 0 -5"><span class='ocrx_word' id='word_1_273' title='bbox 250 1643 352 1678; x_wconf 85' lang='lat' dir='ltr'>QUOD</span> <span class='ocrx_word' id='word_1_274' title='bbox 386 1643 518 1674; x_wconf 82' lang='lat' dir='ltr'><strong>RERUM</strong></span> <span class='ocrx_word' id='word_1_275' title='bbox 550 1642 768 1672; x_wconf 85' lang='lat' dir='ltr'>DISTINCTIO</span> <span class='ocrx_word' id='word_1_276' title='bbox 801 1643 880 1673; x_wconf 85' lang='lat' dir='ltr'>NON</span> <span class='ocrx_word' id='word_1_277' title='bbox 912 1643 985 1673; x_wconf 86' lang='lat' dir='ltr'>EST</span> <span class='ocrx_word' id='word_1_278' title='bbox 1010 1644 1085 1672; x_wconf 88' lang='lat' dir='ltr'>PER</span> <span class='ocrx_word' id='word_1_279' title='bbox 1108 1643 1282 1677; x_wconf 79' lang='lat' dir='ltr'><strong>ALIQUEM</strong></span> <span class='ocrx_word' id='word_1_280' title='bbox 1310 1643 1491 1672; x_wconf 83' lang='lat' dir='ltr'>DIVERSIS</span> <span class='ocrx_word' id='word_1_281' title='bbox 1516 1643 1731 1673; x_wconf 81' lang='lat' dir='ltr'>AGENTIBUS</span> 
     </span>
     <span class='ocr_line' id='line_1_31' title="bbox 487 1700 1444 1731; baseline 0.002 -2"><span class='ocrx_word' id='word_1_282' title='bbox 487 1701 734 1730; x_wconf 74' lang='lat' dir='ltr'>INDUCENTEM</span> <span class='ocrx_word' id='word_1_283' title='bbox 758 1700 800 1729; x_wconf 90' lang='lat' dir='ltr'>IN</span> <span class='ocrx_word' id='word_1_284' title='bbox 823 1700 1030 1731; x_wconf 80' lang='lat' dir='ltr'>MATERIAM</span> <span class='ocrx_word' id='word_1_285' title='bbox 1052 1701 1246 1731; x_wconf 81' lang='lat' dir='ltr'>DIVERSAS</span> <span class='ocrx_word' id='word_1_286' title='bbox 1277 1701 1444 1731; x_wconf 81' lang='lat' dir='ltr'><strong>FORMAS.</strong></span> 
     </span>
    </p>
   </div>
   <div class='ocr_carea' id='block_1_5' title="bbox 178 1802 1803 2883">
    <p class='ocr_par' dir='ltr' id='par_1_9' title="bbox 178 1802 1803 2131">
     <span class='ocr_line' id='line_1_32' title="bbox 227 1802 1803 1850; baseline 0.001 -10"><span class='ocrx_word' id='word_1_287' title='bbox 227 1804 326 1840; x_wconf 84' lang='lat' dir='ltr'>Sunt</span> <span class='ocrx_word' id='word_1_288' title='bbox 348 1806 479 1840; x_wconf 87' lang='lat' dir='ltr'>autem</span> <span class='ocrx_word' id='word_1_289' title='bbox 499 1803 661 1849; x_wconf 86' lang='lat' dir='ltr'>quidam</span> <span class='ocrx_word' id='word_1_290' title='bbox 678 1802 859 1840; x_wconf 88' lang='lat' dir='ltr'>moderni</span> <span class='ocrx_word' id='word_1_291' title='bbox 880 1802 1056 1840; x_wconf 84' lang='lat' dir='ltr'>haeretici</span> <span class='ocrx_word' id='word_1_292' title='bbox 1077 1803 1144 1850; x_wconf 90' lang='lat' dir='ltr'>qui</span> <span class='ocrx_word' id='word_1_293' title='bbox 1165 1803 1303 1840; x_wconf 88' lang='lat' dir='ltr'>dicunt</span> <span class='ocrx_word' id='word_1_294' title='bbox 1322 1805 1446 1842; x_wconf 89' lang='lat' dir='ltr'>Deum</span> <span class='ocrx_word' id='word_1_295' title='bbox 1467 1805 1646 1841; x_wconf 90' lang='lat' dir='ltr'>omnium</span> <span class='ocrx_word' id='word_1_296' title='bbox 1667 1804 1803 1842; x_wconf 85' lang='lat' dir='ltr'>visibi-</span> 
     </span>
     <span class='ocr_line' id='line_1_33' title="bbox 179 1849 1799 1897; baseline 0.001 -10"><span class='ocrx_word' id='word_1_297' title='bbox 179 1850 280 1887; x_wconf 90' lang='lat' dir='ltr'>lium</span> <span class='ocrx_word' id='word_1_298' title='bbox 297 1858 455 1887; x_wconf 86' lang='lat' dir='ltr'>creasse</span> <span class='ocrx_word' id='word_1_299' title='bbox 475 1850 696 1893; x_wconf 87' lang='lat' dir='ltr'>materiam,</span> <span class='ocrx_word' id='word_1_300' title='bbox 718 1849 788 1886; x_wconf 89' lang='lat' dir='ltr'>sed</span> <span class='ocrx_word' id='word_1_301' title='bbox 817 1858 887 1895; x_wconf 89' lang='lat' dir='ltr'>per</span> <span class='ocrx_word' id='word_1_302' title='bbox 916 1849 1090 1895; x_wconf 87' lang='lat' dir='ltr'>aliquem</span> <span class='ocrx_word' id='word_1_303' title='bbox 1122 1850 1309 1896; x_wconf 81' lang='lat' dir='ltr'>angelum</span> <span class='ocrx_word' id='word_1_304' title='bbox 1344 1859 1416 1897; x_wconf 90' lang='lat' dir='ltr'>per</span> <span class='ocrx_word' id='word_1_305' title='bbox 1446 1850 1624 1888; x_wconf 88' lang='lat' dir='ltr'>diversas</span> <span class='ocrx_word' id='word_1_306' title='bbox 1649 1851 1799 1889; x_wconf 85' lang='lat' dir='ltr'>formas</span> 
     </span>
     <span class='ocr_line' id='line_1_34' title="bbox 179 1896 1799 1944; baseline 0.001 -10"><span class='ocrx_word' id='word_1_307' title='bbox 179 1897 307 1934; x_wconf 84' lang='lat' dir='ltr'>fuisse</span> <span class='ocrx_word' id='word_1_308' title='bbox 326 1897 554 1933; x_wconf 87' lang='lat' dir='ltr'>distinctam</span> <span class='ocrx_word' id='word_1_309' title='bbox 576 1908 585 1933; x_wconf 91' lang='lat'>:</span> <span class='ocrx_word' id='word_1_310' title='bbox 606 1896 721 1942; x_wconf 83' lang='lat' dir='ltr'>qu&#39;us</span> <span class='ocrx_word' id='word_1_311' title='bbox 742 1896 946 1941; x_wconf 87' lang='lat' dir='ltr'>opinionis</span> <span class='ocrx_word' id='word_1_312' title='bbox 968 1896 1122 1933; x_wconf 87' lang='lat' dir='ltr'>falsitas</span> <span class='ocrx_word' id='word_1_313' title='bbox 1141 1897 1350 1934; x_wconf 87' lang='lat' dir='ltr'>manifeste</span> <span class='ocrx_word' id='word_1_314' title='bbox 1379 1901 1552 1944; x_wconf 86' lang='lat' dir='ltr'>apparet.</span> <span class='ocrx_word' id='word_1_315' title='bbox 1572 1900 1660 1935; x_wconf 91' lang='lat' dir='ltr'>Non</span> <span class='ocrx_word' id='word_1_316' title='bbox 1693 1899 1799 1935; x_wconf 90' lang='lat' dir='ltr'>enim</span> 
     </span>
     <span class='ocr_line' id='line_1_35' title="bbox 180 1943 1800 1991; baseline 0.002 -11"><span class='ocrx_word' id='word_1_317' title='bbox 180 1944 359 1980; x_wconf 83' lang='lat' dir='ltr'>coelestia</span> <span class='ocrx_word' id='word_1_318' title='bbox 378 1952 558 1988; x_wconf 87' lang='lat' dir='ltr'>corpora,</span> <span class='ocrx_word' id='word_1_319' title='bbox 579 1943 621 1979; x_wconf 91' lang='lat' dir='ltr'>in</span> <span class='ocrx_word' id='word_1_320' title='bbox 642 1943 788 1989; x_wconf 89' lang='lat' dir='ltr'>quibus</span> <span class='ocrx_word' id='word_1_321' title='bbox 811 1943 922 1979; x_wconf 88' lang='lat' dir='ltr'>nulla</span> <span class='ocrx_word' id='word_1_322' title='bbox 941 1943 1200 1980; x_wconf 85' lang='lat' dir='ltr'>contrarietas</span> <span class='ocrx_word' id='word_1_323' title='bbox 1226 1944 1441 1989; x_wconf 89' lang='lat' dir='ltr'>invenitur,</span> <span class='ocrx_word' id='word_1_324' title='bbox 1472 1954 1520 1981; x_wconf 84' lang='lat' dir='ltr'>ex</span> <span class='ocrx_word' id='word_1_325' title='bbox 1551 1945 1683 1991; x_wconf 84' lang='lat' dir='ltr'>aliqua</span> <span class='ocrx_word' id='word_1_326' title='bbox 1717 1955 1800 1983; x_wconf 86' lang='lat' dir='ltr'>ma-</span> 
     </span>
     <span class='ocr_line' id='line_1_36' title="bbox 178 1989 1798 2037; baseline 0.001 -10"><span class='ocrx_word' id='word_1_327' title='bbox 178 1991 283 2027; x_wconf 83' lang='lat' dir='ltr'>teria</span> <span class='ocrx_word' id='word_1_328' title='bbox 300 1994 470 2036; x_wconf 87' lang='lat' dir='ltr'>possunt</span> <span class='ocrx_word' id='word_1_329' title='bbox 490 1998 579 2027; x_wconf 86' lang='lat' dir='ltr'>esse</span> <span class='ocrx_word' id='word_1_330' title='bbox 599 1989 767 2027; x_wconf 86' lang='lat' dir='ltr'>formata</span> <span class='ocrx_word' id='word_1_331' title='bbox 789 2001 799 2034; x_wconf 89' lang='grc'>;</span> <span class='ocrx_word' id='word_1_332' title='bbox 825 1998 943 2026; x_wconf 90' lang='lat' dir='ltr'>omne</span> <span class='ocrx_word' id='word_1_333' title='bbox 963 1990 1069 2026; x_wconf 90' lang='lat' dir='ltr'>enim</span> <span class='ocrx_word' id='word_1_334' title='bbox 1090 1990 1194 2037; x_wconf 87' lang='lat' dir='ltr'>quod</span> <span class='ocrx_word' id='word_1_335' title='bbox 1208 1990 1249 2027; x_wconf 87' lang='lat' dir='ltr'>fit</span> <span class='ocrx_word' id='word_1_336' title='bbox 1264 2000 1310 2027; x_wconf 83' lang='lat' dir='ltr'>ex</span> <span class='ocrx_word' id='word_1_337' title='bbox 1323 1991 1488 2028; x_wconf 85' lang='lat' dir='ltr'>materia</span> <span class='ocrx_word' id='word_1_338' title='bbox 1505 1993 1798 2037; x_wconf 80' lang='lat' dir='ltr'>praeexistente,</span> 
     </span>
     <span class='ocr_line' id='line_1_37' title="bbox 178 2035 1801 2085; baseline 0.001 -11"><span class='ocrx_word' id='word_1_339' title='bbox 178 2040 333 2083; x_wconf 89' lang='lat' dir='ltr'>oportet</span> <span class='ocrx_word' id='word_1_340' title='bbox 351 2047 400 2073; x_wconf 80' lang='lat' dir='ltr'>ex</span> <span class='ocrx_word' id='word_1_341' title='bbox 418 2037 617 2074; x_wconf 89' lang='lat' dir='ltr'>contrario</span> <span class='ocrx_word' id='word_1_342' title='bbox 636 2035 736 2073; x_wconf 87' lang='lat' dir='ltr'>fieri.</span> <span class='ocrx_word' id='word_1_343' title='bbox 757 2036 1009 2081; x_wconf 88' lang='lat' dir='ltr'>Impossibile</span> <span class='ocrx_word' id='word_1_344' title='bbox 1031 2040 1091 2074; x_wconf 88' lang='lat' dir='ltr'>est</span> <span class='ocrx_word' id='word_1_345' title='bbox 1108 2037 1243 2084; x_wconf 85' lang='lat' dir='ltr'>igitur,</span> <span class='ocrx_word' id='word_1_346' title='bbox 1265 2038 1372 2084; x_wconf 82' lang='lat' dir='ltr'>quod</span> <span class='ocrx_word' id='word_1_347' title='bbox 1392 2048 1440 2074; x_wconf 84' lang='lat' dir='ltr'>ex</span> <span class='ocrx_word' id='word_1_348' title='bbox 1469 2038 1602 2085; x_wconf 81' lang='lat' dir='ltr'>aliqua</span> <span class='ocrx_word' id='word_1_349' title='bbox 1633 2039 1801 2077; x_wconf 89' lang='lat' dir='ltr'>materia</span> 
     </span>
     <span class='ocr_line' id='line_1_38' title="bbox 178 2083 1585 2131; baseline 0.001 -11"><span class='ocrx_word' id='word_1_350' title='bbox 178 2084 292 2131; x_wconf 89' lang='lat' dir='ltr'>prius</span> <span class='ocrx_word' id='word_1_351' title='bbox 311 2093 334 2120; x_wconf 88' lang='lat' dir='ltr'>a</span> <span class='ocrx_word' id='word_1_352' title='bbox 356 2085 436 2121; x_wconf 88' lang='lat' dir='ltr'>Deo</span> <span class='ocrx_word' id='word_1_353' title='bbox 453 2087 584 2120; x_wconf 87' lang='lat' dir='ltr'>creata</span> <span class='ocrx_word' id='word_1_354' title='bbox 603 2083 772 2129; x_wconf 81' lang='lat' dir='ltr'>angelus</span> <span class='ocrx_word' id='word_1_355' title='bbox 792 2084 937 2130; x_wconf 87' lang='lat' dir='ltr'>aliquis</span> <span class='ocrx_word' id='word_1_356' title='bbox 959 2083 1137 2121; x_wconf 87' lang='lat' dir='ltr'>coelestia</span> <span class='ocrx_word' id='word_1_357' title='bbox 1155 2093 1324 2130; x_wconf 89' lang='lat' dir='ltr'>corpora</span> <span class='ocrx_word' id='word_1_358' title='bbox 1343 2085 1585 2122; x_wconf 83' lang='lat' dir='ltr'>formaverit.</span> 
     </span>
    </p>

    <p class='ocr_par' dir='ltr' id='par_1_10' title="bbox 178 2130 1801 2505">
     <span class='ocr_line' id='line_1_39' title="bbox 226 2130 1798 2178; baseline 0.002 -11"><span class='ocrx_word' id='word_1_359' title='bbox 226 2131 410 2177; x_wconf 79' lang='lat' dir='ltr'>Amplius,</span> <span class='ocrx_word' id='word_1_360' title='bbox 432 2130 612 2167; x_wconf 86' lang='lat' dir='ltr'>coelestia</span> <span class='ocrx_word' id='word_1_361' title='bbox 630 2139 798 2176; x_wconf 87' lang='lat' dir='ltr'>corpora</span> <span class='ocrx_word' id='word_1_362' title='bbox 814 2134 882 2167; x_wconf 90' lang='lat' dir='ltr'>aut</span> <span class='ocrx_word' id='word_1_363' title='bbox 901 2130 941 2166; x_wconf 91' lang='lat' dir='ltr'>in</span> <span class='ocrx_word' id='word_1_364' title='bbox 963 2131 1074 2168; x_wconf 87' lang='lat' dir='ltr'>nulla</span> <span class='ocrx_word' id='word_1_365' title='bbox 1092 2132 1259 2168; x_wconf 87' lang='lat' dir='ltr'>materia</span> <span class='ocrx_word' id='word_1_366' title='bbox 1276 2132 1520 2169; x_wconf 88' lang='lat' dir='ltr'>conveniunt</span> <span class='ocrx_word' id='word_1_367' title='bbox 1548 2141 1638 2169; x_wconf 91' lang='lat' dir='ltr'>cum</span> <span class='ocrx_word' id='word_1_368' title='bbox 1659 2141 1798 2178; x_wconf 90' lang='lat' dir='ltr'>corpo-</span> 
     </span>
     <span class='ocr_line' id='line_1_40' title="bbox 178 2176 1800 2225; baseline 0.002 -11"><span class='ocrx_word' id='word_1_369' title='bbox 178 2177 291 2214; x_wconf 84' lang='lat' dir='ltr'>ribus</span> <span class='ocrx_word' id='word_1_370' title='bbox 308 2176 581 2221; x_wconf 82' lang='lat' dir='ltr'>inferioribus,</span> <span class='ocrx_word' id='word_1_371' title='bbox 601 2181 765 2214; x_wconf 85' lang='lat' dir='ltr'>autnon</span> <span class='ocrx_word' id='word_1_372' title='bbox 786 2177 1030 2214; x_wconf 88' lang='lat' dir='ltr'>conveniunt</span> <span class='ocrx_word' id='word_1_373' title='bbox 1046 2178 1086 2214; x_wconf 89' lang='lat' dir='ltr'>in</span> <span class='ocrx_word' id='word_1_374' title='bbox 1108 2178 1241 2225; x_wconf 85' lang='lat' dir='ltr'>aliqua</span> <span class='ocrx_word' id='word_1_375' title='bbox 1259 2179 1424 2216; x_wconf 89' lang='lat' dir='ltr'>materia</span> <span class='ocrx_word' id='word_1_376' title='bbox 1450 2178 1528 2216; x_wconf 83' lang='lat' dir='ltr'>nisi</span> <span class='ocrx_word' id='word_1_377' title='bbox 1549 2179 1688 2224; x_wconf 88' lang='lat' dir='ltr'>prima.</span> <span class='ocrx_word' id='word_1_378' title='bbox 1712 2181 1800 2217; x_wconf 76' lang='lat' dir='ltr'>Non</span> 
     </span>
     <span class='ocr_line' id='line_1_41' title="bbox 179 2224 1800 2273; baseline 0.002 -12"><span class='ocrx_word' id='word_1_379' title='bbox 179 2224 286 2261; x_wconf 88' lang='lat' dir='ltr'>enim</span> <span class='ocrx_word' id='word_1_380' title='bbox 308 2224 451 2261; x_wconf 84' lang='lat' dir='ltr'>coelum</span> <span class='ocrx_word' id='word_1_381' title='bbox 473 2227 534 2261; x_wconf 91' lang='lat' dir='ltr'>est</span> <span class='ocrx_word' id='word_1_382' title='bbox 554 2233 601 2260; x_wconf 85' lang='lat' dir='ltr'>ex</span> <span class='ocrx_word' id='word_1_383' title='bbox 621 2224 828 2261; x_wconf 88' lang='lat' dir='ltr'>elementis</span> <span class='ocrx_word' id='word_1_384' title='bbox 848 2224 1128 2270; x_wconf 89' lang='lat' dir='ltr'>compositum,</span> <span class='ocrx_word' id='word_1_385' title='bbox 1146 2234 1217 2262; x_wconf 89' lang='lat' dir='ltr'>nec</span> <span class='ocrx_word' id='word_1_386' title='bbox 1234 2228 1384 2263; x_wconf 81' lang='lat' dir='ltr'>naturae</span> <span class='ocrx_word' id='word_1_387' title='bbox 1398 2226 1650 2263; x_wconf 86' lang='lat' dir='ltr'>elementaris</span> <span class='ocrx_word' id='word_1_388' title='bbox 1667 2238 1675 2262; x_wconf 75' lang='grc' dir='ltr'>ε</span> <span class='ocrx_word' id='word_1_389' title='bbox 1693 2226 1800 2273; x_wconf 88' lang='lat' dir='ltr'>quod</span> 
     </span>
     <span class='ocr_line' id='line_1_42' title="bbox 179 2270 1801 2317; baseline 0.002 -10"><span class='ocrx_word' id='word_1_390' title='bbox 179 2271 268 2317; x_wconf 89' lang='lat' dir='ltr'>ejus</span> <span class='ocrx_word' id='word_1_391' title='bbox 284 2275 417 2308; x_wconf 88' lang='lat' dir='ltr'>motus</span> <span class='ocrx_word' id='word_1_392' title='bbox 438 2270 612 2307; x_wconf 88' lang='lat' dir='ltr'>ostendit</span> <span class='ocrx_word' id='word_1_393' title='bbox 630 2280 652 2307; x_wconf 84' lang='lat' dir='ltr'>a</span> <span class='ocrx_word' id='word_1_394' title='bbox 684 2270 859 2308; x_wconf 90' lang='lat' dir='ltr'>motibus</span> <span class='ocrx_word' id='word_1_395' title='bbox 879 2272 1058 2309; x_wconf 88' lang='lat' dir='ltr'>omnium</span> <span class='ocrx_word' id='word_1_396' title='bbox 1094 2272 1380 2310; x_wconf 89' lang='lat' dir='ltr'>elementorum</span> <span class='ocrx_word' id='word_1_397' title='bbox 1415 2272 1611 2309; x_wconf 85' lang='lat' dir='ltr'>diversus.</span> <span class='ocrx_word' id='word_1_398' title='bbox 1638 2274 1801 2311; x_wconf 84' lang='lat' dir='ltr'>Materia</span> 
     </span>
     <span class='ocr_line' id='line_1_43' title="bbox 179 2318 1799 2366; baseline 0.001 -11"><span class='ocrx_word' id='word_1_399' title='bbox 179 2322 312 2355; x_wconf 86' lang='lat' dir='ltr'>autem</span> <span class='ocrx_word' id='word_1_400' title='bbox 333 2318 461 2364; x_wconf 89' lang='lat' dir='ltr'>prima</span> <span class='ocrx_word' id='word_1_401' title='bbox 494 2326 575 2354; x_wconf 91' lang='lat' dir='ltr'>non</span> <span class='ocrx_word' id='word_1_402' title='bbox 593 2321 723 2364; x_wconf 90' lang='lat' dir='ltr'>potest</span> <span class='ocrx_word' id='word_1_403' title='bbox 741 2318 950 2364; x_wconf 84' lang='lat' dir='ltr'>praefuisse</span> <span class='ocrx_word' id='word_1_404' title='bbox 967 2327 1036 2364; x_wconf 88' lang='lat' dir='ltr'>per</span> <span class='ocrx_word' id='word_1_405' title='bbox 1055 2319 1229 2364; x_wconf 87' lang='lat' dir='ltr'>seipsam</span> <span class='ocrx_word' id='word_1_406' title='bbox 1250 2323 1340 2356; x_wconf 87' lang='lat' dir='ltr'>ante</span> <span class='ocrx_word' id='word_1_407' title='bbox 1369 2320 1504 2356; x_wconf 89' lang='lat' dir='ltr'>omnia</span> <span class='ocrx_word' id='word_1_408' title='bbox 1533 2329 1701 2366; x_wconf 85' lang='lat' dir='ltr'>corpora</span> <span class='ocrx_word' id='word_1_409' title='bbox 1720 2321 1799 2358; x_wconf 86' lang='lat' dir='ltr'>for·</span> 
     </span>
     <span class='ocr_line' id='line_1_44' title="bbox 178 2365 1799 2410; baseline 0.002 -9"><span class='ocrx_word' id='word_1_410' title='bbox 178 2369 298 2405; x_wconf 85' lang='lat' dir='ltr'>mata,</span> <span class='ocrx_word' id='word_1_411' title='bbox 320 2373 409 2401; x_wconf 85' lang='lat' dir='ltr'>cum</span> <span class='ocrx_word' id='word_1_412' title='bbox 430 2373 512 2401; x_wconf 92' lang='lat' dir='ltr'>non</span> <span class='ocrx_word' id='word_1_413' title='bbox 530 2365 582 2401; x_wconf 85' lang='lat' dir='ltr'>sit</span> <span class='ocrx_word' id='word_1_414' title='bbox 602 2365 680 2401; x_wconf 89' lang='lat' dir='ltr'>nisi</span> <span class='ocrx_word' id='word_1_415' title='bbox 702 2365 878 2410; x_wconf 84' lang='lat' dir='ltr'>potentia</span> <span class='ocrx_word' id='word_1_416' title='bbox 896 2368 1063 2402; x_wconf 87' lang='lat' dir='ltr'>tantum.</span> <span class='ocrx_word' id='word_1_417' title='bbox 1086 2367 1209 2403; x_wconf 90' lang='lat' dir='ltr'>Omne</span> <span class='ocrx_word' id='word_1_418' title='bbox 1231 2367 1336 2403; x_wconf 84' lang='lat' dir='ltr'>enim</span> <span class='ocrx_word' id='word_1_419' title='bbox 1354 2375 1443 2403; x_wconf 88' lang='lat' dir='ltr'>esse</span> <span class='ocrx_word' id='word_1_420' title='bbox 1474 2367 1516 2403; x_wconf 88' lang='lat' dir='ltr'>in</span> <span class='ocrx_word' id='word_1_421' title='bbox 1534 2371 1623 2403; x_wconf 88' lang='lat' dir='ltr'>actu</span> <span class='ocrx_word' id='word_1_422' title='bbox 1661 2370 1721 2403; x_wconf 88' lang='lat' dir='ltr'>est</span> <span class='ocrx_word' id='word_1_423' title='bbox 1749 2367 1799 2405; x_wconf 88' lang='lat' dir='ltr'>ab</span> 
     </span>
     <span class='ocr_line' id='line_1_45' title="bbox 179 2411 1799 2460; baseline 0.002 -13"><span class='ocrx_word' id='word_1_424' title='bbox 179 2411 315 2458; x_wconf 86' lang='lat' dir='ltr'>aliqua</span> <span class='ocrx_word' id='word_1_425' title='bbox 331 2411 471 2449; x_wconf 87' lang='lat' dir='ltr'>forma.</span> <span class='ocrx_word' id='word_1_426' title='bbox 489 2411 742 2457; x_wconf 87' lang='lat' dir='ltr'>Impossibile</span> <span class='ocrx_word' id='word_1_427' title='bbox 763 2415 823 2449; x_wconf 86' lang='lat' dir='ltr'>est</span> <span class='ocrx_word' id='word_1_428' title='bbox 842 2412 976 2458; x_wconf 80' lang='lat' dir='ltr'>igitur,</span> <span class='ocrx_word' id='word_1_429' title='bbox 999 2412 1106 2459; x_wconf 87' lang='lat' dir='ltr'>quod</span> <span class='ocrx_word' id='word_1_430' title='bbox 1124 2423 1171 2450; x_wconf 87' lang='lat' dir='ltr'>ex</span> <span class='ocrx_word' id='word_1_431' title='bbox 1189 2414 1355 2450; x_wconf 85' lang='lat' dir='ltr'>materia</span> <span class='ocrx_word' id='word_1_432' title='bbox 1372 2414 1484 2460; x_wconf 88' lang='lat' dir='ltr'>prius</span> <span class='ocrx_word' id='word_1_433' title='bbox 1507 2423 1531 2451; x_wconf 87' lang='lat' dir='ltr'>a</span> <span class='ocrx_word' id='word_1_434' title='bbox 1550 2415 1630 2451; x_wconf 89' lang='lat' dir='ltr'>Deo</span> <span class='ocrx_word' id='word_1_435' title='bbox 1666 2417 1799 2452; x_wconf 83' lang='lat' dir='ltr'>creata</span> 
     </span>
     <span class='ocr_line' id='line_1_46' title="bbox 178 2458 1312 2505; baseline 0.003 -11"><span class='ocrx_word' id='word_1_436' title='bbox 178 2458 326 2504; x_wconf 84' lang='lat' dir='ltr'>aliquis</span> <span class='ocrx_word' id='word_1_437' title='bbox 346 2458 515 2505; x_wconf 75' lang='lat' dir='ltr'>angelus</span> <span class='ocrx_word' id='word_1_438' title='bbox 533 2459 671 2496; x_wconf 88' lang='lat' dir='ltr'>omnia</span> <span class='ocrx_word' id='word_1_439' title='bbox 689 2458 865 2497; x_wconf 87' lang='lat' dir='ltr'>visibilia</span> <span class='ocrx_word' id='word_1_440' title='bbox 884 2468 1052 2504; x_wconf 81' lang='lat' dir='ltr'>corpora</span> <span class='ocrx_word' id='word_1_441' title='bbox 1071 2460 1312 2497; x_wconf 84' lang='lat' dir='ltr'>formaverit.</span> 
     </span>
    </p>

    <p class='ocr_par' dir='ltr' id='par_1_11' title="bbox 179 2504 1796 2837">
     <span class='ocr_line' id='line_1_47' title="bbox 213 2504 1796 2557; baseline 0.002 -16"><span class='ocrx_word' id='word_1_442' title='bbox 213 2505 370 2557; x_wconf 27' lang='lat' dir='ltr'>⁸Acili-cuc,</span> <span class='ocrx_word' id='word_1_443' title='bbox 391 2514 510 2543; x_wconf 87' lang='lat' dir='ltr'>omne</span> <span class='ocrx_word' id='word_1_444' title='bbox 543 2505 650 2553; x_wconf 87' lang='lat' dir='ltr'>quod</span> <span class='ocrx_word' id='word_1_445' title='bbox 685 2504 742 2551; x_wconf 89' lang='lat' dir='ltr'>fit,</span> <span class='ocrx_word' id='word_1_446' title='bbox 763 2506 812 2544; x_wconf 89' lang='lat' dir='ltr'>ad</span> <span class='ocrx_word' id='word_1_447' title='bbox 850 2506 926 2544; x_wconf 87' lang='lat' dir='ltr'>hoc</span> <span class='ocrx_word' id='word_1_448' title='bbox 945 2506 988 2543; x_wconf 90' lang='lat' dir='ltr'>fit</span> <span class='ocrx_word' id='word_1_449' title='bbox 1007 2510 1050 2543; x_wconf 86' lang='lat' dir='ltr'>ut</span> <span class='ocrx_word' id='word_1_450' title='bbox 1083 2506 1149 2544; x_wconf 88' lang='lat' dir='ltr'>sit.</span> <span class='ocrx_word' id='word_1_451' title='bbox 1171 2509 1237 2545; x_wconf 85' lang='lat' dir='ltr'>Est</span> <span class='ocrx_word' id='word_1_452' title='bbox 1267 2507 1374 2546; x_wconf 89' lang='lat' dir='ltr'>enim</span> <span class='ocrx_word' id='word_1_453' title='bbox 1405 2507 1490 2546; x_wconf 82' lang='lat' dir='ltr'>fieri</span> <span class='ocrx_word' id='word_1_454' title='bbox 1522 2507 1588 2544; x_wconf 88' lang='lat' dir='ltr'>via</span> <span class='ocrx_word' id='word_1_455' title='bbox 1618 2507 1660 2543; x_wconf 88' lang='lat' dir='ltr'>in</span> <span class='ocrx_word' id='word_1_456' title='bbox 1690 2514 1796 2544; x_wconf 88' lang='lat' dir='ltr'>esse.</span> 
     </span>
     <span class='ocr_line' id='line_1_48' title="bbox 184 2552 1794 2600; baseline 0.002 -12"><span class='ocrx_word' id='word_1_457' title='bbox 184 2553 246 2588; x_wconf 78' lang='lat' dir='ltr'>Sic</span> <span class='ocrx_word' id='word_1_458' title='bbox 298 2555 421 2597; x_wconf 81' lang='lat' dir='ltr'>igitur</span> <span class='ocrx_word' id='word_1_459' title='bbox 456 2552 672 2600; x_wconf 84' lang='lat' dir='ltr'>unicuique</span> <span class='ocrx_word' id='word_1_460' title='bbox 706 2557 839 2591; x_wconf 88' lang='lat' dir='ltr'>creato</span> <span class='ocrx_word' id='word_1_461' title='bbox 878 2553 1064 2592; x_wconf 89' lang='lat' dir='ltr'>convenit</span> <span class='ocrx_word' id='word_1_462' title='bbox 1098 2553 1183 2591; x_wconf 87' lang='lat' dir='ltr'>fieri</span> <span class='ocrx_word' id='word_1_463' title='bbox 1220 2554 1326 2592; x_wconf 89' lang='lat' dir='ltr'>sicut</span> <span class='ocrx_word' id='word_1_464' title='bbox 1361 2554 1438 2592; x_wconf 85' lang='lat' dir='ltr'>sihi</span> <span class='ocrx_word' id='word_1_465' title='bbox 1475 2553 1659 2591; x_wconf 89' lang='lat' dir='ltr'>convenit</span> <span class='ocrx_word' id='word_1_466' title='bbox 1688 2561 1794 2591; x_wconf 87' lang='lat' dir='ltr'>esse.</span> 
     </span>
     <span class='ocr_line' id='line_1_49' title="bbox 179 2599 1796 2651; baseline 0.004 -19"><span class='ocrx_word' id='word_1_467' title='bbox 179 2599 276 2633; x_wconf 84' lang='lat' dir='ltr'>Esse</span> <span class='ocrx_word' id='word_1_468' title='bbox 313 2601 445 2649; x_wconf 85' lang='lat' dir='ltr'>autem</span> <span class='ocrx_word' id='word_1_469' title='bbox 482 2607 563 2636; x_wconf 88' lang='lat' dir='ltr'>non</span> <span class='ocrx_word' id='word_1_470' title='bbox 583 2600 786 2651; x_wconf 27' lang='lat' dir='ltr'>‘convenit</span> <span class='ocrx_word' id='word_1_471' title='bbox 822 2600 960 2638; x_wconf 79' lang='lat' dir='ltr'>formae</span> <span class='ocrx_word' id='word_1_472' title='bbox 992 2604 1161 2646; x_wconf 84' lang='lat' dir='ltr'>tantum,</span> <span class='ocrx_word' id='word_1_473' title='bbox 1199 2610 1273 2638; x_wconf 85' lang='lat' dir='ltr'>nec</span> <span class='ocrx_word' id='word_1_474' title='bbox 1309 2601 1485 2640; x_wconf 79' lang='lat' dir='ltr'>materiae</span> <span class='ocrx_word' id='word_1_475' title='bbox 1520 2604 1688 2644; x_wconf 87' lang='lat' dir='ltr'>tantum,</span> <span class='ocrx_word' id='word_1_476' title='bbox 1723 2600 1796 2638; x_wconf 89' lang='lat' dir='ltr'>sed</span> 
     </span>
     <span class='ocr_line' id='line_1_50' title="bbox 179 2646 1794 2696; baseline 0.003 -17"><span class='ocrx_word' id='word_1_477' title='bbox 179 2648 417 2696; x_wconf 85' lang='lat' dir='ltr'>composito.</span> <span class='ocrx_word' id='word_1_478' title='bbox 459 2646 619 2684; x_wconf 81' lang='lat' dir='ltr'>Materia</span> <span class='ocrx_word' id='word_1_479' title='bbox 642 2647 749 2684; x_wconf 86' lang='lat' dir='ltr'>enim</span> <span class='ocrx_word' id='word_1_480' title='bbox 780 2655 863 2684; x_wconf 88' lang='lat' dir='ltr'>non</span> <span class='ocrx_word' id='word_1_481' title='bbox 895 2651 956 2685; x_wconf 91' lang='lat' dir='ltr'>est</span> <span class='ocrx_word' id='word_1_482' title='bbox 987 2648 1066 2685; x_wconf 89' lang='lat' dir='ltr'>nisi</span> <span class='ocrx_word' id='word_1_483' title='bbox 1101 2648 1143 2684; x_wconf 90' lang='lat' dir='ltr'>in</span> <span class='ocrx_word' id='word_1_484' title='bbox 1178 2648 1356 2695; x_wconf 89' lang='lat' dir='ltr'>potentia</span> <span class='ocrx_word' id='word_1_485' title='bbox 1393 2659 1403 2684; x_wconf 78' lang='lat' dir='ltr'><strong><em>z</em></strong></span> <span class='ocrx_word' id='word_1_486' title='bbox 1442 2648 1570 2684; x_wconf 81' lang='lat' dir='ltr'>forma</span> <span class='ocrx_word' id='word_1_487' title='bbox 1601 2656 1693 2683; x_wconf 86' lang='lat' dir='ltr'>vero</span> <span class='ocrx_word' id='word_1_488' title='bbox 1731 2651 1794 2684; x_wconf 90' lang='lat' dir='ltr'>est</span> 
     </span>
     <span class='ocr_line' id='line_1_51' title="bbox 179 2690 1794 2773; baseline 0.003 -47"><span class='ocrx_word' id='word_1_489' title='bbox 179 2699 258 2773; x_wconf 48' lang='lat' dir='ltr'>{rua</span> <span class='ocrx_word' id='word_1_490' title='bbox 277 2690 427 2743; x_wconf 76' lang='lat' dir='ltr'>aliquid</span> <span class='ocrx_word' id='word_1_491' title='bbox 445 2695 506 2729; x_wconf 86' lang='lat' dir='ltr'>est</span> <span class='ocrx_word' id='word_1_492' title='bbox 527 2704 535 2735; x_wconf 92' lang='lat'><em>;</em></span> <span class='ocrx_word' id='word_1_493' title='bbox 559 2696 619 2730; x_wconf 86' lang='lat' dir='ltr'>est</span> <span class='ocrx_word' id='word_1_494' title='bbox 637 2694 744 2731; x_wconf 88' lang='lat' dir='ltr'>enim</span> <span class='ocrx_word' id='word_1_495' title='bbox 764 2698 891 2732; x_wconf 82' lang='lat' dir='ltr'>actus.</span> <span class='ocrx_word' id='word_1_496' title='bbox 914 2694 1022 2731; x_wconf 90' lang='lat' dir='ltr'>Unde</span> <span class='ocrx_word' id='word_1_497' title='bbox 1050 2697 1172 2732; x_wconf 78' lang='lat' dir='ltr'>restat</span> <span class='ocrx_word' id='word_1_498' title='bbox 1202 2695 1308 2742; x_wconf 91' lang='lat' dir='ltr'>quod</span> <span class='ocrx_word' id='word_1_499' title='bbox 1339 2694 1606 2740; x_wconf 86' lang='lat' dir='ltr'>compositum</span> <span class='ocrx_word' id='word_1_500' title='bbox 1635 2695 1794 2739; x_wconf 89' lang='lat' dir='ltr'>proprie</span> 
     </span>
     <span class='ocr_line' id='line_1_52' title="bbox 195 2738 1796 2789; baseline 0.004 -17"><span class='ocrx_word' id='word_1_501' title='bbox 195 2739 241 2780; x_wconf 86' lang='lat' dir='ltr'>1t;</span> <span class='ocrx_word' id='word_1_502' title='bbox 259 2741 481 2789; x_wconf 72' lang='lat' dir='ltr'>ejusigitur</span> <span class='ocrx_word' id='word_1_503' title='bbox 493 2738 623 2776; x_wconf 88' lang='lat' dir='ltr'>solius</span> <span class='ocrx_word' id='word_1_504' title='bbox 645 2744 707 2777; x_wconf 90' lang='lat' dir='ltr'>est</span> <span class='ocrx_word' id='word_1_505' title='bbox 729 2741 886 2787; x_wconf 83' lang='lat' dir='ltr'>proprie</span> <span class='ocrx_word' id='word_1_506' title='bbox 908 2740 1008 2786; x_wconf 88' lang='lat' dir='ltr'>fieri,</span> <span class='ocrx_word' id='word_1_507' title='bbox 1024 2751 1105 2779; x_wconf 89' lang='lat' dir='ltr'>non</span> <span class='ocrx_word' id='word_1_508' title='bbox 1131 2742 1305 2779; x_wconf 85' lang='lat' dir='ltr'>materiae</span> <span class='ocrx_word' id='word_1_509' title='bbox 1336 2744 1478 2787; x_wconf 84' lang='lat' dir='ltr'>praeter</span> <span class='ocrx_word' id='word_1_510' title='bbox 1507 2740 1688 2777; x_wconf 87' lang='lat' dir='ltr'>sormam.</span> <span class='ocrx_word' id='word_1_511' title='bbox 1709 2743 1796 2778; x_wconf 90' lang='lat' dir='ltr'>Non</span> 
     </span>
     <span class='ocr_line' id='line_1_53' title="bbox 179 2784 1792 2837; baseline 0.002 -16"><span class='ocrx_word' id='word_1_512' title='bbox 179 2786 242 2821; x_wconf 89' lang='lat' dir='ltr'>est</span> <span class='ocrx_word' id='word_1_513' title='bbox 259 2787 382 2830; x_wconf 81' lang='lat' dir='ltr'>igitur</span> <span class='ocrx_word' id='word_1_514' title='bbox 398 2784 507 2837; x_wconf 79' lang='lat' dir='ltr'>aliud</span> <span class='ocrx_word' id='word_1_515' title='bbox 531 2794 654 2832; x_wconf 81' lang='lat' dir='ltr'>agens</span> <span class='ocrx_word' id='word_1_516' title='bbox 675 2796 814 2825; x_wconf 85' lang='lat' dir='ltr'>creans</span> <span class='ocrx_word' id='word_1_517' title='bbox 835 2788 1038 2826; x_wconf 87' lang='lat' dir='ltr'>materiam</span> <span class='ocrx_word' id='word_1_518' title='bbox 1058 2789 1200 2833; x_wconf 88' lang='lat' dir='ltr'>solam,</span> <span class='ocrx_word' id='word_1_519' title='bbox 1215 2791 1254 2825; x_wconf 91' lang='lat' dir='ltr'>et</span> <span class='ocrx_word' id='word_1_520' title='bbox 1271 2787 1380 2826; x_wconf 89' lang='lat' dir='ltr'>aliud</span> <span class='ocrx_word' id='word_1_521' title='bbox 1399 2787 1593 2824; x_wconf 87' lang='lat' dir='ltr'>inducens</span> <span class='ocrx_word' id='word_1_522' title='bbox 1613 2789 1792 2825; x_wconf 74' lang='lat' dir='ltr'>sormam.</span> 
     </span>
    </p>

    <p class='ocr_par' dir='ltr' id='par_1_12' title="bbox 225 2830 1795 2883">
     <span class='ocr_line' id='line_1_54' title="bbox 225 2830 1795 2883; baseline 0.004 -17"><span class='ocrx_word' id='word_1_523' title='bbox 225 2830 324 2874; x_wconf 77' lang='lat' dir='ltr'>Item,</span> <span class='ocrx_word' id='word_1_524' title='bbox 346 2839 476 2878; x_wconf 81' lang='lat' dir='ltr'>prima</span> <span class='ocrx_word' id='word_1_525' title='bbox 493 2832 672 2872; x_wconf 84' lang='lat' dir='ltr'>inductio</span> <span class='ocrx_word' id='word_1_526' title='bbox 692 2833 909 2874; x_wconf 77' lang='lat' dir='ltr'>formarum</span> <span class='ocrx_word' id='word_1_527' title='bbox 928 2836 971 2873; x_wconf 87' lang='lat' dir='ltr'>in</span> <span class='ocrx_word' id='word_1_528' title='bbox 990 2835 1156 2875; x_wconf 83' lang='lat' dir='ltr'>materia</span> <span class='ocrx_word' id='word_1_529' title='bbox 1183 2843 1265 2874; x_wconf 87' lang='lat' dir='ltr'>non</span> <span class='ocrx_word' id='word_1_530' title='bbox 1294 2837 1427 2883; x_wconf 87' lang='lat' dir='ltr'>potest</span> <span class='ocrx_word' id='word_1_531' title='bbox 1458 2843 1548 2873; x_wconf 84' lang='lat' dir='ltr'>esse</span> <span class='ocrx_word' id='word_1_532' title='bbox 1577 2834 1625 2872; x_wconf 86' lang='lat' dir='ltr'>ab</span> <span class='ocrx_word' id='word_1_533' title='bbox 1660 2835 1795 2882; x_wconf 81' lang='lat' dir='ltr'>aliquo</span> 
     </span>
    </p>
   </div>
  </div>
 </body>
</html>
