1894 3223
155 184 234 218 —614
509 174 511 176 ³
740 179 824 214 clB.
853 179 911 222 lv,
939 179 1039 214 CAP.
1069 179 1211 214 LXXVI.

167 261 434 308 principaliter
453 269 495 296 se
514 259 722 303 extendam
741 263 780 296 et
800 260 864 296 hic
885 263 946 296 est
969 259 1065 296 ordo
1097 260 1376 305 sacerdotalis3
1414 261 1515 298 alios
1552 264 1682 297 autem
1717 260 1786 307 qui

168 308 293 344 eidem
316 308 489 343 serviant
509 307 732 353 aliqualiter
749 308 954 344 materiam
973 307 1235 352 disponendo,
1252 311 1288 342 et
1301 307 1341 343 hi
1360 311 1453 344 sunt
1468 308 1626 344 ordines
1646 307 1786 344 minis-

166 355 368 390 trantium.
390 354 490 397 Quia
510 362 602 390 vero
623 353 879 390 sacerdotalis
899 356 1088 399 potestas,
1111 358 1153 389 ut
1185 353 1329 389 dictum
1363 358 1421 391 est
1454 354 1553 401 (cap.
1577 353 1708 400 praec.)
1744 363 1788 391 se

168 401 341 437 extendit
358 401 406 436 ad
430 401 522 445 duo,
546 400 698 437 scilicet
723 401 771 437 ad
797 401 976 446 corporis
1012 399 1154 437 Christi
1175 401 1514 438 consecrationem
1551 406 1588 438 et
1620 401 1667 438 ad
1700 401 1786 438 red-

169 447 340 484 dendum
364 447 500 484 fideles
520 447 689 484 idoneos
709 456 779 493 per
808 448 1099 484 absolutionem
1119 457 1139 483 a
1159 448 1331 492 peccatis
1352 447 1400 484 ad
1427 449 1683 485 Eucharistiae
1699 457 1786 494 per-

167 495 387 539 ceptionem
404 522 414 537 ,
432 498 586 539 oportet
603 494 707 540 quod
735 493 944 531 inferiores
965 494 1126 531 ordines
1150 494 1184 530 ei
1206 494 1429 530 deserviant
1447 495 1507 531 vel
1541 496 1582 531 in
1601 498 1781 542 utroque,

168 544 227 577 vel
248 542 287 576 in
310 542 433 577 altero
457 545 610 577 tantum
632 553 641 577 :
662 544 700 577 et
720 541 973 578 manifestum
990 545 1049 577 est
1065 541 1292 588 quodtanto
1308 540 1563 586 aliquisinter
1580 542 1788 579 interiores

168 588 329 624 ordines
352 589 534 633 superior
553 593 626 631 est,
649 593 796 634 quanto
818 588 1053 624 sacerdotali
1073 588 1241 624 deservit
1273 588 1313 623 in
1347 588 1539 633 pluribus,
1573 590 1633 624 vel
1655 590 1695 624 in
1716 589 1786 625 ali-

167 644 247 681 quo
269 635 456 682 digniori.
480 634 606 671 Intimi
626 635 919 680 igiturordines
941 635 1168 671 deserviunt
1189 635 1423 671 sacerdotali
1445 635 1573 671 ordini
1596 635 1723 671 solum
1741 636 1785 672 in

167 682 303 727 populi
326 682 623 727 praeparatione.
647 682 803 718 Ostiarii
836 682 994 728 quidem
1027 681 1197 718 arcendo
1218 680 1398 718 infideles
1419 691 1442 718 a
1461 686 1563 718 coetu
1581 681 1755 718 fidelium
1774 694 1784 726 ;

169 730 339 765 lectores
359 733 489 765 autem
510 729 743 765 instruendo
776 730 1082 765 catechumenos
1120 729 1166 764 de
1200 728 1288 764 fidei
1318 729 1566 772 rudimentis,
1589 729 1693 765 unde
1730 729 1788 766 eis

170 775 371 820 Scriptura
389 776 539 812 Veteris
559 776 797 812 Testamenti
819 776 1076 812 committitur
1103 775 1294 818 legenda3
1317 776 1521 812 exorcistae
1542 780 1672 812 autem
1695 785 1789 821 pur-

169 823 302 869 gando
323 831 392 859 eos
413 823 481 869 qui
498 822 579 868 jam
603 822 786 859 instructi
802 826 909 866 sunt,
931 823 965 859 si
987 822 1209 868 aliqualiter
1226 832 1247 858 a
1267 822 1445 858 daemone
1474 822 1743 867 impediuntur
1765 833 1789 859 a

169 871 424 915 perceptione
446 873 785 906 sacramentorum
805 882 812 913 3
836 870 1062 915 superiores
1083 879 1174 905 vero
1196 869 1356 906 ordines
1389 870 1624 906 sacerdotali
1658 870 1789 906 deser-

168 916 277 952 viunt
299 920 336 952 et
358 917 398 952 in
420 917 703 962 praeparatione
724 917 874 962 populi,
892 920 929 952 et
949 917 995 953 ad
1015 916 1396 952 consummationem
1415 917 1650 953 sacramenti
1668 928 1676 960 3
1696 925 1786 952 nam

169 963 341 1009 acolythi
362 963 509 1000 habent
529 964 791 1000 ministerium
814 973 934 1008 super
953 973 1049 1000 vasa
1069 972 1149 999 non
1170 972 1295 1007 sacra,
1317 964 1354 999 in
1378 963 1523 1010 quibus
1550 963 1789 1000 sacramenti

169 1011 335 1047 materia
356 1015 610 1055 praeparatur,
633 1011 736 1047 unde
756 1011 813 1046 eis
831 1011 979 1046 urceoli
999 1011 1038 1046 in
1062 1020 1135 1056 sua
1155 1010 1402 1046 ordinatione
1421 1010 1629 1046 traduntur
1649 1023 1657 1054 ;
1694 1010 1788 1047 sub-

172 1057 325 1093 diaconi
348 1062 478 1093 autem
501 1057 646 1094 habent
667 1058 933 1094 ministerium
956 1067 1075 1102 supra
1100 1067 1196 1093 vasa
1216 1066 1341 1100 sacra,
1364 1061 1401 1093 et
1421 1067 1540 1102 super
1560 1056 1788 1103 dispositio-

170 1113 260 1140 nem
279 1105 452 1141 materiae
471 1105 647 1140 nondum
672 1108 911 1141 consecratae
930 1116 938 1148 3
960 1104 1115 1141 diaconi
1132 1108 1262 1140 autem
1284 1104 1451 1141 ulterius
1465 1104 1611 1141 habent
1627 1103 1790 1150 aliquod

170 1151 435 1187 ministerium
457 1160 577 1195 super
594 1152 799 1188 materiam
816 1152 896 1197 jam
919 1155 1206 1195 consecratam,
1227 1156 1344 1196 prout
1373 1152 1608 1197 sanguinem
1644 1150 1787 1188 Christi

177 1197 411 1243 dispensant
431 1197 614 1235 fidelibus
637 1210 645 1234 ε
668 1203 704 1234 et
727 1199 815 1235 ideo
838 1198 878 1234 hi
902 1203 979 1234 tres
1010 1199 1183 1241 ordines,
1206 1198 1357 1234 scilicet
1377 1198 1640 1242 sacerdotum,
1662 1198 1791 1234 diaco-

174 1253 316 1281 norum
353 1249 392 1281 et
429 1245 779 1288 subdiaconorum,
810 1246 911 1282 sacri
946 1246 1144 1286 dicuntur,
1177 1245 1269 1290 quia
1298 1245 1495 1289 accipiunt
1523 1245 1788 1281 ministerium

175 1300 294 1337 super
310 1291 444 1338 aliqua
465 1300 590 1329 sacra.
613 1293 845 1329 Deserviunt
865 1293 982 1328 etiam
1005 1292 1231 1337 superiores
1252 1292 1412 1328 ordines
1437 1292 1477 1327 in
1505 1291 1790 1338 praeparatione

172 1339 307 1383 populi
328 1351 335 1374 :
358 1339 462 1375 unde
483 1343 521 1374 et
538 1339 771 1376 diaconibus
793 1339 1050 1376 committitur
1069 1338 1298 1384 evangelica
1318 1338 1497 1374 doctrina
1529 1338 1674 1384 populo
1704 1347 1791 1383 pro-

173 1385 371 1429 ponenda,
400 1386 715 1422 subdiaconibus
748 1387 981 1431 apostolica,
1017 1385 1209 1431 acolythis
1242 1389 1284 1420 ut
1314 1386 1419 1421 circa
1446 1388 1655 1430 utrumque
1689 1384 1792 1420 exhi-

171 1432 290 1468 beant
326 1433 431 1477 quod
463 1433 632 1478 pertinet
671 1433 717 1468 ad
752 1433 1041 1469 solemnitatem
1081 1432 1280 1474 doctrinae,
1315 1435 1357 1467 ut
1395 1431 1544 1468 scilicet
1580 1431 1794 1468 luminaria

174 1479 365 1524 deserant,
397 1483 435 1515 et
454 1479 534 1515 alia
552 1479 782 1525 hujusmodi
801 1480 1089 1516 administrent.
1110 1480 1179 1525 (IV
1191 1479 1302 1517 senc„
1323 1478 1414 1515 dist.
1436 1478 1567 1524 xxiv.)

792 1627 958 1667 CAPUT
986 1626 1157 1666 LXXVI.

337 1748 386 1776 DE
410 1748 632 1776 EPISCOPALI
657 1747 881 1783 DIGNITATE,
905 1747 954 1774 ET
975 1747 1076 1779 QUOD
1101 1747 1142 1775 IN
1170 1747 1223 1775 EA
1246 1747 1344 1775 UNUS
1371 1747 1431 1775 SIT
1462 1747 1629 1776 SUMMUS.

222 1856 323 1900 Quia
342 1865 433 1892 vero
453 1856 632 1893 omnium
653 1855 794 1892 horum
829 1856 1011 1892 ordinum
1033 1855 1192 1892 collatio
1214 1865 1302 1892 cum
1334 1855 1506 1902 quodam
1540 1859 1790 1892 sacramento

173 1903 386 1948 perficitur,
410 1907 450 1939 ut
470 1902 616 1939 dlotum
633 1906 692 1939 est
714 1902 812 1949 (cap.
834 1905 908 1948 74),
932 1905 1180 1939 sacramenta
1198 1911 1291 1939 vero
1314 1903 1498 1939 Ecclesiae
1520 1907 1613 1938 sunt
1632 1911 1701 1948 per
1721 1902 1789 1938 ali-

176 1959 277 1996 quos
298 1950 505 1986 ministros
526 1949 709 1986 Ecclesiae
731 1949 1014 1994 dispensanda,
1050 1950 1139 1985 ideo
1155 1958 1318 1986 necesse
1341 1952 1400 1985 est
1419 1949 1590 1995 aliquam
1612 1949 1791 1994 superio-

176 2005 257 2032 rem
279 2001 513 2042 potestatem
533 2005 621 2032 esse
643 1996 682 2031 in
704 1996 878 2032 Ecclesia
898 1996 1066 2041 alicujus
1099 1996 1252 2033 altioris
1283 1996 1506 2039 ministerii,
1529 2005 1614 2042 quae
1634 1995 1792 2033 Ordinis

175 2048 467 2080 sacramentum
489 2044 691 2088 dispenset
717 2055 724 2078 :
748 2047 785 2078 et.
804 2043 887 2079 brec
909 2047 968 2079 est
991 2043 1229 2088 episcopalis
1242 2046 1432 2089 potestas,
1455 2052 1555 2089 quae,
1578 2043 1651 2081 etsi
1671 2051 1793 2089 quan-

172 2094 254 2126 tum
277 2091 435 2136 quidem
459 2090 507 2126 ad
528 2090 869 2126 consecrationem
891 2090 1069 2134 corporis
1092 2090 1233 2126 Christi
1268 2100 1348 2126 non
1382 2090 1544 2126 excedat
1570 2089 1791 2126 sacerdotis

171 2141 420 2182 potestatem,
443 2137 593 2173 excedit
609 2140 741 2173 tamen
763 2146 848 2173 eam
871 2137 908 2172 in
933 2137 995 2173 his
1014 2146 1100 2183 quae
1122 2138 1316 2182 pertinent
1350 2138 1396 2173 ad
1429 2136 1566 2173 fideles
1588 2148 1596 2172 :
1628 2146 1720 2173 nam
1756 2139 1796 2172 et

174 2185 262 2229 ipsa
282 2184 539 2220 sacerdotalis
563 2188 737 2229 potestas
761 2194 808 2220 ex
842 2183 1057 2229 episcopali
1092 2184 1300 2228 derivatur,
1335 2188 1372 2220 et
1403 2183 1595 2230 quidquid
1624 2183 1791 2220 arduum

174 2232 279 2268 circa
299 2232 487 2277 populum
509 2230 661 2267 fidelem
686 2235 745 2267 est
766 2231 963 2277 agendum
1002 2231 1202 2276 episcopis
1220 2235 1455 2274 reservatur,
1474 2239 1642 2276 quorum
1660 2234 1793 2267 aucto-

173 2278 287 2314 ritate
309 2280 425 2314 etiam
449 2279 676 2315 sacerdotes
699 2282 868 2323 possunt
891 2278 996 2324 quod
1019 2278 1076 2314 eis
1097 2278 1293 2325 agendum
1318 2278 1576 2314 committitur
1597 2290 1604 2313 :
1626 2277 1729 2314 unde
1750 2280 1790 2314 et

173 2325 214 2360 in
234 2325 297 2362 his
318 2335 404 2370 quae
422 2325 649 2362 sacerdotes
669 2329 805 2372 agunt,
830 2328 993 2361 utuntur
1022 2325 1139 2361 rebus
1171 2335 1239 2370 per
1271 2326 1501 2370 episcopum
1529 2324 1790 2369 consecratis,

174 2375 217 2407 ut
238 2372 276 2407 in
299 2372 554 2410 Eucharistiae
569 2372 867 2408 consecratione
886 2375 1049 2408 utuntur
1064 2372 1305 2408 consecratis
1320 2372 1631 2417 perepiscopum
1652 2371 1789 2416 calice,

173 2418 285 2454 altari
306 2423 342 2456 et
366 2419 495 2465 pallis.
518 2419 580 2455 Sic
600 2419 721 2465 igitur
737 2419 990 2455 manifestum
1011 2423 1072 2455 est
1090 2419 1195 2465 quod
1217 2427 1374 2456 summa
1393 2423 1568 2464 potestas
1586 2418 1793 2466 regiminis

174 2464 304 2502 fidelis
325 2466 459 2511 populi
479 2465 527 2502 ad
549 2466 815 2512 episcopalem
833 2467 1003 2512 pertinet
1023 2466 1271 2513 dignitatem.

222 2513 473 2549 Manifestum
495 2517 554 2550 est
571 2517 702 2550 autem
723 2512 844 2559 quod,
865 2513 1045 2559 quamvis
1061 2513 1195 2558 populi
1212 2513 1509 2560 distinguantur
1527 2522 1597 2559 per
1613 2512 1791 2550 diversas

175 2559 367 2596 dioeceses
401 2564 438 2596 et
470 2561 663 2603 civitates,
697 2564 829 2596 tamen
863 2560 965 2597 sicut
993 2564 1055 2596 est
1084 2569 1162 2597 una
1194 2559 1392 2603 Ecclesia,
1428 2560 1483 2597 ita
1514 2564 1668 2606 oportet
1700 2567 1791 2596 esse

175 2615 296 2642 unum
332 2607 521 2652 populum
561 2607 837 2644 christianum.
874 2607 982 2644 Sicut
1019 2606 1138 2654 igitur
1170 2607 1213 2643 in
1250 2606 1446 2653 spirituali
1484 2606 1631 2652 populo
1670 2606 1791 2643 unius

177 2653 361 2690 Ecclesiae
378 2654 593 2699 requiritur
611 2662 717 2691 unus
738 2654 964 2699 episcopus,
983 2664 1049 2701 qui
1070 2654 1122 2690 sit
1140 2654 1264 2691 totius
1278 2654 1413 2700 populi
1427 2658 1557 2699 caput,
1570 2654 1625 2690 ita
1649 2652 1692 2689 in
1708 2655 1791 2689 toto

175 2700 322 2744 populo
343 2700 561 2738 christiano
577 2700 788 2747 requiritur
807 2701 912 2748 quod
934 2710 1038 2738 unus
1059 2701 1111 2738 sit
1127 2701 1250 2738 totius
1269 2700 1454 2737 Ecclesiae
1474 2703 1604 2746 caput.

221 2747 322 2790 Item,
344 2748 391 2783 ad
415 2749 605 2785 unitatem
626 2748 811 2785 Ecclesiae
833 2748 1045 2795 requiritur
1078 2747 1183 2794 quod
1203 2756 1343 2784 omnes
1370 2746 1507 2784 fideles
1539 2747 1580 2782 in
1601 2745 1676 2782 fide
1696 2754 1791 2783 con·

175 2792 347 2844 veniant.
370 2793 480 2830 Circa
496 2803 589 2831 vero
609 2803 656 2831 ea
673 2804 760 2841 quae
780 2794 871 2831 fidei
908 2798 1014 2835 sunt,
1032 2794 1227 2841 contingit
1252 2794 1495 2841 quaestiones
1526 2793 1673 2844 mov—eri
1692 2804 1700 2836 ;
1720 2801 1790 2838 per

175 2838 441 2875 diversitatem
465 2845 595 2878 autem
613 2843 897 2878 sententiarum
918 2841 1157 2878 divideretur
1185 2841 1372 2885 Ecclesia,
1394 2841 1472 2877 nisi
1495 2839 1535 2875 in
1556 2843 1704 2875 unitate
1723 2848 1792 2885 per

175 2886 297 2923 unius
314 2887 551 2923 sententiam
568 2891 881 2925 conservaretur.
904 2889 1079 2934 Exigitur
1099 2896 1206 2935 ergo,
1221 2887 1270 2924 ad
1286 2887 1474 2924 unitatem
1495 2886 1678 2923 Ecclesiae
1698 2895 1791 2923 con·

172 2933 423 2978 servandam,
445 2933 551 2979 quod
569 2934 620 2971 sit
641 2943 746 2971 unus
765 2935 832 2981 qui
851 2936 922 2971 toti
941 2934 1125 2972 Ecclesiae
1145 2933 1294 2980 praesit.
1312 2933 1559 2971 Manifestum
1575 2937 1635 2970 est
1653 2938 1786 2971 autem
