1894 3223
168 117 213 154 86
751 113 839 148 LIB.
867 113 897 156 I,
925 113 1029 150 CAP.
1055 113 1197 148 LXXXI.

168 196 438 239 exsistentem,
458 193 678 232 secundum
720 192 825 239 quod
860 192 980 229 estin
1004 193 1163 238 propria
1194 196 1336 230 natura
1367 192 1587 230 secundum
1622 193 1784 240 aliquod

167 248 338 289 tempus,
355 246 391 279 et
410 251 490 279 non
511 241 642 278 solum
660 239 879 276 secundum
896 239 1001 285 quod
1021 243 1081 277 est
1100 240 1141 276 in
1166 241 1246 277 Deo
1266 243 1532 286 cognoscente
1547 251 1555 283 ;
1570 240 1654 276 vult
1677 240 1784 277 enim

168 292 272 327 Deus
295 298 391 332 rem,
413 297 499 335 quae
536 295 616 323 non
650 289 711 323 est
730 294 849 329 nunc,
873 294 962 323 esse
986 286 1206 323 secundum
1247 286 1408 333 aliquod
1442 291 1598 333 tempus
1617 298 1625 330 ;
1647 290 1685 323 et
1702 296 1781 334 non

167 337 298 375 solum
318 336 400 372 vult
426 333 644 371 secundum
671 332 777 379 quod
798 333 882 378 ipse
902 342 989 369 eam
1010 333 1210 379 intelligit.

216 385 294 420 Nec
315 386 375 419 est
395 381 525 418 simile
546 380 593 416 de
615 379 805 416 relatione
828 379 998 417 volentis
1019 380 1067 416 ad
1088 380 1251 416 volitum
1274 382 1311 416 et
1328 380 1500 416 creantis
1528 379 1577 416 ad
1608 383 1784 417 creatum

168 433 206 467 et
227 428 408 466 facientis
429 427 478 464 ad
499 427 645 463 factum
667 429 734 463 aut
751 426 903 463 domini
925 426 972 463 ad
994 426 1211 473 subjectam
1230 429 1464 463 creaturam.
1487 428 1585 463 Nam
1604 426 1704 463 velle
1725 431 1786 464 est

168 476 271 514 actio
304 475 345 510 in
377 474 534 510 volente
567 481 761 518 manens;
799 473 903 509 unde
936 482 1018 510 non
1049 472 1246 519 contingit
1281 473 1449 520 intelligi
1490 473 1640 520 aliquid
1678 477 1787 510 extra

169 523 364 560 exsistens
385 524 488 558 actu.
512 520 586 557 Sed
619 520 747 556 facere
779 523 817 556 et
843 529 976 556 creare
1009 523 1047 556 et
1077 520 1298 566 gubernare
1330 519 1559 566 significant
1587 520 1785 557 actionem

167 569 416 606 terminatam
453 567 503 604 ad
539 567 772 603 exteriorem
808 565 1007 611 effectum,
1041 566 1127 603 sine
1159 566 1274 612 cujus
1305 567 1517 605 existentia
1554 567 1786 614 hujusmodi

168 616 270 654 actio
290 624 371 653 nou
394 617 526 662 potest
545 613 728 662 intelligi.
753 612 818 660 (De
835 615 958 658 verit„
978 623 1017 660 q.
1036 621 1149 658 xxm,
1170 616 1244 651 art.
1266 616 1282 650 1
1303 613 1353 651 ad
1373 614 1426 661 9.)

800 758 967 800 CAPUT
1001 757 1156 799 LXXX.

267 879 368 916 QUOD
392 879 490 909 DEts
514 879 566 908 DE
586 877 848 907 NECESSITATE
871 878 974 908 VULT
997 878 1100 908 SUUM
1123 878 1218 908 ESSE
1242 877 1293 907 ET
1317 877 1423 907 SUAM
1446 876 1683 908 BONITATEM.

216 991 269 1026 Ex
288 988 353 1025 his
377 990 507 1024 autem
529 996 616 1034 quae
637 995 757 1033 supra
777 986 877 1034 (cap.
897 986 957 1032 74)
979 990 1142 1024 ostensa
1162 989 1268 1031 sunt,
1289 986 1469 1032 sequitur
1488 986 1594 1033 quod
1614 988 1717 1023 Deus
1738 986 1786 1023 de

167 1036 405 1074 necessitate
424 1034 519 1072 velit
549 1043 666 1072 suum
699 1043 788 1071 esse
817 1038 855 1071 et
883 1042 997 1071 suam
1029 1033 1261 1078 bonitatem,
1289 1041 1361 1070 nec
1390 1033 1520 1079 possit
1543 1034 1785 1071 contrarium

166 1083 281 1121 velle.

216 1131 428 1167 Ostensum
449 1132 509 1165 est
528 1127 632 1164 enim
655 1136 775 1173 supra
794 1127 898 1174 quod
926 1129 1029 1164 Deus
1057 1126 1142 1164 vult
1169 1136 1287 1164 suum
1308 1136 1397 1164 esse
1427 1130 1465 1163 et
1488 1135 1601 1164 suam
1628 1126 1783 1164 bonita-

167 1181 246 1214 tem
268 1179 310 1212 ut
327 1175 543 1222 principale
564 1174 776 1221 objectum,
798 1175 903 1221 quod
925 1178 985 1211 est
1005 1174 1080 1211 sibi
1101 1174 1202 1211 ratio
1222 1174 1381 1211 volendi
1403 1173 1494 1210 alia.
1517 1176 1559 1209 ln
1580 1174 1689 1210 omni
1709 1174 1784 1219 igi-

167 1227 232 1261 tur
249 1223 370 1259 volito
390 1231 506 1263 suum
528 1230 616 1258 esse
637 1225 675 1257 et
700 1231 813 1258 suam
843 1221 1060 1258 bonitatem
1080 1221 1174 1266 vult,
1197 1221 1301 1258 sicut
1319 1221 1430 1258 visus
1454 1221 1495 1256 in
1516 1221 1625 1257 omni
1650 1220 1785 1257 colore

166 1271 273 1307 videt
292 1270 440 1306 lumen.
459 1268 711 1314 Impossibile
742 1273 801 1305 est
833 1272 962 1305 autem
995 1270 1117 1304 Deum
1138 1277 1219 1304 non
1239 1268 1339 1304 velle
1360 1267 1510 1314 aliquid
1541 1271 1656 1311 actu3
1679 1270 1786 1304 esset

168 1318 274 1354 enim
291 1317 430 1353 volens
450 1316 491 1352 in
512 1315 688 1361 potentia
707 1319 884 1358 tantum,
907 1315 1012 1361 quod
1041 1319 1101 1351 est
1121 1314 1382 1361 impossibile,
1404 1323 1525 1361 quum
1547 1323 1665 1351 suum
1684 1314 1785 1351 velle

169 1365 221 1401 sit
251 1372 368 1401 suum
388 1372 490 1400 esse.
512 1364 682 1399 Necesse
714 1362 835 1409 igitur
861 1366 922 1399 est
948 1361 1054 1409 quod
1077 1362 1171 1399 velit
1197 1371 1315 1399 suum
1346 1370 1436 1400 esse
1465 1364 1503 1399 et
1525 1370 1640 1399 suam
1670 1360 1784 1398 boni-

166 1415 301 1448 tatem.

215 1459 316 1501 Item,
340 1456 506 1503 quilibet
527 1456 681 1499 volens,
701 1455 748 1492 de
781 1455 1018 1493 necessitate
1043 1455 1126 1492 vult
1157 1464 1274 1493 suum
1309 1456 1490 1493 ultimum
1516 1454 1660 1499 finem;
1682 1455 1787 1492 sicut

168 1505 289 1541 homo
311 1504 358 1540 de
379 1503 614 1540 necessitate
635 1502 717 1539 vult
748 1512 860 1539 suam
885 1502 1182 1547 beatitudinem,
1205 1513 1277 1540 nec
1298 1507 1427 1549 potest
1446 1502 1545 1539 velle
1564 1502 1782 1539 miseriam.

167 1551 241 1589 Sed
261 1553 364 1587 Deus
378 1550 459 1586 vult
482 1560 524 1587 se
544 1559 632 1587 esse
651 1550 754 1586 sicut
775 1550 957 1586 ultimum
975 1549 1108 1593 finem,
1124 1553 1167 1586 ut
1187 1560 1232 1586 ex
1253 1550 1451 1596 praedictis
1467 1549 1567 1597 (cap.
1582 1550 1642 1596 75)
1664 1553 1783 1596 patet.

167 1597 401 1635 Necessario
423 1597 544 1643 igitur
562 1597 645 1633 vult
665 1606 707 1633 se
728 1605 830 1638 esse,
853 1606 925 1633 nec
945 1600 1076 1643 potest
1094 1597 1192 1633 velle
1214 1606 1256 1634 se
1278 1606 1356 1634 non
1378 1605 1482 1634 esse.

215 1645 397 1690 Amplius,
419 1644 461 1680 in
484 1644 707 1690 appetitivis
740 1648 777 1679 et
808 1644 849 1680 in
879 1643 1106 1690 operativis,
1129 1643 1221 1682 finis
1242 1644 1317 1681 hoc
1336 1643 1454 1681 modo
1475 1653 1518 1681 se
1545 1642 1663 1680 habet
1682 1643 1786 1680 sicut

168 1692 407 1738 principium
442 1690 794 1727 indemonstrabile
829 1691 869 1726 in
904 1691 1159 1736 speculativis
1177 1703 1185 1735 ;
1220 1691 1324 1728 sicut
1354 1691 1461 1727 enim
1496 1700 1544 1728 ex
1576 1690 1784 1736 principiis

170 1739 463 1775 concluduntur
494 1738 536 1773 in
567 1738 821 1783 speculativis
848 1738 1144 1783 conclusiones,
1165 1738 1220 1774 ita
1249 1738 1291 1774 in
1323 1738 1461 1775 activis
1493 1742 1531 1774 et
1562 1737 1785 1782 appetitivis

168 1786 270 1823 ratio
293 1785 470 1822 omnium
493 1785 737 1830 agendorum
758 1788 795 1820 et
815 1785 1125 1830 appetendorum
1155 1794 1203 1821 ex
1227 1784 1305 1821 fine
1336 1785 1519 1822 sumitur.
1542 1785 1616 1821 Sed
1635 1785 1675 1820 iu
1697 1793 1784 1830 spe—

170 1832 355 1870 culativis
387 1832 611 1868 intellectus
633 1831 679 1867 de
710 1832 945 1868 necessitate
973 1831 1141 1868 assentit
1170 1831 1309 1877 primis
1341 1831 1548 1877 principiis
1576 1831 1785 1868 indemon-

170 1879 417 1922 strabilibus,
440 1887 608 1924 quorum
630 1878 840 1914 contrariis
868 1878 978 1914 nullo
999 1878 1116 1914 modo
1145 1882 1276 1923 potest
1296 1878 1503 1915 assentire.
1524 1879 1624 1924 Ergo
1644 1878 1784 1914 volun-

169 1930 232 1963 tas
254 1925 482 1963 necessario
503 1925 669 1962 inliaeret
688 1924 756 1961 fini
776 1925 930 1969 ultimo,
950 1928 992 1961 ut
1014 1934 1092 1961 non
1113 1925 1241 1971 possit
1261 1925 1503 1962 contrarium
1522 1924 1632 1961 velle.
1650 1926 1693 1960 Et
1711 1925 1783 1969 sic,

169 1973 205 2011 si
220 1972 362 2010 divinae
374 1972 566 2009 voluntati
583 1981 663 2009 non
679 1975 739 2009 est
752 1972 855 2009 alius
870 1971 961 2008 finis
973 1981 1089 2018 quam
1104 1972 1259 2018 ipse,de
1274 1972 1512 2009 necessitate
1526 1971 1609 2008 vult
1625 1980 1665 2008 se
1679 1980 1782 2008 esse.

216 2020 360 2060 Adhuc,
395 2019 542 2063 omnia,
575 2019 616 2055 in
648 2022 838 2066 quantum
869 2023 975 2063 sunt,
997 2019 1272 2056 assimilantur
1299 2021 1394 2062 Deo,
1415 2019 1484 2066 qui
1509 2022 1570 2055 est
1600 2019 1728 2064 primo
1749 2023 1787 2060 et

170 2067 341 2103 maxime
361 2075 446 2103 ens.
470 2066 611 2103 Omnia
636 2070 779 2110 autem,
802 2066 842 2102 in
864 2070 1055 2112 quantum
1083 2070 1189 2111 sunt,
1212 2075 1285 2103 suo
1303 2066 1422 2103 modo
1444 2066 1677 2103 naturaliter
1696 2065 1786 2102 dili-

171 2117 271 2159 gunt
291 2122 407 2150 suum
430 2122 532 2150 esse.
553 2113 673 2150 Multo
694 2113 815 2160 igitur
835 2113 963 2160 magis
990 2115 1092 2150 Deus
1125 2122 1243 2151 suum
1273 2122 1362 2150 esse
1389 2112 1519 2160 diligit
1539 2112 1783 2149 naturaliter.

170 2162 318 2197 Natura
338 2164 468 2197 autem
495 2160 581 2206 ejus
608 2164 668 2197 est
698 2170 767 2206 per
793 2169 835 2197 se
856 2169 1020 2197 necesse
1041 2169 1145 2205 esse,
1168 2164 1209 2198 ut
1236 2169 1356 2206 supra
1376 2159 1477 2207 (cap.
1499 2160 1556 2207 13)
1577 2159 1786 2206 probatum

171 2210 244 2244 est.
266 2209 370 2244 Deus
391 2207 512 2254 igitur
531 2217 577 2243 ex
597 2207 833 2243 necessitate
854 2207 937 2244 vult
957 2216 1000 2244 se
1021 2216 1124 2244 esse.

216 2256 405 2295 Praeterea,
426 2254 558 2291 omnis
578 2254 766 2299 perfectio
785 2258 822 2290 et
843 2254 1021 2298 bonitas,
1042 2255 1110 2301 qui
1130 2253 1172 2290 in
1192 2253 1383 2291 creaturis
1404 2257 1477 2298 est,
1499 2254 1579 2291 Deo
1601 2253 1787 2291 convenit

171 2301 449 2342 essentialiter,
474 2305 516 2338 ut
536 2310 655 2346 supra
677 2301 775 2347 (cap.
794 2301 854 2347 28)
876 2300 1083 2346 probatum
1114 2304 1187 2337 est.
1210 2300 1380 2347 Diligere
1410 2304 1539 2337 autem
1574 2302 1698 2338 Deum
1727 2304 1788 2338 est

171 2355 328 2385 summa
362 2348 550 2394 perfectio
582 2348 789 2385 rationalis
817 2351 1018 2388 creaturae,
1041 2356 1163 2394 quum
1194 2357 1263 2393 per
1293 2348 1369 2384 hoc
1390 2348 1684 2394 quodammodo
1706 2349 1786 2385 Deo

170 2395 342 2432 uniatur.
368 2397 466 2442 Ergo
497 2395 538 2432 in
571 2397 650 2432 Deo
683 2395 948 2432 essentialiter
966 2398 1050 2439 est;
1072 2402 1167 2442 ergo
1188 2404 1236 2432 ex
1262 2395 1499 2433 necessitate
1519 2394 1650 2443 diligit
1670 2403 1727 2440 se,
1749 2398 1789 2432 et

171 2441 229 2478 sic
251 2442 332 2479 vult
351 2451 393 2480 se
414 2450 517 2480 esse.
543 2441 572 2489 (1
590 2444 706 2488 part.‚
727 2451 766 2489 q.
786 2449 868 2487 xrx,
891 2444 963 2478 art.
982 2440 1034 2487 3.)

798 2589 966 2631 CAPUT
992 2588 1167 2632 LXXXI.

448 2701 549 2735 QUOD
577 2702 676 2731 DEUS
699 2702 775 2732 NON
801 2703 852 2732 DE
877 2703 1137 2733 NECESSITATE
1162 2703 1263 2733 VULT
1291 2703 1384 2732 ALIA
1408 2702 1436 2732 A
1459 2701 1518 2732 SE.

221 2814 260 2851 Si
280 2817 410 2852 autem
432 2813 566 2850 divina
584 2815 768 2852 voluntas
790 2820 850 2853 est
871 2817 1014 2854 divinae
1034 2816 1224 2855 bonitatis
1242 2819 1280 2853 et
1300 2815 1422 2853 divini
1456 2824 1545 2854 esse
1582 2826 1628 2853 ex
1649 2825 1789 2855 neces-

174 2861 303 2908 sitate,
324 2864 461 2909 posset
480 2861 599 2900 alicui
619 2861 742 2900 videri
770 2863 876 2910 quod
906 2864 1025 2902 etiam
1044 2864 1214 2903 aliorum
1235 2872 1283 2902 ex
1309 2863 1546 2902 necessitate
1567 2868 1640 2909 est,
1662 2872 1785 2912 quum
