1894 3223
787 140 873 176 LIB.
903 141 930 183 t,
959 141 1058 175 CM).
1089 139 1151 175 ΙΙΙ.
1758 141 1777 174 3

160 225 222 263 est
257 221 306 259 ad
334 221 551 258 naturalem
588 220 782 258 rationem
814 228 1027 270 recurrere,
1062 219 1124 255 cui
1159 228 1300 256 omnes
1329 219 1523 256 assentire
1555 223 1775 265 cogentum

161 278 248 318 quae
271 272 398 305 tamen
420 268 456 304 in
482 267 598 303 rebus
619 267 764 303 (livinis
786 265 976 317 deficiens
999 270 1070 317 est.
1583 313 1588 318 ἡ

215 316 339 352 Simul
359 319 486 352 autem
510 314 711 350 veritatemi
735 313 907 358 aliquam
928 316 1213 357 investigantes
1230 313 1501 355 ostendemus
1524 323 1590 359 qui
1622 322 1776 351 errores

162 372 230 409 per
250 372 335 399 eam
357 361 629 406 excludantur,
651 365 690 398 et
712 359 913 407 quomodo
942 359 1254 398 demonstrativa
1272 360 1417 399 veritas
1436 359 1526 398 fidei
1549 360 1776 398 cliristianae

162 409 372 456 religionis
388 407 616 446 concordet.

836 519 1004 561 CAPUT
1036 520 1109 562 111.

211 637 313 672 QUOD
338 636 380 666 IN
403 636 468 666 ms
494 635 582 671 011AE
605 635 656 665 DE
682 634 757 664 DEO
788 634 1051 673 coNFiTEMUR,
1079 635 1230 664 DUPLEX
1252 635 1326 665 EST
1356 636 1565 666 VERITATIS
1590 636 1734 668 MODUS.

210 739 311 784 Quia.
326 747 418 776 vero
436 746 516 775 non
536 737 667 775 omnis
688 737 864 775 veritatis
885 737 1183 774 manifestandae
1202 737 1347 774 modus
1379 741 1439 775 est
1473 738 1592 783 idem,
1616 752 1635 773 «
1656 740 1777 778 disci·

163 786 302 834 plinati
324 789 454 824 autem
483 785 658 822 hominis
691 788 750 821 est
771 788 920 821 tantum
943 784 988 820 de
1025 793 1265 836 unoquoque
1298 784 1412 821 fidem
1430 795 1584 837 ‘capere
1612 790 1778 833 tentare,

193 837 356 871 uantum
398 836 537 869 natura
570 832 625 868 rei
656 832 842 877 permittit
876 845 909 874 »,
948 835 989 867 ut
1021 841 1044 868 a
1072 831 1314 877 Pliilosopho
1357 837 1503 877 optime
1535 833 1684 870 dictum
1719 839 1781 872 est

184 881 321 920 Ethic„
345 889 372 924 1,
393 890 428 917 c.
451 879 501 925 2),
524 883 561 915 et
581 883 621 915 ut
644 879 802 915 Boetius
819 877 1032 914 introducit
1052 877 1119 924 (De
1136 878 1304 922 Trin.,c.
1323 881 1376 923 2),
1402 888 1565 916 necesse
1591 884 1651 917 est
1669 881 1781 926 prius

166 927 376 966 ostendere
397 927 486 974 quis
504 925 646 963 modus
668 925 873 972 possibilis
894 925 946 961 sit
966 924 1012 961 ad
1034 925 1235 962 veritatem
1256 927 1502 971 propositam
1525 927 1780 965 manifestan-

168 975 277 1012 dam.

215 1024 280 1058 Est
300 1025 429 1058 autem
448 1021 488 1056 in
508 1020 584 1060 his,
608 1028 694 1065 quae
715 1019 762 1056 de
782 1020 861 1056 Deo
882 1017 1129 1063 confitemur,
1143 1019 1285 1065 duplex
1299 1020 1476 1057 veritatis
1494 1021 1651 1059 modus.
1671 1023 1781 1066 Quae-

165 1068 255 1106 dam
278 1077 447 1114 namque
467 1076 558 1103 vera
579 1070 672 1103 sunt
688 1065 735 1102 de
756 1067 848 1108 Deo,
871 1075 958 1112 quse
975 1075 1132 1102 omnem
1156 1067 1379 1103 facultatem
1403 1068 1588 1105 hnmanae
1609 1069 1779 1107 rationis

167 1114 375 1158 excedunt,
397 1117 440 1151 ut
472 1115 592 1150 Deum
614 1122 702 1150 esse
732 1113 879 1149 trinum
912 1117 948 1149 et
983 1122 1118 1149 unum.
1150 1114 1334 1158 Quaedam
1369 1124 1462 1152 vero
1496 1119 1605 1160 sunt,
1626 1116 1674 1153 ad
1693 1126 1781 1163 quae

166 1162 285 1199 etiam
307 1161 406 1198 ratio
429 1160 621 1197 naturalis
639 1160 860 1206 pertingere
878 1163 1020 1206 potest,
1045 1160 1148 1197 sicut
1168 1165 1225 1198 est
1248 1163 1370 1198 Deum
1407 1171 1510 1206 esse,
1534 1164 1658 1200 Deum
1691 1172 1781 1201 esse

167 1217 308 1252 unum,
329 1211 367 1245 et
387 1200 466 1244 alia
495 1207 743 1253 hujusmodi;
767 1216 852 1254 qnae
886 1207 1002 1259 etiam
1036 1207 1264 1254 philosophi
1298 1208 1607 1247 demonstrative
1633 1210 1682 1247 de
1699 1212 1780 1248 Deo

169 1255 448 1304 probaverunt,
470 1254 576 1291 ducti
598 1254 790 1291 naturalis
813 1254 962 1290 lumine
984 1255 1163 1292 rationis.

213 1302 325 1347 Quod
345 1306 475 1339 autem
497 1301 578 1338 sint
598 1301 731 1348 aliqua
750 1301 1062 1347 intelligibilium
1084 1301 1323 1348 divinorum,
1344 1312 1433 1350 quae
1459 1303 1644 1342 humanae
1661 1304 1781 1342 ratio·

171 1349 236 1387 nis
255 1349 414 1396 penitus
440 1348 632 1385 excedant
650 1348 869 1395 ingenium,
893 1348 1188 1386 evidentissime
1210 1354 1382 1396 apparet.

216 1397 344 1441 Quum
363 1396 467 1432 enini
487 1396 722 1442 principium
742 1395 864 1432 totius
885 1395 1074 1436 scientiae,
1098 1406 1215 1443 quam
1237 1397 1283 1434 de
1304 1398 1438 1444 aliqua
1462 1408 1504 1436 re
1536 1398 1637 1436 ratio
1656 1399 1784 1445 perei-

195 1444 237 1484 it,
261 1444 312 1481 sit
332 1443 556 1479 intellectus
575 1443 807 1480 substantiae
828 1443 970 1488 ipsius,
993 1452 1040 1480 eo
1061 1444 1180 1490 quod,
1200 1445 1419 1482 secundum
1449 1446 1669 1483 doctrinam
1692 1446 1784 1483 Phi-

168 1453 329 1537 fosophi
364 1490 488 1536 (Anat.
512 1493 628 1535 post„
644 1499 687 1534 11,
719 1493 810 1526 text.
831 1499 975 1526 comni.
1002 1490 1052 1536 2),
1077 1490 1429 1529 demonstrationis
1452 1493 1691 1539 principium
1724 1496 1786 1530 est

167 1538 263 1584 quod
284 1538 374 1583 quid
393 1540 456 1581 est,
481 1541 661 1582 opportet
680 1536 785 1582 quod
807 1537 1026 1573 secundnm
1047 1538 1208 1574 moduni
1227 1548 1305 1585 quo
1326 1539 1550 1577 substantia
1572 1541 1627 1576 rei
1643 1540 1786 1577 intelli-

197 1585 288 1628 itur,
311 1584 361 1621 sit
382 1593 516 1620 eorum
540 1583 681 1620 modus
702 1593 788 1629 quae
813 1584 860 1619 de
881 1594 921 1620 re
937 1584 1003 1620 illa
1022 1589 1332 1630 cognoscuntur.
1358 1586 1478 1631 Unde,
1499 1587 1533 1623 si
1555 1587 1783 1625 intellectus

168 1595 370 1669 {umanus
387 1630 555 1676 alicujus
577 1631 630 1667 rei
654 1630 915 1667 substantiam
947 1632 1258 1676 comprehendit,
1289 1637 1383 1678 puta
1414 1634 1556 1679 lapidis
1579 1634 1639 1670 vel
1660 1634 1784 1670 trian-

167 1679 265 1725 guli,
289 1678 441 1715 nullum
460 1677 770 1723 intelligibilium
793 1677 902 1715 illius
921 1678 975 1714 rei
998 1678 1222 1715 facultatem
1256 1679 1438 1717 liumanae
1470 1681 1640 1717 rationis
1675 1691 1785 1718 exce-

171 1725 248 1762 det.
273 1724 383 1769 Quod
413 1724 570 1770 quidem
603 1724 729 1767 nobis,
745 1724 849 1760 circa
872 1726 993 1761 Deum
1018 1734 1098 1761 non
1132 1726 1287 1763 accidit.
1307 1729 1417 1771 Nam,
1441 1727 1489 1763 ad
1519 1728 1784 1765 substantiam

167 1772 295 1818 ipsius
313 1771 558 1817 capiendam,
582 1771 805 1808 intellectus
829 1772 1028 1808 humanus
1062 1781 1141 1809 non
1164 1776 1293 1818 potest
1325 1774 1494 1810 naturali
1528 1775 1670 1811 virtute
1688 1784 1781 1821 per-

167 1820 334 1864 tingere,
353 1827 476 1865 quum
498 1818 722 1854 intellectus
743 1819 883 1863 nostri,
906 1819 1125 1856 secundum
1156 1820 1317 1857 modum
1349 1821 1556 1866 praesentis
1590 1822 1693 1866 vitae,
1713 1831 1780 1859 co-

168 1866 295 1912 gnitio
316 1875 340 1902 a
357 1873 479 1902 sensu
499 1865 674 1911 incipiat.
698 1867 742 1901 Et
760 1865 849 1902 ideo
872 1875 917 1902 ea
931 1875 1018 1912 quae
1041 1866 1081 1902 in
1103 1875 1224 1903 sensu
1242 1877 1321 1904 non
1342 1868 1489 1904 cadunt
1508 1877 1586 1905 non
1612 1873 1782 1914 possunt

168 1913 344 1950 humano
360 1912 562 1949 intellectu
581 1912 682 1958 capi,
703 1912 782 1948 nisi
809 1916 1007 1959 quatenus
1028 1923 1075 1949 ex
1092 1915 1279 1951 sensibus
1311 1924 1448 1952 eorum
1469 1915 1647 1962 cognitio
1668 1916 1782 1953 colli-

167 1960 286 2006 gitur.
307 1959 518 1996 Sensibilia
538 1963 668 1995 autem
690 1959 738 1995 ad
759 1959 834 1996 hoc
855 1959 997 1996 ducere
1018 1960 1260 1998 intellectum
1283 1965 1462 1999 nostrum
1485 1971 1566 1999 non
1596 1967 1780 2008 possunt,

173 2007 271 2044 111111
292 2006 350 2043 eis
383 2006 516 2043 divina
547 2006 770 2043 substantia
796 2006 976 2043 videatur
995 2008 1085 2052 quid
1102 2009 1162 2051 sit,
1184 2018 1303 2054 quum
1337 2009 1418 2046 sint
1449 2009 1615 2047 effectus
1648 2019 1779 2047 causae

170 2053 354 2091 virtutem
374 2062 454 2090 non
474 2057 690 2100 aequantes.
712 2054 875 2090 Ducitur
891 2057 1023 2090 tamen
1045 2064 1090 2090 ex
1109 2056 1368 2093 sensibilibus
1395 2056 1621 2094 intellectus
1642 2061 1779 2094 noster

171 2100 213 2137 in
234 2101 406 2137 divinam
431 2101 716 2147 cognitionem,
751 2104 792 2136 ut
820 2105 1038 2147 cognoscat
1061 2101 1107 2138 de
1141 2103 1220 2138 Deo
1252 2105 1340 2148 quia
1369 2106 1434 2148 est,
1465 2107 1504 2140 et
1536 2103 1615 2141 alia
1644 2104 1779 2151 hujus-

171 2147 293 2192 modi,
314 2156 401 2193 quae
421 2151 574 2192 oportet
593 2147 751 2184 attribui
773 2148 899 2193 primo
921 2149 1129 2194 principio.
1152 2151 1248 2186 sunt
1280 2150 1402 2196 igitur
1431 2151 1611 2198 quaedam
1632 2151 1779 2188 intelli-

171 2193 354 2241 gibilium
386 2194 624 2238 divinorum,
651 2204 738 2241 quae
767 2195 952 2232 humanae
985 2196 1128 2232 rationi
1158 2200 1253 2233 sunt
1283 2197 1436 2242 pervia3
1458 2197 1639 2245 quaedam
1670 2207 1778 2243 vero,

171 2249 258 2288 quae
278 2240 442 2278 omnino
458 2241 537 2278 vim
558 2241 742 2278 humanae
762 2242 930 2279 rationis
950 2242 1155 2279 excedunt.

215 2287 360 2333 Adhuc,
398 2298 448 2325 ex
481 2288 794 2335 intelligibilium
826 2289 1015 2336 gradibus
1048 2289 1152 2326 idem
1185 2293 1247 2327 est
1271 2290 1385 2328 facile
1414 2291 1560 2328 videre.
1603 2293 1779 2330 Duorum

172 2334 294 2379 enim,
314 2344 483 2382 quorum
514 2344 620 2373 unus
642 2335 722 2372 alio
750 2345 833 2372 rem
855 2336 1028 2382 aliquam
1049 2336 1251 2374 intellectu
1279 2338 1467 2376 subtilius
1499 2339 1687 2384 intuetur,
1709 2339 1778 2376 ille

173 2381 287 2428 eujus
303 2381 528 2419 intellectus
543 2385 603 2419 est
628 2383 829 2427 elevatior,
849 2384 973 2420 multa
992 2383 1178 2431 intelligit
1197 2393 1284 2430 quae
1319 2385 1421 2422 alius
1453 2385 1617 2422 omnino
1638 2395 1778 2431 capere

170 2435 251 2464 non
271 2431 420 2473 potest;
441 2428 545 2466 sicut
562 2432 668 2475 patet
683 2429 722 2466 in
745 2429 909 2474 rustico,
930 2430 997 2476 qui
1018 2430 1128 2467 nullo
1161 2431 1280 2468 modo
1309 2432 1574 2478 philosophiae
1606 2432 1775 2470 subtiles

171 2474 513 2512 considerationes
552 2485 691 2521 capere
726 2480 868 2522 potest.
909 2477 1137 2514 Intellectus
1177 2481 1307 2514 autem
1335 2479 1466 2525 angeli
1494 2479 1584 2524 plus
1622 2479 1776 2516 excedit

170 2521 415 2558 intellectum
445 2521 675 2567 humanum,
711 2533 828 2570 quam
857 2524 1082 2561 intellectus
1111 2524 1248 2569 optimi
1280 2524 1509 2571 philosophi
1530 2525 1774 2563 intellectum

169 2568 378 2606 rudissimi
397 2568 550 2613 idiotae;
565 2569 659 2616 quia
673 2569 757 2607 haec
771 2570 960 2607 distantia
974 2571 1076 2607 inter
1089 2570 1234 2617 speciei
1248 2571 1430 2609 humanae
1446 2572 1592 2609 limites
1605 2573 1781 2611 contine-

168 2618 246 2662 tur,
267 2624 369 2663 quos
389 2615 594 2663 angelicus
614 2615 839 2654 intellectus
859 2617 1024 2654 excedit.
1045 2618 1258 2663 Cognoscit
1276 2619 1436 2665 quidem
1457 2620 1624 2666 angelus
1649 2621 1773 2657 Deum

170 2671 219 2700 ex
249 2662 435 2700 nobiliori
467 2662 608 2700 effectu
650 2672 768 2709 quam
806 2664 940 2708 homo,
972 2668 1121 2710 quanto
1155 2665 1243 2710 ipsa
1274 2665 1499 2703 substantia
1527 2667 1675 2714 angeli,
1709 2676 1777 2713 per

169 2719 286 2757 quam
309 2710 350 2746 in
369 2709 437 2746 Dei
457 2710 725 2755 cognitionem
746 2709 904 2747 ducitur
934 2710 1102 2747 naturali
1122 2712 1363 2757 cognitione,
1383 2717 1442 2750 est
1475 2713 1635 2760 dignior
1653 2714 1774 2752 rebus

169 2756 430 2794 sensibilibus
450 2760 489 2793 et
506 2757 622 2794 etiam
645 2757 731 2802 ipsa
761 2758 906 2802 anima,
928 2767 998 2803 per
1025 2767 1142 2804 quam
1174 2759 1399 2797 intellectus
1422 2760 1622 2798 humanus
1642 2761 1683 2797 in
1704 2761 1773 2798 Dei

169 2811 217 2841 co
248 2803 441 2841 uitionem
462 2804 653 2841 ascendit.
675 2803 872 2850 Multoque
905 2803 1076 2850 amplius
1099 2805 1325 2843 intellectus
1350 2806 1509 2845 divinus
1535 2808 1688 2844 excedit
1707 2817 1776 2845 an-

170 2858 219 2897 ge
237 2850 357 2896 icum,
393 2860 512 2898 quam
537 2851 742 2897 angelicus
770 2851 1001 2888 humanum.
1024 2853 1110 2898 Ipse
1127 2852 1234 2889 enim
1253 2853 1479 2891 intellectus
1509 2854 1666 2892 divinus
1699 2864 1773 2892 sua

170 2897 385 2944 capacitate
402 2897 664 2936 substantiam
686 2907 800 2935 suam
820 2898 1014 2945 adaequat,
1042 2901 1083 2936 et
1108 2898 1199 2937 ideo
1234 2900 1404 2946 perfecte
1431 2901 1480 2938 de
1510 2910 1554 2939 se
1586 2901 1775 2948 intelligit
