<?xml version="1.0" encoding="UTF-8"?>
<!DOCTYPE html PUBLIC "-//W3C//DTD XHTML 1.0 Transitional//EN"
    "http://www.w3.org/TR/xhtml1/DTD/xhtml1-transitional.dtd">
<html xmlns="http://www.w3.org/1999/xhtml" xml:lang="en" lang="en">
 <head>
  <title>
</title>
<meta http-equiv="Content-Type" content="text/html;charset=utf-8" />
  <meta name='ocr-system' content='tesseract 3.04.00' />
  <meta name='ocr-capabilities' content='ocr_page ocr_carea ocr_par ocr_line ocrx_word'/>
</head>
<body>
  <div class='ocr_page' id='page_1' title='image "./deveritatecathol00thomuoft_0563.png"; bbox 0 0 1894 3223; ppageno 0'>
   <div class='ocr_carea' id='block_1_1' title="bbox 709 146 1732 189">
    <p class='ocr_par' dir='ltr' id='par_1_1' title="bbox 709 146 1732 189">
     <span class='ocr_line' id='line_1_1' title="bbox 709 146 1732 189; baseline 0 -6"><span class='ocrx_word' id='word_1_1' title='bbox 709 148 795 183; x_wconf 75' lang='lat' dir='ltr'><strong><em>Lln.</em></strong></span> <span class='ocrx_word' id='word_1_2' title='bbox 824 148 882 189; x_wconf 67' lang='lat' dir='ltr'><strong><em>tv,</em></strong></span> <span class='ocrx_word' id='word_1_3' title='bbox 911 148 1009 182; x_wconf 67' lang='grc' dir='ltr'><strong><em>ΕΜ).</em></strong></span> <span class='ocrx_word' id='word_1_4' title='bbox 1038 146 1142 181; x_wconf 78' lang='lat' dir='ltr'><strong><em>xvll.</em></strong></span> <span class='ocrx_word' id='word_1_5' title='bbox 1664 147 1732 183; x_wconf 81' lang='lat'><strong><em>523</em></strong></span> 
     </span>
    </p>
   </div>
   <div class='ocr_carea' id='block_1_2' title="bbox 111 228 1744 2952">
    <p class='ocr_par' dir='ltr' id='par_1_2' title="bbox 112 228 1733 510">
     <span class='ocr_line' id='line_1_2' title="bbox 113 228 1729 275; baseline 0 -9"><span class='ocrx_word' id='word_1_6' title='bbox 113 230 216 266; x_wconf 79' lang='lat' dir='ltr'><strong><em>nobis</em></strong></span> <span class='ocrx_word' id='word_1_7' title='bbox 235 231 253 265; x_wconf 69' lang='grc' dir='ltr'><em>Ρ</em></span> <span class='ocrx_word' id='word_1_8' title='bbox 271 231 318 266; x_wconf 78' lang='lat' dir='ltr'><strong><em>Et</em></strong></span> <span class='ocrx_word' id='word_1_9' title='bbox 351 228 459 264; x_wconf 68' lang='lat' dir='ltr'><strong><em>dixi:</em></strong></span> <span class='ocrx_word' id='word_1_10' title='bbox 483 229 570 264; x_wconf 83' lang='lat' dir='ltr'><strong><em>Ecce</em></strong></span> <span class='ocrx_word' id='word_1_11' title='bbox 600 238 674 272; x_wconf 73' lang='lat' dir='ltr'><strong><em>eqo,</em></strong></span> <span class='ocrx_word' id='word_1_12' title='bbox 695 229 793 262; x_wconf 79' lang='lat' dir='ltr'><strong><em>mitte</em></strong></span> <span class='ocrx_word' id='word_1_13' title='bbox 812 238 876 262; x_wconf 80' lang='lat' dir='ltr'><strong><em>me.</em></strong></span> <span class='ocrx_word' id='word_1_14' title='bbox 897 230 939 263; x_wconf 81' lang='lat' dir='ltr'><strong><em>Et</em></strong></span> <span class='ocrx_word' id='word_1_15' title='bbox 975 228 1070 263; x_wconf 56' lang='lat' dir='ltr'><strong><em>flixit</em></strong></span> <span class='ocrx_word' id='word_1_16' title='bbox 1091 241 1101 264; x_wconf 86' lang='lat'>:</span> <span class='ocrx_word' id='word_1_17' title='bbox 1128 229 1240 272; x_wconf 74' lang='lat' dir='ltr'><strong><em>Vade,</em></strong></span> <span class='ocrx_word' id='word_1_18' title='bbox 1273 233 1305 264; x_wconf 84' lang='lat' dir='ltr'><strong><em>et</em></strong></span> <span class='ocrx_word' id='word_1_19' title='bbox 1339 229 1432 265; x_wconf 84' lang='lat' dir='ltr'><strong><em>dices</em></strong></span> <span class='ocrx_word' id='word_1_20' title='bbox 1459 230 1590 275; x_wconf 87' lang='lat' dir='ltr'><strong><em>populo</em></strong></span> <span class='ocrx_word' id='word_1_21' title='bbox 1612 230 1696 266; x_wconf 81' lang='lat' dir='ltr'><strong><em>huic</em></strong></span> <span class='ocrx_word' id='word_1_22' title='bbox 1719 243 1729 266; x_wconf 92' lang='lat'>:</span> 
     </span>
     <span class='ocr_line' id='line_1_3' title="bbox 114 275 1732 321; baseline 0.001 -8"><span class='ocrx_word' id='word_1_23' title='bbox 114 277 250 314; x_wconf 80' lang='lat' dir='ltr'><strong><em>Audite</em></strong></span> <span class='ocrx_word' id='word_1_24' title='bbox 270 275 454 311; x_wconf 75' lang='lat' dir='ltr'><em>audientes</em></span> <span class='ocrx_word' id='word_1_25' title='bbox 473 277 506 310; x_wconf 85' lang='lat' dir='ltr'><strong><em>et</em></strong></span> <span class='ocrx_word' id='word_1_26' title='bbox 523 275 632 310; x_wconf 79' lang='lat' dir='ltr'><strong><em>nolite</em></strong></span> <span class='ocrx_word' id='word_1_27' title='bbox 650 276 858 319; x_wconf 58' lang='lat' dir='ltr'><strong><em>intelligere.</em></strong></span> <span class='ocrx_word' id='word_1_28' title='bbox 884 277 999 319; x_wconf 60' lang='lat' dir='ltr'><strong><em>(Is-ai..</em></strong></span> <span class='ocrx_word' id='word_1_29' title='bbox 1023 286 1076 318; x_wconf 79' lang='lat' dir='ltr'><strong><em>vi,</em></strong></span> <span class='ocrx_word' id='word_1_30' title='bbox 1100 278 1134 319; x_wconf 83' lang='lat'><strong><em>8,</em></strong></span> <span class='ocrx_word' id='word_1_31' title='bbox 1161 276 1209 321; x_wconf 84' lang='grc'>9.)</span> <span class='ocrx_word' id='word_1_32' title='bbox 1233 278 1320 313; x_wconf 79' lang='lat' dir='ltr'><strong><em>Haec</em></strong></span> <span class='ocrx_word' id='word_1_33' title='bbox 1341 281 1472 314; x_wconf 68' lang='lat' dir='ltr'><strong><em>autem</em></strong></span> <span class='ocrx_word' id='word_1_34' title='bbox 1494 277 1611 314; x_wconf 82' lang='lat' dir='ltr'><strong><em>verba</em></strong></span> <span class='ocrx_word' id='word_1_35' title='bbox 1630 279 1732 314; x_wconf 86' lang='lat' dir='ltr'><strong><em>Pau-</em></strong></span> 
     </span>
     <span class='ocr_line' id='line_1_4' title="bbox 115 322 1733 369; baseline -0.001 -8"><span class='ocrx_word' id='word_1_36' title='bbox 115 324 180 361; x_wconf 86' lang='lat' dir='ltr'><strong><em>lus</em></strong></span> <span class='ocrx_word' id='word_1_37' title='bbox 195 322 353 369; x_wconf 80' lang='lat' dir='ltr'><strong><em>Spiritui</em></strong></span> <span class='ocrx_word' id='word_1_38' title='bbox 370 325 509 358; x_wconf 78' lang='lat' dir='ltr'><strong><em>sancto</em></strong></span> <span class='ocrx_word' id='word_1_39' title='bbox 531 322 726 366; x_wconf 82' lang='lat' dir='ltr'><strong><em>attribuit;</em></strong></span> <span class='ocrx_word' id='word_1_40' title='bbox 749 323 850 358; x_wconf 59' lang='lat' dir='ltr'><strong><em>uncle</em></strong></span> <span class='ocrx_word' id='word_1_41' title='bbox 873 323 1012 358; x_wconf 79' lang='lat' dir='ltr'><strong><em>dicitur</em></strong></span> <span class='ocrx_word' id='word_1_42' title='bbox 1033 323 1137 368; x_wconf 78' lang='lat' dir='ltr'><strong><em>quod</em></strong></span> <span class='ocrx_word' id='word_1_43' title='bbox 1158 324 1303 360; x_wconf 75' lang='lat' dir='ltr'><strong><em>Paulus</em></strong></span> <span class='ocrx_word' id='word_1_44' title='bbox 1336 323 1427 360; x_wconf 84' lang='lat' dir='ltr'><strong><em>dixit</em></strong></span> <span class='ocrx_word' id='word_1_45' title='bbox 1448 324 1618 361; x_wconf 83' lang='lat' dir='ltr'><strong><em>Judaeis:</em></strong></span> <span class='ocrx_word' id='word_1_46' title='bbox 1640 325 1733 361; x_wconf 88' lang='lat' dir='ltr'><strong><em>Bene</em></strong></span> 
     </span>
     <span class='ocr_line' id='line_1_5' title="bbox 112 369 1732 416; baseline -0.001 -8"><span class='ocrx_word' id='word_1_47' title='bbox 112 370 273 416; x_wconf 77' lang='lat' dir='ltr'><strong><em>Spiritus</em></strong></span> <span class='ocrx_word' id='word_1_48' title='bbox 291 373 436 404; x_wconf 77' lang='lat' dir='ltr'><strong><em>sanctus</em></strong></span> <span class='ocrx_word' id='word_1_49' title='bbox 468 369 604 405; x_wconf 84' lang='lat' dir='ltr'><strong><em>locutus</em></strong></span> <span class='ocrx_word' id='word_1_50' title='bbox 623 372 675 405; x_wconf 83' lang='lat' dir='ltr'><strong><em>est</em></strong></span> <span class='ocrx_word' id='word_1_51' title='bbox 700 380 764 414; x_wconf 80' lang='lat' dir='ltr'><strong><em>per</em></strong></span> <span class='ocrx_word' id='word_1_52' title='bbox 793 371 925 405; x_wconf 69' lang='lat' dir='ltr'><strong><em>isaiam</em></strong></span> <span class='ocrx_word' id='word_1_53' title='bbox 954 371 1164 415; x_wconf 42' lang='lat' dir='ltr'><strong><em>pippltetam</em></strong></span> <span class='ocrx_word' id='word_1_54' title='bbox 1190 370 1238 405; x_wconf 84' lang='lat' dir='ltr'><strong><em>ad</em></strong></span> <span class='ocrx_word' id='word_1_55' title='bbox 1270 373 1390 415; x_wconf 82' lang='lat' dir='ltr'><strong><em>patres</em></strong></span> <span class='ocrx_word' id='word_1_56' title='bbox 1411 374 1546 407; x_wconf 81' lang='lat' dir='ltr'><strong><em>nostros</em></strong></span> <span class='ocrx_word' id='word_1_57' title='bbox 1579 372 1732 408; x_wconf 85' lang='lat' dir='ltr'><strong><em>dicens:</em></strong></span> 
     </span>
     <span class='ocr_line' id='line_1_6' title="bbox 118 415 1732 465; baseline 0.001 -13"><span class='ocrx_word' id='word_1_58' title='bbox 118 417 218 454; x_wconf 83' lang='lat' dir='ltr'><strong><em>Vade</em></strong></span> <span class='ocrx_word' id='word_1_59' title='bbox 234 415 282 451; x_wconf 83' lang='lat' dir='ltr'><strong><em>ad</em></strong></span> <span class='ocrx_word' id='word_1_60' title='bbox 298 417 471 461; x_wconf 82' lang='lat' dir='ltr'><strong><em>populum</em></strong></span> <span class='ocrx_word' id='word_1_61' title='bbox 490 418 610 455; x_wconf 85' lang='lat' dir='ltr'><strong><em>istum,</em></strong></span> <span class='ocrx_word' id='word_1_62' title='bbox 641 419 672 451; x_wconf 88' lang='lat' dir='ltr'><strong><em>et</em></strong></span> <span class='ocrx_word' id='word_1_63' title='bbox 693 417 751 451; x_wconf 85' lang='lat' dir='ltr'><strong><em>dic</em></strong></span> <span class='ocrx_word' id='word_1_64' title='bbox 771 417 818 451; x_wconf 78' lang='lat' dir='ltr'><strong><em>ad</em></strong></span> <span class='ocrx_word' id='word_1_65' title='bbox 839 427 892 452; x_wconf 73' lang='lat' dir='ltr'><strong><em>cos</em></strong></span> <span class='ocrx_word' id='word_1_66' title='bbox 914 429 924 451; x_wconf 92' lang='grc'><strong><em>.·</em></strong></span> <span class='ocrx_word' id='word_1_67' title='bbox 943 419 1041 452; x_wconf 74' lang='lat' dir='ltr'><strong><em>Aure</em></strong></span> <span class='ocrx_word' id='word_1_68' title='bbox 1061 417 1228 460; x_wconf 73' lang='lat' dir='ltr'><strong><em>«indietis,</em></strong></span> <span class='ocrx_word' id='word_1_69' title='bbox 1250 421 1282 452; x_wconf 73' lang='lat' dir='ltr'><strong><em>ct</em></strong></span> <span class='ocrx_word' id='word_1_70' title='bbox 1297 428 1366 452; x_wconf 86' lang='lat' dir='ltr'><strong><em>non</em></strong></span> <span class='ocrx_word' id='word_1_71' title='bbox 1392 419 1610 462; x_wconf 63' lang='lat' dir='ltr'><strong><em>inlelliyetis.</em></strong></span> <span class='ocrx_word' id='word_1_72' title='bbox 1635 418 1732 465; x_wconf 71' lang='lat' dir='ltr'><strong><em>(Act.</em></strong></span> 
     </span>
     <span class='ocr_line' id='line_1_7' title="bbox 113 463 1732 510; baseline 0.002 -11"><span class='ocrx_word' id='word_1_73' title='bbox 113 466 246 510; x_wconf 86' lang='lat' dir='ltr'><strong><em>apost.,</em></strong></span> <span class='ocrx_word' id='word_1_74' title='bbox 266 472 405 506; x_wconf 81' lang='lat' dir='ltr'><strong><em>xxvul,</em></strong></span> <span class='ocrx_word' id='word_1_75' title='bbox 424 466 483 506; x_wconf 84' lang='lat'><strong><em>25,</em></strong></span> <span class='ocrx_word' id='word_1_76' title='bbox 504 463 580 509; x_wconf 77' lang='lat'>26.)</span> <span class='ocrx_word' id='word_1_77' title='bbox 607 463 854 500; x_wconf 72' lang='lat' dir='ltr'>Manifestum</span> <span class='ocrx_word' id='word_1_78' title='bbox 888 467 947 499; x_wconf 83' lang='lat' dir='ltr'><strong><em>cst</em></strong></span> <span class='ocrx_word' id='word_1_79' title='bbox 967 472 1060 509; x_wconf 77' lang='lat' dir='ltr'><strong><em>ergo</em></strong></span> <span class='ocrx_word' id='word_1_80' title='bbox 1079 464 1264 508; x_wconf 87' lang='lat' dir='ltr'><strong><em>Spiritum</em></strong></span> <span class='ocrx_word' id='word_1_81' title='bbox 1283 467 1461 500; x_wconf 69' lang='lat' dir='ltr'><strong><em>sanctuni</em></strong></span> <span class='ocrx_word' id='word_1_82' title='bbox 1485 465 1605 501; x_wconf 70' lang='lat' dir='ltr'><strong><em>Deum</em></strong></span> <span class='ocrx_word' id='word_1_83' title='bbox 1628 474 1732 503; x_wconf 79' lang='lat' dir='ltr'><strong><em>esse.</em></strong></span> 
     </span>
    </p>

    <p class='ocr_par' dir='ltr' id='par_1_3' title="bbox 111 510 1736 1111">
     <span class='ocr_line' id='line_1_8' title="bbox 160 510 1735 558; baseline 0.001 -11"><span class='ocrx_word' id='word_1_84' title='bbox 160 510 305 553; x_wconf 81' lang='lat' dir='ltr'><strong><em>Adhuc,</em></strong></span> <span class='ocrx_word' id='word_1_85' title='bbox 328 520 373 545; x_wconf 81' lang='lat' dir='ltr'><strong><em>ex</em></strong></span> <span class='ocrx_word' id='word_1_86' title='bbox 397 510 522 546; x_wconf 80' lang='lat' dir='ltr'><strong><em>sacris</em></strong></span> <span class='ocrx_word' id='word_1_87' title='bbox 543 510 754 556; x_wconf 80' lang='lat' dir='ltr'><strong><em>Scripturis</em></strong></span> <span class='ocrx_word' id='word_1_88' title='bbox 773 514 929 556; x_wconf 69' lang='lat' dir='ltr'><strong><em>apparet</em></strong></span> <span class='ocrx_word' id='word_1_89' title='bbox 951 511 1070 546; x_wconf 83' lang='lat' dir='ltr'><strong><em>Deuin</em></strong></span> <span class='ocrx_word' id='word_1_90' title='bbox 1088 519 1176 546; x_wconf 81' lang='lat' dir='ltr'><strong><em>esso</em></strong></span> <span class='ocrx_word' id='word_1_91' title='bbox 1201 511 1267 556; x_wconf 83' lang='lat' dir='ltr'><strong><em>qui</em></strong></span> <span class='ocrx_word' id='word_1_92' title='bbox 1296 511 1451 546; x_wconf 71' lang='lat' dir='ltr'><strong><em>locutus</em></strong></span> <span class='ocrx_word' id='word_1_93' title='bbox 1481 518 1621 558; x_wconf 73' lang='lat' dir='ltr'><strong><em>estpcr</em></strong></span> <span class='ocrx_word' id='word_1_94' title='bbox 1648 521 1735 558; x_wconf 88' lang='lat' dir='ltr'><strong><em>pro-</em></strong></span> 
     </span>
     <span class='ocr_line' id='line_1_9' title="bbox 114 556 1734 605; baseline 0 -10"><span class='ocrx_word' id='word_1_95' title='bbox 114 557 254 605; x_wconf 82' lang='lat' dir='ltr'><strong><em>phetas</em></strong></span> <span class='ocrx_word' id='word_1_96' title='bbox 271 568 280 602; x_wconf 87' lang='lat'>;</span> <span class='ocrx_word' id='word_1_97' title='bbox 297 556 439 593; x_wconf 70' lang='lat' dir='ltr'><strong><em>dicitur</em></strong></span> <span class='ocrx_word' id='word_1_98' title='bbox 460 558 564 594; x_wconf 77' lang='lat' dir='ltr'><strong><em>enim</em></strong></span> <span class='ocrx_word' id='word_1_99' title='bbox 583 567 629 594; x_wconf 79' lang='lat' dir='ltr'><strong><em>ex</em></strong></span> <span class='ocrx_word' id='word_1_100' title='bbox 642 566 709 594; x_wconf 79' lang='lat' dir='ltr'><strong><em>ore</em></strong></span> <span class='ocrx_word' id='word_1_101' title='bbox 729 557 794 593; x_wconf 83' lang='lat' dir='ltr'><strong><em>Dei</em></strong></span> <span class='ocrx_word' id='word_1_102' title='bbox 815 569 822 592; x_wconf 90' lang='lat'>:</span> <span class='ocrx_word' id='word_1_103' title='bbox 840 557 880 593; x_wconf 89' lang='lat' dir='ltr'><strong><em>Si</em></strong></span> <span class='ocrx_word' id='word_1_104' title='bbox 900 558 978 602; x_wconf 66' lang='lat' dir='ltr'><strong><em>quis</em></strong></span> <span class='ocrx_word' id='word_1_105' title='bbox 992 558 1104 600; x_wconf 76' lang='lat' dir='ltr'><strong><em>faerit</em></strong></span> <span class='ocrx_word' id='word_1_106' title='bbox 1125 558 1218 592; x_wconf 82' lang='lat' dir='ltr'><strong><em>inter</em></strong></span> <span class='ocrx_word' id='word_1_107' title='bbox 1244 568 1302 592; x_wconf 76' lang='lat' dir='ltr'><strong><em>vos</em></strong></span> <span class='ocrx_word' id='word_1_108' title='bbox 1317 559 1491 602; x_wconf 46' lang='lat' dir='ltr'><strong><em>,vm-opleta</em></strong></span> <span class='ocrx_word' id='word_1_109' title='bbox 1513 561 1670 599; x_wconf 68' lang='lat' dir='ltr'><strong><em>Domini,</em></strong></span> <span class='ocrx_word' id='word_1_110' title='bbox 1695 561 1734 595; x_wconf 85' lang='lat' dir='ltr'><strong><em>in</em></strong></span> 
     </span>
     <span class='ocr_line' id='line_1_10' title="bbox 112 604 1734 651; baseline 0.001 -10"><span class='ocrx_word' id='word_1_111' title='bbox 112 606 249 641; x_wconf 78' lang='lat' dir='ltr'><strong><em>visione</em></strong></span> <span class='ocrx_word' id='word_1_112' title='bbox 266 604 445 649; x_wconf 79' lang='lat' dir='ltr'><em>apparebo</em></span> <span class='ocrx_word' id='word_1_113' title='bbox 473 606 517 643; x_wconf 87' lang='lat' dir='ltr'><strong><em>ei,</em></strong></span> <span class='ocrx_word' id='word_1_114' title='bbox 547 605 601 639; x_wconf 73' lang='lat' dir='ltr'><strong><em>rel</em></strong></span> <span class='ocrx_word' id='word_1_115' title='bbox 629 615 695 649; x_wconf 83' lang='lat' dir='ltr'><strong><em>per</em></strong></span> <span class='ocrx_word' id='word_1_116' title='bbox 714 605 901 643; x_wconf 84' lang='lat' dir='ltr'><strong><em>somnium,</em></strong></span> <span class='ocrx_word' id='word_1_117' title='bbox 931 604 967 639; x_wconf 74' lang='lat' dir='ltr'><strong><em>iil</em></strong></span> <span class='ocrx_word' id='word_1_118' title='bbox 989 607 1048 639; x_wconf 85' lang='lat' dir='ltr'><strong><em>est</em></strong></span> <span class='ocrx_word' id='word_1_119' title='bbox 1078 613 1145 648; x_wconf 85' lang='lat' dir='ltr'><strong><em>per</em></strong></span> <span class='ocrx_word' id='word_1_120' title='bbox 1172 604 1355 649; x_wconf 80' lang='lat' dir='ltr'><strong><em>Spiritum</em></strong></span> <span class='ocrx_word' id='word_1_121' title='bbox 1385 615 1511 641; x_wconf 77' lang='lat' dir='ltr'><strong><em>menni</em></strong></span> <span class='ocrx_word' id='word_1_122' title='bbox 1537 607 1664 651; x_wconf 69' lang='lat' dir='ltr'><strong><em>lolnar</em></strong></span> <span class='ocrx_word' id='word_1_123' title='bbox 1685 606 1734 642; x_wconf 82' lang='lat' dir='ltr'><strong><em>ad</em></strong></span> 
     </span>
     <span class='ocr_line' id='line_1_11' title="bbox 113 651 1731 698; baseline 0.001 -11"><span class='ocrx_word' id='word_1_124' title='bbox 113 651 216 688; x_wconf 81' lang='lat' dir='ltr'><strong><em>illum</em></strong></span> <span class='ocrx_word' id='word_1_125' title='bbox 236 651 374 698; x_wconf 61' lang='lat' dir='ltr'><strong><em>(Num,</em></strong></span> <span class='ocrx_word' id='word_1_126' title='bbox 392 659 463 695; x_wconf 81' lang='lat' dir='ltr'><strong><em>xil,</em></strong></span> <span class='ocrx_word' id='word_1_127' title='bbox 485 651 519 694; x_wconf 81' lang='grc'>6)</span> <span class='ocrx_word' id='word_1_128' title='bbox 537 663 545 694; x_wconf 84' lang='grc'>;</span> <span class='ocrx_word' id='word_1_129' title='bbox 568 655 604 687; x_wconf 85' lang='lat' dir='ltr'><strong><em>et</em></strong></span> <span class='ocrx_word' id='word_1_130' title='bbox 624 651 764 688; x_wconf 84' lang='lat' dir='ltr'><strong><em>dicitur</em></strong></span> <span class='ocrx_word' id='word_1_131' title='bbox 787 663 794 687; x_wconf 93' lang='lat'>:</span> <span class='ocrx_word' id='word_1_132' title='bbox 817 651 977 686; x_wconf 83' lang='lat' dir='ltr'><strong><em>Audiam</em></strong></span> <span class='ocrx_word' id='word_1_133' title='bbox 998 651 1087 695; x_wconf 85' lang='lat' dir='ltr'><strong><em>quid</em></strong></span> <span class='ocrx_word' id='word_1_134' title='bbox 1106 651 1274 695; x_wconf 81' lang='lat' dir='ltr'><strong><em>loquatur</em></strong></span> <span class='ocrx_word' id='word_1_135' title='bbox 1290 653 1328 686; x_wconf 84' lang='lat' dir='ltr'><strong><em>in</em></strong></span> <span class='ocrx_word' id='word_1_136' title='bbox 1349 662 1402 686; x_wconf 86' lang='lat' dir='ltr'><strong><em>me</em></strong></span> <span class='ocrx_word' id='word_1_137' title='bbox 1422 654 1593 688; x_wconf 58' lang='lat' dir='ltr'><strong><em>Dominus</em></strong></span> <span class='ocrx_word' id='word_1_138' title='bbox 1621 656 1731 689; x_wconf 87' lang='lat' dir='ltr'><strong><em>Deus.</em></strong></span> 
     </span>
     <span class='ocr_line' id='line_1_12' title="bbox 117 698 1732 745; baseline 0.001 -10"><span class='ocrx_word' id='word_1_139' title='bbox 117 699 265 745; x_wconf 82' lang='lat' dir='ltr'><strong><em>(Psalm.</em></strong></span> <span class='ocrx_word' id='word_1_140' title='bbox 287 706 447 741; x_wconf 76' lang='lat' dir='ltr'><strong><em>Lxxxiv,</em></strong></span> <span class='ocrx_word' id='word_1_141' title='bbox 468 698 518 744; x_wconf 84' lang='grc'>9.)</span> <span class='ocrx_word' id='word_1_142' title='bbox 534 698 733 734; x_wconf 81' lang='lat' dir='ltr'><strong><em>Manil&#39;esto</em></strong></span> <span class='ocrx_word' id='word_1_143' title='bbox 756 702 885 734; x_wconf 75' lang='lat' dir='ltr'><strong><em>autem</em></strong></span> <span class='ocrx_word' id='word_1_144' title='bbox 906 698 1129 734; x_wconf 72' lang='lat' dir='ltr'>ostenditur</span> <span class='ocrx_word' id='word_1_145' title='bbox 1143 698 1327 743; x_wconf 85' lang='lat' dir='ltr'><strong><em>Spiritum</em></strong></span> <span class='ocrx_word' id='word_1_146' title='bbox 1351 703 1529 735; x_wconf 81' lang='lat' dir='ltr'><strong><em>sanetum</em></strong></span> <span class='ocrx_word' id='word_1_147' title='bbox 1555 700 1732 737; x_wconf 83' lang='lat' dir='ltr'><strong><em>locutum</em></strong></span> 
     </span>
     <span class='ocr_line' id='line_1_13' title="bbox 117 744 1734 791; baseline -0.001 -8"><span class='ocrx_word' id='word_1_148' title='bbox 117 754 207 783; x_wconf 82' lang='lat' dir='ltr'><strong><em>esse</em></strong></span> <span class='ocrx_word' id='word_1_149' title='bbox 227 745 266 781; x_wconf 90' lang='lat' dir='ltr'><strong><em>in</em></strong></span> <span class='ocrx_word' id='word_1_150' title='bbox 289 744 486 791; x_wconf 85' lang='lat' dir='ltr'><strong><em>prophetis</em></strong></span> <span class='ocrx_word' id='word_1_151' title='bbox 504 757 512 789; x_wconf 92' lang='lat'>;</span> <span class='ocrx_word' id='word_1_152' title='bbox 534 745 673 782; x_wconf 78' lang='lat' dir='ltr'><strong><em>(licitur</em></strong></span> <span class='ocrx_word' id='word_1_153' title='bbox 707 745 833 781; x_wconf 77' lang='lat' dir='ltr'><strong><em>enirn:</em></strong></span> <span class='ocrx_word' id='word_1_154' title='bbox 855 746 997 790; x_wconf 62' lang='lat' dir='ltr'><strong><em>Oportet</em></strong></span> <span class='ocrx_word' id='word_1_155' title='bbox 1023 746 1166 790; x_wconf 77' lang='lat' dir='ltr'><strong><em>impleri</em></strong></span> <span class='ocrx_word' id='word_1_156' title='bbox 1187 746 1405 790; x_wconf 72' lang='lat' dir='ltr'><em>scripturam</em></span> <span class='ocrx_word' id='word_1_157' title='bbox 1426 756 1533 790; x_wconf 78' lang='lat' dir='ltr'><strong><em>quam</em></strong></span> <span class='ocrx_word' id='word_1_158' title='bbox 1560 747 1734 791; x_wconf 71' lang='lat' dir='ltr'><strong><em>proedioeit</em></strong></span> 
     </span>
     <span class='ocr_line' id='line_1_14' title="bbox 114 791 1735 839; baseline 0 -9"><span class='ocrx_word' id='word_1_159' title='bbox 114 793 274 839; x_wconf 78' lang='lat' dir='ltr'><strong><em>Spiritus</em></strong></span> <span class='ocrx_word' id='word_1_160' title='bbox 308 795 451 827; x_wconf 85' lang='lat' dir='ltr'><strong><em>sanctus</em></strong></span> <span class='ocrx_word' id='word_1_161' title='bbox 477 803 541 837; x_wconf 86' lang='lat' dir='ltr'><strong><em>per</em></strong></span> <span class='ocrx_word' id='word_1_162' title='bbox 573 802 610 828; x_wconf 89' lang='lat' dir='ltr'><strong><em>os</em></strong></span> <span class='ocrx_word' id='word_1_163' title='bbox 640 793 760 828; x_wconf 57' lang='lat' dir='ltr'><strong><em>nasta</em></strong></span> <span class='ocrx_word' id='word_1_164' title='bbox 790 792 885 838; x_wconf 82' lang='lat' dir='ltr'><strong><em>(Aet.</em></strong></span> <span class='ocrx_word' id='word_1_165' title='bbox 909 794 1038 836; x_wconf 63' lang='lat' dir='ltr'><strong><em>apost„</em></strong></span> <span class='ocrx_word' id='word_1_166' title='bbox 1061 801 1086 835; x_wconf 89' lang='lat'><strong><em>1,</em></strong></span> <span class='ocrx_word' id='word_1_167' title='bbox 1111 791 1190 838; x_wconf 87' lang='lat'>16);</span> <span class='ocrx_word' id='word_1_168' title='bbox 1213 794 1250 828; x_wconf 83' lang='lat' dir='ltr'><strong><em>et</em></strong></span> <span class='ocrx_word' id='word_1_169' title='bbox 1275 792 1465 829; x_wconf 85' lang='lat' dir='ltr'>Dominus</span> <span class='ocrx_word' id='word_1_170' title='bbox 1497 793 1588 830; x_wconf 85' lang='lat' dir='ltr'><strong><em>dicit</em></strong></span> <span class='ocrx_word' id='word_1_171' title='bbox 1617 805 1624 830; x_wconf 78' lang='lat' dir='ltr'><strong><em>z</em></strong></span> <span class='ocrx_word' id='word_1_172' title='bbox 1646 794 1735 837; x_wconf 83' lang='lat' dir='ltr'><strong><em>Quo-</em></strong></span> 
     </span>
     <span class='ocr_line' id='line_1_15' title="bbox 115 839 1735 884; baseline 0.001 -9"><span class='ocrx_word' id='word_1_173' title='bbox 115 839 218 875; x_wconf 83' lang='lat' dir='ltr'><strong><em>modo</em></strong></span> <span class='ocrx_word' id='word_1_174' title='bbox 262 839 387 874; x_wconf 80' lang='lat' dir='ltr'><strong><em>dicunt</em></strong></span> <span class='ocrx_word' id='word_1_175' title='bbox 432 839 556 875; x_wconf 74' lang='lat' dir='ltr'><strong><em>scribae</em></strong></span> <span class='ocrx_word' id='word_1_176' title='bbox 597 839 779 876; x_wconf 74' lang='lat' dir='ltr'><strong><em>Christum</em></strong></span> <span class='ocrx_word' id='word_1_177' title='bbox 827 840 942 884; x_wconf 75' lang='lat' dir='ltr'><strong><em>sitium</em></strong></span> <span class='ocrx_word' id='word_1_178' title='bbox 984 839 1102 874; x_wconf 77' lang='lat' dir='ltr'><strong><em>Dauid</em></strong></span> <span class='ocrx_word' id='word_1_179' title='bbox 1137 849 1209 874; x_wconf 84' lang='lat' dir='ltr'><strong><em>esse</em></strong></span> <span class='ocrx_word' id='word_1_180' title='bbox 1223 840 1241 874; x_wconf 78' lang='lat' dir='ltr'><em>P</em></span> <span class='ocrx_word' id='word_1_181' title='bbox 1278 840 1354 884; x_wconf 85' lang='lat' dir='ltr'><strong><em>ipse</em></strong></span> <span class='ocrx_word' id='word_1_182' title='bbox 1389 841 1480 875; x_wconf 81' lang='lat' dir='ltr'><strong><em>enim</em></strong></span> <span class='ocrx_word' id='word_1_183' title='bbox 1519 840 1658 876; x_wconf 79' lang='lat' dir='ltr'><strong><em>dicebat</em></strong></span> <span class='ocrx_word' id='word_1_184' title='bbox 1695 843 1735 876; x_wconf 83' lang='lat' dir='ltr'><strong><em>in</em></strong></span> 
     </span>
     <span class='ocr_line' id='line_1_16' title="bbox 115 885 1733 933; baseline 0 -11"><span class='ocrx_word' id='word_1_185' title='bbox 115 887 258 932; x_wconf 76' lang='lat' dir='ltr'><strong><em>Spiritu</em></strong></span> <span class='ocrx_word' id='word_1_186' title='bbox 285 888 407 922; x_wconf 83' lang='lat' dir='ltr'><strong><em>sancto</em></strong></span> <span class='ocrx_word' id='word_1_187' title='bbox 436 898 446 921; x_wconf 91' lang='grc'><strong><em>.·</em></strong></span> <span class='ocrx_word' id='word_1_188' title='bbox 477 887 579 922; x_wconf 65' lang='lat' dir='ltr'><strong><em>Discit</em></strong></span> <span class='ocrx_word' id='word_1_189' title='bbox 613 888 782 922; x_wconf 79' lang='lat' dir='ltr'><strong><em>Dominus</em></strong></span> <span class='ocrx_word' id='word_1_190' title='bbox 817 888 964 921; x_wconf 86' lang='lat' dir='ltr'><strong><em>Domino</em></strong></span> <span class='ocrx_word' id='word_1_191' title='bbox 992 896 1066 921; x_wconf 85' lang='lat' dir='ltr'><strong><em>meo</em></strong></span> <span class='ocrx_word' id='word_1_192' title='bbox 1086 898 1096 920; x_wconf 92' lang='lat'>:</span> <span class='ocrx_word' id='word_1_193' title='bbox 1118 885 1206 922; x_wconf 83' lang='lat' dir='ltr'><strong><em>Sede</em></strong></span> <span class='ocrx_word' id='word_1_194' title='bbox 1234 897 1257 921; x_wconf 88' lang='lat' dir='ltr'><strong><em>a</em></strong></span> <span class='ocrx_word' id='word_1_195' title='bbox 1288 886 1425 922; x_wconf 71' lang='lat' dir='ltr'><strong><em>dextris</em></strong></span> <span class='ocrx_word' id='word_1_196' title='bbox 1460 889 1545 922; x_wconf 80' lang='lat' dir='ltr'><strong><em>nzeis</em></strong></span> <span class='ocrx_word' id='word_1_197' title='bbox 1573 888 1733 933; x_wconf 64' lang='lat' dir='ltr'><strong><em>(iilam,</em></strong></span> 
     </span>
     <span class='ocr_line' id='line_1_17' title="bbox 115 932 1736 979; baseline 0 -9"><span class='ocrx_word' id='word_1_198' title='bbox 115 941 214 977; x_wconf 75' lang='lat' dir='ltr'><strong><em>xxii,</em></strong></span> <span class='ocrx_word' id='word_1_199' title='bbox 234 935 293 976; x_wconf 73' lang='lat'><strong><em>43,</em></strong></span> <span class='ocrx_word' id='word_1_200' title='bbox 314 932 395 979; x_wconf 59' lang='lat' dir='ltr'><strong><em>4‹t);</em></strong></span> <span class='ocrx_word' id='word_1_201' title='bbox 435 936 473 969; x_wconf 86' lang='lat' dir='ltr'><strong><em>ct</em></strong></span> <span class='ocrx_word' id='word_1_202' title='bbox 493 933 655 971; x_wconf 85' lang='lat' dir='ltr'><strong><em>dicitur:</em></strong></span> <span class='ocrx_word' id='word_1_203' title='bbox 675 935 752 969; x_wconf 88' lang='lat' dir='ltr'><strong><em>Non</em></strong></span> <span class='ocrx_word' id='word_1_204' title='bbox 781 934 875 968; x_wconf 86' lang='lat' dir='ltr'><strong><em>enim</em></strong></span> <span class='ocrx_word' id='word_1_205' title='bbox 908 933 1088 968; x_wconf 67' lang='lat' dir='ltr'><strong><em>voluntate</em></strong></span> <span class='ocrx_word' id='word_1_206' title='bbox 1122 933 1280 968; x_wconf 78' lang='lat' dir='ltr'><strong><em>humana</em></strong></span> <span class='ocrx_word' id='word_1_207' title='bbox 1312 934 1423 968; x_wconf 87' lang='lat' dir='ltr'><strong><em>allata</em></strong></span> <span class='ocrx_word' id='word_1_208' title='bbox 1449 937 1500 969; x_wconf 83' lang='lat' dir='ltr'><strong><em>est</em></strong></span> <span class='ocrx_word' id='word_1_209' title='bbox 1536 935 1736 979; x_wconf 79' lang='lat' dir='ltr'><strong><em>aliquando</em></strong></span> 
     </span>
     <span class='ocr_line' id='line_1_18' title="bbox 111 979 1733 1026; baseline -0.001 -10"><span class='ocrx_word' id='word_1_210' title='bbox 111 980 328 1026; x_wconf 80' lang='lat' dir='ltr'><strong><em>prophetia;</em></strong></span> <span class='ocrx_word' id='word_1_211' title='bbox 348 979 410 1016; x_wconf 79' lang='lat' dir='ltr'><strong><em>sed</em></strong></span> <span class='ocrx_word' id='word_1_212' title='bbox 427 980 570 1025; x_wconf 81' lang='lat' dir='ltr'><strong><em>Spiritu</em></strong></span> <span class='ocrx_word' id='word_1_213' title='bbox 590 983 711 1016; x_wconf 84' lang='lat' dir='ltr'><strong><em>saneto</em></strong></span> <span class='ocrx_word' id='word_1_214' title='bbox 732 981 914 1025; x_wconf 85' lang='lat' dir='ltr'><strong><em>inspirati,</em></strong></span> <span class='ocrx_word' id='word_1_215' title='bbox 931 980 1039 1015; x_wconf 84' lang='lat' dir='ltr'><strong><em>locuti</em></strong></span> <span class='ocrx_word' id='word_1_216' title='bbox 1056 982 1139 1015; x_wconf 83' lang='lat' dir='ltr'><strong><em>sunt</em></strong></span> <span class='ocrx_word' id='word_1_217' title='bbox 1157 981 1276 1016; x_wconf 82' lang='lat' dir='ltr'><strong><em>sancti</em></strong></span> <span class='ocrx_word' id='word_1_218' title='bbox 1289 982 1353 1016; x_wconf 84' lang='lat' dir='ltr'><strong><em>Dei</em></strong></span> <span class='ocrx_word' id='word_1_219' title='bbox 1365 981 1534 1017; x_wconf 77' lang='lat' dir='ltr'><strong><em>homines.</em></strong></span> <span class='ocrx_word' id='word_1_220' title='bbox 1559 982 1609 1026; x_wconf 90' lang='lat' dir='ltr'><strong><em>(II</em></strong></span> <span class='ocrx_word' id='word_1_221' title='bbox 1620 983 1733 1022; x_wconf 69' lang='lat' dir='ltr'><strong><em>Petr„</em></strong></span> 
     </span>
     <span class='ocr_line' id='line_1_19' title="bbox 116 1026 1734 1073; baseline 0.001 -9"><span class='ocrx_word' id='word_1_222' title='bbox 116 1036 143 1071; x_wconf 87' lang='lat'><strong><em>1,</em></strong></span> <span class='ocrx_word' id='word_1_223' title='bbox 165 1027 239 1073; x_wconf 83' lang='lat'>21.)</span> <span class='ocrx_word' id='word_1_224' title='bbox 272 1026 474 1063; x_wconf 72' lang='lat' dir='ltr'><strong><em>manifeste</em></strong></span> <span class='ocrx_word' id='word_1_225' title='bbox 509 1036 601 1073; x_wconf 78' lang='lat' dir='ltr'><strong><em>ergo</em></strong></span> <span class='ocrx_word' id='word_1_226' title='bbox 634 1027 674 1063; x_wconf 85' lang='lat' dir='ltr'><strong><em>in</em></strong></span> <span class='ocrx_word' id='word_1_227' title='bbox 707 1026 917 1072; x_wconf 79' lang='lat' dir='ltr'><strong><em>scripturis</em></strong></span> <span class='ocrx_word' id='word_1_228' title='bbox 948 1026 1145 1073; x_wconf 83' lang='lat' dir='ltr'><strong><em>colligitur</em></strong></span> <span class='ocrx_word' id='word_1_229' title='bbox 1183 1026 1366 1072; x_wconf 87' lang='lat' dir='ltr'><strong><em>Spiritum</em></strong></span> <span class='ocrx_word' id='word_1_230' title='bbox 1394 1032 1575 1065; x_wconf 79' lang='lat' dir='ltr'><strong><em>sanctum</em></strong></span> <span class='ocrx_word' id='word_1_231' title='bbox 1612 1029 1734 1066; x_wconf 87' lang='lat' dir='ltr'><strong><em>Deum</em></strong></span> 
     </span>
     <span class='ocr_line' id='line_1_20' title="bbox 115 1082 221 1111; baseline -0.009 0"><span class='ocrx_word' id='word_1_232' title='bbox 115 1082 221 1111; x_wconf 82' lang='lat' dir='ltr'><strong><em>esse.</em></strong></span> 
     </span>
    </p>

    <p class='ocr_par' dir='ltr' id='par_1_4' title="bbox 115 1119 1738 1354">
     <span class='ocr_line' id='line_1_21' title="bbox 163 1119 1735 1169; baseline 0.003 -13"><span class='ocrx_word' id='word_1_233' title='bbox 163 1121 262 1159; x_wconf 75' lang='lat' dir='ltr'><strong><em>lemn,</em></strong></span> <span class='ocrx_word' id='word_1_234' title='bbox 284 1119 469 1156; x_wconf 79' lang='lat' dir='ltr'><strong><em>revelatio</em></strong></span> <span class='ocrx_word' id='word_1_235' title='bbox 510 1121 786 1165; x_wconf 67' lang='lat' dir='ltr'><strong><em>mysteriorum</em></strong></span> <span class='ocrx_word' id='word_1_236' title='bbox 821 1120 1021 1165; x_wconf 86' lang='lat' dir='ltr'><strong><em>proprium</em></strong></span> <span class='ocrx_word' id='word_1_237' title='bbox 1048 1128 1150 1166; x_wconf 89' lang='lat' dir='ltr'><strong><em>opus</em></strong></span> <span class='ocrx_word' id='word_1_238' title='bbox 1172 1120 1239 1156; x_wconf 87' lang='lat' dir='ltr'><strong><em>Dei</em></strong></span> <span class='ocrx_word' id='word_1_239' title='bbox 1263 1120 1483 1158; x_wconf 84' lang='lat' dir='ltr'><strong><em>ostenditur</em></strong></span> <span class='ocrx_word' id='word_1_240' title='bbox 1503 1122 1543 1158; x_wconf 88' lang='lat' dir='ltr'><strong><em>in</em></strong></span> <span class='ocrx_word' id='word_1_241' title='bbox 1565 1123 1735 1169; x_wconf 86' lang='lat' dir='ltr'><strong><em>Scriptu-</em></strong></span> 
     </span>
     <span class='ocr_line' id='line_1_22' title="bbox 116 1166 1738 1216; baseline 0.002 -13"><span class='ocrx_word' id='word_1_242' title='bbox 116 1167 193 1211; x_wconf 86' lang='lat' dir='ltr'><strong><em>ris;</em></strong></span> <span class='ocrx_word' id='word_1_243' title='bbox 216 1166 358 1203; x_wconf 79' lang='lat' dir='ltr'><strong><em>dicitur</em></strong></span> <span class='ocrx_word' id='word_1_244' title='bbox 378 1166 483 1202; x_wconf 83' lang='lat' dir='ltr'><strong><em>enim</em></strong></span> <span class='ocrx_word' id='word_1_245' title='bbox 503 1178 511 1202; x_wconf 72' lang='grc' dir='ltr'><strong><em>ε</em></strong></span> <span class='ocrx_word' id='word_1_246' title='bbox 533 1168 597 1202; x_wconf 84' lang='lat' dir='ltr'><strong><em>Est</em></strong></span> <span class='ocrx_word' id='word_1_247' title='bbox 623 1169 716 1202; x_wconf 80' lang='lat' dir='ltr'><strong><em>Deus</em></strong></span> <span class='ocrx_word' id='word_1_248' title='bbox 736 1168 776 1202; x_wconf 90' lang='lat' dir='ltr'><strong><em>in</em></strong></span> <span class='ocrx_word' id='word_1_249' title='bbox 804 1168 885 1201; x_wconf 62' lang='lat' dir='ltr'><strong><em>coelo</em></strong></span> <span class='ocrx_word' id='word_1_250' title='bbox 904 1167 1065 1202; x_wconf 78' lang='lat' dir='ltr'><strong><em>revelans</em></strong></span> <span class='ocrx_word' id='word_1_251' title='bbox 1083 1169 1267 1211; x_wconf 78' lang='lat' dir='ltr'><strong><em>mysteria.</em></strong></span> <span class='ocrx_word' id='word_1_252' title='bbox 1290 1168 1414 1212; x_wconf 87' lang='lat' dir='ltr'><strong><em>(Dan.,</em></strong></span> <span class='ocrx_word' id='word_1_253' title='bbox 1436 1177 1476 1210; x_wconf 81' lang='lat'><strong><em>11,</em></strong></span> <span class='ocrx_word' id='word_1_254' title='bbox 1499 1169 1573 1215; x_wconf 78' lang='lat'>28.)</span> <span class='ocrx_word' id='word_1_255' title='bbox 1599 1171 1738 1216; x_wconf 72' lang='lat' dir='ltr'><strong><em>Myste-</em></strong></span> 
     </span>
     <span class='ocr_line' id='line_1_23' title="bbox 117 1213 1735 1259; baseline 0.002 -9"><span class='ocrx_word' id='word_1_256' title='bbox 117 1214 265 1251; x_wconf 88' lang='lat' dir='ltr'><strong><em>riorum</em></strong></span> <span class='ocrx_word' id='word_1_257' title='bbox 307 1216 436 1250; x_wconf 83' lang='lat' dir='ltr'><strong><em>autem</em></strong></span> <span class='ocrx_word' id='word_1_258' title='bbox 467 1213 651 1250; x_wconf 74' lang='lat' dir='ltr'><strong><em>revelatio</em></strong></span> <span class='ocrx_word' id='word_1_259' title='bbox 685 1222 785 1259; x_wconf 88' lang='lat' dir='ltr'><strong><em>opus</em></strong></span> <span class='ocrx_word' id='word_1_260' title='bbox 817 1213 981 1259; x_wconf 82' lang='lat' dir='ltr'><strong><em>Spiritus</em></strong></span> <span class='ocrx_word' id='word_1_261' title='bbox 1013 1214 1140 1250; x_wconf 78' lang='lat' dir='ltr'><strong><em>sancti</em></strong></span> <span class='ocrx_word' id='word_1_262' title='bbox 1160 1214 1380 1251; x_wconf 78' lang='lat' dir='ltr'><strong><em>ostenditur</em></strong></span> <span class='ocrx_word' id='word_1_263' title='bbox 1401 1226 1409 1250; x_wconf 71' lang='grc' dir='ltr'><strong><em>ε</em></strong></span> <span class='ocrx_word' id='word_1_264' title='bbox 1432 1215 1572 1252; x_wconf 86' lang='lat' dir='ltr'><strong><em>dicitur</em></strong></span> <span class='ocrx_word' id='word_1_265' title='bbox 1601 1216 1735 1253; x_wconf 87' lang='lat' dir='ltr'><strong><em>enim:</em></strong></span> 
     </span>
     <span class='ocr_line' id='line_1_24' title="bbox 115 1260 1738 1308; baseline 0.001 -9"><span class='ocrx_word' id='word_1_266' title='bbox 115 1261 226 1300; x_wconf 89' lang='lat' dir='ltr'><strong><em>Nobis</em></strong></span> <span class='ocrx_word' id='word_1_267' title='bbox 241 1261 412 1296; x_wconf 79' lang='lat' dir='ltr'><strong><em>revelarit</em></strong></span> <span class='ocrx_word' id='word_1_268' title='bbox 442 1262 536 1296; x_wconf 85' lang='lat' dir='ltr'><strong><em>Deus</em></strong></span> <span class='ocrx_word' id='word_1_269' title='bbox 549 1270 617 1306; x_wconf 86' lang='lat' dir='ltr'><strong><em>per</em></strong></span> <span class='ocrx_word' id='word_1_270' title='bbox 637 1261 816 1305; x_wconf 81' lang='lat' dir='ltr'><strong><em>Spiritum</em></strong></span> <span class='ocrx_word' id='word_1_271' title='bbox 834 1271 938 1296; x_wconf 84' lang='lat' dir='ltr'><strong><em>suum</em></strong></span> <span class='ocrx_word' id='word_1_272' title='bbox 960 1260 991 1306; x_wconf 80' lang='lat' dir='ltr'><strong><em>(t</em></strong></span> <span class='ocrx_word' id='word_1_273' title='bbox 1015 1260 1109 1304; x_wconf 61' lang='lat' dir='ltr'><strong><em>Cor„</em></strong></span> <span class='ocrx_word' id='word_1_274' title='bbox 1142 1269 1185 1305; x_wconf 86' lang='grc' dir='ltr'><strong><em>Π,</em></strong></span> <span class='ocrx_word' id='word_1_275' title='bbox 1215 1261 1269 1307; x_wconf 89' lang='grc'><strong><em>10)</em></strong></span> <span class='ocrx_word' id='word_1_276' title='bbox 1288 1272 1297 1305; x_wconf 88' lang='grc'>;</span> <span class='ocrx_word' id='word_1_277' title='bbox 1323 1263 1359 1297; x_wconf 84' lang='lat' dir='ltr'><strong><em>et</em></strong></span> <span class='ocrx_word' id='word_1_278' title='bbox 1392 1260 1556 1299; x_wconf 80' lang='lat' dir='ltr'><strong><em>dicitur:</em></strong></span> <span class='ocrx_word' id='word_1_279' title='bbox 1578 1263 1738 1308; x_wconf 75' lang='lat' dir='ltr'><strong><em>Spiritus</em></strong></span> 
     </span>
     <span class='ocr_line' id='line_1_25' title="bbox 116 1306 1529 1354; baseline 0.001 -11"><span class='ocrx_word' id='word_1_280' title='bbox 116 1308 278 1354; x_wconf 76' lang='lat' dir='ltr'><strong><em>loquitur</em></strong></span> <span class='ocrx_word' id='word_1_281' title='bbox 296 1309 480 1352; x_wconf 77' lang='lat' dir='ltr'><strong><em>mysteria.</em></strong></span> <span class='ocrx_word' id='word_1_282' title='bbox 509 1307 542 1354; x_wconf 84' lang='lat' dir='ltr'><strong><em>(I</em></strong></span> <span class='ocrx_word' id='word_1_283' title='bbox 560 1308 654 1351; x_wconf 64' lang='lat' dir='ltr'><strong><em>Cor„</em></strong></span> <span class='ocrx_word' id='word_1_284' title='bbox 676 1316 758 1351; x_wconf 76' lang='lat' dir='ltr'><strong><em>xiv,</em></strong></span> <span class='ocrx_word' id='word_1_285' title='bbox 777 1306 827 1353; x_wconf 73' lang='lat'><strong><em>2.)</em></strong></span> <span class='ocrx_word' id='word_1_286' title='bbox 847 1307 1011 1353; x_wconf 77' lang='lat' dir='ltr'><strong><em>Spiritus</em></strong></span> <span class='ocrx_word' id='word_1_287' title='bbox 1036 1316 1131 1354; x_wconf 82' lang='lat' dir='ltr'><strong><em>ergo</em></strong></span> <span class='ocrx_word' id='word_1_288' title='bbox 1151 1311 1314 1344; x_wconf 87' lang='lat' dir='ltr'><strong><em>sanctus</em></strong></span> <span class='ocrx_word' id='word_1_289' title='bbox 1334 1309 1438 1345; x_wconf 84' lang='lat' dir='ltr'><strong><em>Deus</em></strong></span> <span class='ocrx_word' id='word_1_290' title='bbox 1457 1312 1529 1346; x_wconf 84' lang='lat' dir='ltr'><strong><em>est.</em></strong></span> 
     </span>
    </p>

    <p class='ocr_par' dir='ltr' id='par_1_5' title="bbox 117 1354 1744 1636">
     <span class='ocr_line' id='line_1_26' title="bbox 163 1354 1735 1400; baseline 0.003 -10"><span class='ocrx_word' id='word_1_291' title='bbox 163 1356 355 1398; x_wconf 71' lang='lat' dir='ltr'><strong><em>Praeterea,</em></strong></span> <span class='ocrx_word' id='word_1_292' title='bbox 377 1354 544 1391; x_wconf 84' lang='lat' dir='ltr'><strong><em>interius</em></strong></span> <span class='ocrx_word' id='word_1_293' title='bbox 566 1354 706 1391; x_wconf 86' lang='lat' dir='ltr'><strong><em>docere</em></strong></span> <span class='ocrx_word' id='word_1_294' title='bbox 728 1354 928 1400; x_wconf 88' lang='lat' dir='ltr'><strong><em>proprium</em></strong></span> <span class='ocrx_word' id='word_1_295' title='bbox 948 1364 1048 1400; x_wconf 83' lang='lat' dir='ltr'><strong><em>opus</em></strong></span> <span class='ocrx_word' id='word_1_296' title='bbox 1065 1354 1131 1391; x_wconf 83' lang='lat' dir='ltr'><strong><em>Dei</em></strong></span> <span class='ocrx_word' id='word_1_297' title='bbox 1151 1358 1235 1399; x_wconf 87' lang='lat' dir='ltr'><strong><em>est;</em></strong></span> <span class='ocrx_word' id='word_1_298' title='bbox 1268 1355 1409 1392; x_wconf 88' lang='lat' dir='ltr'><strong><em>dicitur</em></strong></span> <span class='ocrx_word' id='word_1_299' title='bbox 1432 1356 1535 1393; x_wconf 85' lang='lat' dir='ltr'><strong><em>enim</em></strong></span> <span class='ocrx_word' id='word_1_300' title='bbox 1557 1356 1603 1394; x_wconf 89' lang='lat' dir='ltr'><strong><em>de</em></strong></span> <span class='ocrx_word' id='word_1_301' title='bbox 1623 1359 1704 1395; x_wconf 84' lang='lat' dir='ltr'><strong><em>Deo</em></strong></span> <span class='ocrx_word' id='word_1_302' title='bbox 1725 1369 1735 1395; x_wconf 76' lang='lat' dir='ltr'><strong><em>t</em></strong></span> 
     </span>
     <span class='ocr_line' id='line_1_27' title="bbox 117 1401 1737 1449; baseline 0.001 -11"><span class='ocrx_word' id='word_1_303' title='bbox 117 1401 189 1446; x_wconf 86' lang='lat' dir='ltr'><strong><em>Qui</em></strong></span> <span class='ocrx_word' id='word_1_304' title='bbox 208 1402 306 1438; x_wconf 87' lang='lat' dir='ltr'><strong><em>docet</em></strong></span> <span class='ocrx_word' id='word_1_305' title='bbox 326 1401 500 1437; x_wconf 81' lang='lat' dir='ltr'><strong><em>hominem</em></strong></span> <span class='ocrx_word' id='word_1_306' title='bbox 519 1403 705 1437; x_wconf 86' lang='lat' dir='ltr'><strong><em>scientiam</em></strong></span> <span class='ocrx_word' id='word_1_307' title='bbox 736 1402 882 1447; x_wconf 74' lang='lat' dir='ltr'><strong><em>(psalm.</em></strong></span> <span class='ocrx_word' id='word_1_308' title='bbox 911 1410 1018 1445; x_wconf 74' lang='lat' dir='ltr'><strong><em>xum,</em></strong></span> <span class='ocrx_word' id='word_1_309' title='bbox 1043 1402 1098 1447; x_wconf 77' lang='lat'><strong><em>10)</em></strong></span> <span class='ocrx_word' id='word_1_310' title='bbox 1117 1413 1126 1446; x_wconf 89' lang='lat'>;</span> <span class='ocrx_word' id='word_1_311' title='bbox 1148 1405 1185 1438; x_wconf 84' lang='lat' dir='ltr'><strong><em>et</em></strong></span> <span class='ocrx_word' id='word_1_312' title='bbox 1208 1413 1216 1438; x_wconf 91' lang='lat'>:</span> <span class='ocrx_word' id='word_1_313' title='bbox 1237 1404 1309 1438; x_wconf 87' lang='lat' dir='ltr'><strong><em>Dat</em></strong></span> <span class='ocrx_word' id='word_1_314' title='bbox 1328 1403 1545 1447; x_wconf 87' lang='lat' dir='ltr'><strong><em>sapientiam</em></strong></span> <span class='ocrx_word' id='word_1_315' title='bbox 1564 1406 1737 1449; x_wconf 84' lang='lat' dir='ltr'><strong><em>sapienti-</em></strong></span> 
     </span>
     <span class='ocr_line' id='line_1_28' title="bbox 119 1448 1737 1497; baseline 0.002 -12"><span class='ocrx_word' id='word_1_316' title='bbox 119 1450 183 1485; x_wconf 85' lang='lat' dir='ltr'><strong><em>bus</em></strong></span> <span class='ocrx_word' id='word_1_317' title='bbox 203 1451 235 1485; x_wconf 72' lang='grc' dir='ltr'><strong><em>οι</em></strong></span> <span class='ocrx_word' id='word_1_318' title='bbox 258 1450 445 1485; x_wconf 84' lang='lat' dir='ltr'><strong><em>seientiam</em></strong></span> <span class='ocrx_word' id='word_1_319' title='bbox 480 1449 762 1493; x_wconf 73' lang='lat' dir='ltr'><strong><em>intelliqentibus</em></strong></span> <span class='ocrx_word' id='word_1_320' title='bbox 795 1448 1038 1493; x_wconf 73' lang='lat' dir='ltr'><strong><em>disciplinam.</em></strong></span> <span class='ocrx_word' id='word_1_321' title='bbox 1068 1448 1253 1495; x_wconf 84' lang='lat' dir='ltr'><strong><em>(Dan.,11,</em></strong></span> <span class='ocrx_word' id='word_1_322' title='bbox 1286 1449 1361 1495; x_wconf 78' lang='lat'>21.)</span> <span class='ocrx_word' id='word_1_323' title='bbox 1381 1451 1460 1486; x_wconf 81' lang='lat' dir='ltr'><strong><em>Hoc</em></strong></span> <span class='ocrx_word' id='word_1_324' title='bbox 1493 1453 1622 1488; x_wconf 80' lang='lat' dir='ltr'><strong><em>autem</em></strong></span> <span class='ocrx_word' id='word_1_325' title='bbox 1648 1461 1737 1497; x_wconf 85' lang='lat' dir='ltr'><strong><em>pro-</em></strong></span> 
     </span>
     <span class='ocr_line' id='line_1_29' title="bbox 118 1495 1744 1542; baseline 0.002 -10"><span class='ocrx_word' id='word_1_326' title='bbox 118 1496 248 1542; x_wconf 89' lang='lat' dir='ltr'><strong><em>prium</em></strong></span> <span class='ocrx_word' id='word_1_327' title='bbox 269 1503 370 1542; x_wconf 90' lang='lat' dir='ltr'><strong><em>opus</em></strong></span> <span class='ocrx_word' id='word_1_328' title='bbox 393 1495 560 1541; x_wconf 84' lang='lat' dir='ltr'><strong><em>Spiritus</em></strong></span> <span class='ocrx_word' id='word_1_329' title='bbox 591 1495 716 1532; x_wconf 74' lang='lat' dir='ltr'><strong><em>suncti</em></strong></span> <span class='ocrx_word' id='word_1_330' title='bbox 750 1503 839 1532; x_wconf 87' lang='lat' dir='ltr'><strong><em>esse</em></strong></span> <span class='ocrx_word' id='word_1_331' title='bbox 868 1495 1122 1532; x_wconf 78' lang='lat' dir='ltr'><strong><em>manifestum</em></strong></span> <span class='ocrx_word' id='word_1_332' title='bbox 1148 1498 1234 1539; x_wconf 80' lang='lat' dir='ltr'><strong><em>cst3</em></strong></span> <span class='ocrx_word' id='word_1_333' title='bbox 1265 1495 1355 1532; x_wconf 87' lang='lat' dir='ltr'><strong><em>dicit</em></strong></span> <span class='ocrx_word' id='word_1_334' title='bbox 1376 1496 1479 1532; x_wconf 86' lang='lat' dir='ltr'><strong><em>enim</em></strong></span> <span class='ocrx_word' id='word_1_335' title='bbox 1513 1498 1704 1535; x_wconf 81' lang='lat' dir='ltr'><strong><em>Dominus</em></strong></span> <span class='ocrx_word' id='word_1_336' title='bbox 1726 1506 1744 1534; x_wconf 71' lang='grc' dir='ltr'><strong><em>ι·</em></strong></span> 
     </span>
     <span class='ocr_line' id='line_1_30' title="bbox 118 1542 1740 1587; baseline 0.001 -8"><span class='ocrx_word' id='word_1_337' title='bbox 118 1542 326 1579; x_wconf 80' lang='lat' dir='ltr'><strong><em>Paracletus</em></strong></span> <span class='ocrx_word' id='word_1_338' title='bbox 344 1542 503 1587; x_wconf 81' lang='lat' dir='ltr'><strong><em>Spiritus</em></strong></span> <span class='ocrx_word' id='word_1_339' title='bbox 522 1545 679 1582; x_wconf 83' lang='lat' dir='ltr'><strong><em>sanctus,</em></strong></span> <span class='ocrx_word' id='word_1_340' title='bbox 703 1552 804 1587; x_wconf 82' lang='lat' dir='ltr'><strong><em>quem</em></strong></span> <span class='ocrx_word' id='word_1_341' title='bbox 835 1544 950 1577; x_wconf 73' lang='lat' dir='ltr'><strong><em>mittet</em></strong></span> <span class='ocrx_word' id='word_1_342' title='bbox 970 1544 1079 1578; x_wconf 83' lang='lat' dir='ltr'><strong><em>Pater</em></strong></span> <span class='ocrx_word' id='word_1_343' title='bbox 1096 1544 1136 1578; x_wconf 85' lang='lat' dir='ltr'><strong><em>in</em></strong></span> <span class='ocrx_word' id='word_1_344' title='bbox 1163 1543 1304 1578; x_wconf 82' lang='lat' dir='ltr'><strong><em>nomine</em></strong></span> <span class='ocrx_word' id='word_1_345' title='bbox 1322 1553 1408 1583; x_wconf 87' lang='lat' dir='ltr'><strong><em>meo,</em></strong></span> <span class='ocrx_word' id='word_1_346' title='bbox 1434 1544 1494 1579; x_wconf 84' lang='lat' dir='ltr'><strong><em>ille</em></strong></span> <span class='ocrx_word' id='word_1_347' title='bbox 1524 1554 1584 1581; x_wconf 80' lang='lat' dir='ltr'><strong><em>vos</em></strong></span> <span class='ocrx_word' id='word_1_348' title='bbox 1603 1545 1740 1581; x_wconf 80' lang='lat' dir='ltr'><strong><em>docebit</em></strong></span> 
     </span>
     <span class='ocr_line' id='line_1_31' title="bbox 117 1588 1530 1636; baseline 0.001 -10"><span class='ocrx_word' id='word_1_349' title='bbox 117 1591 255 1626; x_wconf 84' lang='lat' dir='ltr'><strong><em>omnia.</em></strong></span> <span class='ocrx_word' id='word_1_350' title='bbox 272 1588 432 1636; x_wconf 80' lang='lat' dir='ltr'><strong><em>(Joann.,</em></strong></span> <span class='ocrx_word' id='word_1_351' title='bbox 453 1597 534 1633; x_wconf 82' lang='lat' dir='ltr'><strong><em>X1v,</em></strong></span> <span class='ocrx_word' id='word_1_352' title='bbox 557 1589 631 1635; x_wconf 74' lang='lat'>26.)</span> <span class='ocrx_word' id='word_1_353' title='bbox 647 1589 812 1634; x_wconf 82' lang='lat' dir='ltr'><strong><em>Spiritus</em></strong></span> <span class='ocrx_word' id='word_1_354' title='bbox 835 1598 928 1635; x_wconf 79' lang='lat' dir='ltr'><strong><em>ergo</em></strong></span> <span class='ocrx_word' id='word_1_355' title='bbox 951 1592 1112 1626; x_wconf 76' lang='lat' dir='ltr'><strong><em>sanctus</em></strong></span> <span class='ocrx_word' id='word_1_356' title='bbox 1133 1593 1192 1626; x_wconf 89' lang='lat' dir='ltr'><strong><em>est</em></strong></span> <span class='ocrx_word' id='word_1_357' title='bbox 1213 1589 1352 1627; x_wconf 74' lang='lat' dir='ltr'><strong><em>divinoe</em></strong></span> <span class='ocrx_word' id='word_1_358' title='bbox 1368 1594 1530 1628; x_wconf 75' lang='lat' dir='ltr'><strong><em>naturae.</em></strong></span> 
     </span>
    </p>

    <p class='ocr_par' dir='ltr' id='par_1_6' title="bbox 117 1636 1742 2003">
     <span class='ocr_line' id='line_1_32' title="bbox 166 1636 1739 1682; baseline 0.003 -9"><span class='ocrx_word' id='word_1_359' title='bbox 166 1636 311 1675; x_wconf 77' lang='lat' dir='ltr'><strong><em>Adhuc,</em></strong></span> <span class='ocrx_word' id='word_1_360' title='bbox 334 1645 502 1682; x_wconf 77' lang='lat' dir='ltr'><strong><em>quornm</em></strong></span> <span class='ocrx_word' id='word_1_361' title='bbox 524 1640 581 1672; x_wconf 78' lang='lat' dir='ltr'><strong><em>est</em></strong></span> <span class='ocrx_word' id='word_1_362' title='bbox 605 1637 740 1672; x_wconf 70' lang='lat' dir='ltr'><strong><em>eadem</em></strong></span> <span class='ocrx_word' id='word_1_363' title='bbox 759 1636 933 1680; x_wconf 78' lang='lat' dir='ltr'><strong><em>operatio</em></strong></span> <span class='ocrx_word' id='word_1_364' title='bbox 955 1639 1108 1682; x_wconf 88' lang='lat' dir='ltr'><strong><em>oportet</em></strong></span> <span class='ocrx_word' id='word_1_365' title='bbox 1128 1645 1217 1673; x_wconf 89' lang='lat' dir='ltr'><strong><em>esse</em></strong></span> <span class='ocrx_word' id='word_1_366' title='bbox 1247 1637 1423 1673; x_wconf 79' lang='lat' dir='ltr'><strong><em>eamden]</em></strong></span> <span class='ocrx_word' id='word_1_367' title='bbox 1446 1641 1640 1675; x_wconf 81' lang='lat' dir='ltr'><strong><em>naturam.</em></strong></span> <span class='ocrx_word' id='word_1_368' title='bbox 1674 1641 1739 1677; x_wconf 87' lang='lat' dir='ltr'><strong><em>Est</em></strong></span> 
     </span>
     <span class='ocr_line' id='line_1_33' title="bbox 120 1683 1741 1730; baseline 0.002 -9"><span class='ocrx_word' id='word_1_369' title='bbox 120 1687 254 1721; x_wconf 80' lang='lat' dir='ltr'><strong><em>autem</em></strong></span> <span class='ocrx_word' id='word_1_370' title='bbox 277 1683 411 1719; x_wconf 81' lang='lat' dir='ltr'><strong><em>eadem</em></strong></span> <span class='ocrx_word' id='word_1_371' title='bbox 433 1683 607 1728; x_wconf 78' lang='lat' dir='ltr'><strong><em>operatio</em></strong></span> <span class='ocrx_word' id='word_1_372' title='bbox 628 1683 712 1719; x_wconf 71' lang='lat' dir='ltr'><strong><em>Filii</em></strong></span> <span class='ocrx_word' id='word_1_373' title='bbox 732 1686 768 1719; x_wconf 86' lang='lat' dir='ltr'><strong><em>et</em></strong></span> <span class='ocrx_word' id='word_1_374' title='bbox 782 1683 947 1727; x_wconf 81' lang='lat' dir='ltr'><strong><em>Spiritus</em></strong></span> <span class='ocrx_word' id='word_1_375' title='bbox 969 1683 1094 1720; x_wconf 76' lang='lat' dir='ltr'><strong><em>sancti</em></strong></span> <span class='ocrx_word' id='word_1_376' title='bbox 1114 1695 1122 1727; x_wconf 90' lang='grc'><strong>;</strong></span> <span class='ocrx_word' id='word_1_377' title='bbox 1145 1683 1250 1730; x_wconf 86' lang='lat' dir='ltr'><strong><em>quod</em></strong></span> <span class='ocrx_word' id='word_1_378' title='bbox 1271 1684 1376 1720; x_wconf 84' lang='lat' dir='ltr'><strong><em>enim</em></strong></span> <span class='ocrx_word' id='word_1_379' title='bbox 1398 1684 1574 1722; x_wconf 86' lang='lat' dir='ltr'><strong><em>Christus</em></strong></span> <span class='ocrx_word' id='word_1_380' title='bbox 1590 1686 1630 1721; x_wconf 90' lang='lat' dir='ltr'><strong><em>in</em></strong></span> <span class='ocrx_word' id='word_1_381' title='bbox 1653 1696 1741 1723; x_wconf 78' lang='lat' dir='ltr'><strong><em>san-</em></strong></span> 
     </span>
     <span class='ocr_line' id='line_1_34' title="bbox 119 1730 1739 1779; baseline 0.001 -11"><span class='ocrx_word' id='word_1_382' title='bbox 119 1730 193 1769; x_wconf 86' lang='lat' dir='ltr'><strong><em>ctis</em></strong></span> <span class='ocrx_word' id='word_1_383' title='bbox 226 1730 412 1776; x_wconf 79' lang='lat' dir='ltr'><strong><em>loquatur</em></strong></span> <span class='ocrx_word' id='word_1_384' title='bbox 431 1730 642 1775; x_wconf 84' lang='lat' dir='ltr'><strong><em>Apostolus</em></strong></span> <span class='ocrx_word' id='word_1_385' title='bbox 683 1731 867 1774; x_wconf 78' lang='lat' dir='ltr'><strong><em>ostendit,</em></strong></span> <span class='ocrx_word' id='word_1_386' title='bbox 891 1730 1027 1767; x_wconf 78' lang='lat' dir='ltr'><strong><em>dicens</em></strong></span> <span class='ocrx_word' id='word_1_387' title='bbox 1051 1742 1058 1765; x_wconf 91' lang='lat'><strong>:</strong></span> <span class='ocrx_word' id='word_1_388' title='bbox 1082 1731 1141 1765; x_wconf 75' lang='lat' dir='ltr'><strong><em>An</em></strong></span> <span class='ocrx_word' id='word_1_389' title='bbox 1164 1733 1445 1776; x_wconf 76' lang='lat' dir='ltr'><strong><em>eoeperimentum</em></strong></span> <span class='ocrx_word' id='word_1_390' title='bbox 1474 1734 1636 1776; x_wconf 75' lang='lat' dir='ltr'><strong><em>quoeritis</em></strong></span> <span class='ocrx_word' id='word_1_391' title='bbox 1662 1734 1739 1779; x_wconf 77' lang='lat' dir='ltr'><strong><em>ejus</em></strong></span> 
     </span>
     <span class='ocr_line' id='line_1_35' title="bbox 119 1776 1740 1824; baseline 0.003 -11"><span class='ocrx_word' id='word_1_392' title='bbox 119 1778 184 1824; x_wconf 80' lang='lat' dir='ltr'><strong><em>qui</em></strong></span> <span class='ocrx_word' id='word_1_393' title='bbox 201 1778 246 1813; x_wconf 69' lang='lat' dir='ltr'><strong><em>inv</em></strong></span> <span class='ocrx_word' id='word_1_394' title='bbox 263 1787 318 1812; x_wconf 79' lang='lat' dir='ltr'><strong><em>me</em></strong></span> <span class='ocrx_word' id='word_1_395' title='bbox 337 1778 497 1822; x_wconf 78' lang='lat' dir='ltr'><strong><em>loquitur</em></strong></span> <span class='ocrx_word' id='word_1_396' title='bbox 516 1777 680 1813; x_wconf 70' lang='lat' dir='ltr'><strong><em>Christus</em></strong></span> <span class='ocrx_word' id='word_1_397' title='bbox 701 1778 719 1812; x_wconf 83' lang='lat'><strong><em>?</em></strong></span> <span class='ocrx_word' id='word_1_398' title='bbox 739 1776 788 1822; x_wconf 89' lang='lat' dir='ltr'><strong><em>(H</em></strong></span> <span class='ocrx_word' id='word_1_399' title='bbox 806 1777 899 1817; x_wconf 70' lang='lat' dir='ltr'><strong><em>Cor„</em></strong></span> <span class='ocrx_word' id='word_1_400' title='bbox 923 1785 1009 1821; x_wconf 78' lang='lat' dir='ltr'><strong><em>xiii,</em></strong></span> <span class='ocrx_word' id='word_1_401' title='bbox 1032 1777 1080 1822; x_wconf 73' lang='lat'><strong><em>3.)</em></strong></span> <span class='ocrx_word' id='word_1_402' title='bbox 1100 1779 1179 1813; x_wconf 82' lang='lat' dir='ltr'><strong><em>lloc</em></strong></span> <span class='ocrx_word' id='word_1_403' title='bbox 1202 1777 1321 1814; x_wconf 80' lang='lat' dir='ltr'><strong><em>&#39;etiam</em></strong></span> <span class='ocrx_word' id='word_1_404' title='bbox 1345 1787 1446 1824; x_wconf 91' lang='lat' dir='ltr'><strong><em>opus</em></strong></span> <span class='ocrx_word' id='word_1_405' title='bbox 1465 1779 1630 1824; x_wconf 77' lang='lat' dir='ltr'><strong><em>Spiritus</em></strong></span> <span class='ocrx_word' id='word_1_406' title='bbox 1648 1789 1740 1817; x_wconf 78' lang='lat' dir='ltr'><strong><em>san-</em></strong></span> 
     </span>
     <span class='ocr_line' id='line_1_36' title="bbox 120 1823 1742 1870; baseline 0.002 -9"><span class='ocrx_word' id='word_1_407' title='bbox 120 1824 172 1861; x_wconf 86' lang='lat' dir='ltr'><strong><em>cti</em></strong></span> <span class='ocrx_word' id='word_1_408' title='bbox 191 1832 280 1861; x_wconf 85' lang='lat' dir='ltr'><strong><em>esse</em></strong></span> <span class='ocrx_word' id='word_1_409' title='bbox 295 1824 503 1860; x_wconf 76' lang='lat' dir='ltr'><strong><em>manifeste</em></strong></span> <span class='ocrx_word' id='word_1_410' title='bbox 536 1827 720 1869; x_wconf 80' lang='lat' dir='ltr'><strong><em>apparet3</em></strong></span> <span class='ocrx_word' id='word_1_411' title='bbox 750 1823 891 1860; x_wconf 85' lang='lat' dir='ltr'><strong><em>dicitur</em></strong></span> <span class='ocrx_word' id='word_1_412' title='bbox 911 1824 1014 1860; x_wconf 86' lang='lat' dir='ltr'><strong><em>enim</em></strong></span> <span class='ocrx_word' id='word_1_413' title='bbox 1035 1836 1045 1858; x_wconf 90' lang='lat'><strong><em>.·</em></strong></span> <span class='ocrx_word' id='word_1_414' title='bbox 1066 1826 1145 1860; x_wconf 80' lang='lat' dir='ltr'><strong><em>Non</em></strong></span> <span class='ocrx_word' id='word_1_415' title='bbox 1164 1834 1224 1860; x_wconf 73' lang='lat' dir='ltr'><strong><em>eos</em></strong></span> <span class='ocrx_word' id='word_1_416' title='bbox 1261 1826 1345 1860; x_wconf 81' lang='lat' dir='ltr'><strong><em>estis</em></strong></span> <span class='ocrx_word' id='word_1_417' title='bbox 1373 1827 1436 1870; x_wconf 84' lang='lat' dir='ltr'><strong><em>qui</em></strong></span> <span class='ocrx_word' id='word_1_418' title='bbox 1456 1826 1657 1870; x_wconf 76' lang='lat' dir='ltr'><strong><em>loquimini,</em></strong></span> <span class='ocrx_word' id='word_1_419' title='bbox 1679 1827 1742 1864; x_wconf 84' lang='lat' dir='ltr'><strong><em>sed</em></strong></span> 
     </span>
     <span class='ocr_line' id='line_1_37' title="bbox 117 1870 1741 1921; baseline 0.003 -15"><span class='ocrx_word' id='word_1_420' title='bbox 117 1871 278 1917; x_wconf 81' lang='lat' dir='ltr'><strong><em>Spiritus</em></strong></span> <span class='ocrx_word' id='word_1_421' title='bbox 299 1871 422 1906; x_wconf 84' lang='lat' dir='ltr'><strong><em>Patris</em></strong></span> <span class='ocrx_word' id='word_1_422' title='bbox 439 1872 550 1906; x_wconf 82' lang='lat' dir='ltr'><strong><em>vestri</em></strong></span> <span class='ocrx_word' id='word_1_423' title='bbox 569 1872 633 1916; x_wconf 84' lang='lat' dir='ltr'><strong><em>qui</em></strong></span> <span class='ocrx_word' id='word_1_424' title='bbox 651 1871 810 1916; x_wconf 78' lang='lat' dir='ltr'><strong><em>loquitur</em></strong></span> <span class='ocrx_word' id='word_1_425' title='bbox 838 1872 878 1906; x_wconf 88' lang='lat' dir='ltr'><strong><em>in</em></strong></span> <span class='ocrx_word' id='word_1_426' title='bbox 897 1871 1009 1906; x_wconf 80' lang='lat' dir='ltr'><strong><em>vobis.</em></strong></span> <span class='ocrx_word' id='word_1_427' title='bbox 1032 1871 1189 1917; x_wconf 57' lang='lat' dir='ltr'><strong><em>(staua,</em></strong></span> <span class='ocrx_word' id='word_1_428' title='bbox 1213 1879 1253 1916; x_wconf 84' lang='lat' dir='ltr'><strong><em>X,</em></strong></span> <span class='ocrx_word' id='word_1_429' title='bbox 1285 1870 1359 1918; x_wconf 82' lang='lat'>20.)</span> <span class='ocrx_word' id='word_1_430' title='bbox 1387 1873 1454 1909; x_wconf 83' lang='lat' dir='ltr'><strong><em>Est</em></strong></span> <span class='ocrx_word' id='word_1_431' title='bbox 1473 1881 1566 1921; x_wconf 85' lang='lat' dir='ltr'><strong><em>ergo</em></strong></span> <span class='ocrx_word' id='word_1_432' title='bbox 1587 1874 1741 1912; x_wconf 64' lang='lat' dir='ltr'><strong><em>eadem-</em></strong></span> 
     </span>
     <span class='ocr_line' id='line_1_38' title="bbox 120 1917 1738 1965; baseline 0.002 -10"><span class='ocrx_word' id='word_1_433' title='bbox 120 1922 263 1955; x_wconf 84' lang='lat' dir='ltr'><strong><em>natura</em></strong></span> <span class='ocrx_word' id='word_1_434' title='bbox 281 1917 363 1955; x_wconf 90' lang='lat' dir='ltr'><strong><em>Filii</em></strong></span> <span class='ocrx_word' id='word_1_435' title='bbox 391 1921 430 1954; x_wconf 88' lang='lat' dir='ltr'><strong><em>et</em></strong></span> <span class='ocrx_word' id='word_1_436' title='bbox 447 1917 615 1964; x_wconf 87' lang='lat' dir='ltr'><strong><em>Spiritus</em></strong></span> <span class='ocrx_word' id='word_1_437' title='bbox 632 1917 770 1962; x_wconf 83' lang='lat' dir='ltr'><strong><em>sancti,</em></strong></span> <span class='ocrx_word' id='word_1_438' title='bbox 791 1921 828 1954; x_wconf 86' lang='lat' dir='ltr'><strong><em>et</em></strong></span> <span class='ocrx_word' id='word_1_439' title='bbox 849 1927 918 1963; x_wconf 83' lang='lat' dir='ltr'><strong><em>per</em></strong></span> <span class='ocrx_word' id='word_1_440' title='bbox 949 1927 1201 1965; x_wconf 85' lang='lat' dir='ltr'><strong><em>consequens</em></strong></span> <span class='ocrx_word' id='word_1_441' title='bbox 1222 1918 1362 1964; x_wconf 80' lang='lat' dir='ltr'><strong><em>Patris,</em></strong></span> <span class='ocrx_word' id='word_1_442' title='bbox 1390 1928 1513 1965; x_wconf 87' lang='lat' dir='ltr'><strong><em>quum</em></strong></span> <span class='ocrx_word' id='word_1_443' title='bbox 1534 1924 1738 1959; x_wconf 84' lang='lat' dir='ltr'><strong><em>ostensum</em></strong></span> 
     </span>
     <span class='ocr_line' id='line_1_39' title="bbox 119 1964 1083 2003; baseline -0.001 -1"><span class='ocrx_word' id='word_1_444' title='bbox 119 1964 172 2003; x_wconf 82' lang='lat' dir='ltr'><strong><em>sit</em></strong></span> <span class='ocrx_word' id='word_1_445' title='bbox 190 1966 342 2002; x_wconf 83' lang='lat' dir='ltr'><strong><em>Patrem</em></strong></span> <span class='ocrx_word' id='word_1_446' title='bbox 365 1967 402 2001; x_wconf 81' lang='lat' dir='ltr'><strong><em>et</em></strong></span> <span class='ocrx_word' id='word_1_447' title='bbox 425 1964 563 2001; x_wconf 87' lang='lat' dir='ltr'><strong><em>Filium</em></strong></span> <span class='ocrx_word' id='word_1_448' title='bbox 584 1973 703 2001; x_wconf 84' lang='lat' dir='ltr'><strong><em>unam</em></strong></span> <span class='ocrx_word' id='word_1_449' title='bbox 722 1968 900 2001; x_wconf 78' lang='lat' dir='ltr'><strong><em>naturam</em></strong></span> <span class='ocrx_word' id='word_1_450' title='bbox 928 1965 1083 2001; x_wconf 73' lang='lat' dir='ltr'><strong><em>habere.</em></strong></span> 
     </span>
    </p>

    <p class='ocr_par' dir='ltr' id='par_1_7' title="bbox 120 2011 1743 2246">
     <span class='ocr_line' id='line_1_40' title="bbox 167 2011 1740 2060; baseline 0.004 -12"><span class='ocrx_word' id='word_1_451' title='bbox 167 2012 349 2057; x_wconf 84' lang='lat' dir='ltr'><strong><em>Amplius,</em></strong></span> <span class='ocrx_word' id='word_1_452' title='bbox 366 2011 587 2048; x_wconf 78' lang='lat' dir='ltr'><strong><em>inhabitare</em></strong></span> <span class='ocrx_word' id='word_1_453' title='bbox 606 2015 760 2049; x_wconf 81' lang='lat' dir='ltr'><strong><em>mentes</em></strong></span> <span class='ocrx_word' id='word_1_454' title='bbox 789 2015 1017 2049; x_wconf 85' lang='lat' dir='ltr'><strong><em>sanctorum</em></strong></span> <span class='ocrx_word' id='word_1_455' title='bbox 1035 2012 1237 2058; x_wconf 89' lang='lat' dir='ltr'><strong><em>proprium</em></strong></span> <span class='ocrx_word' id='word_1_456' title='bbox 1255 2012 1323 2049; x_wconf 88' lang='lat' dir='ltr'><strong><em>Dei</em></strong></span> <span class='ocrx_word' id='word_1_457' title='bbox 1343 2016 1404 2050; x_wconf 86' lang='lat' dir='ltr'><strong><em>est</em></strong></span> <span class='ocrx_word' id='word_1_458' title='bbox 1422 2026 1430 2058; x_wconf 90' lang='grc'>;</span> <span class='ocrx_word' id='word_1_459' title='bbox 1451 2014 1554 2051; x_wconf 89' lang='lat' dir='ltr'><strong><em>unde</em></strong></span> <span class='ocrx_word' id='word_1_460' title='bbox 1573 2017 1740 2060; x_wconf 85' lang='lat' dir='ltr'><strong><em>Aposto-</em></strong></span> 
     </span>
     <span class='ocr_line' id='line_1_41' title="bbox 120 2058 1742 2103; baseline 0.002 -7"><span class='ocrx_word' id='word_1_461' title='bbox 120 2058 185 2096; x_wconf 83' lang='lat' dir='ltr'><strong><em>lus</em></strong></span> <span class='ocrx_word' id='word_1_462' title='bbox 202 2058 318 2096; x_wconf 80' lang='lat' dir='ltr'><strong><em>dicit:</em></strong></span> <span class='ocrx_word' id='word_1_463' title='bbox 344 2059 414 2095; x_wconf 86' lang='lat' dir='ltr'><strong><em>Vos</em></strong></span> <span class='ocrx_word' id='word_1_464' title='bbox 428 2060 512 2094; x_wconf 78' lang='lat' dir='ltr'><strong><em>esus</em></strong></span> <span class='ocrx_word' id='word_1_465' title='bbox 533 2059 702 2103; x_wconf 86' lang='lat' dir='ltr'><strong><em>templum</em></strong></span> <span class='ocrx_word' id='word_1_466' title='bbox 720 2059 788 2095; x_wconf 85' lang='lat' dir='ltr'><strong><em>Dei</em></strong></span> <span class='ocrx_word' id='word_1_467' title='bbox 804 2060 891 2099; x_wconf 84' lang='lat' dir='ltr'><strong><em>vivi,</em></strong></span> <span class='ocrx_word' id='word_1_468' title='bbox 915 2059 1009 2094; x_wconf 84' lang='lat' dir='ltr'><strong><em>sieut</em></strong></span> <span class='ocrx_word' id='word_1_469' title='bbox 1026 2059 1115 2095; x_wconf 84' lang='lat' dir='ltr'><strong><em>dicit</em></strong></span> <span class='ocrx_word' id='word_1_470' title='bbox 1131 2061 1225 2095; x_wconf 87' lang='lat' dir='ltr'><strong><em>Deus</em></strong></span> <span class='ocrx_word' id='word_1_471' title='bbox 1246 2071 1257 2095; x_wconf 90' lang='grc'><strong><em>.·</em></strong></span> <span class='ocrx_word' id='word_1_472' title='bbox 1279 2059 1453 2103; x_wconf 81' lang='lat' dir='ltr'><strong><em>Quoniam</em></strong></span> <span class='ocrx_word' id='word_1_473' title='bbox 1473 2062 1683 2100; x_wconf 79' lang='lat' dir='ltr'><strong><em>inhabitabo</em></strong></span> <span class='ocrx_word' id='word_1_474' title='bbox 1703 2065 1742 2100; x_wconf 85' lang='lat' dir='ltr'><strong><em>in</em></strong></span> 
     </span>
     <span class='ocr_line' id='line_1_42' title="bbox 120 2104 1739 2154; baseline 0.004 -13"><span class='ocrx_word' id='word_1_475' title='bbox 120 2106 209 2142; x_wconf 64' lang='lat' dir='ltr'><strong><em>illis</em></strong></span> <span class='ocrx_word' id='word_1_476' title='bbox 230 2104 281 2152; x_wconf 89' lang='grc' dir='ltr'><strong><em>(Π</em></strong></span> <span class='ocrx_word' id='word_1_477' title='bbox 297 2105 392 2150; x_wconf 65' lang='lat' dir='ltr'><strong><em>Cor„</em></strong></span> <span class='ocrx_word' id='word_1_478' title='bbox 412 2114 469 2150; x_wconf 89' lang='lat' dir='ltr'><strong><em>v1,</em></strong></span> <span class='ocrx_word' id='word_1_479' title='bbox 490 2104 563 2152; x_wconf 85' lang='lat'>16.)</span> <span class='ocrx_word' id='word_1_480' title='bbox 583 2107 662 2142; x_wconf 79' lang='lat' dir='ltr'><strong><em>Hoc</em></strong></span> <span class='ocrx_word' id='word_1_481' title='bbox 681 2109 813 2142; x_wconf 83' lang='lat' dir='ltr'><strong><em>autem</em></strong></span> <span class='ocrx_word' id='word_1_482' title='bbox 832 2105 935 2142; x_wconf 87' lang='lat' dir='ltr'><strong><em>idem</em></strong></span> <span class='ocrx_word' id='word_1_483' title='bbox 955 2106 1169 2151; x_wconf 86' lang='lat' dir='ltr'><strong><em>Apostolus</em></strong></span> <span class='ocrx_word' id='word_1_484' title='bbox 1191 2106 1348 2152; x_wconf 88' lang='lat' dir='ltr'><strong><em>Spiritui</em></strong></span> <span class='ocrx_word' id='word_1_485' title='bbox 1368 2110 1506 2145; x_wconf 83' lang='lat' dir='ltr'><strong><em>sancto</em></strong></span> <span class='ocrx_word' id='word_1_486' title='bbox 1537 2109 1712 2147; x_wconf 80' lang='lat' dir='ltr'><strong><em>attribuit</em></strong></span> <span class='ocrx_word' id='word_1_487' title='bbox 1731 2123 1739 2154; x_wconf 92' lang='lat'>;</span> 
     </span>
     <span class='ocr_line' id='line_1_43' title="bbox 121 2151 1743 2198; baseline 0.002 -9"><span class='ocrx_word' id='word_1_488' title='bbox 121 2151 216 2189; x_wconf 81' lang='lat' dir='ltr'><strong><em>dicit</em></strong></span> <span class='ocrx_word' id='word_1_489' title='bbox 236 2151 341 2188; x_wconf 79' lang='lat' dir='ltr'><strong><em>enim</em></strong></span> <span class='ocrx_word' id='word_1_490' title='bbox 372 2163 380 2188; x_wconf 93' lang='lat'>:</span> <span class='ocrx_word' id='word_1_491' title='bbox 402 2152 553 2189; x_wconf 86' lang='lat' dir='ltr'><strong><em>Nescitis</em></strong></span> <span class='ocrx_word' id='word_1_492' title='bbox 574 2153 662 2197; x_wconf 83' lang='lat' dir='ltr'><strong><em>quia</em></strong></span> <span class='ocrx_word' id='word_1_493' title='bbox 680 2153 848 2197; x_wconf 81' lang='lat' dir='ltr'><strong><em>templum</em></strong></span> <span class='ocrx_word' id='word_1_494' title='bbox 870 2153 937 2188; x_wconf 87' lang='lat' dir='ltr'><strong><em>Dei</em></strong></span> <span class='ocrx_word' id='word_1_495' title='bbox 955 2154 1053 2195; x_wconf 84' lang='lat' dir='ltr'><strong><em>estis,</em></strong></span> <span class='ocrx_word' id='word_1_496' title='bbox 1072 2156 1105 2189; x_wconf 82' lang='lat' dir='ltr'><strong><em>et</em></strong></span> <span class='ocrx_word' id='word_1_497' title='bbox 1122 2153 1283 2198; x_wconf 74' lang='lat' dir='ltr'><strong><em>Spiritus</em></strong></span> <span class='ocrx_word' id='word_1_498' title='bbox 1303 2155 1369 2190; x_wconf 87' lang='lat' dir='ltr'><strong><em>Dei</em></strong></span> <span class='ocrx_word' id='word_1_499' title='bbox 1387 2154 1530 2191; x_wconf 85' lang='lat' dir='ltr'><strong><em>habitat</em></strong></span> <span class='ocrx_word' id='word_1_500' title='bbox 1541 2157 1582 2193; x_wconf 84' lang='lat' dir='ltr'><strong><em>in</em></strong></span> <span class='ocrx_word' id='word_1_501' title='bbox 1603 2157 1703 2193; x_wconf 79' lang='lat' dir='ltr'><strong><em>vobis</em></strong></span> <span class='ocrx_word' id='word_1_502' title='bbox 1724 2159 1743 2192; x_wconf 83' lang='lat'><em>?</em></span> 
     </span>
     <span class='ocr_line' id='line_1_44' title="bbox 121 2197 1149 2246; baseline 0.002 -11"><span class='ocrx_word' id='word_1_503' title='bbox 121 2197 157 2245; x_wconf 87' lang='grc' dir='ltr'><strong><em>(Ι</em></strong></span> <span class='ocrx_word' id='word_1_504' title='bbox 167 2198 261 2239; x_wconf 71' lang='lat' dir='ltr'><strong><em>Gor„</em></strong></span> <span class='ocrx_word' id='word_1_505' title='bbox 282 2207 341 2239; x_wconf 87' lang='lat'><strong><em>111,</em></strong></span> <span class='ocrx_word' id='word_1_506' title='bbox 365 2197 438 2244; x_wconf 88' lang='lat'>16.)</span> <span class='ocrx_word' id='word_1_507' title='bbox 461 2200 525 2235; x_wconf 87' lang='lat' dir='ltr'><strong><em>Est</em></strong></span> <span class='ocrx_word' id='word_1_508' title='bbox 546 2207 640 2246; x_wconf 84' lang='lat' dir='ltr'><strong><em>ergo</em></strong></span> <span class='ocrx_word' id='word_1_509' title='bbox 661 2198 826 2244; x_wconf 85' lang='lat' dir='ltr'><strong><em>Spiritus</em></strong></span> <span class='ocrx_word' id='word_1_510' title='bbox 848 2202 1011 2236; x_wconf 81' lang='lat' dir='ltr'><strong><em>sanctus</em></strong></span> <span class='ocrx_word' id='word_1_511' title='bbox 1033 2201 1149 2237; x_wconf 85' lang='lat' dir='ltr'><strong><em>Deus.</em></strong></span> 
     </span>
    </p>

    <p class='ocr_par' dir='ltr' id='par_1_8' title="bbox 120 2245 1743 2667">
     <span class='ocr_line' id='line_1_45' title="bbox 167 2245 1741 2296; baseline 0.004 -14"><span class='ocrx_word' id='word_1_512' title='bbox 167 2246 270 2287; x_wconf 48' lang='lat' dir='ltr'><strong><em>amn„</em></strong></span> <span class='ocrx_word' id='word_1_513' title='bbox 306 2253 395 2282; x_wconf 85' lang='lat' dir='ltr'><strong><em>esse</em></strong></span> <span class='ocrx_word' id='word_1_514' title='bbox 433 2245 575 2291; x_wconf 82' lang='lat' dir='ltr'><strong><em>ubique</em></strong></span> <span class='ocrx_word' id='word_1_515' title='bbox 618 2245 817 2291; x_wconf 86' lang='lat' dir='ltr'><strong><em>proprium</em></strong></span> <span class='ocrx_word' id='word_1_516' title='bbox 839 2246 906 2281; x_wconf 89' lang='lat' dir='ltr'><strong><em>Dei</em></strong></span> <span class='ocrx_word' id='word_1_517' title='bbox 940 2249 1012 2290; x_wconf 87' lang='lat' dir='ltr'><strong><em>est,</em></strong></span> <span class='ocrx_word' id='word_1_518' title='bbox 1035 2247 1102 2293; x_wconf 86' lang='lat' dir='ltr'><strong><em>qui</em></strong></span> <span class='ocrx_word' id='word_1_519' title='bbox 1137 2246 1230 2283; x_wconf 89' lang='lat' dir='ltr'><strong><em>dicit</em></strong></span> <span class='ocrx_word' id='word_1_520' title='bbox 1249 2259 1260 2282; x_wconf 73' lang='grc' dir='ltr'><strong><em>ε</em></strong></span> <span class='ocrx_word' id='word_1_521' title='bbox 1283 2248 1412 2284; x_wconf 84' lang='lat' dir='ltr'><strong><em>Goetum</em></strong></span> <span class='ocrx_word' id='word_1_522' title='bbox 1447 2251 1480 2283; x_wconf 82' lang='lat' dir='ltr'><strong><em>et</em></strong></span> <span class='ocrx_word' id='word_1_523' title='bbox 1516 2251 1649 2286; x_wconf 81' lang='lat' dir='ltr'><strong><em>terram</em></strong></span> <span class='ocrx_word' id='word_1_524' title='bbox 1680 2261 1741 2296; x_wconf 69' lang='lat' dir='ltr'><strong><em>eqo</em></strong></span> 
     </span>
     <span class='ocr_line' id='line_1_46' title="bbox 121 2290 1738 2339; baseline 0.004 -11"><span class='ocrx_word' id='word_1_525' title='bbox 121 2292 264 2338; x_wconf 72' lang='lat' dir='ltr'><strong><em>impleo.</em></strong></span> <span class='ocrx_word' id='word_1_526' title='bbox 285 2290 442 2339; x_wconf 84' lang='lat' dir='ltr'><strong><em>(Jerem.‚</em></strong></span> <span class='ocrx_word' id='word_1_527' title='bbox 464 2300 576 2336; x_wconf 79' lang='lat' dir='ltr'><strong><em>xxm,</em></strong></span> <span class='ocrx_word' id='word_1_528' title='bbox 603 2292 676 2339; x_wconf 80' lang='lat'>24.)</span> <span class='ocrx_word' id='word_1_529' title='bbox 711 2293 754 2328; x_wconf 89' lang='lat' dir='ltr'><strong><em>Et</em></strong></span> <span class='ocrx_word' id='word_1_530' title='bbox 769 2291 846 2329; x_wconf 88' lang='lat' dir='ltr'><strong><em>hoc</em></strong></span> <span class='ocrx_word' id='word_1_531' title='bbox 866 2292 1023 2338; x_wconf 86' lang='lat' dir='ltr'><strong><em>Spiritui</em></strong></span> <span class='ocrx_word' id='word_1_532' title='bbox 1048 2297 1186 2330; x_wconf 81' lang='lat' dir='ltr'><strong><em>sancto</em></strong></span> <span class='ocrx_word' id='word_1_533' title='bbox 1217 2293 1423 2337; x_wconf 83' lang='lat' dir='ltr'><strong><em>convenit;</em></strong></span> <span class='ocrx_word' id='word_1_534' title='bbox 1446 2294 1586 2333; x_wconf 88' lang='lat' dir='ltr'><strong><em>dicitur</em></strong></span> <span class='ocrx_word' id='word_1_535' title='bbox 1604 2298 1708 2334; x_wconf 85' lang='lat' dir='ltr'><strong><em>enim</em></strong></span> <span class='ocrx_word' id='word_1_536' title='bbox 1730 2309 1738 2334; x_wconf 80' lang='lat' dir='ltr'><em>z</em></span> 
     </span>
     <span class='ocr_line' id='line_1_47' title="bbox 120 2339 1742 2388; baseline 0.003 -13"><span class='ocrx_word' id='word_1_537' title='bbox 120 2339 282 2385; x_wconf 85' lang='lat' dir='ltr'><strong><em>Spiritus</em></strong></span> <span class='ocrx_word' id='word_1_538' title='bbox 300 2339 445 2375; x_wconf 85' lang='lat' dir='ltr'><strong><em>Domini</em></strong></span> <span class='ocrx_word' id='word_1_539' title='bbox 477 2339 629 2384; x_wconf 85' lang='lat' dir='ltr'><strong><em>replevit</em></strong></span> <span class='ocrx_word' id='word_1_540' title='bbox 656 2339 774 2375; x_wconf 82' lang='lat' dir='ltr'><strong><em>orbem</em></strong></span> <span class='ocrx_word' id='word_1_541' title='bbox 804 2342 984 2375; x_wconf 78' lang='lat' dir='ltr'><strong><em>terrarum</em></strong></span> <span class='ocrx_word' id='word_1_542' title='bbox 1016 2339 1133 2386; x_wconf 74' lang='lat' dir='ltr'><strong><em>(Sap,</em></strong></span> <span class='ocrx_word' id='word_1_543' title='bbox 1152 2349 1179 2383; x_wconf 91' lang='lat'><strong><em>1,</em></strong></span> <span class='ocrx_word' id='word_1_544' title='bbox 1199 2339 1261 2386; x_wconf 82' lang='lat'><strong><em>7);</em></strong></span> <span class='ocrx_word' id='word_1_545' title='bbox 1284 2343 1322 2376; x_wconf 86' lang='lat' dir='ltr'><strong><em>et</em></strong></span> <span class='ocrx_word' id='word_1_546' title='bbox 1342 2352 1350 2376; x_wconf 93' lang='lat'>:</span> <span class='ocrx_word' id='word_1_547' title='bbox 1373 2341 1447 2384; x_wconf 82' lang='lat' dir='ltr'><strong><em>Quo</em></strong></span> <span class='ocrx_word' id='word_1_548' title='bbox 1472 2342 1529 2378; x_wconf 87' lang='lat' dir='ltr'><strong><em>ibo</em></strong></span> <span class='ocrx_word' id='word_1_549' title='bbox 1558 2354 1580 2378; x_wconf 88' lang='lat' dir='ltr'><strong><em>a</em></strong></span> <span class='ocrx_word' id='word_1_550' title='bbox 1609 2345 1742 2388; x_wconf 84' lang='lat' dir='ltr'><strong><em>spiritu</em></strong></span> 
     </span>
     <span class='ocr_line' id='line_1_48' title="bbox 121 2386 1743 2433; baseline 0.004 -12"><span class='ocrx_word' id='word_1_551' title='bbox 121 2388 183 2421; x_wconf 85' lang='lat' dir='ltr'><strong><em>tuo</em></strong></span> <span class='ocrx_word' id='word_1_552' title='bbox 203 2387 222 2421; x_wconf 72' lang='grc' dir='ltr'><strong><em>Σ)</em></strong></span> <span class='ocrx_word' id='word_1_553' title='bbox 239 2388 272 2422; x_wconf 84' lang='lat' dir='ltr'><strong><em>et</em></strong></span> <span class='ocrx_word' id='word_1_554' title='bbox 288 2396 357 2431; x_wconf 80' lang='lat' dir='ltr'><strong><em>quo</em></strong></span> <span class='ocrx_word' id='word_1_555' title='bbox 389 2396 412 2421; x_wconf 93' lang='lat' dir='ltr'><strong><em>a</em></strong></span> <span class='ocrx_word' id='word_1_556' title='bbox 441 2386 537 2429; x_wconf 79' lang='lat' dir='ltr'><strong><em>facie</em></strong></span> <span class='ocrx_word' id='word_1_557' title='bbox 569 2388 633 2421; x_wconf 81' lang='lat' dir='ltr'><strong><em>tua</em></strong></span> <span class='ocrx_word' id='word_1_558' title='bbox 669 2387 812 2430; x_wconf 72' lang='lat' dir='ltr'><strong><em>fuqiam</em></strong></span> <span class='ocrx_word' id='word_1_559' title='bbox 828 2387 847 2421; x_wconf 83' lang='lat'><em>?</em></span> <span class='ocrx_word' id='word_1_560' title='bbox 864 2386 1010 2432; x_wconf 86' lang='lat' dir='ltr'><strong><em>(Psalm.</em></strong></span> <span class='ocrx_word' id='word_1_561' title='bbox 1044 2395 1238 2431; x_wconf 73' lang='lat' dir='ltr'>CXXXVIII,</span> <span class='ocrx_word' id='word_1_562' title='bbox 1256 2386 1292 2433; x_wconf 87' lang='lat'><strong><em>7)</em></strong></span> <span class='ocrx_word' id='word_1_563' title='bbox 1314 2391 1378 2423; x_wconf 86' lang='lat' dir='ltr'><strong><em>et:</em></strong></span> <span class='ocrx_word' id='word_1_564' title='bbox 1403 2389 1446 2424; x_wconf 85' lang='lat' dir='ltr'><strong><em>Si</em></strong></span> <span class='ocrx_word' id='word_1_565' title='bbox 1479 2390 1669 2426; x_wconf 79' lang='lat' dir='ltr'><strong><em>ascendero</em></strong></span> <span class='ocrx_word' id='word_1_566' title='bbox 1702 2393 1743 2428; x_wconf 84' lang='lat' dir='ltr'><strong><em>in</em></strong></span> 
     </span>
     <span class='ocr_line' id='line_1_49' title="bbox 120 2431 1741 2482; baseline 0.003 -14"><span class='ocrx_word' id='word_1_567' title='bbox 120 2433 260 2473; x_wconf 86' lang='lat' dir='ltr'><strong><em>coelum,</em></strong></span> <span class='ocrx_word' id='word_1_568' title='bbox 283 2435 323 2468; x_wconf 85' lang='lat' dir='ltr'><strong><em>tu</em></strong></span> <span class='ocrx_word' id='word_1_569' title='bbox 341 2432 416 2468; x_wconf 82' lang='lat' dir='ltr'><strong><em>illic</em></strong></span> <span class='ocrx_word' id='word_1_570' title='bbox 434 2442 469 2468; x_wconf 85' lang='lat' dir='ltr'><strong><em>es</em></strong></span> <span class='ocrx_word' id='word_1_571' title='bbox 488 2431 608 2478; x_wconf 70' lang='lat' dir='ltr'><strong><em>(ibid,</em></strong></span> <span class='ocrx_word' id='word_1_572' title='bbox 629 2431 680 2479; x_wconf 87' lang='lat'><strong><em>8),</em></strong></span> <span class='ocrx_word' id='word_1_573' title='bbox 699 2435 771 2469; x_wconf 86' lang='lat' dir='ltr'><strong><em>ete.</em></strong></span> <span class='ocrx_word' id='word_1_574' title='bbox 793 2445 801 2477; x_wconf 91' lang='lat'>;</span> <span class='ocrx_word' id='word_1_575' title='bbox 822 2433 1012 2470; x_wconf 91' lang='lat' dir='ltr'><strong><em>Dominus</em></strong></span> <span class='ocrx_word' id='word_1_576' title='bbox 1035 2433 1152 2470; x_wconf 85' lang='lat' dir='ltr'><strong><em>etiam</em></strong></span> <span class='ocrx_word' id='word_1_577' title='bbox 1173 2433 1376 2479; x_wconf 86' lang='lat' dir='ltr'><strong><em>discipulis</em></strong></span> <span class='ocrx_word' id='word_1_578' title='bbox 1405 2434 1497 2471; x_wconf 91' lang='lat' dir='ltr'><strong><em>dicit</em></strong></span> <span class='ocrx_word' id='word_1_579' title='bbox 1515 2447 1523 2472; x_wconf 93' lang='lat'>:</span> <span class='ocrx_word' id='word_1_580' title='bbox 1545 2436 1741 2482; x_wconf 82' lang='lat' dir='ltr'><strong><em>Accipietis</em></strong></span> 
     </span>
     <span class='ocr_line' id='line_1_50' title="bbox 121 2480 1739 2530; baseline 0.003 -15"><span class='ocrx_word' id='word_1_581' title='bbox 121 2481 292 2515; x_wconf 81' lang='lat' dir='ltr'><strong><em>virtutem</em></strong></span> <span class='ocrx_word' id='word_1_582' title='bbox 307 2480 589 2524; x_wconf 83' lang='lat' dir='ltr'><strong><em>supervenientis</em></strong></span> <span class='ocrx_word' id='word_1_583' title='bbox 603 2480 762 2525; x_wconf 86' lang='lat' dir='ltr'><strong><em>Spiritus</em></strong></span> <span class='ocrx_word' id='word_1_584' title='bbox 779 2482 898 2516; x_wconf 84' lang='lat' dir='ltr'><strong><em>sancti</em></strong></span> <span class='ocrx_word' id='word_1_585' title='bbox 916 2482 955 2516; x_wconf 87' lang='lat' dir='ltr'><strong><em>in</em></strong></span> <span class='ocrx_word' id='word_1_586' title='bbox 973 2490 1046 2521; x_wconf 84' lang='lat' dir='ltr'><strong><em>vos,</em></strong></span> <span class='ocrx_word' id='word_1_587' title='bbox 1064 2483 1097 2516; x_wconf 86' lang='lat' dir='ltr'><strong><em>et</em></strong></span> <span class='ocrx_word' id='word_1_588' title='bbox 1115 2481 1214 2516; x_wconf 87' lang='lat' dir='ltr'><strong><em>eritis</em></strong></span> <span class='ocrx_word' id='word_1_589' title='bbox 1237 2481 1328 2515; x_wconf 82' lang='lat' dir='ltr'><strong><em>mihi</em></strong></span> <span class='ocrx_word' id='word_1_590' title='bbox 1346 2483 1449 2517; x_wconf 83' lang='lat' dir='ltr'><strong><em>testes</em></strong></span> <span class='ocrx_word' id='word_1_591' title='bbox 1467 2483 1507 2518; x_wconf 85' lang='lat' dir='ltr'><strong><em>in</em></strong></span> <span class='ocrx_word' id='word_1_592' title='bbox 1530 2483 1739 2530; x_wconf 82' lang='lat' dir='ltr'><strong><em>Jerusalem,</em></strong></span> 
     </span>
     <span class='ocr_line' id='line_1_51' title="bbox 120 2525 1739 2578; baseline 0.004 -16"><span class='ocrx_word' id='word_1_593' title='bbox 120 2529 158 2562; x_wconf 86' lang='lat' dir='ltr'><strong><em>et</em></strong></span> <span class='ocrx_word' id='word_1_594' title='bbox 175 2527 216 2562; x_wconf 85' lang='lat' dir='ltr'><strong><em>in</em></strong></span> <span class='ocrx_word' id='word_1_595' title='bbox 232 2527 330 2562; x_wconf 85' lang='lat' dir='ltr'><strong><em>omni</em></strong></span> <span class='ocrx_word' id='word_1_596' title='bbox 346 2525 485 2570; x_wconf 79' lang='lat' dir='ltr'><strong><em>Judaea,</em></strong></span> <span class='ocrx_word' id='word_1_597' title='bbox 519 2528 553 2562; x_wconf 87' lang='lat' dir='ltr'><strong><em>et</em></strong></span> <span class='ocrx_word' id='word_1_598' title='bbox 571 2526 753 2568; x_wconf 88' lang='lat' dir='ltr'><strong><em>Samaria,</em></strong></span> <span class='ocrx_word' id='word_1_599' title='bbox 773 2530 807 2562; x_wconf 83' lang='lat' dir='ltr'><strong><em>et</em></strong></span> <span class='ocrx_word' id='word_1_600' title='bbox 835 2537 948 2572; x_wconf 80' lang='lat' dir='ltr'><strong><em>usque</em></strong></span> <span class='ocrx_word' id='word_1_601' title='bbox 967 2527 1017 2562; x_wconf 87' lang='lat' dir='ltr'><strong><em>ad</em></strong></span> <span class='ocrx_word' id='word_1_602' title='bbox 1035 2527 1201 2564; x_wconf 86' lang='lat' dir='ltr'><strong><em>ultimum</em></strong></span> <span class='ocrx_word' id='word_1_603' title='bbox 1218 2529 1320 2563; x_wconf 81' lang='lat' dir='ltr'><strong><em>terrae</em></strong></span> <span class='ocrx_word' id='word_1_604' title='bbox 1355 2526 1451 2573; x_wconf 77' lang='lat' dir='ltr'><strong><em>(Act.</em></strong></span> <span class='ocrx_word' id='word_1_605' title='bbox 1483 2532 1612 2575; x_wconf 70' lang='lat' dir='ltr'><strong><em>apost„</em></strong></span> <span class='ocrx_word' id='word_1_606' title='bbox 1632 2539 1659 2575; x_wconf 88' lang='grc' dir='ltr'><strong><em>Ι,</em></strong></span> <span class='ocrx_word' id='word_1_607' title='bbox 1690 2531 1739 2578; x_wconf 84' lang='grc'><strong><em>8),</em></strong></span> 
     </span>
     <span class='ocr_line' id='line_1_52' title="bbox 123 2571 1738 2624; baseline 0.003 -14"><span class='ocrx_word' id='word_1_608' title='bbox 123 2582 174 2611; x_wconf 81' lang='lat' dir='ltr'><strong><em>ex</em></strong></span> <span class='ocrx_word' id='word_1_609' title='bbox 191 2581 270 2620; x_wconf 92' lang='lat' dir='ltr'><strong><em>quo</em></strong></span> <span class='ocrx_word' id='word_1_610' title='bbox 284 2575 388 2620; x_wconf 86' lang='lat' dir='ltr'><strong><em>patet</em></strong></span> <span class='ocrx_word' id='word_1_611' title='bbox 409 2571 514 2619; x_wconf 85' lang='lat' dir='ltr'><strong><em>quod</em></strong></span> <span class='ocrx_word' id='word_1_612' title='bbox 537 2572 703 2619; x_wconf 85' lang='lat' dir='ltr'><strong><em>Spiritus</em></strong></span> <span class='ocrx_word' id='word_1_613' title='bbox 722 2576 884 2610; x_wconf 83' lang='lat' dir='ltr'><strong><em>sanetus</em></strong></span> <span class='ocrx_word' id='word_1_614' title='bbox 911 2573 1057 2620; x_wconf 87' lang='lat' dir='ltr'><strong><em>ubique</em></strong></span> <span class='ocrx_word' id='word_1_615' title='bbox 1082 2577 1155 2618; x_wconf 86' lang='lat' dir='ltr'><strong><em>est,</em></strong></span> <span class='ocrx_word' id='word_1_616' title='bbox 1183 2573 1251 2620; x_wconf 90' lang='lat' dir='ltr'><strong><em>qui</em></strong></span> <span class='ocrx_word' id='word_1_617' title='bbox 1275 2572 1421 2621; x_wconf 84' lang='lat' dir='ltr'><strong><em>ubique</em></strong></span> <span class='ocrx_word' id='word_1_618' title='bbox 1442 2578 1480 2612; x_wconf 88' lang='lat' dir='ltr'><strong><em>et</em></strong></span> <span class='ocrx_word' id='word_1_619' title='bbox 1499 2576 1738 2624; x_wconf 88' lang='lat' dir='ltr'><strong><em>ubicumque</em></strong></span> 
     </span>
     <span class='ocr_line' id='line_1_53' title="bbox 123 2619 1234 2667; baseline 0 -10"><span class='ocrx_word' id='word_1_620' title='bbox 123 2619 300 2657; x_wconf 82' lang='lat' dir='ltr'><strong><em>existens</em></strong></span> <span class='ocrx_word' id='word_1_621' title='bbox 320 2619 527 2656; x_wconf 81' lang='lat' dir='ltr'><strong><em>inhabitat.</em></strong></span> <span class='ocrx_word' id='word_1_622' title='bbox 545 2619 714 2666; x_wconf 87' lang='lat' dir='ltr'><strong><em>Spiritus</em></strong></span> <span class='ocrx_word' id='word_1_623' title='bbox 737 2629 831 2667; x_wconf 84' lang='lat' dir='ltr'><strong><em>ergo</em></strong></span> <span class='ocrx_word' id='word_1_624' title='bbox 853 2624 1020 2657; x_wconf 79' lang='lat' dir='ltr'><strong><em>sanctus</em></strong></span> <span class='ocrx_word' id='word_1_625' title='bbox 1041 2622 1145 2658; x_wconf 87' lang='lat' dir='ltr'><strong><em>Deus</em></strong></span> <span class='ocrx_word' id='word_1_626' title='bbox 1162 2623 1234 2657; x_wconf 86' lang='lat' dir='ltr'><strong><em>est.</em></strong></span> 
     </span>
    </p>

    <p class='ocr_par' dir='ltr' id='par_1_9' title="bbox 123 2666 1741 2855">
     <span class='ocr_line' id='line_1_54' title="bbox 169 2666 1740 2715; baseline 0.003 -12"><span class='ocrx_word' id='word_1_627' title='bbox 169 2668 359 2712; x_wconf 62' lang='lat' dir='ltr'><strong><em>Praeterea,</em></strong></span> <span class='ocrx_word' id='word_1_628' title='bbox 379 2674 564 2712; x_wconf 80' lang='lat' dir='ltr'><strong><em>expresse</em></strong></span> <span class='ocrx_word' id='word_1_629' title='bbox 583 2666 623 2703; x_wconf 89' lang='lat' dir='ltr'><strong><em>in</em></strong></span> <span class='ocrx_word' id='word_1_630' title='bbox 643 2666 841 2712; x_wconf 85' lang='lat' dir='ltr'><strong><em>Scriptura</em></strong></span> <span class='ocrx_word' id='word_1_631' title='bbox 860 2666 1026 2712; x_wconf 90' lang='lat' dir='ltr'><strong><em>Spiritus</em></strong></span> <span class='ocrx_word' id='word_1_632' title='bbox 1047 2671 1209 2704; x_wconf 81' lang='lat' dir='ltr'><strong><em>sanctus</em></strong></span> <span class='ocrx_word' id='word_1_633' title='bbox 1230 2666 1363 2715; x_wconf 87' lang='lat' dir='ltr'><strong><em>(Deus)</em></strong></span> <span class='ocrx_word' id='word_1_634' title='bbox 1378 2669 1623 2715; x_wconf 60' lang='lat' dir='ltr'><strong><em>nominatum</em></strong></span> <span class='ocrx_word' id='word_1_635' title='bbox 1643 2670 1740 2708; x_wconf 90' lang='lat' dir='ltr'><strong><em>dicit</em></strong></span> 
     </span>
     <span class='ocr_line' id='line_1_55' title="bbox 123 2713 1741 2761; baseline 0.001 -9"><span class='ocrx_word' id='word_1_636' title='bbox 123 2713 233 2753; x_wconf 48' lang='lat' dir='ltr'><strong><em>enim!</em></strong></span> <span class='ocrx_word' id='word_1_637' title='bbox 246 2715 385 2751; x_wconf 77' lang='lat' dir='ltr'><strong><em>Petrus</em></strong></span> <span class='ocrx_word' id='word_1_638' title='bbox 401 2725 410 2750; x_wconf 89' lang='lat'>:</span> <span class='ocrx_word' id='word_1_639' title='bbox 425 2713 587 2754; x_wconf 81' lang='lat' dir='ltr'><strong><em>Anania,</em></strong></span> <span class='ocrx_word' id='word_1_640' title='bbox 599 2723 665 2749; x_wconf 84' lang='lat' dir='ltr'><strong><em>cur</em></strong></span> <span class='ocrx_word' id='word_1_641' title='bbox 677 2715 827 2749; x_wconf 85' lang='lat' dir='ltr'><strong><em>tentavit</em></strong></span> <span class='ocrx_word' id='word_1_642' title='bbox 836 2713 994 2750; x_wconf 82' lang='lat' dir='ltr'><strong><em>Satanas</em></strong></span> <span class='ocrx_word' id='word_1_643' title='bbox 1005 2717 1191 2757; x_wconf 82' lang='lat' dir='ltr'><strong><em>cortuum,</em></strong></span> <span class='ocrx_word' id='word_1_644' title='bbox 1206 2716 1354 2751; x_wconf 86' lang='lat' dir='ltr'><strong><em>mentiri</em></strong></span> <span class='ocrx_word' id='word_1_645' title='bbox 1370 2717 1403 2751; x_wconf 81' lang='lat' dir='ltr'><strong><em>te</em></strong></span> <span class='ocrx_word' id='word_1_646' title='bbox 1413 2716 1571 2761; x_wconf 87' lang='lat' dir='ltr'><strong><em>Spiritui</em></strong></span> <span class='ocrx_word' id='word_1_647' title='bbox 1587 2721 1711 2754; x_wconf 83' lang='lat' dir='ltr'><strong><em>saneto</em></strong></span> <span class='ocrx_word' id='word_1_648' title='bbox 1722 2719 1741 2753; x_wconf 71' lang='grc' dir='ltr'><strong><em>Σ)</em></strong></span> 
     </span>
     <span class='ocr_line' id='line_1_56' title="bbox 140 2759 1738 2808; baseline 0.001 -9"><span class='ocrx_word' id='word_1_649' title='bbox 140 2761 370 2807; x_wconf 56' lang='lat' dir='ltr'><strong><em>Acuapost„</em></strong></span> <span class='ocrx_word' id='word_1_650' title='bbox 390 2769 431 2805; x_wconf 86' lang='lat' dir='ltr'><strong><em>v,</em></strong></span> <span class='ocrx_word' id='word_1_651' title='bbox 454 2759 488 2808; x_wconf 91' lang='lat'><strong><em>3)</em></strong></span> <span class='ocrx_word' id='word_1_652' title='bbox 512 2763 550 2798; x_wconf 88' lang='lat' dir='ltr'><strong><em>et</em></strong></span> <span class='ocrx_word' id='word_1_653' title='bbox 583 2762 722 2806; x_wconf 81' lang='lat' dir='ltr'><strong><em>postea</em></strong></span> <span class='ocrx_word' id='word_1_654' title='bbox 756 2760 887 2797; x_wconf 86' lang='lat' dir='ltr'><strong><em>subdit</em></strong></span> <span class='ocrx_word' id='word_1_655' title='bbox 908 2772 916 2796; x_wconf 90' lang='lat'>:</span> <span class='ocrx_word' id='word_1_656' title='bbox 938 2761 1017 2798; x_wconf 90' lang='lat' dir='ltr'><strong><em>Non</em></strong></span> <span class='ocrx_word' id='word_1_657' title='bbox 1036 2770 1071 2797; x_wconf 84' lang='lat' dir='ltr'><strong><em>es</em></strong></span> <span class='ocrx_word' id='word_1_658' title='bbox 1102 2762 1277 2797; x_wconf 83' lang='lat' dir='ltr'><strong><em>mentitus</em></strong></span> <span class='ocrx_word' id='word_1_659' title='bbox 1308 2762 1523 2805; x_wconf 85' lang='lat' dir='ltr'><strong><em>hominibus,</em></strong></span> <span class='ocrx_word' id='word_1_660' title='bbox 1557 2764 1621 2801; x_wconf 86' lang='lat' dir='ltr'><strong><em>sed</em></strong></span> <span class='ocrx_word' id='word_1_661' title='bbox 1651 2766 1738 2802; x_wconf 80' lang='lat' dir='ltr'><strong><em>Deo.</em></strong></span> 
     </span>
     <span class='ocr_line' id='line_1_57' title="bbox 139 2806 1010 2855; baseline 0 -11"><span class='ocrx_word' id='word_1_662' title='bbox 139 2807 317 2855; x_wconf 53' lang='lat' dir='ltr'><strong><em>ibid-„M</em></strong></span> <span class='ocrx_word' id='word_1_663' title='bbox 337 2806 502 2853; x_wconf 84' lang='lat' dir='ltr'><strong><em>Spiritus</em></strong></span> <span class='ocrx_word' id='word_1_664' title='bbox 520 2816 621 2855; x_wconf 83' lang='lat' dir='ltr'><strong><em>ergo</em></strong></span> <span class='ocrx_word' id='word_1_665' title='bbox 635 2808 803 2845; x_wconf 80' lang='lat' dir='ltr'><strong><em>sanctus·</em></strong></span> <span class='ocrx_word' id='word_1_666' title='bbox 817 2811 878 2844; x_wconf 88' lang='lat' dir='ltr'><strong><em>est</em></strong></span> <span class='ocrx_word' id='word_1_667' title='bbox 892 2808 943 2843; x_wconf 88' lang='lat' dir='ltr'><strong><em>De</em></strong></span> <span class='ocrx_word' id='word_1_668' title='bbox 951 2816 1010 2844; x_wconf 87' lang='lat' dir='ltr'><strong><em>us..</em></strong></span> 
     </span>
    </p>

    <p class='ocr_par' dir='ltr' id='par_1_10' title="bbox 125 2853 1741 2952">
     <span class='ocr_line' id='line_1_58' title="bbox 172 2853 1739 2903; baseline 0.002 -13"><span class='ocrx_word' id='word_1_669' title='bbox 172 2854 272 2899; x_wconf 64' lang='lat' dir='ltr'><strong><em>lum,</em></strong></span> <span class='ocrx_word' id='word_1_670' title='bbox 311 2853 452 2892; x_wconf 88' lang='lat' dir='ltr'><strong><em>dicitur</em></strong></span> <span class='ocrx_word' id='word_1_671' title='bbox 482 2865 491 2891; x_wconf 75' lang='grc' dir='ltr'><strong><em>ε</em></strong></span> <span class='ocrx_word' id='word_1_672' title='bbox 531 2854 600 2898; x_wconf 87' lang='lat' dir='ltr'><strong><em>Qui</em></strong></span> <span class='ocrx_word' id='word_1_673' title='bbox 636 2854 796 2900; x_wconf 81' lang='lat' dir='ltr'><strong><em>loquitur</em></strong></span> <span class='ocrx_word' id='word_1_674' title='bbox 832 2854 971 2899; x_wconf 74' lang='lat' dir='ltr'><strong><em>linqua,</em></strong></span> <span class='ocrx_word' id='word_1_675' title='bbox 1016 2864 1096 2891; x_wconf 84' lang='lat' dir='ltr'><strong><em>non.</em></strong></span> <span class='ocrx_word' id='word_1_676' title='bbox 1125 2854 1327 2892; x_wconf 82' lang='lat' dir='ltr'><strong><em>hominibus</em></strong></span> <span class='ocrx_word' id='word_1_677' title='bbox 1370 2857 1542 2903; x_wconf 79' lang='lat' dir='ltr'><strong><em>loquitur,</em></strong></span> <span class='ocrx_word' id='word_1_678' title='bbox 1565 2858 1634 2895; x_wconf 87' lang='lat' dir='ltr'><strong><em>sed.</em></strong></span> <span class='ocrx_word' id='word_1_679' title='bbox 1654 2860 1739 2902; x_wconf 84' lang='lat' dir='ltr'><strong><em>Deo,</em></strong></span> 
     </span>
     <span class='ocr_line' id='line_1_59' title="bbox 125 2901 1741 2952; baseline 0.001 -13"><span class='ocrx_word' id='word_1_680' title='bbox 125 2901 459 2939; x_wconf 41' lang='lat' dir='ltr'><strong><em>nemenimiaudit</em></strong></span> <span class='ocrx_word' id='word_1_681' title='bbox 471 2913 484 2946; x_wconf 86' lang='lat'>;</span> <span class='ocrx_word' id='word_1_682' title='bbox 505 2901 664 2947; x_wconf 79' lang='lat' dir='ltr'><strong><em>Spiritus</em></strong></span> <span class='ocrx_word' id='word_1_683' title='bbox 695 2903 819 2939; x_wconf 83' lang='lat' dir='ltr'><strong><em>autem.</em></strong></span> <span class='ocrx_word' id='word_1_684' title='bbox 844 2901 1004 2947; x_wconf 75' lang='lat' dir='ltr'><strong><em>loquitur</em></strong></span> <span class='ocrx_word' id='word_1_685' title='bbox 1033 2902 1206 2946; x_wconf 72' lang='lat' dir='ltr'><strong><em>mysteria</em></strong></span> <span class='ocrx_word' id='word_1_686' title='bbox 1227 2901 1262 2949; x_wconf 72' lang='lat' dir='ltr'><strong><em>(J</em></strong></span> <span class='ocrx_word' id='word_1_687' title='bbox 1277 2902 1371 2945; x_wconf 71' lang='lat' dir='ltr'><strong><em>Gur„</em></strong></span> <span class='ocrx_word' id='word_1_688' title='bbox 1404 2912 1494 2951; x_wconf 70' lang='lat' dir='ltr'><strong><em>xiv,</em></strong></span> <span class='ocrx_word' id='word_1_689' title='bbox 1509 2905 1741 2952; x_wconf 67' lang='lat' dir='ltr'><strong><em>2).;,exquo</em></strong></span> 
     </span>
    </p>
   </div>
  </div>
 </body>
</html>
