1894 3223
517 448 519 450 ’
570 445 786 502 Onne)
836 443 1110 500 RERUM

730 656 939 669 -.-.-...

87 879 104 902 s
127 879 172 902 DE
207 871 409 903 ιἰἑῑῐητευιι.
789 880 798 902 1
912 872 993 904 ΕΑΓ.
1032 880 1081 904 1v.
1124 890 1161 895 —
1201 872 1287 910 Quod
1331 872 1433 904 divina
1468 873 1647 905 naturaliter

871 922 993 961 cognita
1025 920 1243 952 convenienter
1282 921 1454 952 hominibus
1498 922 1647 954 credenda

872 969 1092 1007 proponuntur.
1629 970 1647 1000 4

101 999 348 1029 DISSERTATIO
375 1000 566 1028 BERNAUDI
585 1001 718 1029 MARIAE
913 1014 993 1046 CAP.
1015 1021 1048 1045 V·
1069 1032 1108 1037 -.
1138 1015 1224 1051 Quod
1256 1023 1291 1046 (Ἦ
1322 1023 1388 1054 qum
1418 1015 1536 1047 ratione
1560 1016 1646 1048 inve-

296 1063 345 1092 ΒΕ
364 1063 513 1092 nuntiis.
871 1060 976 1100 stigari
1006 1070 1066 1094 non
1099 1064 1228 1102 possunt
1257 1062 1474 1094 convenienter
1509 1063 1567 1094 lide
1602 1066 1648 1095 tc-

871 1107 975 1140 nenda=
988 1110 1211 1149 proponuntur.
1629 1112 1646 1142 5

71 1153 178 1187 :Apu-r
194 1160 345 1185 nmium.
367 1170 405 1176 —
426 1153 548 1185 Veteres
569 1161 674 1185 omnes
694 1161 798 1185 recen-

69 1202 92 1231 it
109 1200 207 1232 sancti
223 1199 348 1232 'I'liomae
361 1199 446 1241 Opus
457 1199 539 1241 quod
555 1199 678 1232 Summa
693 1202 797 1232 contra

66 1245 154 1279 utiles
185 1246 312 1279 inscribi
346 1247 438 1285 solet,
471 1246 628 1279 hortatore
659 1246 689 1279 S.
729 1245 799 1278 Rai-

63 1292 133 1326 ludo
153 1293 191 1326 de
213 1293 379 1326 Penuafort
397 1293 623 1326 elucubratum.
640 1292 797 1325 Genuinns

62 1340 126 1374 eris
145 1340 255 1373 titutus
275 1340 482 1374 constituitur.
505 1340 651 1374 Definitur
677 1343 797 1382 tempus

62 1395 80 1419 o
100 1386 174 1420 illud
193 1387 329 1429 Aquinas
359 1387 503 1420 coniecit.
775 1395 798 1418 v

59 1434 141 1467 CAP.
163 1442 204 1468 11.
221 1452 261 1459 —
284 1435 393 1476 Operis
414 1435 601 1469 distributio.
629 1434 798 1475 Tlieologia

61 1481 167 1514 turalis
186 1483 218 1515 et
247 1482 384 1516 revelata
416 1482 507 1515 simul
544 1482 740 1524 conjirnctae3
761 1490 795 1514 ac

54 1528 182 1562 ethodus
208 1537 276 1571 qum
296 1529 328 1561 in
350 1532 478 1571 utraque
498 1529 678 1562 illustranda
698 1537 800 1563 serva—

54 1585 79 1608 r.
99 1575 345 1610 Commentarius
364 1571 519 1609 Francisci
541 1576 695 1609 silvestri.
762 1583 797 1609 lx

59 1623 142 1657 cAr.
163 1631 216 1658 111.
237 1641 276 1648 -
296 1623 457 1665 Reginaldi
477 1623 617 1658 Lucarini
636 1624 798 1657 correctio-

47 1679 87 1711 38,
108 1679 177 1704 cum
197 1670 527 1705 animadversionibus.
560 1670 709 1703 Hebraico
731 1679 799 1704 ver-

48 1725 66 1752 0
106 1726 124 1752 a
154 1717 287 1760 sosepuo
327 1717 420 1751 Maria
452 1717 577 1751 Ciantes
622 1717 796 1759 elaborata3

43 1773 117 1799 roeca
140 1773 158 1799 a
184 1765 338 1799 Demetrio
372 1765 511 1807 Cydonio
531 1775 540 1798 ε
561 1765 700 1807 itemque
732 1766 798 1799 ani-

41 1812 258 1848 iadversiones.
732 1821 798 1847 x111

60 1861 140 1894 Cer.
160 1868 211 1895 ιν.
238 1878 278 1887 --
310 1860 513 1896 Solidissimae
541 1860 640 1894 sancti
673 1860 798 1894 Thomae

40 1907 164 1941 octriuae
195 1907 353 1949 specimen
375 1907 407 1941 in
426 1916 463 1941 eo
490 1909 683 1949 argumento,
715 1908 798 1950 quod

36 1953 179 1994 eligiouis
209 1953 352 1988 revelata}
382 1954 543 1988 veritatem
574 1956 693 1996 spectat
724 1962 731 1985 :
763 1958 797 1984 ac

33 2001 117 2034 mimo
153 2002 267 2034 uaturae
294 2001 408 2034 lumine
439 2009 501 2034 non
532 2009 639 2034 omnes
668 2000 798 2042 possunt

32 2048 165 2081 'critates
183 2048 221 2081 ad
241 2048 336 2081 Deum
364 2048 555 2090 pertinentes
588 2047 794 2080 innotescere.

32 2098 95 2128 stas
113 2096 249 2129 revelare
280 2095 412 2137 gratuito
434 2095 539 2128 favore
567 2095 669 2136 potuit
687 2093 766 2127 Dens
787 2104 795 2128 :

27 2144 157 2184 ‚temque
178 2142 266 2181 alias,
300 2151 368 2183 quae
397 2142 505 2175 eodem
536 2144 652 2174 naturae
683 2141 797 2174 lumine

25 2190 202 2231 investigari
225 2192 366 2231 possunt.
390 2189 540 2230 Utrasque
559 2188 660 2230 reipsa
689 2196 796 2230 supro·

23 2246 103 2270 mum
116 2237 234 2270 Numen
253 2237 413 2270 revelavit.
428 2237 590 2278 Perperam
610 2236 797 2279 objiciuntur

22 2292 87 2325 quae
128 2284 274 2326 mysteria
309 2283 443 2317 revelata
473 2284 630 2325 jactabant
666 2283 797 2325 gentiles

20 2334 49 2364 et
84 2331 202 2372 Jactaut
241 2330 456 2364 Mahometani.
497 2331 620 2364 Rationi
666 2330 796 2363 naturali

18 2377 144 2411 adversa
168 2385 230 2410 non
253 2380 323 2410 sunt
340 2377 488 2419 mysteria
508 2377 578 2410 fidei
600 2377 795 2410 Christianae.

17 2425 114 2465 Supra
143 2424 240 2465 ipsam
269 2423 417 2457 rationem
449 2424 630 2457 attolluntur
661 2433 695 2457 ac
715 2424 797 2458 ordi-

18 2478 88 2502 nem
112 2470 304 2503 constituunt
331 2472 440 2504 natura
469 2471 606 2511 qualibet
626 2474 727 2504 creata
743 2480 795 2503 su·

16 2517 180 2559 perierem.
720 2526 795 2550 xvu

255 2616 366 2646 LIBER
395 2617 547 2647 PRIMUS.

56 2706 174 2738 CAPUT
212 2711 361 2737 nmmum.
396 2722 434 2727 —
472 2705 557 2742 Quod
587 2705 628 2737 sit
661 2705 796 2739 officium

17 2753 177 2793 sapientis.
779 2756 793 2786 1

58 2799 137 2831 CM).
160 2807 197 2831 11.
223 2817 261 2822 -
282 2800 354 2837 Qum
374 2799 414 2831 sit
434 2799 568 2831 auctoris
589 2799 730 2833 intentio.
777 2803 795 2832 2

58 2845 140 2878 CAP.
162 2854 214 2878 ιη.
236 2863 275 2870 ·-
307 2846 392 2883 Quod
420 2846 451 2878 in
490 2846 538 2878 liis
574 2855 641 2887 quac
660 2847 699 2879 de
733 2847 795 2880 Deo

19 2891 195 2924 eonfitemur
230 2892 344 2935 duplex
362 2895 408 2926 est
437 2893 574 2925 veritatis
611 2893 731 2926 modus.
778 2896 794 2926 3

911 1154 990 1187 CAP.
1012 1162 1060 1186 vi.
1076 1172 1115 1178 --
1134 1155 1220 1192 Quod
1240 1156 1389 1188 assentire
1412 1156 1460 1189 liis
1481 1165 1548 1197 quae
1577 1160 1649 1190 sunt

871 1201 940 1233 fidei
959 1210 1021 1234 non
1040 1204 1087 1234 est
1104 1202 1250 1241 levitatis,
1276 1203 1417 1244 quamvis
1437 1212 1528 1245 supra
1552 1204 1648 1236 ratio-

870 1255 938 1279 neu]
959 1247 1031 1280 sint.
1629 1251 1647 1282 6

910 1294 990 1327 CAP.
1020 1301 1084 1328 v11.
1109 1311 1147 1320 --
1181 1294 1266 1332 Quod
1303 1295 1425 1329 veritati
1456 1296 1527 1329 fidei
1561 1296 1650 1329 Chri-

869 1341 975 1373 stiana:
997 1350 1060 1374 non
1079 1341 1282 1374 contrariatur
1304 1341 1419 1374 veritas
1442 1342 1581 1375 rationis.
1627 1345 1645 1377 7

910 1388 992 1420 CAP.
1012 1395 1089 1420 vm.
1111 1406 1150 1411 -
1173 1388 1309 1425 Qualiter
1327 1397 1360 1421 so
1386 1389 1497 1422 habeat
1516 1391 1648 1423 humana

870 1435 947 1467 ratio
967 1434 1003 1467 ad
1026 1434 1188 1467 veritatem
1211 1435 1282 1467 fidei
1309 1435 1450 1477 primam.
1629 1439 1647 1471 8

911 1482 991 1515 CAP.
1012 1490 1060 1515 xx.
1085 1499 1125 1506 —
1154 1482 1233 1516 Ordo
1266 1484 1296 1514 ct
1319 1483 1427 1517 modus
1462 1484 1647 1526 procedendi

871 1529 901 1561 in
922 1529 980 1561 hoc
1006 1537 1109 1570 opere.
1628 1535 1648 1566 9

912 1576 992 1609 CAP.
1014 1585 1047 1609 x.
1069 1594 1108 1601 —
1130 1576 1337 1618 Deopinione
1367 1578 1533 1612 dicentium
1565 1580 1647 1622 quod

871 1623 977 1655 Deum
999 1632 1068 1656 esse
1087 1623 1292 1658 demonstrari
1309 1633 1372 1658 non
1392 1628 1505 1668 potest,
1520 1635 1590 1660 cum
1609 1627 1649 1661 sit

871 1678 925 1712 per
944 1680 977 1704 se
1002 1674 1131 1704 motum.
1610 1677 1647 1709 10

911 1718 993 1752 CAP.
1018 1726 1066 1751 XI.
1093 1737 1132 1743 -
1165 1719 1354 1760 Reprobatio
1385 1721 1548 1761 praemissae
1580 1723 1647 1764 opi-

870 1765 972 1799 nionis
991 1767 1149 1801 etsolutio
1174 1767 1325 1799 rationum
1347 1769 1583 1809 praemissarum.
1609 1773 1647 1804 10

911 1813 992 1847 CAP.
1008 1822 1072 1847 xii.
1092 1832 1131 1838 -
1154 1814 1196 1847 De
1215 1814 1362 1856 opinione
1380 1815 1546 1850 dicentium
1566 1818 1648 1859 quod

872 1861 978 1893 Deum
993 1869 1062 1893 esse
1081 1861 1145 1894 sola
1166 1860 1226 1894 fide
1256 1863 1380 1894 tenetur
1403 1864 1434 1895 et
1447 1863 1648 1899 demonstrari

870 1916 931 1941 non
952 1910 1067 1949 potest.
1609 1914 1648 1945 12

910 1956 994 1990 CAP.
1031 1964 1109 1990 xm.
1139 1975 1178 1981 —
1217 1956 1363 1990 Rationes
1392 1958 1430 1990 ad
1458 1959 1648 1999 probandum

870 2003 964 2036 Deum
988 2011 1069 2037 esse.
1609 2009 1648 2040 13

911 2050 994 2083 CAP.
1015 2057 1088 2083 xiv.
1111 2050 1198 2088 Quod
1229 2050 1266 2083 ad
1297 2051 1504 2092 cognitionem
1527 2054 1579 2088 Dei
1605 2055 1648 2086 uli

869 2099 991 2140 oportet
1008 2097 1059 2131 via
1084 2097 1276 2130 remotionis.
1609 2105 1647 2135 17

910 2144 990 2177 CAP.
1008 2151 1067 2177 xv.
1086 2162 1125 2168 -
1145 2144 1230 2182 Quod
1251 2145 1330 2178 Deus
1350 2148 1396 2177 est
1412 2149 1557 2180 aeternus.
1609 2151 1648 2181 18

909 2192 990 2223 CAP.
1011 2199 1084 2224 XVI.
1107 2208 1145 2216 -·
1177 2190 1264 2228 Quod
1295 2191 1326 2225 in
1347 2192 1409 2225 Deo
1440 2201 1502 2226 uon
1529 2195 1571 2228 sit
1594 2204 1649 2238 po-

869 2237 963 2270 tentia
984 2237 1120 2279 passiva.
1608 2243 1646 2275 19

908 2285 986 2318 ΟΛΡ.
1011 2292 1098 2317 xvir.
1117 2301 1157 2309 --
1180 2285 1265 2322 Quod
1294 2285 1373 2318 Deus
1410 2294 1471 2319 non
1513 2291 1561 2321 est
1587 2298 1649 2323 ma—

867 2332 954 2364 teria.
1609 2339 1649 2372 19

909 2380 986 2412 CAP.
1019 2388 1121 2413 xvm.
1152 2398 1190 2404 —-
1222 2380 1307 2419 Quod
1337 2381 1369 2413 in
1402 2382 1463 2416 Deo
1493 2383 1576 2417 nulla
1607 2386 1648 2418 sit

868 2428 1061 2468 compositio.
1606 2434 1645 2466 20

909 2475 990 2507 CAP.
1011 2482 1085 2507 xtx.
1110 2493 1148 2499 —
1169 2475 1255 2513 Quod
1274 2475 1306 2508 in
1326 2476 1389 2510 Deo
1413 2477 1492 2510 nihil
1511 2480 1559 2513 est
1578 2479 1645 2512 vio-

868 2521 983 2552 lentum
1007 2521 1144 2562 nihilque
1164 2524 1272 2562 praeter
1299 2524 1449 2556 naturam.
1605 2527 1642 2559 21

910 2568 990 2600 CAr.
1017 2576 1074 2600 xx.
1097 2585 1134 2590 —
1168 2568 1253 2605 Quod
1285 2569 1365 2603 Deus
1403 2578 1465 2604 non
1502 2575 1550 2605 est
1581 2582 1647 2606 cor-

868 2624 937 2656 an.
1607 2624 1646 2655 22

909 2662 989 2695 (ΞΜ).
1014 2670 1084 2694 xxi.
1107 2680 1145 2686 —
1184 2662 1270 2700 Quod
1314 2664 1394 2698 Deus
1426 2668 1472 2699 est
1500 2675 1554 2700 sua
1595 2678 1644 2702 os—

870 2709 980 2741 sentia.
1606 2720 1644 2749 26

909 2755 990 2788 CAP.
1012 2764 1100 2787 xxii.
1115 2774 1153 2780 -—
1173 2757 1259 2794 Quod
1278 2758 1309 2790 in
1330 2759 1390 2792 Deo
1413 2760 1492 2792 idem
1512 2766 1558 2794 ost
1578 2772 1644 2797 esse

869 2803 899 2833 et
918 2802 1063 2834 essentia.
1605 2812 1642 2843 27

867 2894 883 2925 d
908 2848 989 2880 CAP.
1010 2857 1110 2882 xxiii.
1136 2869 1174 2874 —-
1193 2852 1279 2889 Quod
1301 2853 1332 2884 in
1346 2854 1407 2886 Deo
1423 2863 1484 2886 non
1504 2856 1545 2887 sit
1567 2858 1645 2888 acci*

887 2903 951 2927 cns.
1606 2906 1643 2936 28
