<?xml version="1.0" encoding="UTF-8"?>
<!DOCTYPE html PUBLIC "-//W3C//DTD XHTML 1.0 Transitional//EN"
    "http://www.w3.org/TR/xhtml1/DTD/xhtml1-transitional.dtd">
<html xmlns="http://www.w3.org/1999/xhtml" xml:lang="en" lang="en">
 <head>
  <title>
</title>
<meta http-equiv="Content-Type" content="text/html;charset=utf-8" />
  <meta name='ocr-system' content='tesseract 3.04.00' />
  <meta name='ocr-capabilities' content='ocr_page ocr_carea ocr_par ocr_line ocrx_word'/>
</head>
<body>
  <div class='ocr_page' id='page_1' title='image "./deveritatecathol00thomuoft_0146.png"; bbox 0 0 1894 3223; ppageno 0'>
   <div class='ocr_carea' id='block_1_1' title="bbox 224 126 1226 172">
    <p class='ocr_par' dir='ltr' id='par_1_1' title="bbox 224 126 1226 172">
     <span class='ocr_line' id='line_1_1' title="bbox 224 126 1226 172; baseline -0.006 -2"><span class='ocrx_word' id='word_1_1' title='bbox 224 134 290 170; x_wconf 82' lang='lat'>106</span> <span class='ocrx_word' id='word_1_2' title='bbox 850 128 995 172; x_wconf 82' lang='lat' dir='ltr'>LlB.·1,</span> <span class='ocrx_word' id='word_1_3' title='bbox 1023 128 1123 165; x_wconf 74' lang='grc' dir='ltr'><strong>ΟᾹΡ.</strong></span> <span class='ocrx_word' id='word_1_4' title='bbox 1140 126 1226 165; x_wconf 74' lang='lat' dir='ltr'><strong>‘CIL</strong></span> 
     </span>
    </p>
   </div>
   <div class='ocr_carea' id='block_1_2' title="bbox 216 207 1844 2419">
    <p class='ocr_par' dir='ltr' id='par_1_2' title="bbox 216 207 1840 347">
     <span class='ocr_line' id='line_1_2' title="bbox 219 207 1837 259; baseline -0.003 -7"><span class='ocrx_word' id='word_1_5' title='bbox 219 213 385 257; x_wconf 84' lang='lat' dir='ltr'>bonum,</span> <span class='ocrx_word' id='word_1_6' title='bbox 408 216 450 250; x_wconf 93' lang='lat' dir='ltr'>ut</span> <span class='ocrx_word' id='word_1_7' title='bbox 468 209 733 257; x_wconf 86' lang='lat' dir='ltr'>expraedictis</span> <span class='ocrx_word' id='word_1_8' title='bbox 748 208 849 256; x_wconf 87' lang='lat' dir='ltr'>(cap.</span> <span class='ocrx_word' id='word_1_9' title='bbox 871 208 929 256; x_wconf 83' lang='lat'>61)</span> <span class='ocrx_word' id='word_1_10' title='bbox 950 213 1082 259; x_wconf 83' lang='lat' dir='ltr'>patere</span> <span class='ocrx_word' id='word_1_11' title='bbox 1096 212 1233 256; x_wconf 88' lang='lat' dir='ltr'>potest</span> <span class='ocrx_word' id='word_1_12' title='bbox 1255 220 1264 246; x_wconf 91' lang='lat'>:</span> <span class='ocrx_word' id='word_1_13' title='bbox 1286 212 1323 246; x_wconf 88' lang='lat' dir='ltr'>et</span> <span class='ocrx_word' id='word_1_14' title='bbox 1343 207 1403 246; x_wconf 89' lang='lat' dir='ltr'>sic</span> <span class='ocrx_word' id='word_1_15' title='bbox 1419 211 1574 256; x_wconf 86' lang='lat' dir='ltr'>oportet</span> <span class='ocrx_word' id='word_1_16' title='bbox 1590 212 1634 246; x_wconf 92' lang='lat' dir='ltr'>ut</span> <span class='ocrx_word' id='word_1_17' title='bbox 1657 209 1837 256; x_wconf 82' lang='lat' dir='ltr'>quicum-</span> 
     </span>
     <span class='ocr_line' id='line_1_3' title="bbox 220 255 1840 308; baseline -0.002 -11"><span class='ocrx_word' id='word_1_18' title='bbox 220 270 297 308; x_wconf 82' lang='lat' dir='ltr'>que</span> <span class='ocrx_word' id='word_1_19' title='bbox 318 260 420 297; x_wconf 86' lang='lat' dir='ltr'>alius</span> <span class='ocrx_word' id='word_1_20' title='bbox 441 258 489 296; x_wconf 83' lang='lat' dir='ltr'>ab</span> <span class='ocrx_word' id='word_1_21' title='bbox 510 259 596 303; x_wconf 88' lang='lat' dir='ltr'>ipso</span> <span class='ocrx_word' id='word_1_22' title='bbox 626 256 767 308; x_wconf 81' lang='lat' dir='ltr'>beatus</span> <span class='ocrx_word' id='word_1_23' title='bbox 787 259 863 308; x_wconf 79' lang='lat' dir='ltr'>est,</span> <span class='ocrx_word' id='word_1_24' title='bbox 880 256 1152 302; x_wconf 80' lang='lat' dir='ltr'><strong>participative</strong></span> <span class='ocrx_word' id='word_1_25' title='bbox 1182 256 1323 294; x_wconf 86' lang='lat' dir='ltr'>beatus</span> <span class='ocrx_word' id='word_1_26' title='bbox 1356 255 1524 294; x_wconf 88' lang='lat' dir='ltr'>dicatur.</span> <span class='ocrx_word' id='word_1_27' title='bbox 1545 255 1685 293; x_wconf 79' lang='lat' dir='ltr'>Divina</span> <span class='ocrx_word' id='word_1_28' title='bbox 1717 255 1840 304; x_wconf 82' lang='lat' dir='ltr'>igitur</span> 
     </span>
     <span class='ocr_line' id='line_1_4' title="bbox 216 302 1234 347; baseline -0.004 -2"><span class='ocrx_word' id='word_1_29' title='bbox 216 306 424 347; x_wconf 71' lang='lat' dir='ltr'>beatitudo</span> <span class='ocrx_word' id='word_1_30' title='bbox 447 312 605 342; x_wconf 90' lang='lat' dir='ltr'>omnem</span> <span class='ocrx_word' id='word_1_31' title='bbox 623 302 742 340; x_wconf 87' lang='lat' dir='ltr'>aliam</span> <span class='ocrx_word' id='word_1_32' title='bbox 762 302 1046 340; x_wconf 86' lang='lat' dir='ltr'>beatitudinem</span> <span class='ocrx_word' id='word_1_33' title='bbox 1068 303 1234 341; x_wconf 83' lang='lat' dir='ltr'>excedit.</span> 
     </span>
    </p>

    <p class='ocr_par' dir='ltr' id='par_1_3' title="bbox 222 349 1842 999">
     <span class='ocr_line' id='line_1_5' title="bbox 268 349 1833 398; baseline -0.001 -9"><span class='ocrx_word' id='word_1_34' title='bbox 268 354 449 398; x_wconf 78' lang='lat' dir='ltr'><em>Amplius,</em></span> <span class='ocrx_word' id='word_1_35' title='bbox 466 349 667 388; x_wconf 81' lang='lat' dir='ltr'>beatitudo</span> <span class='ocrx_word' id='word_1_36' title='bbox 685 349 858 396; x_wconf 86' lang='lat' dir='ltr'>perfecta</span> <span class='ocrx_word' id='word_1_37' title='bbox 874 349 917 387; x_wconf 91' lang='lat' dir='ltr'>in</span> <span class='ocrx_word' id='word_1_38' title='bbox 934 351 1163 396; x_wconf 79' lang='lat' dir='ltr'>operatione</span> <span class='ocrx_word' id='word_1_39' title='bbox 1184 350 1409 387; x_wconf 89' lang='lat' dir='ltr'>intellectus</span> <span class='ocrx_word' id='word_1_40' title='bbox 1428 349 1628 395; x_wconf 83' lang='lat' dir='ltr'>consistit,</span> <span class='ocrx_word' id='word_1_41' title='bbox 1641 353 1684 387; x_wconf 93' lang='lat' dir='ltr'>ut</span> <span class='ocrx_word' id='word_1_42' title='bbox 1700 353 1833 388; x_wconf 84' lang='lat' dir='ltr'>osten·</span> 
     </span>
     <span class='ocr_line' id='line_1_6' title="bbox 222 396 1835 444; baseline -0.003 -5"><span class='ocrx_word' id='word_1_43' title='bbox 222 409 311 440; x_wconf 81' lang='lat' dir='ltr'>sum</span> <span class='ocrx_word' id='word_1_44' title='bbox 333 403 393 436; x_wconf 91' lang='lat' dir='ltr'>est</span> <span class='ocrx_word' id='word_1_45' title='bbox 407 398 506 444; x_wconf 88' lang='lat' dir='ltr'>(cap.</span> <span class='ocrx_word' id='word_1_46' title='bbox 521 397 616 443; x_wconf 84' lang='lat' dir='ltr'>loo).</span> <span class='ocrx_word' id='word_1_47' title='bbox 632 397 748 434; x_wconf 82' lang='lat' dir='ltr'>Nulla.</span> <span class='ocrx_word' id='word_1_48' title='bbox 767 400 898 434; x_wconf 90' lang='lat' dir='ltr'>autem</span> <span class='ocrx_word' id='word_1_49' title='bbox 915 397 993 435; x_wconf 87' lang='lat' dir='ltr'>alia</span> <span class='ocrx_word' id='word_1_50' title='bbox 1010 397 1291 435; x_wconf 89' lang='lat' dir='ltr'>intellectualis</span> <span class='ocrx_word' id='word_1_51' title='bbox 1309 397 1486 444; x_wconf 89' lang='lat' dir='ltr'>operatio</span> <span class='ocrx_word' id='word_1_52' title='bbox 1502 396 1588 443; x_wconf 90' lang='lat' dir='ltr'>ejus</span> <span class='ocrx_word' id='word_1_53' title='bbox 1609 396 1835 443; x_wconf 85' lang='lat' dir='ltr'>operationi</span> 
     </span>
     <span class='ocr_line' id='line_1_7' title="bbox 223 443 1836 492; baseline -0.003 -7"><span class='ocrx_word' id='word_1_54' title='bbox 223 445 445 492; x_wconf 86' lang='lat' dir='ltr'>comparari</span> <span class='ocrx_word' id='word_1_55' title='bbox 465 448 594 490; x_wconf 90' lang='lat' dir='ltr'>potest</span> <span class='ocrx_word' id='word_1_56' title='bbox 616 456 624 480; x_wconf 77' lang='grc' dir='ltr'>ε</span> <span class='ocrx_word' id='word_1_57' title='bbox 647 443 753 490; x_wconf 90' lang='lat' dir='ltr'>quod</span> <span class='ocrx_word' id='word_1_58' title='bbox 772 447 878 489; x_wconf 89' lang='lat' dir='ltr'>patet</span> <span class='ocrx_word' id='word_1_59' title='bbox 905 452 986 481; x_wconf 89' lang='lat' dir='ltr'>non</span> <span class='ocrx_word' id='word_1_60' title='bbox 1013 445 1142 481; x_wconf 90' lang='lat' dir='ltr'>solum</span> <span class='ocrx_word' id='word_1_61' title='bbox 1165 454 1212 481; x_wconf 87' lang='lat' dir='ltr'>ex</span> <span class='ocrx_word' id='word_1_62' title='bbox 1232 445 1306 482; x_wconf 86' lang='lat' dir='ltr'>hoc</span> <span class='ocrx_word' id='word_1_63' title='bbox 1331 443 1436 491; x_wconf 88' lang='lat' dir='ltr'>quod</span> <span class='ocrx_word' id='word_1_64' title='bbox 1462 447 1523 481; x_wconf 91' lang='lat' dir='ltr'>est</span> <span class='ocrx_word' id='word_1_65' title='bbox 1542 444 1721 489; x_wconf 89' lang='lat' dir='ltr'>operatio</span> <span class='ocrx_word' id='word_1_66' title='bbox 1743 443 1836 481; x_wconf 91' lang='lat' dir='ltr'>sub-</span> 
     </span>
     <span class='ocr_line' id='line_1_8' title="bbox 223 490 1836 538; baseline -0.002 -8"><span class='ocrx_word' id='word_1_67' title='bbox 223 494 385 537; x_wconf 85' lang='lat' dir='ltr'>sistens,</span> <span class='ocrx_word' id='word_1_68' title='bbox 420 491 490 529; x_wconf 86' lang='lat' dir='ltr'>sed</span> <span class='ocrx_word' id='word_1_69' title='bbox 520 491 613 537; x_wconf 89' lang='lat' dir='ltr'>quia</span> <span class='ocrx_word' id='word_1_70' title='bbox 645 499 725 528; x_wconf 88' lang='lat' dir='ltr'>una</span> <span class='ocrx_word' id='word_1_71' title='bbox 755 490 984 536; x_wconf 81' lang='lat' dir='ltr'>operatione</span> <span class='ocrx_word' id='word_1_72' title='bbox 1008 492 1112 528; x_wconf 89' lang='lat' dir='ltr'>Deus</span> <span class='ocrx_word' id='word_1_73' title='bbox 1141 491 1319 538; x_wconf 87' lang='lat' dir='ltr'>seipsum</span> <span class='ocrx_word' id='word_1_74' title='bbox 1350 491 1406 528; x_wconf 91' lang='lat' dir='ltr'>ita</span> <span class='ocrx_word' id='word_1_75' title='bbox 1436 490 1607 537; x_wconf 86' lang='lat' dir='ltr'>perfecte</span> <span class='ocrx_word' id='word_1_76' title='bbox 1635 490 1836 536; x_wconf 86' lang='lat' dir='ltr'>intelligit,</span> 
     </span>
     <span class='ocr_line' id='line_1_9' title="bbox 223 536 1838 584; baseline -0.001 -7"><span class='ocrx_word' id='word_1_77' title='bbox 223 540 327 577; x_wconf 88' lang='lat' dir='ltr'>sicut</span> <span class='ocrx_word' id='word_1_78' title='bbox 347 542 420 583; x_wconf 90' lang='lat' dir='ltr'>est,</span> <span class='ocrx_word' id='word_1_79' title='bbox 439 542 478 575; x_wconf 87' lang='lat' dir='ltr'>et</span> <span class='ocrx_word' id='word_1_80' title='bbox 494 537 629 575; x_wconf 86' lang='lat' dir='ltr'>omnia</span> <span class='ocrx_word' id='word_1_81' title='bbox 647 536 726 574; x_wconf 87' lang='lat' dir='ltr'>alia</span> <span class='ocrx_word' id='word_1_82' title='bbox 748 546 835 583; x_wconf 85' lang='lat' dir='ltr'>quae</span> <span class='ocrx_word' id='word_1_83' title='bbox 854 540 948 575; x_wconf 87' lang='lat' dir='ltr'>sunt</span> <span class='ocrx_word' id='word_1_84' title='bbox 973 541 1011 574; x_wconf 86' lang='lat' dir='ltr'>et</span> <span class='ocrx_word' id='word_1_85' title='bbox 1033 547 1122 584; x_wconf 86' lang='lat' dir='ltr'>quae</span> <span class='ocrx_word' id='word_1_86' title='bbox 1136 547 1217 575; x_wconf 88' lang='lat' dir='ltr'>non</span> <span class='ocrx_word' id='word_1_87' title='bbox 1236 541 1343 582; x_wconf 87' lang='lat' dir='ltr'>sunt,</span> <span class='ocrx_word' id='word_1_88' title='bbox 1360 538 1465 575; x_wconf 86' lang='lat' dir='ltr'>bona</span> <span class='ocrx_word' id='word_1_89' title='bbox 1484 541 1521 575; x_wconf 91' lang='lat' dir='ltr'>et</span> <span class='ocrx_word' id='word_1_90' title='bbox 1542 537 1658 575; x_wconf 89' lang='lat' dir='ltr'>mala.</span> <span class='ocrx_word' id='word_1_91' title='bbox 1680 539 1724 574; x_wconf 90' lang='lat' dir='ltr'>In</span> <span class='ocrx_word' id='word_1_92' title='bbox 1747 537 1838 575; x_wconf 85' lang='lat' dir='ltr'>aliis</span> 
     </span>
     <span class='ocr_line' id='line_1_10' title="bbox 223 583 1839 632; baseline -0.002 -8"><span class='ocrx_word' id='word_1_93' title='bbox 223 590 354 625; x_wconf 88' lang='lat' dir='ltr'>autem</span> <span class='ocrx_word' id='word_1_94' title='bbox 380 584 696 632; x_wconf 80' lang='lat' dir='ltr'>intelligentibus</span> <span class='ocrx_word' id='word_1_95' title='bbox 731 583 953 630; x_wconf 88' lang='lat' dir='ltr'>intelligere</span> <span class='ocrx_word' id='word_1_96' title='bbox 984 585 1114 630; x_wconf 89' lang='lat' dir='ltr'>ipsum</span> <span class='ocrx_word' id='word_1_97' title='bbox 1144 594 1226 622; x_wconf 90' lang='lat' dir='ltr'>non</span> <span class='ocrx_word' id='word_1_98' title='bbox 1258 589 1318 622; x_wconf 92' lang='lat' dir='ltr'>est</span> <span class='ocrx_word' id='word_1_99' title='bbox 1349 585 1590 629; x_wconf 84' lang='lat' dir='ltr'>subsistens,</span> <span class='ocrx_word' id='word_1_100' title='bbox 1623 584 1693 622; x_wconf 89' lang='lat' dir='ltr'>sed</span> <span class='ocrx_word' id='word_1_101' title='bbox 1726 588 1839 622; x_wconf 87' lang='lat' dir='ltr'>actus</span> 
     </span>
     <span class='ocr_line' id='line_1_11' title="bbox 223 630 1839 679; baseline -0.002 -8"><span class='ocrx_word' id='word_1_102' title='bbox 223 632 496 671; x_wconf 88' lang='lat' dir='ltr'>subsistentis.</span> <span class='ocrx_word' id='word_1_103' title='bbox 525 634 603 668; x_wconf 89' lang='lat' dir='ltr'>Nec</span> <span class='ocrx_word' id='word_1_104' title='bbox 624 631 753 677; x_wconf 90' lang='lat' dir='ltr'>ipsum</span> <span class='ocrx_word' id='word_1_105' title='bbox 778 632 916 674; x_wconf 91' lang='lat' dir='ltr'>Deum,</span> <span class='ocrx_word' id='word_1_106' title='bbox 938 631 1003 677; x_wconf 91' lang='lat' dir='ltr'>qui</span> <span class='ocrx_word' id='word_1_107' title='bbox 1027 635 1087 668; x_wconf 89' lang='lat' dir='ltr'>est</span> <span class='ocrx_word' id='word_1_108' title='bbox 1107 640 1308 669; x_wconf 89' lang='lat' dir='ltr'>summum</span> <span class='ocrx_word' id='word_1_109' title='bbox 1327 631 1593 679; x_wconf 78' lang='lat' dir='ltr'>intelligibile,</span> <span class='ocrx_word' id='word_1_110' title='bbox 1616 631 1762 678; x_wconf 87' lang='lat' dir='ltr'>aliquis</span> <span class='ocrx_word' id='word_1_111' title='bbox 1783 630 1839 668; x_wconf 89' lang='lat' dir='ltr'>ita</span> 
     </span>
     <span class='ocr_line' id='line_1_12' title="bbox 223 678 1839 727; baseline -0.001 -11"><span class='ocrx_word' id='word_1_112' title='bbox 223 681 396 727; x_wconf 84' lang='lat' dir='ltr'>perfecte</span> <span class='ocrx_word' id='word_1_113' title='bbox 418 682 548 724; x_wconf 87' lang='lat' dir='ltr'>potest</span> <span class='ocrx_word' id='word_1_114' title='bbox 577 678 797 723; x_wconf 81' lang='lat' dir='ltr'>intelligere</span> <span class='ocrx_word' id='word_1_115' title='bbox 821 678 1026 724; x_wconf 85' lang='lat' dir='ltr'>sicutipse</span> <span class='ocrx_word' id='word_1_116' title='bbox 1046 678 1243 723; x_wconf 86' lang='lat' dir='ltr'>perfectus</span> <span class='ocrx_word' id='word_1_117' title='bbox 1263 682 1336 721; x_wconf 91' lang='lat' dir='ltr'>est,</span> <span class='ocrx_word' id='word_1_118' title='bbox 1358 687 1447 716; x_wconf 86' lang='lat' dir='ltr'>cum</span> <span class='ocrx_word' id='word_1_119' title='bbox 1467 678 1618 715; x_wconf 88' lang='lat' dir='ltr'>nullius</span> <span class='ocrx_word' id='word_1_120' title='bbox 1639 687 1728 716; x_wconf 89' lang='lat' dir='ltr'>esse</span> <span class='ocrx_word' id='word_1_121' title='bbox 1753 687 1839 724; x_wconf 90' lang='lat' dir='ltr'>per-</span> 
     </span>
     <span class='ocr_line' id='line_1_13' title="bbox 224 724 1841 771; baseline -0.002 -7"><span class='ocrx_word' id='word_1_122' title='bbox 224 728 371 764; x_wconf 86' lang='lat' dir='ltr'>fectum</span> <span class='ocrx_word' id='word_1_123' title='bbox 393 730 444 762; x_wconf 66' lang='lat' dir='ltr'>sit</span> <span class='ocrx_word' id='word_1_124' title='bbox 464 725 566 763; x_wconf 88' lang='lat' dir='ltr'>sicut</span> <span class='ocrx_word' id='word_1_125' title='bbox 587 734 676 762; x_wconf 88' lang='lat' dir='ltr'>esse</span> <span class='ocrx_word' id='word_1_126' title='bbox 697 724 888 770; x_wconf 91' lang='lat' dir='ltr'>divinum,</span> <span class='ocrx_word' id='word_1_127' title='bbox 910 733 983 761; x_wconf 90' lang='lat' dir='ltr'>nec</span> <span class='ocrx_word' id='word_1_128' title='bbox 1003 724 1173 770; x_wconf 86' lang='lat' dir='ltr'>alicujus</span> <span class='ocrx_word' id='word_1_129' title='bbox 1189 725 1366 771; x_wconf 87' lang='lat' dir='ltr'>operatio</span> <span class='ocrx_word' id='word_1_130' title='bbox 1381 725 1613 770; x_wconf 88' lang='lat' dir='ltr'>possitesse</span> <span class='ocrx_word' id='word_1_131' title='bbox 1630 725 1841 770; x_wconf 80' lang='lat' dir='ltr'>perfectior</span> 
     </span>
     <span class='ocr_line' id='line_1_14' title="bbox 223 771 1839 821; baseline -0.001 -10"><span class='ocrx_word' id='word_1_132' title='bbox 223 783 342 821; x_wconf 89' lang='lat' dir='ltr'>quam</span> <span class='ocrx_word' id='word_1_133' title='bbox 363 783 436 810; x_wconf 67' lang='lat' dir='ltr'>suat</span> <span class='ocrx_word' id='word_1_134' title='bbox 457 772 694 810; x_wconf 85' lang='lat' dir='ltr'>substantia.</span> <span class='ocrx_word' id='word_1_135' title='bbox 715 773 794 809; x_wconf 90' lang='lat' dir='ltr'>Nec</span> <span class='ocrx_word' id='word_1_136' title='bbox 812 775 872 809; x_wconf 88' lang='lat' dir='ltr'>est</span> <span class='ocrx_word' id='word_1_137' title='bbox 903 771 1049 818; x_wconf 87' lang='lat' dir='ltr'>aliquis</span> <span class='ocrx_word' id='word_1_138' title='bbox 1079 771 1182 809; x_wconf 88' lang='lat' dir='ltr'>alius</span> <span class='ocrx_word' id='word_1_139' title='bbox 1213 772 1440 809; x_wconf 88' lang='lat' dir='ltr'>intellectus</span> <span class='ocrx_word' id='word_1_140' title='bbox 1459 772 1527 818; x_wconf 89' lang='lat' dir='ltr'>qui</span> <span class='ocrx_word' id='word_1_141' title='bbox 1549 771 1698 816; x_wconf 87' lang='lat' dir='ltr'>omnia,</span> <span class='ocrx_word' id='word_1_142' title='bbox 1721 771 1839 809; x_wconf 89' lang='lat' dir='ltr'>etiam</span> 
     </span>
     <span class='ocr_line' id='line_1_15' title="bbox 223 818 1839 867; baseline -0.001 -9"><span class='ocrx_word' id='word_1_143' title='bbox 223 830 311 867; x_wconf 86' lang='lat' dir='ltr'>quae</span> <span class='ocrx_word' id='word_1_144' title='bbox 333 822 436 858; x_wconf 90' lang='lat' dir='ltr'>Deus</span> <span class='ocrx_word' id='word_1_145' title='bbox 468 820 598 857; x_wconf 87' lang='lat' dir='ltr'>facere</span> <span class='ocrx_word' id='word_1_146' title='bbox 618 821 761 865; x_wconf 92' lang='lat' dir='ltr'>potest,</span> <span class='ocrx_word' id='word_1_147' title='bbox 781 822 1011 865; x_wconf 85' lang='lat' dir='ltr'>cognoscat,</span> <span class='ocrx_word' id='word_1_148' title='bbox 1035 818 1128 865; x_wconf 88' lang='lat' dir='ltr'>quia</span> <span class='ocrx_word' id='word_1_149' title='bbox 1148 819 1206 856; x_wconf 87' lang='lat' dir='ltr'>sic</span> <span class='ocrx_word' id='word_1_150' title='bbox 1227 818 1401 856; x_wconf 86' lang='lat' dir='ltr'>divinam</span> <span class='ocrx_word' id='word_1_151' title='bbox 1422 818 1639 865; x_wconf 86' lang='lat' dir='ltr'>potentiam</span> <span class='ocrx_word' id='word_1_152' title='bbox 1661 826 1839 864; x_wconf 86' lang='lat' dir='ltr'>compre-</span> 
     </span>
     <span class='ocr_line' id='line_1_16' title="bbox 224 865 1841 912; baseline -0.002 -7"><span class='ocrx_word' id='word_1_153' title='bbox 224 867 426 906; x_wconf 88' lang='lat' dir='ltr'>henderet.</span> <span class='ocrx_word' id='word_1_154' title='bbox 447 866 518 903; x_wconf 88' lang='lat' dir='ltr'>Illa</span> <span class='ocrx_word' id='word_1_155' title='bbox 539 866 670 906; x_wconf 88' lang='lat' dir='ltr'>etiam,</span> <span class='ocrx_word' id='word_1_156' title='bbox 693 875 780 912; x_wconf 86' lang='lat' dir='ltr'>quae</span> <span class='ocrx_word' id='word_1_157' title='bbox 811 865 1036 902; x_wconf 88' lang='lat' dir='ltr'>intellectus</span> <span class='ocrx_word' id='word_1_158' title='bbox 1054 866 1158 902; x_wconf 91' lang='lat' dir='ltr'>alius</span> <span class='ocrx_word' id='word_1_159' title='bbox 1186 866 1408 912; x_wconf 81' lang='lat' dir='ltr'>cognoscit,</span> <span class='ocrx_word' id='word_1_160' title='bbox 1438 874 1520 903; x_wconf 89' lang='lat' dir='ltr'>non</span> <span class='ocrx_word' id='word_1_161' title='bbox 1540 865 1676 902; x_wconf 86' lang='lat' dir='ltr'>omnia</span> <span class='ocrx_word' id='word_1_162' title='bbox 1704 874 1785 902; x_wconf 88' lang='lat' dir='ltr'>una</span> <span class='ocrx_word' id='word_1_163' title='bbox 1803 867 1841 902; x_wconf 88' lang='lat' dir='ltr'>et</span> 
     </span>
     <span class='ocr_line' id='line_1_17' title="bbox 223 911 1842 999; baseline -0.001 -48"><span class='ocrx_word' id='word_1_164' title='bbox 223 914 362 999; x_wconf 55' lang='lat' dir='ltr'>{adem</span> <span class='ocrx_word' id='word_1_165' title='bbox 392 913 622 960; x_wconf 82' lang='lat' dir='ltr'>operatione</span> <span class='ocrx_word' id='word_1_166' title='bbox 643 912 863 959; x_wconf 83' lang='lat' dir='ltr'>cognoscit.</span> <span class='ocrx_word' id='word_1_167' title='bbox 894 913 1261 959; x_wconf 87' lang='lat' dir='ltr'>Incomparabiliter</span> <span class='ocrx_word' id='word_1_168' title='bbox 1291 913 1413 960; x_wconf 87' lang='lat' dir='ltr'>igitur</span> <span class='ocrx_word' id='word_1_169' title='bbox 1433 914 1538 950; x_wconf 88' lang='lat' dir='ltr'>Deus</span> <span class='ocrx_word' id='word_1_170' title='bbox 1564 921 1685 960; x_wconf 88' lang='lat' dir='ltr'>super</span> <span class='ocrx_word' id='word_1_171' title='bbox 1704 911 1842 950; x_wconf 83' lang='lat' dir='ltr'>omnia</span> 
     </span>
    </p>

    <p class='ocr_par' dir='ltr' id='par_1_4' title="bbox 253 965 458 999">
     <span class='ocr_line' id='line_1_18' title="bbox 253 965 458 999; baseline -0.01 0"><span class='ocrx_word' id='word_1_172' title='bbox 253 965 364 999; x_wconf 84' lang='lat' dir='ltr'>catus</span> <span class='ocrx_word' id='word_1_173' title='bbox 385 965 458 998; x_wconf 88' lang='lat' dir='ltr'>est.</span> 
     </span>
    </p>

    <p class='ocr_par' dir='ltr' id='par_1_5' title="bbox 218 1006 1842 1429">
     <span class='ocr_line' id='line_1_19' title="bbox 270 1006 1842 1059; baseline -0.001 -15"><span class='ocrx_word' id='word_1_174' title='bbox 270 1009 370 1049; x_wconf 82' lang='lat' dir='ltr'>Item,</span> <span class='ocrx_word' id='word_1_175' title='bbox 392 1011 541 1054; x_wconf 89' lang='lat' dir='ltr'>quanto</span> <span class='ocrx_word' id='word_1_176' title='bbox 558 1006 709 1053; x_wconf 86' lang='lat' dir='ltr'>aliquid</span> <span class='ocrx_word' id='word_1_177' title='bbox 728 1006 858 1052; x_wconf 81' lang='lat' dir='ltr'>magis</span> <span class='ocrx_word' id='word_1_178' title='bbox 877 1006 1032 1044; x_wconf 89' lang='lat' dir='ltr'>unitum</span> <span class='ocrx_word' id='word_1_179' title='bbox 1053 1010 1127 1053; x_wconf 91' lang='lat' dir='ltr'>est,</span> <span class='ocrx_word' id='word_1_180' title='bbox 1142 1011 1252 1045; x_wconf 85' lang='lat' dir='ltr'>tanto</span> <span class='ocrx_word' id='word_1_181' title='bbox 1273 1006 1360 1054; x_wconf 89' lang='lat' dir='ltr'>ejus</span> <span class='ocrx_word' id='word_1_182' title='bbox 1380 1007 1504 1044; x_wconf 87' lang='lat' dir='ltr'>virtus</span> <span class='ocrx_word' id='word_1_183' title='bbox 1525 1010 1563 1043; x_wconf 89' lang='lat' dir='ltr'>et</span> <span class='ocrx_word' id='word_1_184' title='bbox 1580 1006 1741 1044; x_wconf 78' lang='lat' dir='ltr'>bonitas</span> <span class='ocrx_word' id='word_1_185' title='bbox 1756 1014 1842 1059; x_wconf 64' lang='lat' dir='ltr'>per·</span> 
     </span>
     <span class='ocr_line' id='line_1_20' title="bbox 226 1053 1839 1100; baseline -0.001 -8"><span class='ocrx_word' id='word_1_186' title='bbox 226 1055 365 1092; x_wconf 87' lang='lat' dir='ltr'>fectior</span> <span class='ocrx_word' id='word_1_187' title='bbox 384 1058 457 1092; x_wconf 84' lang='lat' dir='ltr'>est.</span> <span class='ocrx_word' id='word_1_188' title='bbox 477 1055 659 1099; x_wconf 77' lang='lat' dir='ltr'>Operatio</span> <span class='ocrx_word' id='word_1_189' title='bbox 677 1057 807 1091; x_wconf 88' lang='lat' dir='ltr'>autem</span> <span class='ocrx_word' id='word_1_190' title='bbox 826 1053 1054 1092; x_wconf 89' lang='lat' dir='ltr'>successiva</span> <span class='ocrx_word' id='word_1_191' title='bbox 1069 1055 1289 1092; x_wconf 88' lang='lat' dir='ltr'>secundum</span> <span class='ocrx_word' id='word_1_192' title='bbox 1305 1054 1482 1091; x_wconf 86' lang='lat' dir='ltr'>diversas</span> <span class='ocrx_word' id='word_1_193' title='bbox 1497 1056 1627 1100; x_wconf 88' lang='lat' dir='ltr'>partes</span> <span class='ocrx_word' id='word_1_194' title='bbox 1648 1057 1839 1099; x_wconf 84' lang='lat' dir='ltr'>temporis</span> 
     </span>
     <span class='ocr_line' id='line_1_21' title="bbox 226 1099 1839 1147; baseline -0.002 -8"><span class='ocrx_word' id='word_1_195' title='bbox 226 1102 425 1139; x_wconf 89' lang='lat' dir='ltr'>dividitur.</span> <span class='ocrx_word' id='word_1_196' title='bbox 448 1101 563 1138; x_wconf 88' lang='lat' dir='ltr'>Nullo</span> <span class='ocrx_word' id='word_1_197' title='bbox 584 1101 704 1147; x_wconf 89' lang='lat' dir='ltr'>igitur</span> <span class='ocrx_word' id='word_1_198' title='bbox 731 1100 850 1137; x_wconf 91' lang='lat' dir='ltr'>modo</span> <span class='ocrx_word' id='word_1_199' title='bbox 871 1100 956 1146; x_wconf 87' lang='lat' dir='ltr'>ejus</span> <span class='ocrx_word' id='word_1_200' title='bbox 988 1101 1177 1146; x_wconf 75' lang='lat' dir='ltr'>perfectio</span> <span class='ocrx_word' id='word_1_201' title='bbox 1206 1105 1335 1147; x_wconf 86' lang='lat' dir='ltr'>potest</span> <span class='ocrx_word' id='word_1_202' title='bbox 1364 1101 1584 1147; x_wconf 85' lang='lat' dir='ltr'>comparari</span> <span class='ocrx_word' id='word_1_203' title='bbox 1604 1099 1839 1146; x_wconf 84' lang='lat' dir='ltr'>perfectioni</span> 
     </span>
     <span class='ocr_line' id='line_1_22' title="bbox 226 1147 1839 1195; baseline -0.002 -8"><span class='ocrx_word' id='word_1_204' title='bbox 226 1149 470 1195; x_wconf 82' lang='lat' dir='ltr'>operationis</span> <span class='ocrx_word' id='word_1_205' title='bbox 491 1157 577 1194; x_wconf 84' lang='lat' dir='ltr'>quae</span> <span class='ocrx_word' id='word_1_206' title='bbox 598 1151 658 1184; x_wconf 89' lang='lat' dir='ltr'>est</span> <span class='ocrx_word' id='word_1_207' title='bbox 686 1147 835 1193; x_wconf 86' lang='lat' dir='ltr'>absque</span> <span class='ocrx_word' id='word_1_208' title='bbox 857 1148 1116 1185; x_wconf 89' lang='lat' dir='ltr'>successione</span> <span class='ocrx_word' id='word_1_209' title='bbox 1144 1152 1226 1186; x_wconf 88' lang='lat' dir='ltr'>tota</span> <span class='ocrx_word' id='word_1_210' title='bbox 1247 1148 1365 1185; x_wconf 90' lang='lat' dir='ltr'>simul</span> <span class='ocrx_word' id='word_1_211' title='bbox 1384 1160 1393 1193; x_wconf 93' lang='lat'>;</span> <span class='ocrx_word' id='word_1_212' title='bbox 1426 1152 1464 1186; x_wconf 91' lang='lat' dir='ltr'>et</span> <span class='ocrx_word' id='word_1_213' title='bbox 1484 1147 1680 1194; x_wconf 77' lang='lat' dir='ltr'>praecipue</span> <span class='ocrx_word' id='word_1_214' title='bbox 1702 1147 1736 1183; x_wconf 83' lang='lat' dir='ltr'>si</span> <span class='ocrx_word' id='word_1_215' title='bbox 1757 1155 1839 1184; x_wconf 91' lang='lat' dir='ltr'>non</span> 
     </span>
     <span class='ocr_line' id='line_1_23' title="bbox 225 1194 1839 1240; baseline -0.002 -7"><span class='ocrx_word' id='word_1_216' title='bbox 225 1196 268 1233; x_wconf 91' lang='lat' dir='ltr'>in</span> <span class='ocrx_word' id='word_1_217' title='bbox 288 1199 489 1233; x_wconf 87' lang='lat' dir='ltr'>momento</span> <span class='ocrx_word' id='word_1_218' title='bbox 509 1198 697 1239; x_wconf 87' lang='lat' dir='ltr'>transeat,</span> <span class='ocrx_word' id='word_1_219' title='bbox 714 1195 782 1231; x_wconf 89' lang='lat' dir='ltr'>sed</span> <span class='ocrx_word' id='word_1_220' title='bbox 803 1194 844 1230; x_wconf 90' lang='lat' dir='ltr'>in</span> <span class='ocrx_word' id='word_1_221' title='bbox 859 1198 1049 1232; x_wconf 85' lang='lat' dir='ltr'>aeternum</span> <span class='ocrx_word' id='word_1_222' title='bbox 1071 1199 1241 1232; x_wconf 84' lang='lat' dir='ltr'>maneat.</span> <span class='ocrx_word' id='word_1_223' title='bbox 1261 1195 1444 1232; x_wconf 87' lang='lat' dir='ltr'>Divinum</span> <span class='ocrx_word' id='word_1_224' title='bbox 1464 1198 1595 1232; x_wconf 89' lang='lat' dir='ltr'>autem</span> <span class='ocrx_word' id='word_1_225' title='bbox 1617 1194 1839 1240; x_wconf 87' lang='lat' dir='ltr'>intelligere</span> 
     </span>
     <span class='ocr_line' id='line_1_24' title="bbox 227 1241 1839 1289; baseline -0.002 -9"><span class='ocrx_word' id='word_1_226' title='bbox 227 1246 288 1280; x_wconf 91' lang='lat' dir='ltr'>est</span> <span class='ocrx_word' id='word_1_227' title='bbox 307 1243 456 1289; x_wconf 85' lang='lat' dir='ltr'>absque</span> <span class='ocrx_word' id='word_1_228' title='bbox 475 1241 733 1278; x_wconf 85' lang='lat' dir='ltr'>successione</span> <span class='ocrx_word' id='word_1_229' title='bbox 754 1244 881 1278; x_wconf 90' lang='lat' dir='ltr'>totum</span> <span class='ocrx_word' id='word_1_230' title='bbox 897 1241 1016 1279; x_wconf 90' lang='lat' dir='ltr'>simul</span> <span class='ocrx_word' id='word_1_231' title='bbox 1032 1242 1269 1279; x_wconf 82' lang='lat' dir='ltr'>aeternaliter</span> <span class='ocrx_word' id='word_1_232' title='bbox 1284 1242 1459 1280; x_wconf 77' lang='lat' dir='ltr'>existens</span> <span class='ocrx_word' id='word_1_233' title='bbox 1476 1254 1484 1286; x_wconf 94' lang='lat'>;</span> <span class='ocrx_word' id='word_1_234' title='bbox 1508 1245 1689 1279; x_wconf 82' lang='lat' dir='ltr'>nostrum</span> <span class='ocrx_word' id='word_1_235' title='bbox 1706 1245 1839 1278; x_wconf 85' lang='lat' dir='ltr'>autem</span> 
     </span>
     <span class='ocr_line' id='line_1_25' title="bbox 226 1288 1836 1336; baseline -0.001 -10"><span class='ocrx_word' id='word_1_236' title='bbox 226 1290 448 1336; x_wconf 87' lang='lat' dir='ltr'>intelligere</span> <span class='ocrx_word' id='word_1_237' title='bbox 469 1288 766 1326; x_wconf 87' lang='lat' dir='ltr'>successionem</span> <span class='ocrx_word' id='word_1_238' title='bbox 794 1288 924 1333; x_wconf 86' lang='lat' dir='ltr'>babet,</span> <span class='ocrx_word' id='word_1_239' title='bbox 951 1289 993 1325; x_wconf 89' lang='lat' dir='ltr'>in</span> <span class='ocrx_word' id='word_1_240' title='bbox 1013 1293 1203 1335; x_wconf 85' lang='lat' dir='ltr'>quantum</span> <span class='ocrx_word' id='word_1_241' title='bbox 1226 1289 1456 1336; x_wconf 87' lang='lat' dir='ltr'>adjungitur</span> <span class='ocrx_word' id='word_1_242' title='bbox 1475 1289 1525 1333; x_wconf 88' lang='lat' dir='ltr'>ei,</span> <span class='ocrx_word' id='word_1_243' title='bbox 1547 1298 1616 1335; x_wconf 86' lang='lat' dir='ltr'>per</span> <span class='ocrx_word' id='word_1_244' title='bbox 1635 1288 1836 1333; x_wconf 90' lang='lat' dir='ltr'>accidens,</span> 
     </span>
     <span class='ocr_line' id='line_1_26' title="bbox 218 1334 1838 1381; baseline -0.001 -7"><span class='ocrx_word' id='word_1_245' title='bbox 218 1337 460 1374; x_wconf 60' lang='lat' dir='ltr'>&gt;continuum</span> <span class='ocrx_word' id='word_1_246' title='bbox 493 1340 530 1372; x_wconf 89' lang='lat' dir='ltr'>et</span> <span class='ocrx_word' id='word_1_247' title='bbox 549 1339 718 1381; x_wconf 89' lang='lat' dir='ltr'>tempus.</span> <span class='ocrx_word' id='word_1_248' title='bbox 751 1334 891 1379; x_wconf 69' lang='lat' dir='ltr'>Divina</span> <span class='ocrx_word' id='word_1_249' title='bbox 915 1335 1036 1381; x_wconf 85' lang='lat' dir='ltr'>igitur</span> <span class='ocrx_word' id='word_1_250' title='bbox 1064 1335 1266 1374; x_wconf 85' lang='lat' dir='ltr'>beatitudo</span> <span class='ocrx_word' id='word_1_251' title='bbox 1286 1336 1327 1373; x_wconf 90' lang='lat' dir='ltr'>in</span> <span class='ocrx_word' id='word_1_252' title='bbox 1358 1335 1558 1373; x_wconf 85' lang='lat' dir='ltr'>infinitum</span> <span class='ocrx_word' id='word_1_253' title='bbox 1592 1335 1746 1373; x_wconf 84' lang='lat' dir='ltr'>excedit</span> <span class='ocrx_word' id='word_1_254' title='bbox 1764 1335 1838 1372; x_wconf 91' lang='lat' dir='ltr'>hu-</span> 
     </span>
     <span class='ocr_line' id='line_1_27' title="bbox 225 1382 1625 1429; baseline -0.001 -9"><span class='ocrx_word' id='word_1_255' title='bbox 225 1391 401 1428; x_wconf 87' lang='lat' dir='ltr'>manam,</span> <span class='ocrx_word' id='word_1_256' title='bbox 423 1383 527 1420; x_wconf 86' lang='lat' dir='ltr'>sicut</span> <span class='ocrx_word' id='word_1_257' title='bbox 546 1382 700 1419; x_wconf 83' lang='lat' dir='ltr'>duratio</span> <span class='ocrx_word' id='word_1_258' title='bbox 721 1382 951 1418; x_wconf 82' lang='lat' dir='ltr'>aeternitatis</span> <span class='ocrx_word' id='word_1_259' title='bbox 972 1383 1124 1419; x_wconf 78' lang='lat' dir='ltr'>excedit</span> <span class='ocrx_word' id='word_1_260' title='bbox 1144 1392 1250 1420; x_wconf 91' lang='lat' dir='ltr'>nunc</span> <span class='ocrx_word' id='word_1_261' title='bbox 1271 1384 1461 1429; x_wconf 89' lang='lat' dir='ltr'>temporis</span> <span class='ocrx_word' id='word_1_262' title='bbox 1481 1382 1625 1420; x_wconf 87' lang='lat' dir='ltr'>fluens.</span> 
     </span>
    </p>

    <p class='ocr_par' dir='ltr' id='par_1_6' title="bbox 223 1429 1842 1664">
     <span class='ocr_line' id='line_1_28' title="bbox 272 1429 1838 1477; baseline 0.001 -11"><span class='ocrx_word' id='word_1_263' title='bbox 272 1431 416 1470; x_wconf 80' lang='lat' dir='ltr'>Adhuc,</span> <span class='ocrx_word' id='word_1_264' title='bbox 445 1430 623 1475; x_wconf 79' lang='lat' dir='ltr'>fatigatio</span> <span class='ocrx_word' id='word_1_265' title='bbox 656 1432 693 1466; x_wconf 89' lang='lat' dir='ltr'>et</span> <span class='ocrx_word' id='word_1_266' title='bbox 713 1429 995 1474; x_wconf 85' lang='lat' dir='ltr'>occupationes</span> <span class='ocrx_word' id='word_1_267' title='bbox 1015 1430 1147 1475; x_wconf 85' lang='lat' dir='ltr'>variae‚</span> <span class='ocrx_word' id='word_1_268' title='bbox 1167 1431 1311 1477; x_wconf 88' lang='lat' dir='ltr'>quibus</span> <span class='ocrx_word' id='word_1_269' title='bbox 1331 1439 1495 1467; x_wconf 88' lang='lat' dir='ltr'>necesse</span> <span class='ocrx_word' id='word_1_270' title='bbox 1516 1433 1575 1467; x_wconf 85' lang='lat' dir='ltr'>est</span> <span class='ocrx_word' id='word_1_271' title='bbox 1597 1429 1838 1475; x_wconf 84' lang='lat' dir='ltr'>contempla-</span> 
     </span>
     <span class='ocr_line' id='line_1_29' title="bbox 223 1475 1842 1524; baseline -0.001 -10"><span class='ocrx_word' id='word_1_272' title='bbox 223 1476 376 1514; x_wconf 79' lang='lat' dir='ltr'>tionem</span> <span class='ocrx_word' id='word_1_273' title='bbox 396 1480 574 1514; x_wconf 89' lang='lat' dir='ltr'>nostram</span> <span class='ocrx_word' id='word_1_274' title='bbox 593 1476 635 1513; x_wconf 91' lang='lat' dir='ltr'>in</span> <span class='ocrx_word' id='word_1_275' title='bbox 650 1475 724 1514; x_wconf 83' lang='lat' dir='ltr'>hac</span> <span class='ocrx_word' id='word_1_276' title='bbox 737 1476 815 1512; x_wconf 89' lang='lat' dir='ltr'>vita</span> <span class='ocrx_word' id='word_1_277' title='bbox 835 1476 1064 1521; x_wconf 88' lang='lat' dir='ltr'>interpolari</span> <span class='ocrx_word' id='word_1_278' title='bbox 1078 1476 1134 1523; x_wconf 91' lang='lat' dir='ltr'>(in</span> <span class='ocrx_word' id='word_1_279' title='bbox 1149 1487 1227 1524; x_wconf 88' lang='lat' dir='ltr'>qua</span> <span class='ocrx_word' id='word_1_280' title='bbox 1241 1477 1426 1515; x_wconf 87' lang='lat' dir='ltr'>consistit</span> <span class='ocrx_word' id='word_1_281' title='bbox 1446 1477 1641 1523; x_wconf 81' lang='lat' dir='ltr'>praecipue</span> <span class='ocrx_word' id='word_1_282' title='bbox 1664 1476 1842 1514; x_wconf 85' lang='lat' dir='ltr'>bumana</span> 
     </span>
     <span class='ocr_line' id='line_1_30' title="bbox 226 1523 1839 1570; baseline -0.001 -9"><span class='ocrx_word' id='word_1_283' title='bbox 226 1523 410 1568; x_wconf 85' lang='lat' dir='ltr'>felicitas,</span> <span class='ocrx_word' id='word_1_284' title='bbox 433 1523 468 1560; x_wconf 88' lang='lat' dir='ltr'>si</span> <span class='ocrx_word' id='word_1_285' title='bbox 490 1532 566 1570; x_wconf 88' lang='lat' dir='ltr'>qua</span> <span class='ocrx_word' id='word_1_286' title='bbox 596 1526 657 1560; x_wconf 90' lang='lat' dir='ltr'>est</span> <span class='ocrx_word' id='word_1_287' title='bbox 686 1523 895 1569; x_wconf 87' lang='lat' dir='ltr'>praesentis</span> <span class='ocrx_word' id='word_1_288' title='bbox 914 1523 1033 1570; x_wconf 84' lang='lat' dir='ltr'>vitae),</span> <span class='ocrx_word' id='word_1_289' title='bbox 1064 1527 1102 1560; x_wconf 90' lang='lat' dir='ltr'>et</span> <span class='ocrx_word' id='word_1_290' title='bbox 1120 1533 1275 1561; x_wconf 89' lang='lat' dir='ltr'>errores</span> <span class='ocrx_word' id='word_1_291' title='bbox 1307 1528 1344 1560; x_wconf 91' lang='lat' dir='ltr'>et</span> <span class='ocrx_word' id='word_1_292' title='bbox 1374 1523 1642 1561; x_wconf 89' lang='lat' dir='ltr'>dubitationes</span> <span class='ocrx_word' id='word_1_293' title='bbox 1662 1527 1701 1560; x_wconf 91' lang='lat' dir='ltr'>et</span> <span class='ocrx_word' id='word_1_294' title='bbox 1719 1531 1839 1561; x_wconf 84' lang='lat' dir='ltr'>casus</span> 
     </span>
     <span class='ocr_line' id='line_1_31' title="bbox 224 1569 1839 1617; baseline 0 -10"><span class='ocrx_word' id='word_1_295' title='bbox 224 1571 338 1616; x_wconf 83' lang='lat' dir='ltr'>varii,</span> <span class='ocrx_word' id='word_1_296' title='bbox 361 1570 507 1617; x_wconf 87' lang='lat' dir='ltr'>quibus</span> <span class='ocrx_word' id='word_1_297' title='bbox 527 1569 704 1616; x_wconf 90' lang='lat' dir='ltr'>subjacet</span> <span class='ocrx_word' id='word_1_298' title='bbox 735 1579 911 1615; x_wconf 83' lang='lat' dir='ltr'>praesens</span> <span class='ocrx_word' id='word_1_299' title='bbox 939 1570 1033 1614; x_wconf 87' lang='lat' dir='ltr'>vita,</span> <span class='ocrx_word' id='word_1_300' title='bbox 1064 1571 1279 1608; x_wconf 90' lang='lat' dir='ltr'>ostendunt</span> <span class='ocrx_word' id='word_1_301' title='bbox 1299 1571 1464 1609; x_wconf 89' lang='lat' dir='ltr'>omnino</span> <span class='ocrx_word' id='word_1_302' title='bbox 1485 1569 1839 1616; x_wconf 84' lang='lat' dir='ltr'>incomparabilem</span> 
     </span>
     <span class='ocr_line' id='line_1_32' title="bbox 227 1617 1725 1664; baseline 0 -9"><span class='ocrx_word' id='word_1_303' title='bbox 227 1626 317 1656; x_wconf 89' lang='lat' dir='ltr'>esse</span> <span class='ocrx_word' id='word_1_304' title='bbox 342 1617 557 1655; x_wconf 87' lang='lat' dir='ltr'>humanam</span> <span class='ocrx_word' id='word_1_305' title='bbox 576 1617 817 1660; x_wconf 83' lang='lat' dir='ltr'>felicitatem,</span> <span class='ocrx_word' id='word_1_306' title='bbox 839 1617 1035 1663; x_wconf 84' lang='lat' dir='ltr'>praecipue</span> <span class='ocrx_word' id='word_1_307' title='bbox 1054 1617 1172 1664; x_wconf 87' lang='lat' dir='ltr'>hujus</span> <span class='ocrx_word' id='word_1_308' title='bbox 1192 1618 1292 1658; x_wconf 88' lang='lat' dir='ltr'>vitae,</span> <span class='ocrx_word' id='word_1_309' title='bbox 1316 1618 1458 1656; x_wconf 85' lang='lat' dir='ltr'>divinae</span> <span class='ocrx_word' id='word_1_310' title='bbox 1475 1617 1725 1655; x_wconf 86' lang='lat' dir='ltr'>beatitudini.</span> 
     </span>
    </p>

    <p class='ocr_par' dir='ltr' id='par_1_7' title="bbox 223 1663 1844 2325">
     <span class='ocr_line' id='line_1_33' title="bbox 271 1663 1839 1711; baseline 0.001 -10"><span class='ocrx_word' id='word_1_311' title='bbox 271 1665 455 1710; x_wconf 80' lang='lat' dir='ltr'>Amplius,</span> <span class='ocrx_word' id='word_1_312' title='bbox 477 1663 665 1709; x_wconf 85' lang='lat' dir='ltr'>perfectio</span> <span class='ocrx_word' id='word_1_313' title='bbox 691 1663 834 1701; x_wconf 87' lang='lat' dir='ltr'>divinae</span> <span class='ocrx_word' id='word_1_314' title='bbox 864 1664 1122 1702; x_wconf 90' lang='lat' dir='ltr'>beatitudinis</span> <span class='ocrx_word' id='word_1_315' title='bbox 1143 1666 1386 1703; x_wconf 87' lang='lat' dir='ltr'>considerari</span> <span class='ocrx_word' id='word_1_316' title='bbox 1407 1669 1537 1711; x_wconf 88' lang='lat' dir='ltr'>potest</span> <span class='ocrx_word' id='word_1_317' title='bbox 1560 1675 1607 1702; x_wconf 80' lang='lat' dir='ltr'>ex</span> <span class='ocrx_word' id='word_1_318' title='bbox 1635 1665 1712 1702; x_wconf 86' lang='lat' dir='ltr'>boc</span> <span class='ocrx_word' id='word_1_319' title='bbox 1731 1663 1839 1711; x_wconf 86' lang='lat' dir='ltr'>quod</span> 
     </span>
     <span class='ocr_line' id='line_1_34' title="bbox 223 1711 1839 1758; baseline -0.001 -9"><span class='ocrx_word' id='word_1_320' title='bbox 223 1719 367 1749; x_wconf 90' lang='lat' dir='ltr'>omnes</span> <span class='ocrx_word' id='word_1_321' title='bbox 386 1711 650 1749; x_wconf 87' lang='lat' dir='ltr'>beatitudines</span> <span class='ocrx_word' id='word_1_322' title='bbox 670 1711 944 1755; x_wconf 89' lang='lat' dir='ltr'>complectitur</span> <span class='ocrx_word' id='word_1_323' title='bbox 975 1712 1194 1749; x_wconf 90' lang='lat' dir='ltr'>secundum</span> <span class='ocrx_word' id='word_1_324' title='bbox 1216 1712 1549 1758; x_wconf 88' lang='lat' dir='ltr'>perfectissimum</span> <span class='ocrx_word' id='word_1_325' title='bbox 1576 1711 1738 1749; x_wconf 89' lang='lat' dir='ltr'>modum</span> <span class='ocrx_word' id='word_1_326' title='bbox 1757 1723 1768 1754; x_wconf 76' lang='grc' dir='ltr'><strong><em>ς</em></strong></span> <span class='ocrx_word' id='word_1_327' title='bbox 1789 1711 1839 1749; x_wconf 90' lang='lat' dir='ltr'>de</span> 
     </span>
     <span class='ocr_line' id='line_1_35' title="bbox 227 1757 1838 1805; baseline 0 -10"><span class='ocrx_word' id='word_1_328' title='bbox 227 1758 532 1804; x_wconf 88' lang='lat' dir='ltr'>contemplativa</span> <span class='ocrx_word' id='word_1_329' title='bbox 565 1758 724 1804; x_wconf 90' lang='lat' dir='ltr'>quidem</span> <span class='ocrx_word' id='word_1_330' title='bbox 756 1757 955 1802; x_wconf 82' lang='lat' dir='ltr'>felicitate,</span> <span class='ocrx_word' id='word_1_331' title='bbox 996 1758 1113 1795; x_wconf 86' lang='lat' dir='ltr'>habet</span> <span class='ocrx_word' id='word_1_332' title='bbox 1140 1760 1471 1805; x_wconf 86' lang='lat' dir='ltr'>perfectissimam</span> <span class='ocrx_word' id='word_1_333' title='bbox 1504 1760 1566 1797; x_wconf 87' lang='lat' dir='ltr'>sui</span> <span class='ocrx_word' id='word_1_334' title='bbox 1599 1762 1638 1796; x_wconf 90' lang='lat' dir='ltr'>et</span> <span class='ocrx_word' id='word_1_335' title='bbox 1666 1759 1838 1796; x_wconf 92' lang='lat' dir='ltr'>aliorum</span> 
     </span>
     <span class='ocr_line' id='line_1_36' title="bbox 226 1804 1838 1851; baseline 0 -10"><span class='ocrx_word' id='word_1_336' title='bbox 226 1809 453 1850; x_wconf 87' lang='lat' dir='ltr'>perpetuam</span> <span class='ocrx_word' id='word_1_337' title='bbox 474 1804 859 1848; x_wconf 88' lang='lat' dir='ltr'>considerationem;</span> <span class='ocrx_word' id='word_1_338' title='bbox 889 1804 937 1842; x_wconf 90' lang='lat' dir='ltr'>de</span> <span class='ocrx_word' id='word_1_339' title='bbox 957 1805 1084 1842; x_wconf 88' lang='lat' dir='ltr'>activa</span> <span class='ocrx_word' id='word_1_340' title='bbox 1101 1815 1195 1843; x_wconf 90' lang='lat' dir='ltr'>vero</span> <span class='ocrx_word' id='word_1_341' title='bbox 1215 1806 1306 1851; x_wconf 85' lang='lat' dir='ltr'>vita,</span> <span class='ocrx_word' id='word_1_342' title='bbox 1328 1815 1409 1844; x_wconf 87' lang='lat' dir='ltr'>non</span> <span class='ocrx_word' id='word_1_343' title='bbox 1430 1806 1550 1844; x_wconf 92' lang='lat' dir='ltr'>unius</span> <span class='ocrx_word' id='word_1_344' title='bbox 1571 1805 1749 1843; x_wconf 91' lang='lat' dir='ltr'>hominis</span> <span class='ocrx_word' id='word_1_345' title='bbox 1769 1808 1838 1842; x_wconf 89' lang='lat' dir='ltr'>aut</span> 
     </span>
     <span class='ocr_line' id='line_1_37' title="bbox 228 1851 1842 1899; baseline 0 -11"><span class='ocrx_word' id='word_1_346' title='bbox 228 1851 384 1895; x_wconf 87' lang='lat' dir='ltr'>domus,</span> <span class='ocrx_word' id='word_1_347' title='bbox 400 1855 467 1888; x_wconf 84' lang='lat' dir='ltr'>ant</span> <span class='ocrx_word' id='word_1_348' title='bbox 485 1851 669 1895; x_wconf 85' lang='lat' dir='ltr'>civitatis,</span> <span class='ocrx_word' id='word_1_349' title='bbox 684 1855 752 1888; x_wconf 90' lang='lat' dir='ltr'>aut</span> <span class='ocrx_word' id='word_1_350' title='bbox 771 1851 896 1898; x_wconf 90' lang='lat' dir='ltr'>regni,</span> <span class='ocrx_word' id='word_1_351' title='bbox 918 1851 988 1888; x_wconf 89' lang='lat' dir='ltr'>sed</span> <span class='ocrx_word' id='word_1_352' title='bbox 1014 1853 1136 1890; x_wconf 90' lang='lat' dir='ltr'>totius</span> <span class='ocrx_word' id='word_1_353' title='bbox 1158 1853 1332 1890; x_wconf 90' lang='lat' dir='ltr'>universi</span> <span class='ocrx_word' id='word_1_354' title='bbox 1353 1852 1697 1899; x_wconf 83' lang='lat' dir='ltr'>gubernationem.</span> <span class='ocrx_word' id='word_1_355' title='bbox 1725 1852 1842 1890; x_wconf 85' lang='lat' dir='ltr'>Falsa</span> 
     </span>
     <span class='ocr_line' id='line_1_38' title="bbox 225 1898 1836 1947; baseline 0.001 -13"><span class='ocrx_word' id='word_1_356' title='bbox 225 1898 334 1935; x_wconf 90' lang='lat' dir='ltr'>enim</span> <span class='ocrx_word' id='word_1_357' title='bbox 353 1898 521 1936; x_wconf 88' lang='lat' dir='ltr'>felicitas</span> <span class='ocrx_word' id='word_1_358' title='bbox 540 1901 579 1936; x_wconf 87' lang='lat' dir='ltr'>et</span> <span class='ocrx_word' id='word_1_359' title='bbox 592 1901 746 1935; x_wconf 86' lang='lat' dir='ltr'>terrena</span> <span class='ocrx_word' id='word_1_360' title='bbox 759 1906 840 1935; x_wconf 91' lang='lat' dir='ltr'>non</span> <span class='ocrx_word' id='word_1_361' title='bbox 856 1898 973 1935; x_wconf 88' lang='lat' dir='ltr'>habet</span> <span class='ocrx_word' id='word_1_362' title='bbox 987 1899 1065 1936; x_wconf 90' lang='lat' dir='ltr'>nisi</span> <span class='ocrx_word' id='word_1_363' title='bbox 1081 1899 1291 1947; x_wconf 89' lang='lat' dir='ltr'>quamdam</span> <span class='ocrx_word' id='word_1_364' title='bbox 1306 1900 1487 1937; x_wconf 87' lang='lat' dir='ltr'>umbram</span> <span class='ocrx_word' id='word_1_365' title='bbox 1501 1899 1612 1938; x_wconf 92' lang='lat' dir='ltr'>illius</span> <span class='ocrx_word' id='word_1_366' title='bbox 1632 1899 1836 1936; x_wconf 86' lang='lat' dir='ltr'>felicitatis</span> 
     </span>
     <span class='ocr_line' id='line_1_39' title="bbox 225 1944 1838 1993; baseline 0 -11"><span class='ocrx_word' id='word_1_367' title='bbox 225 1945 538 1991; x_wconf 82' lang='lat' dir='ltr'>perfectissimae.</span> <span class='ocrx_word' id='word_1_368' title='bbox 560 1944 750 1982; x_wconf 88' lang='lat' dir='ltr'>Consistit</span> <span class='ocrx_word' id='word_1_369' title='bbox 769 1945 876 1981; x_wconf 88' lang='lat' dir='ltr'>enim</span> <span class='ocrx_word' id='word_1_370' title='bbox 896 1945 937 1982; x_wconf 91' lang='lat' dir='ltr'>in</span> <span class='ocrx_word' id='word_1_371' title='bbox 965 1946 1154 1993; x_wconf 88' lang='lat' dir='ltr'>quinque,</span> <span class='ocrx_word' id='word_1_372' title='bbox 1181 1947 1401 1985; x_wconf 90' lang='lat' dir='ltr'>secundum</span> <span class='ocrx_word' id='word_1_373' title='bbox 1423 1947 1603 1985; x_wconf 91' lang='lat' dir='ltr'>Boetium</span> <span class='ocrx_word' id='word_1_374' title='bbox 1640 1946 1740 1993; x_wconf 88' lang='lat' dir='ltr'>(cap.</span> <span class='ocrx_word' id='word_1_375' title='bbox 1763 1945 1838 1992; x_wconf 84' lang='lat'>51),</span> 
     </span>
     <span class='ocr_line' id='line_1_40' title="bbox 227 1991 1836 2040; baseline 0.001 -12"><span class='ocrx_word' id='word_1_376' title='bbox 227 1992 381 2029; x_wconf 90' lang='lat' dir='ltr'>scilicet</span> <span class='ocrx_word' id='word_1_377' title='bbox 399 1992 440 2028; x_wconf 91' lang='lat' dir='ltr'>in</span> <span class='ocrx_word' id='word_1_378' title='bbox 467 1992 680 2037; x_wconf 87' lang='lat' dir='ltr'>voluptate,</span> <span class='ocrx_word' id='word_1_379' title='bbox 712 1991 874 2036; x_wconf 89' lang='lat' dir='ltr'>divitiis,</span> <span class='ocrx_word' id='word_1_380' title='bbox 908 1995 1114 2038; x_wconf 87' lang='lat' dir='ltr'>potestate,</span> <span class='ocrx_word' id='word_1_381' title='bbox 1142 1993 1333 2040; x_wconf 79' lang='lat' dir='ltr'>dignitate</span> <span class='ocrx_word' id='word_1_382' title='bbox 1365 1998 1404 2031; x_wconf 90' lang='lat' dir='ltr'>et</span> <span class='ocrx_word' id='word_1_383' title='bbox 1431 1994 1549 2032; x_wconf 87' lang='lat' dir='ltr'>fama.</span> <span class='ocrx_word' id='word_1_384' title='bbox 1571 1993 1694 2030; x_wconf 87' lang='lat' dir='ltr'>Habet</span> <span class='ocrx_word' id='word_1_385' title='bbox 1714 1993 1836 2031; x_wconf 89' lang='lat' dir='ltr'>etiam</span> 
     </span>
     <span class='ocr_line' id='line_1_41' title="bbox 228 2038 1839 2091; baseline 0.001 -16"><span class='ocrx_word' id='word_1_386' title='bbox 228 2040 334 2091; x_wconf 83' lang='lat' dir='ltr'>Deus</span> <span class='ocrx_word' id='word_1_387' title='bbox 352 2039 728 2076; x_wconf 83' lang='lat' dir='ltr'>excellentissimam</span> <span class='ocrx_word' id='word_1_388' title='bbox 763 2038 1065 2077; x_wconf 87' lang='lat' dir='ltr'>delectationem</span> <span class='ocrx_word' id='word_1_389' title='bbox 1087 2040 1133 2077; x_wconf 92' lang='lat' dir='ltr'>de</span> <span class='ocrx_word' id='word_1_390' title='bbox 1160 2049 1217 2085; x_wconf 85' lang='lat' dir='ltr'>se,</span> <span class='ocrx_word' id='word_1_391' title='bbox 1252 2045 1290 2078; x_wconf 89' lang='lat' dir='ltr'>et</span> <span class='ocrx_word' id='word_1_392' title='bbox 1323 2041 1549 2078; x_wconf 87' lang='lat' dir='ltr'>universale</span> <span class='ocrx_word' id='word_1_393' title='bbox 1578 2040 1770 2088; x_wconf 85' lang='lat' dir='ltr'>gaudium</span> <span class='ocrx_word' id='word_1_394' title='bbox 1790 2039 1839 2077; x_wconf 89' lang='lat' dir='ltr'>de</span> 
     </span>
     <span class='ocr_line' id='line_1_42' title="bbox 228 2085 1842 2138; baseline 0.001 -16"><span class='ocrx_word' id='word_1_395' title='bbox 228 2085 415 2138; x_wconf 74' lang='lat' dir='ltr'>omnibus</span> <span class='ocrx_word' id='word_1_396' title='bbox 445 2086 578 2130; x_wconf 90' lang='lat' dir='ltr'>bonis,</span> <span class='ocrx_word' id='word_1_397' title='bbox 603 2085 753 2138; x_wconf 81' lang='lat' dir='ltr'>absque</span> <span class='ocrx_word' id='word_1_398' title='bbox 781 2086 969 2138; x_wconf 82' lang='lat' dir='ltr'>contrarii</span> <span class='ocrx_word' id='word_1_399' title='bbox 999 2087 1257 2125; x_wconf 83' lang='lat' dir='ltr'>admixtione.</span> <span class='ocrx_word' id='word_1_400' title='bbox 1291 2089 1365 2125; x_wconf 85' lang='lat' dir='ltr'>Pro</span> <span class='ocrx_word' id='word_1_401' title='bbox 1400 2087 1549 2126; x_wconf 87' lang='lat' dir='ltr'>divitiis</span> <span class='ocrx_word' id='word_1_402' title='bbox 1580 2096 1687 2132; x_wconf 85' lang='lat' dir='ltr'>vero,</span> <span class='ocrx_word' id='word_1_403' title='bbox 1721 2086 1842 2125; x_wconf 84' lang='lat' dir='ltr'>hahet</span> 
     </span>
     <span class='ocr_line' id='line_1_43' title="bbox 227 2131 1842 2181; baseline 0.002 -13"><span class='ocrx_word' id='word_1_404' title='bbox 227 2132 498 2170; x_wconf 84' lang='lat' dir='ltr'>omnimodam</span> <span class='ocrx_word' id='word_1_405' title='bbox 520 2131 802 2171; x_wconf 84' lang='lat' dir='ltr'>sufficientiam</span> <span class='ocrx_word' id='word_1_406' title='bbox 822 2141 863 2170; x_wconf 90' lang='lat' dir='ltr'>1n</span> <span class='ocrx_word' id='word_1_407' title='bbox 896 2133 1029 2179; x_wconf 91' lang='lat' dir='ltr'>seipso</span> <span class='ocrx_word' id='word_1_408' title='bbox 1061 2134 1240 2172; x_wconf 89' lang='lat' dir='ltr'>omnium</span> <span class='ocrx_word' id='word_1_409' title='bbox 1261 2135 1473 2180; x_wconf 91' lang='lat' dir='ltr'>bonorum,</span> <span class='ocrx_word' id='word_1_410' title='bbox 1497 2139 1539 2173; x_wconf 92' lang='lat' dir='ltr'>ut</span> <span class='ocrx_word' id='word_1_411' title='bbox 1565 2144 1686 2181; x_wconf 86' lang='lat' dir='ltr'>supra</span> <span class='ocrx_word' id='word_1_412' title='bbox 1707 2137 1842 2172; x_wconf 89' lang='lat' dir='ltr'>osten-</span> 
     </span>
     <span class='ocr_line' id='line_1_44' title="bbox 227 2178 1844 2233; baseline 0.002 -17"><span class='ocrx_word' id='word_1_413' title='bbox 227 2183 422 2231; x_wconf 37' lang='lat' dir='ltr'>sum-est.</span> <span class='ocrx_word' id='word_1_414' title='bbox 444 2181 518 2232; x_wconf 83' lang='lat' dir='ltr'>Pro</span> <span class='ocrx_word' id='word_1_415' title='bbox 547 2182 755 2232; x_wconf 86' lang='lat' dir='ltr'>potestate,</span> <span class='ocrx_word' id='word_1_416' title='bbox 787 2178 906 2217; x_wconf 88' lang='lat' dir='ltr'>habet</span> <span class='ocrx_word' id='word_1_417' title='bbox 939 2179 1136 2233; x_wconf 79' lang='lat' dir='ltr'>infinitam</span> <span class='ocrx_word' id='word_1_418' title='bbox 1155 2182 1354 2220; x_wconf 88' lang='lat' dir='ltr'>virtutem.</span> <span class='ocrx_word' id='word_1_419' title='bbox 1389 2184 1461 2220; x_wconf 81' lang='lat' dir='ltr'>Pro</span> <span class='ocrx_word' id='word_1_420' title='bbox 1486 2182 1692 2229; x_wconf 88' lang='lat' dir='ltr'>dignitate,</span> <span class='ocrx_word' id='word_1_421' title='bbox 1723 2181 1844 2219; x_wconf 85' lang='lat' dir='ltr'>hahet</span> 
     </span>
     <span class='ocr_line' id='line_1_45' title="bbox 227 2229 1844 2274; baseline 0.001 -11"><span class='ocrx_word' id='word_1_422' title='bbox 227 2234 406 2264; x_wconf 86' lang='lat' dir='ltr'>omnium</span> <span class='ocrx_word' id='word_1_423' title='bbox 422 2229 573 2264; x_wconf 88' lang='lat' dir='ltr'>entium</span> <span class='ocrx_word' id='word_1_424' title='bbox 593 2230 805 2272; x_wconf 85' lang='lat' dir='ltr'>primatum</span> <span class='ocrx_word' id='word_1_425' title='bbox 824 2229 862 2264; x_wconf 86' lang='lat' dir='ltr'>et</span> <span class='ocrx_word' id='word_1_426' title='bbox 875 2235 1066 2274; x_wconf 84' lang='lat' dir='ltr'>regimen.</span> <span class='ocrx_word' id='word_1_427' title='bbox 1085 2230 1160 2266; x_wconf 89' lang='lat' dir='ltr'>Pro</span> <span class='ocrx_word' id='word_1_428' title='bbox 1181 2229 1299 2271; x_wconf 85' lang='lat' dir='ltr'>sama,</span> <span class='ocrx_word' id='word_1_429' title='bbox 1322 2229 1625 2268; x_wconf 87' lang='lat' dir='ltr'>admirationem</span> <span class='ocrx_word' id='word_1_430' title='bbox 1643 2229 1775 2266; x_wconf 89' lang='lat' dir='ltr'>omnis</span> <span class='ocrx_word' id='word_1_431' title='bbox 1789 2229 1844 2266; x_wconf 90' lang='lat' dir='ltr'>in-</span> 
     </span>
     <span class='ocr_line' id='line_1_46' title="bbox 228 2273 1223 2325; baseline 0.002 -16"><span class='ocrx_word' id='word_1_432' title='bbox 228 2273 409 2325; x_wconf 81' lang='lat' dir='ltr'>tellectus</span> <span class='ocrx_word' id='word_1_433' title='bbox 430 2273 562 2319; x_wconf 88' lang='lat' dir='ltr'>ipsum</span> <span class='ocrx_word' id='word_1_434' title='bbox 581 2277 795 2320; x_wconf 88' lang='lat' dir='ltr'>utcumque</span> <span class='ocrx_word' id='word_1_435' title='bbox 815 2275 1112 2325; x_wconf 82' lang='lat' dir='ltr'>cognoscentis.</span> <span class='ocrx_word' id='word_1_436' title='bbox 1221 2308 1223 2311; x_wconf 83' lang='lat'>.</span> 
     </span>
    </p>

    <p class='ocr_par' dir='ltr' id='par_1_8' title="bbox 228 2320 1844 2419">
     <span class='ocr_line' id='line_1_47' title="bbox 275 2320 1844 2372; baseline 0.004 -16"><span class='ocrx_word' id='word_1_437' title='bbox 275 2321 353 2366; x_wconf 88' lang='lat' dir='ltr'>IpSl</span> <span class='ocrx_word' id='word_1_438' title='bbox 373 2320 510 2367; x_wconf 87' lang='lat' dir='ltr'>igitur,</span> <span class='ocrx_word' id='word_1_439' title='bbox 540 2320 608 2368; x_wconf 91' lang='lat' dir='ltr'>qui</span> <span class='ocrx_word' id='word_1_440' title='bbox 629 2320 886 2367; x_wconf 84' lang='lat' dir='ltr'>singulariter</span> <span class='ocrx_word' id='word_1_441' title='bbox 915 2320 1055 2359; x_wconf 84' lang='lat' dir='ltr'>beatus</span> <span class='ocrx_word' id='word_1_442' title='bbox 1085 2326 1159 2367; x_wconf 88' lang='lat' dir='ltr'>est,</span> <span class='ocrx_word' id='word_1_443' title='bbox 1179 2323 1307 2362; x_wconf 85' lang='lat' dir='ltr'>honor</span> <span class='ocrx_word' id='word_1_444' title='bbox 1339 2323 1393 2363; x_wconf 88' lang='lat' dir='ltr'>sit</span> <span class='ocrx_word' id='word_1_445' title='bbox 1411 2327 1451 2362; x_wconf 89' lang='lat' dir='ltr'>et</span> <span class='ocrx_word' id='word_1_446' title='bbox 1467 2323 1611 2372; x_wconf 83' lang='lat' dir='ltr'>gloria,</span> <span class='ocrx_word' id='word_1_447' title='bbox 1634 2323 1675 2361; x_wconf 90' lang='lat' dir='ltr'>in</span> <span class='ocrx_word' id='word_1_448' title='bbox 1697 2323 1844 2362; x_wconf 80' lang='lat' dir='ltr'>saecula</span> 
     </span>
     <span class='ocr_line' id='line_1_48' title="bbox 228 2366 1185 2419; baseline 0.006 -17"><span class='ocrx_word' id='word_1_449' title='bbox 228 2367 483 2405; x_wconf 74' lang='lat' dir='ltr'>saeculorum.</span> <span class='ocrx_word' id='word_1_450' title='bbox 503 2369 641 2406; x_wconf 82' lang='lat' dir='ltr'>Amen.</span> <span class='ocrx_word' id='word_1_451' title='bbox 659 2366 689 2417; x_wconf 91' lang='lat'>(1</span> <span class='ocrx_word' id='word_1_452' title='bbox 709 2370 825 2415; x_wconf 64' lang='lat' dir='ltr'>part„</span> <span class='ocrx_word' id='word_1_453' title='bbox 844 2377 882 2417; x_wconf 85' lang='lat' dir='ltr'>q.</span> <span class='ocrx_word' id='word_1_454' title='bbox 905 2375 1018 2415; x_wconf 81' lang='lat' dir='ltr'>xxvt,</span> <span class='ocrx_word' id='word_1_455' title='bbox 1039 2372 1112 2408; x_wconf 86' lang='lat' dir='ltr'>art.</span> <span class='ocrx_word' id='word_1_456' title='bbox 1131 2369 1185 2419; x_wconf 80' lang='grc'>4.)</span> 
     </span>
    </p>
   </div>
  </div>
 </body>
</html>
