<?xml version="1.0" encoding="UTF-8"?>
<!DOCTYPE html PUBLIC "-//W3C//DTD XHTML 1.0 Transitional//EN"
    "http://www.w3.org/TR/xhtml1/DTD/xhtml1-transitional.dtd">
<html xmlns="http://www.w3.org/1999/xhtml" xml:lang="en" lang="en">
 <head>
  <title>
</title>
<meta http-equiv="Content-Type" content="text/html;charset=utf-8" />
  <meta name='ocr-system' content='tesseract 3.04.00' />
  <meta name='ocr-capabilities' content='ocr_page ocr_carea ocr_par ocr_line ocrx_word'/>
</head>
<body>
  <div class='ocr_page' id='page_1' title='image "./deveritatecathol00thomuoft_0150.png"; bbox 0 0 1894 3223; ppageno 0'>
   <div class='ocr_carea' id='block_1_1' title="bbox 187 101 1198 150">
    <p class='ocr_par' dir='ltr' id='par_1_1' title="bbox 187 101 1198 150">
     <span class='ocr_line' id='line_1_1' title="bbox 187 101 1198 150; baseline -0.011 -4"><span class='ocrx_word' id='word_1_1' title='bbox 187 109 254 147; x_wconf 83' lang='lat' dir='ltr'>llo</span> <span class='ocrx_word' id='word_1_2' title='bbox 821 102 908 150; x_wconf 74' lang='lat' dir='ltr'>me.</span> <span class='ocrx_word' id='word_1_3' title='bbox 938 101 984 145; x_wconf 94' lang='lat'>11,</span> <span class='ocrx_word' id='word_1_4' title='bbox 1012 101 1112 137; x_wconf 67' lang='lat' dir='ltr'>cin).</span> <span class='ocrx_word' id='word_1_5' title='bbox 1139 101 1198 136; x_wconf 82' lang='lat' dir='ltr'>vi.</span> 
     </span>
    </p>
   </div>
   <div class='ocr_carea' id='block_1_2' title="bbox 158 180 1810 1779">
    <p class='ocr_par' dir='ltr' id='par_1_2' title="bbox 184 180 1803 831">
     <span class='ocr_line' id='line_1_2' title="bbox 186 180 1799 233; baseline -0.004 -9"><span class='ocrx_word' id='word_1_6' title='bbox 186 191 376 233; x_wconf 87' lang='lat' dir='ltr'>quantum</span> <span class='ocrx_word' id='word_1_7' title='bbox 406 183 648 231; x_wconf 87' lang='lat' dir='ltr'>hujusmodi,</span> <span class='ocrx_word' id='word_1_8' title='bbox 670 185 804 228; x_wconf 84' lang='lat' dir='ltr'>utpote</span> <span class='ocrx_word' id='word_1_9' title='bbox 821 181 954 228; x_wconf 82' lang='lat' dir='ltr'>ignem</span> <span class='ocrx_word' id='word_1_10' title='bbox 974 181 1016 219; x_wconf 91' lang='lat' dir='ltr'>in</span> <span class='ocrx_word' id='word_1_11' title='bbox 1035 184 1226 229; x_wconf 88' lang='lat' dir='ltr'>quantum</span> <span class='ocrx_word' id='word_1_12' title='bbox 1244 180 1350 228; x_wconf 85' lang='lat' dir='ltr'>ignis</span> <span class='ocrx_word' id='word_1_13' title='bbox 1370 183 1443 226; x_wconf 89' lang='lat' dir='ltr'>est,</span> <span class='ocrx_word' id='word_1_14' title='bbox 1460 180 1528 218; x_wconf 89' lang='lat' dir='ltr'>sed</span> <span class='ocrx_word' id='word_1_15' title='bbox 1551 180 1591 217; x_wconf 90' lang='lat' dir='ltr'>in</span> <span class='ocrx_word' id='word_1_16' title='bbox 1608 183 1799 232; x_wconf 74' lang='lat' dir='ltr'>quantum</span> 
     </span>
     <span class='ocr_line' id='line_1_3' title="bbox 186 226 1801 275; baseline -0.004 -4"><span class='ocrx_word' id='word_1_17' title='bbox 186 234 359 271; x_wconf 85' lang='lat' dir='ltr'>divinam</span> <span class='ocrx_word' id='word_1_18' title='bbox 379 231 626 268; x_wconf 80' lang='lat' dir='ltr'>altitudinem</span> <span class='ocrx_word' id='word_1_19' title='bbox 644 232 899 275; x_wconf 83' lang='lat' dir='ltr'>repraesentat</span> <span class='ocrx_word' id='word_1_20' title='bbox 919 232 956 265; x_wconf 88' lang='lat' dir='ltr'>et</span> <span class='ocrx_word' id='word_1_21' title='bbox 975 228 1016 265; x_wconf 91' lang='lat' dir='ltr'>in</span> <span class='ocrx_word' id='word_1_22' title='bbox 1037 229 1168 274; x_wconf 90' lang='lat' dir='ltr'>ipsum</span> <span class='ocrx_word' id='word_1_23' title='bbox 1188 230 1310 266; x_wconf 88' lang='lat' dir='ltr'>Deum</span> <span class='ocrx_word' id='word_1_24' title='bbox 1336 226 1618 275; x_wconf 86' lang='lat' dir='ltr'>quoquomodo</span> <span class='ocrx_word' id='word_1_25' title='bbox 1646 227 1801 266; x_wconf 84' lang='lat' dir='ltr'>ordina·</span> 
     </span>
     <span class='ocr_line' id='line_1_4' title="bbox 186 274 1800 324; baseline -0.006 -6"><span class='ocrx_word' id='word_1_26' title='bbox 186 285 274 324; x_wconf 78' lang='lat' dir='ltr'>tur3</span> <span class='ocrx_word' id='word_1_27' title='bbox 299 283 339 316; x_wconf 88' lang='lat' dir='ltr'>ut</span> <span class='ocrx_word' id='word_1_28' title='bbox 365 278 468 315; x_wconf 89' lang='lat' dir='ltr'>enim</span> <span class='ocrx_word' id='word_1_29' title='bbox 494 276 638 314; x_wconf 88' lang='lat' dir='ltr'>dicitur</span> <span class='ocrx_word' id='word_1_30' title='bbox 658 288 667 313; x_wconf 78' lang='lat' dir='ltr'>z</span> <span class='ocrx_word' id='word_1_31' title='bbox 691 276 814 313; x_wconf 83' lang='lat' dir='ltr'><em>Gloria</em></span> <span class='ocrx_word' id='word_1_32' title='bbox 843 276 989 312; x_wconf 78' lang='lat' dir='ltr'>Domini</span> <span class='ocrx_word' id='word_1_33' title='bbox 1003 276 1150 321; x_wconf 76' lang='lat' dir='ltr'>plenum</span> <span class='ocrx_word' id='word_1_34' title='bbox 1171 278 1222 311; x_wconf 82' lang='lat' dir='ltr'>est</span> <span class='ocrx_word' id='word_1_35' title='bbox 1253 285 1341 321; x_wconf 82' lang='lat' dir='ltr'>opus</span> <span class='ocrx_word' id='word_1_36' title='bbox 1372 274 1463 320; x_wconf 78' lang='lat' dir='ltr'>eJ&#39;us.</span> <span class='ocrx_word' id='word_1_37' title='bbox 1484 275 1609 312; x_wconf 84' lang='lat' dir='ltr'>Nonne</span> <span class='ocrx_word' id='word_1_38' title='bbox 1625 275 1800 311; x_wconf 82' lang='lat' dir='ltr'>Dominus</span> 
     </span>
     <span class='ocr_line' id='line_1_5' title="bbox 184 320 1802 404; baseline -0.002 -41"><span class='ocrx_word' id='word_1_39' title='bbox 184 328 271 372; x_wconf 78' lang='lat' dir='ltr'>fecit</span> <span class='ocrx_word' id='word_1_40' title='bbox 306 327 445 361; x_wconf 85' lang='lat' dir='ltr'>sanctos</span> <span class='ocrx_word' id='word_1_41' title='bbox 480 332 651 359; x_wconf 81' lang='lat' dir='ltr'>enarrare</span> <span class='ocrx_word' id='word_1_42' title='bbox 670 323 790 359; x_wconf 81' lang='lat' dir='ltr'>omnia</span> <span class='ocrx_word' id='word_1_43' title='bbox 807 322 994 358; x_wconf 79' lang='lat' dir='ltr'>mirabilia</span> <span class='ocrx_word' id='word_1_44' title='bbox 1012 324 1107 358; x_wconf 81' lang='lat' dir='ltr'>sua?</span> <span class='ocrx_word' id='word_1_45' title='bbox 1128 322 1275 369; x_wconf 85' lang='lat' dir='ltr'>(Eccli.,</span> <span class='ocrx_word' id='word_1_46' title='bbox 1296 330 1389 366; x_wconf 85' lang='lat' dir='ltr'>XLII,</span> <span class='ocrx_word' id='word_1_47' title='bbox 1412 323 1468 365; x_wconf 84' lang='lat'>16,</span> <span class='ocrx_word' id='word_1_48' title='bbox 1493 320 1564 404; x_wconf 32' lang='lat'>17}</span> <span class='ocrx_word' id='word_1_49' title='bbox 1588 322 1631 358; x_wconf 80' lang='lat' dir='ltr'>Et</span> <span class='ocrx_word' id='word_1_50' title='bbox 1645 324 1802 367; x_wconf 85' lang='lat' dir='ltr'>propter</span> 
     </span>
     <span class='ocr_line' id='line_1_6' title="bbox 187 367 1800 416; baseline -0.004 -5"><span class='ocrx_word' id='word_1_51' title='bbox 187 374 263 412; x_wconf 91' lang='grc'>1100</span> <span class='ocrx_word' id='word_1_52' title='bbox 293 372 424 415; x_wconf 86' lang='lat' dir='ltr'>etiam,</span> <span class='ocrx_word' id='word_1_53' title='bbox 443 369 522 407; x_wconf 85' lang='lat' dir='ltr'>alia</span> <span class='ocrx_word' id='word_1_54' title='bbox 539 372 577 407; x_wconf 89' lang='lat' dir='ltr'>et</span> <span class='ocrx_word' id='word_1_55' title='bbox 609 369 688 407; x_wconf 87' lang='lat' dir='ltr'>alia</span> <span class='ocrx_word' id='word_1_56' title='bbox 706 369 811 406; x_wconf 89' lang='lat' dir='ltr'>circa</span> <span class='ocrx_word' id='word_1_57' title='bbox 831 373 1031 406; x_wconf 86' lang='lat' dir='ltr'>creaturas</span> <span class='ocrx_word' id='word_1_58' title='bbox 1059 373 1095 406; x_wconf 89' lang='lat' dir='ltr'>et</span> <span class='ocrx_word' id='word_1_59' title='bbox 1114 369 1380 416; x_wconf 88' lang='lat' dir='ltr'>philosophus</span> <span class='ocrx_word' id='word_1_60' title='bbox 1401 371 1438 406; x_wconf 84' lang='lat' dir='ltr'>et</span> <span class='ocrx_word' id='word_1_61' title='bbox 1457 367 1532 405; x_wconf 86' lang='lat' dir='ltr'>fide</span> <span class='ocrx_word' id='word_1_62' title='bbox 1551 367 1586 406; x_wconf 90' lang='lat' dir='ltr'>is</span> <span class='ocrx_word' id='word_1_63' title='bbox 1616 367 1800 405; x_wconf 87' lang='lat' dir='ltr'>conside-</span> 
     </span>
     <span class='ocr_line' id='line_1_7' title="bbox 187 415 1800 464; baseline -0.004 -6"><span class='ocrx_word' id='word_1_64' title='bbox 187 424 296 462; x_wconf 82' lang='lat' dir='ltr'>rant3</span> <span class='ocrx_word' id='word_1_65' title='bbox 319 417 582 464; x_wconf 85' lang='lat' dir='ltr'>philosophus</span> <span class='ocrx_word' id='word_1_66' title='bbox 603 425 773 463; x_wconf 84' lang='lat' dir='ltr'>namque</span> <span class='ocrx_word' id='word_1_67' title='bbox 803 416 1027 454; x_wconf 74' lang='lat' dir='ltr'>considerat</span> <span class='ocrx_word' id='word_1_68' title='bbox 1059 416 1128 453; x_wconf 88' lang='lat' dir='ltr'>illa</span> <span class='ocrx_word' id='word_1_69' title='bbox 1154 425 1241 463; x_wconf 84' lang='lat' dir='ltr'>quae</span> <span class='ocrx_word' id='word_1_70' title='bbox 1275 416 1347 459; x_wconf 84' lang='lat' dir='ltr'>eis,</span> <span class='ocrx_word' id='word_1_71' title='bbox 1368 415 1587 453; x_wconf 88' lang='lat' dir='ltr'>secundum</span> <span class='ocrx_word' id='word_1_72' title='bbox 1616 418 1800 452; x_wconf 86' lang='lat' dir='ltr'>naturam</span> 
     </span>
     <span class='ocr_line' id='line_1_8' title="bbox 186 461 1799 513; baseline -0.003 -10"><span class='ocrx_word' id='word_1_73' title='bbox 186 466 398 513; x_wconf 77' lang='lat' dir='ltr'>propriam,</span> <span class='ocrx_word' id='word_1_74' title='bbox 420 463 674 507; x_wconf 88' lang='lat' dir='ltr'>conveniunt,</span> <span class='ocrx_word' id='word_1_75' title='bbox 697 463 801 501; x_wconf 90' lang='lat' dir='ltr'>sicut</span> <span class='ocrx_word' id='word_1_76' title='bbox 842 463 925 510; x_wconf 81' lang='lat' dir='ltr'>igni</span> <span class='ocrx_word' id='word_1_77' title='bbox 968 463 1059 500; x_wconf 84' lang='lat' dir='ltr'>ferri</span> <span class='ocrx_word' id='word_1_78' title='bbox 1089 472 1267 507; x_wconf 84' lang='lat' dir='ltr'>sursum3</span> <span class='ocrx_word' id='word_1_79' title='bbox 1289 462 1418 500; x_wconf 85' lang='lat' dir='ltr'>fidelis</span> <span class='ocrx_word' id='word_1_80' title='bbox 1451 466 1583 499; x_wconf 84' lang='lat' dir='ltr'>autem</span> <span class='ocrx_word' id='word_1_81' title='bbox 1603 471 1650 499; x_wconf 87' lang='lat' dir='ltr'>ea</span> <span class='ocrx_word' id='word_1_82' title='bbox 1666 461 1799 499; x_wconf 89' lang='lat' dir='ltr'>solum</span> 
     </span>
     <span class='ocr_line' id='line_1_9' title="bbox 187 507 1801 556; baseline -0.002 -6"><span class='ocrx_word' id='word_1_83' title='bbox 187 512 425 555; x_wconf 80' lang='lat' dir='ltr'>considerat,</span> <span class='ocrx_word' id='word_1_84' title='bbox 447 510 552 548; x_wconf 87' lang='lat' dir='ltr'>circa</span> <span class='ocrx_word' id='word_1_85' title='bbox 572 513 788 554; x_wconf 78' lang='grc'>010010105,</span> <span class='ocrx_word' id='word_1_86' title='bbox 809 519 896 555; x_wconf 80' lang='lat' dir='ltr'>quae</span> <span class='ocrx_word' id='word_1_87' title='bbox 918 509 976 546; x_wconf 88' lang='lat' dir='ltr'>eis</span> <span class='ocrx_word' id='word_1_88' title='bbox 996 510 1250 554; x_wconf 89' lang='lat' dir='ltr'>conveniunt,</span> <span class='ocrx_word' id='word_1_89' title='bbox 1267 509 1486 547; x_wconf 89' lang='lat' dir='ltr'>secundum</span> <span class='ocrx_word' id='word_1_90' title='bbox 1504 508 1610 556; x_wconf 89' lang='lat' dir='ltr'>quod</span> <span class='ocrx_word' id='word_1_91' title='bbox 1631 512 1725 546; x_wconf 83' lang='lat' dir='ltr'>sunt</span> <span class='ocrx_word' id='word_1_92' title='bbox 1752 507 1801 546; x_wconf 82' lang='lat' dir='ltr'>ad</span> 
     </span>
     <span class='ocr_line' id='line_1_10' title="bbox 185 555 1803 604; baseline -0.002 -9"><span class='ocrx_word' id='word_1_93' title='bbox 185 561 308 596; x_wconf 87' lang='lat' dir='ltr'>Deum</span> <span class='ocrx_word' id='word_1_94' title='bbox 324 558 459 601; x_wconf 85' lang='lat' dir='ltr'>relata,</span> <span class='ocrx_word' id='word_1_95' title='bbox 482 560 615 603; x_wconf 85' lang='lat' dir='ltr'>utpote</span> <span class='ocrx_word' id='word_1_96' title='bbox 649 557 754 604; x_wconf 92' lang='lat' dir='ltr'>quod</span> <span class='ocrx_word' id='word_1_97' title='bbox 776 560 868 593; x_wconf 85' lang='lat' dir='ltr'>sunt</span> <span class='ocrx_word' id='word_1_98' title='bbox 888 566 910 592; x_wconf 88' lang='lat' dir='ltr'>a</span> <span class='ocrx_word' id='word_1_99' title='bbox 937 558 1015 593; x_wconf 90' lang='lat' dir='ltr'>Deo</span> <span class='ocrx_word' id='word_1_100' title='bbox 1049 561 1191 598; x_wconf 88' lang='lat' dir='ltr'>creata,</span> <span class='ocrx_word' id='word_1_101' title='bbox 1215 557 1319 604; x_wconf 90' lang='lat' dir='ltr'>quod</span> <span class='ocrx_word' id='word_1_102' title='bbox 1342 560 1435 593; x_wconf 90' lang='lat' dir='ltr'>sunt</span> <span class='ocrx_word' id='word_1_103' title='bbox 1456 558 1535 593; x_wconf 91' lang='lat' dir='ltr'>Deo</span> <span class='ocrx_word' id='word_1_104' title='bbox 1556 555 1746 603; x_wconf 84' lang='lat' dir='ltr'>subjecta,</span> <span class='ocrx_word' id='word_1_105' title='bbox 1766 558 1803 592; x_wconf 88' lang='lat' dir='ltr'>et</span> 
     </span>
     <span class='ocr_line' id='line_1_11' title="bbox 186 602 1800 653; baseline -0.003 -9"><span class='ocrx_word' id='word_1_106' title='bbox 186 605 430 653; x_wconf 88' lang='lat' dir='ltr'>hujusmodi.</span> <span class='ocrx_word' id='word_1_107' title='bbox 453 604 560 643; x_wconf 85' lang='lat' dir='ltr'>Unde</span> <span class='ocrx_word' id='word_1_108' title='bbox 589 612 670 641; x_wconf 89' lang='lat' dir='ltr'>non</span> <span class='ocrx_word' id='word_1_109' title='bbox 704 607 765 640; x_wconf 91' lang='lat' dir='ltr'>est</span> <span class='ocrx_word' id='word_1_110' title='bbox 799 603 1087 649; x_wconf 85' lang='lat' dir='ltr'>imperfectioni</span> <span class='ocrx_word' id='word_1_111' title='bbox 1121 603 1308 641; x_wconf 74' lang='lat' dir='ltr'>doctrinae</span> <span class='ocrx_word' id='word_1_112' title='bbox 1332 603 1422 640; x_wconf 86' lang='lat' dir='ltr'>fidei</span> <span class='ocrx_word' id='word_1_113' title='bbox 1452 603 1742 650; x_wconf 89' lang='lat' dir='ltr'>imputandum,</span> <span class='ocrx_word' id='word_1_114' title='bbox 1766 602 1800 639; x_wconf 91' lang='lat' dir='ltr'>si</span> 
     </span>
     <span class='ocr_line' id='line_1_12' title="bbox 186 649 1802 702; baseline -0.002 -12"><span class='ocrx_word' id='word_1_115' title='bbox 186 652 332 690; x_wconf 86' lang='lat' dir='ltr'>multas</span> <span class='ocrx_word' id='word_1_116' title='bbox 349 660 479 690; x_wconf 88' lang='lat' dir='ltr'>rerum</span> <span class='ocrx_word' id='word_1_117' title='bbox 508 651 767 698; x_wconf 81' lang='lat' dir='ltr'>proprietates</span> <span class='ocrx_word' id='word_1_118' title='bbox 789 650 1070 696; x_wconf 78' lang='lat' dir='ltr'>praetermittat,</span> <span class='ocrx_word' id='word_1_119' title='bbox 1091 653 1135 687; x_wconf 92' lang='lat' dir='ltr'>ut</span> <span class='ocrx_word' id='word_1_120' title='bbox 1154 649 1242 688; x_wconf 90' lang='lat' dir='ltr'>coeli</span> <span class='ocrx_word' id='word_1_121' title='bbox 1263 649 1444 702; x_wconf 79' lang='lat' dir='ltr'>figuram,</span> <span class='ocrx_word' id='word_1_122' title='bbox 1465 653 1598 688; x_wconf 91' lang='lat' dir='ltr'>motus</span> <span class='ocrx_word' id='word_1_123' title='bbox 1635 649 1802 697; x_wconf 87' lang='lat' dir='ltr'>qualita-</span> 
     </span>
     <span class='ocr_line' id='line_1_13' title="bbox 188 696 1803 744; baseline -0.001 -8"><span class='ocrx_word' id='word_1_124' title='bbox 188 703 287 744; x_wconf 75' lang='lat' dir='ltr'>tem,</span> <span class='ocrx_word' id='word_1_125' title='bbox 311 699 369 736; x_wconf 87' lang='lat' dir='ltr'>sic</span> <span class='ocrx_word' id='word_1_126' title='bbox 390 698 496 736; x_wconf 90' lang='lat' dir='ltr'>enim</span> <span class='ocrx_word' id='word_1_127' title='bbox 516 707 588 736; x_wconf 90' lang='lat' dir='ltr'>nec</span> <span class='ocrx_word' id='word_1_128' title='bbox 612 697 804 735; x_wconf 84' lang='lat' dir='ltr'>naturalis</span> <span class='ocrx_word' id='word_1_129' title='bbox 825 697 930 735; x_wconf 89' lang='lat' dir='ltr'>circa</span> <span class='ocrx_word' id='word_1_130' title='bbox 952 697 1097 734; x_wconf 91' lang='lat' dir='ltr'>lineam</span> <span class='ocrx_word' id='word_1_131' title='bbox 1117 696 1207 735; x_wconf 90' lang='lat' dir='ltr'>illas</span> <span class='ocrx_word' id='word_1_132' title='bbox 1226 705 1436 743; x_wconf 79' lang='lat' dir='ltr'>passiones</span> <span class='ocrx_word' id='word_1_133' title='bbox 1456 696 1683 734; x_wconf 82' lang='lat' dir='ltr'>considerat</span> <span class='ocrx_word' id='word_1_134' title='bbox 1702 705 1803 742; x_wconf 83' lang='lat' dir='ltr'>quas</span> 
     </span>
     <span class='ocr_line' id='line_1_14' title="bbox 189 743 1797 829; baseline -0.002 -46"><span class='ocrx_word' id='word_1_135' title='bbox 189 750 404 793; x_wconf 77' lang='lat' dir='ltr'>geometra,</span> <span class='ocrx_word' id='word_1_136' title='bbox 427 745 496 829; x_wconf 69' lang='lat' dir='ltr'>seld</span> <span class='ocrx_word' id='word_1_137' title='bbox 515 745 645 783; x_wconf 88' lang='lat' dir='ltr'>solum</span> <span class='ocrx_word' id='word_1_138' title='bbox 661 754 707 782; x_wconf 89' lang='lat' dir='ltr'>ea</span> <span class='ocrx_word' id='word_1_139' title='bbox 722 753 808 792; x_wconf 80' lang='lat' dir='ltr'>quae</span> <span class='ocrx_word' id='word_1_140' title='bbox 829 744 1014 782; x_wconf 86' lang='lat' dir='ltr'>accidunt</span> <span class='ocrx_word' id='word_1_141' title='bbox 1033 743 1124 789; x_wconf 85' lang='lat' dir='ltr'>sibi,</span> <span class='ocrx_word' id='word_1_142' title='bbox 1146 744 1188 781; x_wconf 90' lang='lat' dir='ltr'>in</span> <span class='ocrx_word' id='word_1_143' title='bbox 1208 747 1399 791; x_wconf 86' lang='lat' dir='ltr'>quantum</span> <span class='ocrx_word' id='word_1_144' title='bbox 1418 747 1480 781; x_wconf 88' lang='lat' dir='ltr'>est</span> <span class='ocrx_word' id='word_1_145' title='bbox 1500 743 1693 781; x_wconf 88' lang='lat' dir='ltr'>terminus</span> <span class='ocrx_word' id='word_1_146' title='bbox 1711 752 1797 780; x_wconf 90' lang='lat' dir='ltr'>cor-</span> 
     </span>
     <span class='ocr_line' id='line_1_15' title="bbox 221 792 528 831; baseline -0.007 0"><span class='ocrx_word' id='word_1_147' title='bbox 221 793 302 831; x_wconf 91' lang='lat' dir='ltr'>oris</span> <span class='ocrx_word' id='word_1_148' title='bbox 320 796 460 830; x_wconf 89' lang='lat' dir='ltr'>natura</span> <span class='ocrx_word' id='word_1_149' title='bbox 478 792 528 831; x_wconf 89' lang='lat' dir='ltr'>is.</span> 
     </span>
    </p>

    <p class='ocr_par' dir='ltr' id='par_1_3' title="bbox 188 803 1805 1354">
     <span class='ocr_line' id='line_1_16' title="bbox 191 803 1804 887; baseline -0.001 -10"><span class='ocrx_word' id='word_1_150' title='bbox 191 803 215 840; x_wconf 78' lang='lat' dir='ltr'>p</span> <span class='ocrx_word' id='word_1_151' title='bbox 235 841 273 877; x_wconf 89' lang='lat' dir='ltr'>Si</span> <span class='ocrx_word' id='word_1_152' title='bbox 295 849 372 887; x_wconf 87' lang='lat' dir='ltr'>qua</span> <span class='ocrx_word' id='word_1_153' title='bbox 391 849 483 876; x_wconf 85' lang='lat' dir='ltr'>vero</span> <span class='ocrx_word' id='word_1_154' title='bbox 504 839 609 877; x_wconf 84' lang='lat' dir='ltr'>eirca</span> <span class='ocrx_word' id='word_1_155' title='bbox 628 842 829 876; x_wconf 85' lang='lat' dir='ltr'>creaturas</span> <span class='ocrx_word' id='word_1_156' title='bbox 850 838 1114 876; x_wconf 90' lang='lat' dir='ltr'>communiter</span> <span class='ocrx_word' id='word_1_157' title='bbox 1130 847 1154 874; x_wconf 88' lang='lat' dir='ltr'>a</span> <span class='ocrx_word' id='word_1_158' title='bbox 1175 837 1415 883; x_wconf 88' lang='lat' dir='ltr'>philosopho</span> <span class='ocrx_word' id='word_1_159' title='bbox 1436 840 1474 874; x_wconf 88' lang='lat' dir='ltr'>et</span> <span class='ocrx_word' id='word_1_160' title='bbox 1493 836 1599 874; x_wconf 86' lang='lat' dir='ltr'>fideli</span> <span class='ocrx_word' id='word_1_161' title='bbox 1621 836 1804 875; x_wconf 83' lang='lat' dir='ltr'>conside·</span> 
     </span>
     <span class='ocr_line' id='line_1_17' title="bbox 189 884 1805 937; baseline -0.002 -13"><span class='ocrx_word' id='word_1_162' title='bbox 189 891 338 932; x_wconf 83' lang='lat' dir='ltr'>rantur,</span> <span class='ocrx_word' id='word_1_163' title='bbox 360 896 430 934; x_wconf 90' lang='lat' dir='ltr'>per</span> <span class='ocrx_word' id='word_1_164' title='bbox 449 886 526 924; x_wconf 84' lang='lat' dir='ltr'>alia</span> <span class='ocrx_word' id='word_1_165' title='bbox 547 889 584 923; x_wconf 90' lang='lat' dir='ltr'>et</span> <span class='ocrx_word' id='word_1_166' title='bbox 616 886 694 924; x_wconf 88' lang='lat' dir='ltr'>alia</span> <span class='ocrx_word' id='word_1_167' title='bbox 713 885 908 932; x_wconf 89' lang='lat' dir='ltr'>principia</span> <span class='ocrx_word' id='word_1_168' title='bbox 938 885 1158 922; x_wconf 89' lang='lat' dir='ltr'>traduntur.</span> <span class='ocrx_word' id='word_1_169' title='bbox 1176 886 1273 937; x_wconf 79' lang='lat' dir='ltr'>Nam</span> <span class='ocrx_word' id='word_1_170' title='bbox 1307 884 1573 931; x_wconf 84' lang='lat' dir='ltr'>philosophus</span> <span class='ocrx_word' id='word_1_171' title='bbox 1595 892 1805 936; x_wconf 82' lang='lat' dir='ltr'>argumen-</span> 
     </span>
     <span class='ocr_line' id='line_1_18' title="bbox 188 931 1802 979; baseline -0.001 -9"><span class='ocrx_word' id='word_1_172' title='bbox 188 937 272 971; x_wconf 90' lang='lat' dir='ltr'>tum</span> <span class='ocrx_word' id='word_1_173' title='bbox 311 934 480 972; x_wconf 81' lang='lat' dir='ltr'>assumit</span> <span class='ocrx_word' id='word_1_174' title='bbox 501 943 547 970; x_wconf 75' lang='lat' dir='ltr'>ex</span> <span class='ocrx_word' id='word_1_175' title='bbox 585 933 756 979; x_wconf 87' lang='lat' dir='ltr'>propriis</span> <span class='ocrx_word' id='word_1_176' title='bbox 777 941 906 970; x_wconf 89' lang='lat' dir='ltr'>rerum</span> <span class='ocrx_word' id='word_1_177' title='bbox 938 932 1095 977; x_wconf 85' lang='lat' dir='ltr'>causis;</span> <span class='ocrx_word' id='word_1_178' title='bbox 1114 931 1243 969; x_wconf 84' lang='lat' dir='ltr'>fidelis</span> <span class='ocrx_word' id='word_1_179' title='bbox 1282 935 1413 969; x_wconf 90' lang='lat' dir='ltr'>autem</span> <span class='ocrx_word' id='word_1_180' title='bbox 1433 941 1482 968; x_wconf 82' lang='lat' dir='ltr'>ex</span> <span class='ocrx_word' id='word_1_181' title='bbox 1519 940 1642 969; x_wconf 87' lang='lat' dir='ltr'>causa</span> <span class='ocrx_word' id='word_1_182' title='bbox 1661 939 1802 978; x_wconf 81' lang='lat' dir='ltr'>prima,</span> 
     </span>
     <span class='ocr_line' id='line_1_19' title="bbox 190 977 1802 1028; baseline -0.002 -10"><span class='ocrx_word' id='word_1_183' title='bbox 190 984 327 1027; x_wconf 86' lang='lat' dir='ltr'>utputa</span> <span class='ocrx_word' id='word_1_184' title='bbox 347 981 441 1028; x_wconf 86' lang='lat' dir='ltr'>quia</span> <span class='ocrx_word' id='word_1_185' title='bbox 460 980 517 1018; x_wconf 89' lang='lat' dir='ltr'>sic</span> <span class='ocrx_word' id='word_1_186' title='bbox 538 980 729 1018; x_wconf 88' lang='lat' dir='ltr'>divinitus</span> <span class='ocrx_word' id='word_1_187' title='bbox 750 983 810 1017; x_wconf 90' lang='lat' dir='ltr'>est</span> <span class='ocrx_word' id='word_1_188' title='bbox 829 979 1030 1023; x_wconf 86' lang='lat' dir='ltr'>traditum,</span> <span class='ocrx_word' id='word_1_189' title='bbox 1049 979 1111 1016; x_wconf 88' lang='lat' dir='ltr'>vel</span> <span class='ocrx_word' id='word_1_190' title='bbox 1129 978 1223 1026; x_wconf 87' lang='lat' dir='ltr'>quia</span> <span class='ocrx_word' id='word_1_191' title='bbox 1241 978 1317 1016; x_wconf 90' lang='lat' dir='ltr'>hoc</span> <span class='ocrx_word' id='word_1_192' title='bbox 1336 978 1375 1015; x_wconf 92' lang='lat' dir='ltr'>in</span> <span class='ocrx_word' id='word_1_193' title='bbox 1400 979 1569 1026; x_wconf 81' lang='lat' dir='ltr'>gloriam</span> <span class='ocrx_word' id='word_1_194' title='bbox 1588 978 1656 1015; x_wconf 90' lang='lat' dir='ltr'>Dei</span> <span class='ocrx_word' id='word_1_195' title='bbox 1686 977 1802 1022; x_wconf 84' lang='lat' dir='ltr'>cedit,</span> 
     </span>
     <span class='ocr_line' id='line_1_20' title="bbox 188 1025 1805 1074; baseline -0.001 -10"><span class='ocrx_word' id='word_1_196' title='bbox 188 1028 248 1064; x_wconf 77' lang='lat' dir='ltr'>vel</span> <span class='ocrx_word' id='word_1_197' title='bbox 269 1028 362 1074; x_wconf 87' lang='lat' dir='ltr'>quia</span> <span class='ocrx_word' id='word_1_198' title='bbox 394 1027 462 1064; x_wconf 88' lang='lat' dir='ltr'>Dei</span> <span class='ocrx_word' id='word_1_199' title='bbox 483 1030 659 1074; x_wconf 85' lang='lat' dir='ltr'>potestas</span> <span class='ocrx_word' id='word_1_200' title='bbox 694 1030 754 1064; x_wconf 89' lang='lat' dir='ltr'>est</span> <span class='ocrx_word' id='word_1_201' title='bbox 785 1026 951 1064; x_wconf 82' lang='lat' dir='ltr'>infinita.</span> <span class='ocrx_word' id='word_1_202' title='bbox 969 1026 1076 1063; x_wconf 85' lang='lat' dir='ltr'>Unde</span> <span class='ocrx_word' id='word_1_203' title='bbox 1105 1029 1142 1063; x_wconf 88' lang='lat' dir='ltr'>et</span> <span class='ocrx_word' id='word_1_204' title='bbox 1172 1025 1260 1072; x_wconf 86' lang='lat' dir='ltr'>ipsa</span> <span class='ocrx_word' id='word_1_205' title='bbox 1297 1026 1469 1063; x_wconf 84' lang='lat' dir='ltr'>maxima</span> <span class='ocrx_word' id='word_1_206' title='bbox 1499 1025 1693 1072; x_wconf 83' lang='lat' dir='ltr'>sapientia</span> <span class='ocrx_word' id='word_1_207' title='bbox 1726 1025 1805 1063; x_wconf 84' lang='lat' dir='ltr'>dici</span> 
     </span>
     <span class='ocr_line' id='line_1_21' title="bbox 189 1071 1802 1121; baseline -0.002 -9"><span class='ocrx_word' id='word_1_208' title='bbox 189 1075 316 1119; x_wconf 87' lang='lat' dir='ltr'>debet,</span> <span class='ocrx_word' id='word_1_209' title='bbox 338 1077 471 1121; x_wconf 85' lang='lat' dir='ltr'>utpote</span> <span class='ocrx_word' id='word_1_210' title='bbox 492 1083 647 1120; x_wconf 87' lang='lat' dir='ltr'>semper</span> <span class='ocrx_word' id='word_1_211' title='bbox 679 1074 915 1111; x_wconf 87' lang='lat' dir='ltr'>altissimam</span> <span class='ocrx_word' id='word_1_212' title='bbox 947 1082 1109 1111; x_wconf 81' lang='lat' dir='ltr'>oausam</span> <span class='ocrx_word' id='word_1_213' title='bbox 1137 1072 1411 1117; x_wconf 83' lang='lat' dir='ltr'>considerans,</span> <span class='ocrx_word' id='word_1_214' title='bbox 1433 1072 1652 1110; x_wconf 87' lang='lat' dir='ltr'>secundum</span> <span class='ocrx_word' id='word_1_215' title='bbox 1675 1071 1773 1110; x_wconf 91' lang='lat' dir='ltr'>illud</span> <span class='ocrx_word' id='word_1_216' title='bbox 1792 1083 1802 1108; x_wconf 73' lang='grc' dir='ltr'><em>τ</em></span> 
     </span>
     <span class='ocr_line' id='line_1_22' title="bbox 188 1118 1805 1166; baseline -0.001 -8"><span class='ocrx_word' id='word_1_217' title='bbox 188 1122 270 1158; x_wconf 84' lang='lat' dir='ltr'>Haec</span> <span class='ocrx_word' id='word_1_218' title='bbox 296 1124 348 1158; x_wconf 83' lang='lat' dir='ltr'>est</span> <span class='ocrx_word' id='word_1_219' title='bbox 376 1123 472 1158; x_wconf 79' lang='lat' dir='ltr'>enim</span> <span class='ocrx_word' id='word_1_220' title='bbox 489 1124 611 1158; x_wconf 79' lang='lat' dir='ltr'>vestra</span> <span class='ocrx_word' id='word_1_221' title='bbox 628 1122 810 1166; x_wconf 78' lang='lat' dir='ltr'>sapientia</span> <span class='ocrx_word' id='word_1_222' title='bbox 834 1123 867 1156; x_wconf 84' lang='lat' dir='ltr'>et</span> <span class='ocrx_word' id='word_1_223' title='bbox 886 1121 1084 1157; x_wconf 74' lang='lat' dir='ltr'>intellectus</span> <span class='ocrx_word' id='word_1_224' title='bbox 1105 1129 1224 1156; x_wconf 83' lang='lat' dir='ltr'>coram</span> <span class='ocrx_word' id='word_1_225' title='bbox 1241 1120 1387 1166; x_wconf 79' lang='lat' dir='ltr'>populis</span> <span class='ocrx_word' id='word_1_226' title='bbox 1409 1119 1594 1166; x_wconf 89' lang='lat' dir='ltr'>(Deuter.,</span> <span class='ocrx_word' id='word_1_227' title='bbox 1614 1128 1672 1163; x_wconf 84' lang='lat' dir='ltr'>1v,</span> <span class='ocrx_word' id='word_1_228' title='bbox 1692 1118 1748 1165; x_wconf 86' lang='lat'>6);</span> <span class='ocrx_word' id='word_1_229' title='bbox 1766 1121 1805 1156; x_wconf 85' lang='lat' dir='ltr'>et</span> 
     </span>
     <span class='ocr_line' id='line_1_23' title="bbox 188 1166 1803 1216; baseline -0.001 -11"><span class='ocrx_word' id='word_1_230' title='bbox 188 1171 348 1214; x_wconf 90' lang='lat' dir='ltr'>propter</span> <span class='ocrx_word' id='word_1_231' title='bbox 368 1168 443 1206; x_wconf 90' lang='lat' dir='ltr'>hoc</span> <span class='ocrx_word' id='word_1_232' title='bbox 467 1168 559 1216; x_wconf 88' lang='lat' dir='ltr'>ipsi,</span> <span class='ocrx_word' id='word_1_233' title='bbox 576 1168 690 1215; x_wconf 88' lang='lat' dir='ltr'>quasi</span> <span class='ocrx_word' id='word_1_234' title='bbox 723 1167 945 1214; x_wconf 87' lang='lat' dir='ltr'>principali,</span> <span class='ocrx_word' id='word_1_235' title='bbox 969 1166 1221 1214; x_wconf 84' lang='lat' dir='ltr'>philosophia</span> <span class='ocrx_word' id='word_1_236' title='bbox 1253 1167 1428 1204; x_wconf 85' lang='lat' dir='ltr'>humana</span> <span class='ocrx_word' id='word_1_237' title='bbox 1448 1167 1632 1204; x_wconf 89' lang='lat' dir='ltr'>deservit.</span> <span class='ocrx_word' id='word_1_238' title='bbox 1649 1167 1693 1203; x_wconf 88' lang='lat' dir='ltr'>Et</span> <span class='ocrx_word' id='word_1_239' title='bbox 1712 1166 1803 1203; x_wconf 83' lang='lat' dir='ltr'>ideo</span> 
     </span>
     <span class='ocr_line' id='line_1_24' title="bbox 190 1213 1802 1262; baseline -0.002 -10"><span class='ocrx_word' id='word_1_240' title='bbox 190 1215 388 1253; x_wconf 86' lang='lat' dir='ltr'>interdum</span> <span class='ocrx_word' id='word_1_241' title='bbox 420 1225 466 1252; x_wconf 88' lang='lat' dir='ltr'>ex</span> <span class='ocrx_word' id='word_1_242' title='bbox 496 1215 701 1262; x_wconf 84' lang='lat' dir='ltr'>principiis</span> <span class='ocrx_word' id='word_1_243' title='bbox 726 1215 988 1261; x_wconf 82' lang='lat' dir='ltr'>philosophiae</span> <span class='ocrx_word' id='word_1_244' title='bbox 1013 1215 1195 1251; x_wconf 86' lang='lat' dir='ltr'>humanae</span> <span class='ocrx_word' id='word_1_245' title='bbox 1215 1213 1411 1259; x_wconf 82' lang='lat' dir='ltr'>sapientia</span> <span class='ocrx_word' id='word_1_246' title='bbox 1444 1213 1580 1251; x_wconf 86' lang='lat' dir='ltr'>divina</span> <span class='ocrx_word' id='word_1_247' title='bbox 1599 1213 1802 1260; x_wconf 88' lang='lat' dir='ltr'>procedit;</span> 
     </span>
     <span class='ocr_line' id='line_1_25' title="bbox 191 1260 1804 1308; baseline -0.001 -9"><span class='ocrx_word' id='word_1_248' title='bbox 191 1270 284 1299; x_wconf 90' lang='lat' dir='ltr'>nam</span> <span class='ocrx_word' id='word_1_249' title='bbox 305 1265 342 1299; x_wconf 91' lang='lat' dir='ltr'>et</span> <span class='ocrx_word' id='word_1_250' title='bbox 362 1261 463 1308; x_wconf 87' lang='lat' dir='ltr'>apud</span> <span class='ocrx_word' id='word_1_251' title='bbox 484 1261 761 1308; x_wconf 87' lang='lat' dir='ltr'>philosophos,</span> <span class='ocrx_word' id='word_1_252' title='bbox 784 1263 908 1307; x_wconf 80' lang='lat' dir='ltr'>prima</span> <span class='ocrx_word' id='word_1_253' title='bbox 923 1261 1177 1308; x_wconf 84' lang='lat' dir='ltr'>philosophia</span> <span class='ocrx_word' id='word_1_254' title='bbox 1195 1261 1318 1299; x_wconf 89' lang='lat' dir='ltr'>utitur</span> <span class='ocrx_word' id='word_1_255' title='bbox 1338 1261 1521 1298; x_wconf 89' lang='lat' dir='ltr'>omnium</span> <span class='ocrx_word' id='word_1_256' title='bbox 1543 1260 1804 1298; x_wconf 86' lang='lat' dir='ltr'>scientiarum</span> 
     </span>
     <span class='ocr_line' id='line_1_26' title="bbox 191 1307 1244 1354; baseline -0.002 -8"><span class='ocrx_word' id='word_1_257' title='bbox 191 1308 442 1347; x_wconf 87' lang='lat' dir='ltr'>documentis</span> <span class='ocrx_word' id='word_1_258' title='bbox 463 1308 512 1346; x_wconf 88' lang='lat' dir='ltr'>ad</span> <span class='ocrx_word' id='word_1_259' title='bbox 531 1317 649 1347; x_wconf 89' lang='lat' dir='ltr'>suum</span> <span class='ocrx_word' id='word_1_260' title='bbox 671 1309 919 1354; x_wconf 89' lang='lat' dir='ltr'>propositum</span> <span class='ocrx_word' id='word_1_261' title='bbox 941 1307 1244 1346; x_wconf 87' lang='lat' dir='ltr'>ostendendum.</span> 
     </span>
    </p>

    <p class='ocr_par' dir='ltr' id='par_1_4' title="bbox 158 1353 1810 1779">
     <span class='ocr_line' id='line_1_27' title="bbox 158 1353 1802 1402; baseline -0.001 -9"><span class='ocrx_word' id='word_1_262' title='bbox 158 1362 191 1365; x_wconf 32' lang='lat' dir='ltr'><em>s</em></span> <span class='ocrx_word' id='word_1_263' title='bbox 237 1356 384 1393; x_wconf 83' lang='lat' dir='ltr'>Exinde</span> <span class='ocrx_word' id='word_1_264' title='bbox 406 1356 523 1393; x_wconf 89' lang='lat' dir='ltr'>etiam</span> <span class='ocrx_word' id='word_1_265' title='bbox 558 1358 618 1393; x_wconf 89' lang='lat' dir='ltr'>est</span> <span class='ocrx_word' id='word_1_266' title='bbox 650 1355 756 1402; x_wconf 90' lang='lat' dir='ltr'>quod</span> <span class='ocrx_word' id='word_1_267' title='bbox 788 1364 866 1392; x_wconf 90' lang='lat' dir='ltr'>non</span> <span class='ocrx_word' id='word_1_268' title='bbox 899 1356 1036 1392; x_wconf 89' lang='lat' dir='ltr'>eodem</span> <span class='ocrx_word' id='word_1_269' title='bbox 1054 1354 1192 1392; x_wconf 91' lang='lat' dir='ltr'>ordine</span> <span class='ocrx_word' id='word_1_270' title='bbox 1214 1357 1379 1401; x_wconf 85' lang='lat' dir='ltr'>utraque</span> <span class='ocrx_word' id='word_1_271' title='bbox 1407 1354 1589 1392; x_wconf 87' lang='lat' dir='ltr'>doctrina</span> <span class='ocrx_word' id='word_1_272' title='bbox 1609 1353 1802 1401; x_wconf 86' lang='lat' dir='ltr'>procedit.</span> 
     </span>
     <span class='ocr_line' id='line_1_28' title="bbox 189 1400 1804 1449; baseline -0.001 -10"><span class='ocrx_word' id='word_1_273' title='bbox 189 1403 287 1440; x_wconf 85' lang='lat' dir='ltr'>Nam</span> <span class='ocrx_word' id='word_1_274' title='bbox 307 1403 344 1439; x_wconf 89' lang='lat' dir='ltr'>in</span> <span class='ocrx_word' id='word_1_275' title='bbox 368 1402 547 1440; x_wconf 85' lang='lat' dir='ltr'>doctrina</span> <span class='ocrx_word' id='word_1_276' title='bbox 565 1401 842 1448; x_wconf 77' lang='lat' dir='ltr'>philosophiae,</span> <span class='ocrx_word' id='word_1_277' title='bbox 864 1411 951 1449; x_wconf 87' lang='lat' dir='ltr'>quae</span> <span class='ocrx_word' id='word_1_278' title='bbox 972 1405 1175 1439; x_wconf 88' lang='lat' dir='ltr'>creaturas</span> <span class='ocrx_word' id='word_1_279' title='bbox 1198 1400 1418 1439; x_wconf 90' lang='lat' dir='ltr'>secundum</span> <span class='ocrx_word' id='word_1_280' title='bbox 1453 1411 1496 1439; x_wconf 89' lang='lat' dir='ltr'>se</span> <span class='ocrx_word' id='word_1_281' title='bbox 1517 1401 1748 1439; x_wconf 86' lang='lat' dir='ltr'>considerat</span> <span class='ocrx_word' id='word_1_282' title='bbox 1766 1404 1804 1438; x_wconf 88' lang='lat' dir='ltr'>et</span> 
     </span>
     <span class='ocr_line' id='line_1_29' title="bbox 190 1448 1804 1495; baseline -0.001 -8"><span class='ocrx_word' id='word_1_283' title='bbox 190 1449 310 1487; x_wconf 80' lang='lat' dir='ltr'>exeis</span> <span class='ocrx_word' id='word_1_284' title='bbox 338 1449 377 1485; x_wconf 92' lang='lat' dir='ltr'>in</span> <span class='ocrx_word' id='word_1_285' title='bbox 409 1449 476 1485; x_wconf 90' lang='lat' dir='ltr'>Dei</span> <span class='ocrx_word' id='word_1_286' title='bbox 492 1449 761 1495; x_wconf 87' lang='lat' dir='ltr'>cognitionem</span> <span class='ocrx_word' id='word_1_287' title='bbox 782 1448 972 1494; x_wconf 86' lang='lat' dir='ltr'>perducit,</span> <span class='ocrx_word' id='word_1_288' title='bbox 995 1449 1121 1494; x_wconf 86' lang='lat' dir='ltr'>prima</span> <span class='ocrx_word' id='word_1_289' title='bbox 1141 1451 1202 1486; x_wconf 88' lang='lat' dir='ltr'>est</span> <span class='ocrx_word' id='word_1_290' title='bbox 1219 1448 1485 1486; x_wconf 86' lang='lat' dir='ltr'>consideratio</span> <span class='ocrx_word' id='word_1_291' title='bbox 1524 1449 1571 1485; x_wconf 91' lang='lat' dir='ltr'>de</span> <span class='ocrx_word' id='word_1_292' title='bbox 1608 1448 1804 1486; x_wconf 83' lang='lat' dir='ltr'>creaturis</span> 
     </span>
     <span class='ocr_line' id='line_1_30' title="bbox 191 1495 1802 1542; baseline -0.001 -9"><span class='ocrx_word' id='word_1_293' title='bbox 191 1500 230 1533; x_wconf 87' lang='lat' dir='ltr'>et</span> <span class='ocrx_word' id='word_1_294' title='bbox 250 1495 392 1533; x_wconf 87' lang='lat' dir='ltr'>ultima</span> <span class='ocrx_word' id='word_1_295' title='bbox 410 1495 456 1534; x_wconf 94' lang='lat' dir='ltr'>de</span> <span class='ocrx_word' id='word_1_296' title='bbox 475 1497 578 1540; x_wconf 82' lang='lat' dir='ltr'>De03</span> <span class='ocrx_word' id='word_1_297' title='bbox 600 1495 639 1532; x_wconf 89' lang='lat' dir='ltr'>in</span> <span class='ocrx_word' id='word_1_298' title='bbox 659 1496 838 1533; x_wconf 84' lang='lat' dir='ltr'>doctrina</span> <span class='ocrx_word' id='word_1_299' title='bbox 855 1505 947 1533; x_wconf 88' lang='lat' dir='ltr'>vero</span> <span class='ocrx_word' id='word_1_300' title='bbox 965 1495 1068 1540; x_wconf 87' lang='lat' dir='ltr'>fidei,</span> <span class='ocrx_word' id='word_1_301' title='bbox 1085 1504 1172 1542; x_wconf 85' lang='lat' dir='ltr'>quae</span> <span class='ocrx_word' id='word_1_302' title='bbox 1193 1499 1394 1533; x_wconf 87' lang='lat' dir='ltr'>creaturas</span> <span class='ocrx_word' id='word_1_303' title='bbox 1415 1495 1577 1532; x_wconf 90' lang='lat' dir='ltr'>nonnisi</span> <span class='ocrx_word' id='word_1_304' title='bbox 1599 1495 1641 1532; x_wconf 92' lang='lat' dir='ltr'>in</span> <span class='ocrx_word' id='word_1_305' title='bbox 1660 1495 1802 1533; x_wconf 89' lang='lat' dir='ltr'>ordine</span> 
     </span>
     <span class='ocr_line' id='line_1_31' title="bbox 190 1542 1803 1589; baseline -0.002 -8"><span class='ocrx_word' id='word_1_306' title='bbox 190 1542 240 1581; x_wconf 91' lang='lat' dir='ltr'>ad</span> <span class='ocrx_word' id='word_1_307' title='bbox 259 1544 380 1579; x_wconf 84' lang='lat' dir='ltr'>Deum</span> <span class='ocrx_word' id='word_1_308' title='bbox 404 1542 642 1587; x_wconf 85' lang='lat' dir='ltr'>considerat,</span> <span class='ocrx_word' id='word_1_309' title='bbox 657 1542 784 1588; x_wconf 90' lang='lat' dir='ltr'>primo</span> <span class='ocrx_word' id='word_1_310' title='bbox 804 1545 863 1580; x_wconf 91' lang='lat' dir='ltr'>est</span> <span class='ocrx_word' id='word_1_311' title='bbox 896 1542 1162 1580; x_wconf 87' lang='lat' dir='ltr'>consideratio</span> <span class='ocrx_word' id='word_1_312' title='bbox 1182 1542 1264 1587; x_wconf 87' lang='lat' dir='ltr'>Dei,</span> <span class='ocrx_word' id='word_1_313' title='bbox 1291 1545 1330 1579; x_wconf 88' lang='lat' dir='ltr'>et</span> <span class='ocrx_word' id='word_1_314' title='bbox 1363 1542 1618 1589; x_wconf 87' lang='lat' dir='ltr'>postmodum</span> <span class='ocrx_word' id='word_1_315' title='bbox 1649 1545 1803 1580; x_wconf 88' lang='lat' dir='ltr'>creatu-</span> 
     </span>
     <span class='ocr_line' id='line_1_32' title="bbox 190 1588 1804 1639; baseline 0 -13"><span class='ocrx_word' id='word_1_316' title='bbox 190 1598 341 1634; x_wconf 86' lang='lat' dir='ltr'>rarum;</span> <span class='ocrx_word' id='word_1_317' title='bbox 364 1593 401 1627; x_wconf 92' lang='lat' dir='ltr'>et</span> <span class='ocrx_word' id='word_1_318' title='bbox 429 1589 487 1628; x_wconf 87' lang='lat' dir='ltr'>sic</span> <span class='ocrx_word' id='word_1_319' title='bbox 511 1592 571 1627; x_wconf 88' lang='lat' dir='ltr'>est</span> <span class='ocrx_word' id='word_1_320' title='bbox 591 1589 815 1636; x_wconf 86' lang='lat' dir='ltr'>perfectior,</span> <span class='ocrx_word' id='word_1_321' title='bbox 834 1592 968 1636; x_wconf 86' lang='lat' dir='ltr'>utpote</span> <span class='ocrx_word' id='word_1_322' title='bbox 990 1589 1057 1626; x_wconf 88' lang='lat' dir='ltr'>Dei</span> <span class='ocrx_word' id='word_1_323' title='bbox 1073 1588 1293 1636; x_wconf 85' lang='lat' dir='ltr'>cognitioni</span> <span class='ocrx_word' id='word_1_324' title='bbox 1314 1589 1497 1635; x_wconf 86' lang='lat' dir='ltr'>similior,</span> <span class='ocrx_word' id='word_1_325' title='bbox 1517 1589 1599 1639; x_wconf 89' lang='lat' dir='ltr'>qui,</span> <span class='ocrx_word' id='word_1_326' title='bbox 1622 1589 1804 1636; x_wconf 86' lang='lat' dir='ltr'>seipsum</span> 
     </span>
     <span class='ocr_line' id='line_1_33' title="bbox 191 1636 1805 1684; baseline 0 -10"><span class='ocrx_word' id='word_1_327' title='bbox 191 1645 458 1684; x_wconf 85' lang='lat' dir='ltr'>cognoscens,</span> <span class='ocrx_word' id='word_1_328' title='bbox 477 1636 555 1674; x_wconf 85' lang='lat' dir='ltr'>alia</span> <span class='ocrx_word' id='word_1_329' title='bbox 581 1636 768 1674; x_wconf 88' lang='lat' dir='ltr'>intuetur.</span> <span class='ocrx_word' id='word_1_330' title='bbox 794 1636 916 1682; x_wconf 89' lang='lat' dir='ltr'>Unde,</span> <span class='ocrx_word' id='word_1_331' title='bbox 939 1636 1158 1674; x_wconf 87' lang='lat' dir='ltr'>secundum</span> <span class='ocrx_word' id='word_1_332' title='bbox 1180 1636 1286 1674; x_wconf 89' lang='lat' dir='ltr'>hunc</span> <span class='ocrx_word' id='word_1_333' title='bbox 1306 1636 1502 1682; x_wconf 89' lang='lat' dir='ltr'>ordinem,</span> <span class='ocrx_word' id='word_1_334' title='bbox 1520 1640 1611 1683; x_wconf 89' lang='lat' dir='ltr'>post</span> <span class='ocrx_word' id='word_1_335' title='bbox 1639 1646 1686 1674; x_wconf 85' lang='lat' dir='ltr'>ea</span> <span class='ocrx_word' id='word_1_336' title='bbox 1715 1644 1805 1683; x_wconf 84' lang='lat' dir='ltr'>quae</span> 
     </span>
     <span class='ocr_line' id='line_1_34' title="bbox 191 1682 1810 1769; baseline 0 -48"><span class='ocrx_word' id='word_1_337' title='bbox 191 1683 238 1721; x_wconf 90' lang='lat' dir='ltr'>de</span> <span class='ocrx_word' id='word_1_338' title='bbox 258 1685 337 1722; x_wconf 91' lang='lat' dir='ltr'>Deo</span> <span class='ocrx_word' id='word_1_339' title='bbox 364 1683 406 1720; x_wconf 92' lang='lat' dir='ltr'>in</span> <span class='ocrx_word' id='word_1_340' title='bbox 416 1692 482 1769; x_wconf 82' lang='lat' dir='ltr'>dse,</span> <span class='ocrx_word' id='word_1_341' title='bbox 504 1683 546 1721; x_wconf 92' lang='lat' dir='ltr'>in</span> <span class='ocrx_word' id='word_1_342' title='bbox 577 1682 704 1731; x_wconf 81' lang='lat' dir='ltr'>primo</span> <span class='ocrx_word' id='word_1_343' title='bbox 722 1682 840 1730; x_wconf 84' lang='lat' dir='ltr'>libro,</span> <span class='ocrx_word' id='word_1_344' title='bbox 860 1687 954 1721; x_wconf 88' lang='lat' dir='ltr'>sunt</span> <span class='ocrx_word' id='word_1_345' title='bbox 975 1683 1091 1730; x_wconf 87' lang='lat' dir='ltr'>dicta,</span> <span class='ocrx_word' id='word_1_346' title='bbox 1110 1683 1158 1721; x_wconf 87' lang='lat' dir='ltr'>de</span> <span class='ocrx_word' id='word_1_347' title='bbox 1185 1682 1250 1722; x_wconf 88' lang='lat' dir='ltr'>his</span> <span class='ocrx_word' id='word_1_348' title='bbox 1269 1692 1358 1732; x_wconf 82' lang='lat' dir='ltr'>quae</span> <span class='ocrx_word' id='word_1_349' title='bbox 1377 1683 1428 1723; x_wconf 88' lang='lat' dir='ltr'>ab</span> <span class='ocrx_word' id='word_1_350' title='bbox 1447 1684 1536 1732; x_wconf 88' lang='lat' dir='ltr'>ipso</span> <span class='ocrx_word' id='word_1_351' title='bbox 1558 1687 1654 1722; x_wconf 89' lang='lat' dir='ltr'>sunt</span> <span class='ocrx_word' id='word_1_352' title='bbox 1684 1685 1810 1722; x_wconf 81' lang='lat' dir='ltr'>restat</span> 
     </span>
     <span class='ocr_line' id='line_1_35' title="bbox 190 1738 522 1779; baseline 0.006 -11"><span class='ocrx_word' id='word_1_353' title='bbox 190 1738 412 1779; x_wconf 88' lang='lat' dir='ltr'>prosequen</span> <span class='ocrx_word' id='word_1_354' title='bbox 444 1738 522 1770; x_wconf 88' lang='lat' dir='ltr'>um.</span> 
     </span>
    </p>
   </div>
   <div class='ocr_carea' id='block_1_3' title="bbox 873 1839 1131 1883">
    <p class='ocr_par' dir='ltr' id='par_1_5' title="bbox 873 1839 1131 1883">
     <span class='ocr_line' id='line_1_36' title="bbox 873 1839 1131 1883; baseline -0.008 -1"><span class='ocrx_word' id='word_1_355' title='bbox 873 1839 1041 1883; x_wconf 82' lang='lat' dir='ltr'>CAPUT</span> <span class='ocrx_word' id='word_1_356' title='bbox 1083 1839 1131 1881; x_wconf 89' lang='lat' dir='ltr'>V.</span> 
     </span>
    </p>
   </div>
   <div class='ocr_carea' id='block_1_4' title="bbox 798 1953 1198 1984">
    <p class='ocr_par' dir='ltr' id='par_1_6' title="bbox 798 1953 1198 1984">
     <span class='ocr_line' id='line_1_37' title="bbox 798 1953 1198 1984; baseline -0.003 -1"><span class='ocrx_word' id='word_1_357' title='bbox 798 1953 899 1983; x_wconf 83' lang='lat' dir='ltr'>ORDO</span> <span class='ocrx_word' id='word_1_358' title='bbox 938 1953 1198 1984; x_wconf 81' lang='lat' dir='ltr'>DIGENDORUM.</span> 
     </span>
    </p>
   </div>
   <div class='ocr_carea' id='block_1_5' title="bbox 189 2054 1810 2244">
    <p class='ocr_par' dir='ltr' id='par_1_7' title="bbox 189 2054 1810 2244">
     <span class='ocr_line' id='line_1_38' title="bbox 237 2054 1806 2103; baseline -0.001 -9"><span class='ocrx_word' id='word_1_359' title='bbox 237 2055 318 2094; x_wconf 89' lang='lat' dir='ltr'>Erit</span> <span class='ocrx_word' id='word_1_360' title='bbox 335 2058 465 2094; x_wconf 88' lang='lat' dir='ltr'>autem</span> <span class='ocrx_word' id='word_1_361' title='bbox 492 2055 555 2094; x_wconf 91' lang='lat' dir='ltr'>hic</span> <span class='ocrx_word' id='word_1_362' title='bbox 589 2055 880 2102; x_wconf 87' lang='lat' dir='ltr'>prosecutionis</span> <span class='ocrx_word' id='word_1_363' title='bbox 900 2055 1012 2101; x_wconf 92' lang='lat' dir='ltr'>ordo,</span> <span class='ocrx_word' id='word_1_364' title='bbox 1041 2058 1084 2093; x_wconf 85' lang='lat' dir='ltr'>ut</span> <span class='ocrx_word' id='word_1_365' title='bbox 1111 2056 1230 2102; x_wconf 75' lang='lat' dir='ltr'>primo</span> <span class='ocrx_word' id='word_1_366' title='bbox 1266 2064 1433 2103; x_wconf 84' lang='lat' dir='ltr'>agamus</span> <span class='ocrx_word' id='word_1_367' title='bbox 1464 2055 1512 2093; x_wconf 91' lang='lat' dir='ltr'>de</span> <span class='ocrx_word' id='word_1_368' title='bbox 1542 2054 1806 2103; x_wconf 89' lang='lat' dir='ltr'>productione</span> 
     </span>
     <span class='ocr_line' id='line_1_39' title="bbox 190 2101 1807 2150; baseline 0 -11"><span class='ocrx_word' id='word_1_369' title='bbox 190 2111 322 2139; x_wconf 89' lang='lat' dir='ltr'>rerum</span> <span class='ocrx_word' id='word_1_370' title='bbox 348 2103 388 2139; x_wconf 90' lang='lat' dir='ltr'>in</span> <span class='ocrx_word' id='word_1_371' title='bbox 411 2111 499 2140; x_wconf 89' lang='grc'>0550</span> <span class='ocrx_word' id='word_1_372' title='bbox 514 2102 561 2149; x_wconf 89' lang='grc'>(0.</span> <span class='ocrx_word' id='word_1_373' title='bbox 581 2103 697 2150; x_wconf 86' lang='grc'>6-38);</span> <span class='ocrx_word' id='word_1_374' title='bbox 730 2102 895 2143; x_wconf 81' lang='lat' dir='ltr'>secundo,</span> <span class='ocrx_word' id='word_1_375' title='bbox 925 2103 972 2139; x_wconf 92' lang='lat' dir='ltr'>de</span> <span class='ocrx_word' id='word_1_376' title='bbox 1005 2112 1139 2140; x_wconf 83' lang='lat' dir='ltr'>earum</span> <span class='ocrx_word' id='word_1_377' title='bbox 1161 2101 1416 2140; x_wconf 87' lang='lat' dir='ltr'>distinctione</span> <span class='ocrx_word' id='word_1_378' title='bbox 1447 2101 1494 2150; x_wconf 90' lang='lat' dir='ltr'>(c.</span> <span class='ocrx_word' id='word_1_379' title='bbox 1529 2103 1670 2150; x_wconf 82' lang='lat'>39-45);</span> <span class='ocrx_word' id='word_1_380' title='bbox 1701 2105 1807 2140; x_wconf 76' lang='lat' dir='ltr'>tertio</span> 
     </span>
     <span class='ocr_line' id='line_1_40' title="bbox 189 2149 1810 2198; baseline 0.002 -13"><span class='ocrx_word' id='word_1_381' title='bbox 189 2158 296 2194; x_wconf 79' lang='lat' dir='ltr'>vero,</span> <span class='ocrx_word' id='word_1_382' title='bbox 312 2149 358 2186; x_wconf 93' lang='lat' dir='ltr'>de</span> <span class='ocrx_word' id='word_1_383' title='bbox 376 2149 550 2196; x_wconf 88' lang='lat' dir='ltr'>ipsarum</span> <span class='ocrx_word' id='word_1_384' title='bbox 564 2159 694 2187; x_wconf 91' lang='lat' dir='ltr'>rerum</span> <span class='ocrx_word' id='word_1_385' title='bbox 710 2150 988 2196; x_wconf 88' lang='lat' dir='ltr'>productarum</span> <span class='ocrx_word' id='word_1_386' title='bbox 1010 2153 1047 2187; x_wconf 91' lang='lat' dir='ltr'>et</span> <span class='ocrx_word' id='word_1_387' title='bbox 1064 2149 1338 2189; x_wconf 89' lang='lat' dir='ltr'>distinctarum</span> <span class='ocrx_word' id='word_1_388' title='bbox 1354 2153 1496 2188; x_wconf 88' lang='lat' dir='ltr'>natura</span> <span class='ocrx_word' id='word_1_389' title='bbox 1507 2150 1555 2198; x_wconf 90' lang='lat' dir='ltr'>(c.</span> <span class='ocrx_word' id='word_1_390' title='bbox 1573 2153 1620 2189; x_wconf 84' lang='lat'>46</span> <span class='ocrx_word' id='word_1_391' title='bbox 1641 2150 1691 2189; x_wconf 89' lang='lat' dir='ltr'>ad</span> <span class='ocrx_word' id='word_1_392' title='bbox 1705 2149 1810 2198; x_wconf 66' lang='lat' dir='ltr'>fin),</span> 
     </span>
     <span class='ocr_line' id='line_1_41' title="bbox 190 2195 980 2244; baseline 0.001 -11"><span class='ocrx_word' id='word_1_393' title='bbox 190 2199 378 2243; x_wconf 86' lang='lat' dir='ltr'>quantum</span> <span class='ocrx_word' id='word_1_394' title='bbox 398 2196 446 2233; x_wconf 90' lang='lat' dir='ltr'>ad</span> <span class='ocrx_word' id='word_1_395' title='bbox 465 2195 555 2234; x_wconf 88' lang='lat' dir='ltr'>fidei</span> <span class='ocrx_word' id='word_1_396' title='bbox 576 2197 744 2244; x_wconf 86' lang='lat' dir='ltr'>pertinet</span> <span class='ocrx_word' id='word_1_397' title='bbox 760 2197 980 2234; x_wconf 88' lang='lat' dir='ltr'>veritatem.</span> 
     </span>
    </p>
   </div>
   <div class='ocr_carea' id='block_1_6' title="bbox 858 2341 1137 2384">
    <p class='ocr_par' dir='ltr' id='par_1_8' title="bbox 858 2341 1137 2384">
     <span class='ocr_line' id='line_1_42' title="bbox 858 2341 1137 2384; baseline 0 -1"><span class='ocrx_word' id='word_1_398' title='bbox 858 2341 1025 2384; x_wconf 90' lang='lat' dir='ltr'><strong>CAPUT</strong></span> <span class='ocrx_word' id='word_1_399' title='bbox 1069 2341 1137 2384; x_wconf 82' lang='lat' dir='ltr'>vl.</span> 
     </span>
    </p>
   </div>
   <div class='ocr_carea' id='block_1_7' title="bbox 441 2460 1549 2496">
    <p class='ocr_par' dir='ltr' id='par_1_9' title="bbox 441 2460 1549 2496">
     <span class='ocr_line' id='line_1_43' title="bbox 441 2460 1549 2496; baseline -0.003 -2"><span class='ocrx_word' id='word_1_400' title='bbox 441 2460 543 2496; x_wconf 81' lang='lat' dir='ltr'>QUOD</span> <span class='ocrx_word' id='word_1_401' title='bbox 566 2460 642 2492; x_wconf 83' lang='lat' dir='ltr'>DEO</span> <span class='ocrx_word' id='word_1_402' title='bbox 668 2461 857 2492; x_wconf 81' lang='lat' dir='ltr'><strong>GOMPETIT</strong></span> <span class='ocrx_word' id='word_1_403' title='bbox 883 2462 978 2492; x_wconf 87' lang='lat' dir='ltr'>ESSE</span> <span class='ocrx_word' id='word_1_404' title='bbox 1001 2460 1104 2491; x_wconf 84' lang='lat' dir='ltr'>ALIIS</span> <span class='ocrx_word' id='word_1_405' title='bbox 1128 2461 1354 2493; x_wconf 81' lang='lat' dir='ltr'>PRINCIPIUM</span> <span class='ocrx_word' id='word_1_406' title='bbox 1375 2463 1549 2494; x_wconf 83' lang='lat' dir='ltr'><strong>ESSENDI.</strong></span> 
     </span>
    </p>
   </div>
   <div class='ocr_carea' id='block_1_8' title="bbox 188 2570 1803 2843">
    <p class='ocr_par' dir='ltr' id='par_1_10' title="bbox 188 2570 1800 2666">
     <span class='ocr_line' id='line_1_44' title="bbox 234 2570 1800 2620; baseline -0.001 -12"><span class='ocrx_word' id='word_1_407' title='bbox 234 2572 506 2617; x_wconf 80' lang='lat' dir='ltr'>supponentes</span> <span class='ocrx_word' id='word_1_408' title='bbox 524 2572 644 2619; x_wconf 86' lang='lat' dir='ltr'>igitur</span> <span class='ocrx_word' id='word_1_409' title='bbox 661 2572 802 2620; x_wconf 83' lang='lat' dir='ltr'>quaein</span> <span class='ocrx_word' id='word_1_410' title='bbox 816 2571 1091 2619; x_wconf 84' lang='lat' dir='ltr'>superioribus</span> <span class='ocrx_word' id='word_1_411' title='bbox 1112 2575 1275 2610; x_wconf 85' lang='lat' dir='ltr'>ostensa</span> <span class='ocrx_word' id='word_1_412' title='bbox 1289 2575 1395 2617; x_wconf 91' lang='lat' dir='ltr'>sunt,</span> <span class='ocrx_word' id='word_1_413' title='bbox 1414 2570 1670 2609; x_wconf 87' lang='lat' dir='ltr'>ostendamus</span> <span class='ocrx_word' id='word_1_414' title='bbox 1692 2578 1800 2607; x_wconf 87' lang='lat' dir='ltr'>nunc</span> 
     </span>
     <span class='ocr_line' id='line_1_45' title="bbox 188 2618 1485 2666; baseline 0.001 -12"><span class='ocrx_word' id='word_1_415' title='bbox 188 2618 293 2665; x_wconf 89' lang='lat' dir='ltr'>quod</span> <span class='ocrx_word' id='word_1_416' title='bbox 314 2619 501 2663; x_wconf 89' lang='lat' dir='ltr'>competit</span> <span class='ocrx_word' id='word_1_417' title='bbox 520 2620 598 2656; x_wconf 91' lang='lat' dir='ltr'>Deo</span> <span class='ocrx_word' id='word_1_418' title='bbox 619 2622 662 2657; x_wconf 91' lang='lat' dir='ltr'>ut</span> <span class='ocrx_word' id='word_1_419' title='bbox 678 2619 730 2656; x_wconf 88' lang='lat' dir='ltr'>sit</span> <span class='ocrx_word' id='word_1_420' title='bbox 749 2619 840 2656; x_wconf 89' lang='lat' dir='ltr'>aliis</span> <span class='ocrx_word' id='word_1_421' title='bbox 861 2618 1020 2657; x_wconf 84' lang='lat' dir='ltr'>essendi</span> <span class='ocrx_word' id='word_1_422' title='bbox 1040 2618 1281 2666; x_wconf 89' lang='lat' dir='ltr'>principium</span> <span class='ocrx_word' id='word_1_423' title='bbox 1295 2621 1333 2655; x_wconf 91' lang='lat' dir='ltr'>et</span> <span class='ocrx_word' id='word_1_424' title='bbox 1351 2626 1485 2656; x_wconf 88' lang='grc'>00050.</span> 
     </span>
    </p>

    <p class='ocr_par' dir='ltr' id='par_1_11' title="bbox 188 2663 1803 2843">
     <span class='ocr_line' id='line_1_46' title="bbox 235 2663 1798 2713; baseline -0.001 -11"><span class='ocrx_word' id='word_1_425' title='bbox 235 2666 446 2702; x_wconf 81' lang='lat' dir='ltr'>ostensum</span> <span class='ocrx_word' id='word_1_426' title='bbox 465 2669 525 2702; x_wconf 89' lang='lat' dir='ltr'>est</span> <span class='ocrx_word' id='word_1_427' title='bbox 545 2666 650 2703; x_wconf 87' lang='grc'>0111111</span> <span class='ocrx_word' id='word_1_428' title='bbox 667 2674 787 2713; x_wconf 89' lang='lat' dir='ltr'>supra</span> <span class='ocrx_word' id='word_1_429' title='bbox 806 2666 846 2713; x_wconf 92' lang='lat' dir='ltr'>(l.</span> <span class='ocrx_word' id='word_1_430' title='bbox 868 2675 896 2710; x_wconf 93' lang='lat'>1,</span> <span class='ocrx_word' id='word_1_431' title='bbox 917 2675 952 2703; x_wconf 89' lang='grc'>0.</span> <span class='ocrx_word' id='word_1_432' title='bbox 973 2665 1046 2713; x_wconf 79' lang='lat'>13),</span> <span class='ocrx_word' id='word_1_433' title='bbox 1065 2675 1134 2713; x_wconf 85' lang='lat' dir='ltr'>per</span> <span class='ocrx_word' id='word_1_434' title='bbox 1163 2664 1541 2704; x_wconf 82' lang='lat' dir='ltr'>demonstrationem</span> <span class='ocrx_word' id='word_1_435' title='bbox 1559 2663 1798 2708; x_wconf 83' lang='lat' dir='ltr'>Aristotelis,</span> 
     </span>
     <span class='ocr_line' id='line_1_47' title="bbox 188 2709 1799 2762; baseline -0.001 -13"><span class='ocrx_word' id='word_1_436' title='bbox 188 2719 277 2749; x_wconf 72' lang='lat' dir='ltr'>esse</span> <span class='ocrx_word' id='word_1_437' title='bbox 298 2711 470 2757; x_wconf 85' lang='lat' dir='ltr'>aliquam</span> <span class='ocrx_word' id='word_1_438' title='bbox 490 2712 657 2757; x_wconf 88' lang='lat' dir='ltr'>primam</span> <span class='ocrx_word' id='word_1_439' title='bbox 678 2722 838 2750; x_wconf 87' lang='lat' dir='ltr'>causam</span> <span class='ocrx_word' id='word_1_440' title='bbox 865 2712 1114 2753; x_wconf 85' lang='lat' dir='ltr'>efficientem,</span> <span class='ocrx_word' id='word_1_441' title='bbox 1137 2722 1254 2761; x_wconf 87' lang='lat' dir='ltr'>quam</span> <span class='ocrx_word' id='word_1_442' title='bbox 1273 2714 1396 2749; x_wconf 90' lang='lat' dir='ltr'>Deum</span> <span class='ocrx_word' id='word_1_443' title='bbox 1416 2710 1599 2762; x_wconf 81' lang='lat' dir='ltr'>dicimus.</span> <span class='ocrx_word' id='word_1_444' title='bbox 1614 2709 1799 2762; x_wconf 80' lang='lat' dir='ltr'>El&#39;ticiens</span> 
     </span>
     <span class='ocr_line' id='line_1_48' title="bbox 188 2757 1803 2842; baseline -0.001 -46"><span class='ocrx_word' id='word_1_445' title='bbox 188 2761 319 2842; x_wconf 53' lang='lat' dir='ltr'>auteim</span> <span class='ocrx_word' id='word_1_446' title='bbox 341 2766 580 2841; x_wconf 53' lang='grc' dir='ltr'>00115οῐ5005</span> <span class='ocrx_word' id='word_1_447' title='bbox 597 2757 762 2798; x_wconf 80' lang='lat' dir='ltr'>effeetus</span> <span class='ocrx_word' id='word_1_448' title='bbox 781 2759 969 2798; x_wconf 88' lang='lat' dir='ltr'>conducit</span> <span class='ocrx_word' id='word_1_449' title='bbox 987 2760 1036 2797; x_wconf 87' lang='lat' dir='ltr'>ad</span> <span class='ocrx_word' id='word_1_450' title='bbox 1057 2769 1160 2798; x_wconf 86' lang='lat' dir='ltr'>esse.</span> <span class='ocrx_word' id='word_1_451' title='bbox 1183 2761 1287 2797; x_wconf 87' lang='lat' dir='ltr'>Deus</span> <span class='ocrx_word' id='word_1_452' title='bbox 1318 2758 1440 2805; x_wconf 85' lang='lat' dir='ltr'>igitur</span> <span class='ocrx_word' id='word_1_453' title='bbox 1472 2757 1562 2794; x_wconf 88' lang='lat' dir='ltr'>alus</span> <span class='ocrx_word' id='word_1_454' title='bbox 1592 2766 1714 2795; x_wconf 85' lang='lat' dir='ltr'>causa</span> <span class='ocrx_word' id='word_1_455' title='bbox 1737 2765 1803 2794; x_wconf 87' lang='lat' dir='ltr'>es·</span> 
     </span>
     <span class='ocr_line' id='line_1_49' title="bbox 190 2813 1482 2843; baseline -0.001 0"><span class='ocrx_word' id='word_1_456' title='bbox 190 2813 261 2843; x_wconf 90' lang='lat' dir='ltr'>sen</span> <span class='ocrx_word' id='word_1_457' title='bbox 292 2814 303 2841; x_wconf 86' lang='lat' dir='ltr'>l</span> <span class='ocrx_word' id='word_1_458' title='bbox 325 2813 462 2842; x_wconf 79' lang='grc'>0115151</span> <span class='ocrx_word' id='word_1_459' title='bbox 483 2833 494 2842; x_wconf 91' lang='grc'><strong><em>,</em></strong></span> <span class='ocrx_word' id='word_1_460' title='bbox 1478 2824 1482 2827; x_wconf 63' lang='grc'><em>»</em></span> 
     </span>
    </p>
   </div>
   <div class='ocr_carea' id='block_1_9' title="bbox 234 2849 1803 2902">
    <p class='ocr_par' dir='ltr' id='par_1_12' title="bbox 234 2849 1803 2902">
     <span class='ocr_line' id='line_1_50' title="bbox 234 2849 1803 2902; baseline 0 -14"><span class='ocrx_word' id='word_1_461' title='bbox 234 2852 337 2897; x_wconf 75' lang='lat' dir='ltr'>item,</span> <span class='ocrx_word' id='word_1_462' title='bbox 369 2854 576 2891; x_wconf 88' lang='lat' dir='ltr'>ostensum</span> <span class='ocrx_word' id='word_1_463' title='bbox 613 2856 673 2891; x_wconf 85' lang='lat' dir='ltr'>est</span> <span class='ocrx_word' id='word_1_464' title='bbox 711 2852 847 2900; x_wconf 84' lang='grc'>(1.1,0.</span> <span class='ocrx_word' id='word_1_465' title='bbox 872 2853 943 2902; x_wconf 86' lang='lat'>13),</span> <span class='ocrx_word' id='word_1_466' title='bbox 963 2863 1033 2901; x_wconf 83' lang='lat' dir='ltr'>per</span> <span class='ocrx_word' id='word_1_467' title='bbox 1069 2853 1267 2892; x_wconf 86' lang='lat' dir='ltr'>rationem</span> <span class='ocrx_word' id='word_1_468' title='bbox 1301 2850 1493 2898; x_wconf 76' lang='lat' dir='ltr'>eiusdem,</span> <span class='ocrx_word' id='word_1_469' title='bbox 1510 2859 1600 2890; x_wconf 88' lang='lat' dir='ltr'>esse</span> <span class='ocrx_word' id='word_1_470' title='bbox 1638 2849 1803 2898; x_wconf 76' lang='lat' dir='ltr'>aliquod</span> 
     </span>
    </p>
   </div>
  </div>
 </body>
</html>
