1894 3223
722 116 809 152 LIB.
840 116 884 158 ll,
913 115 1013 151 cAt‘.
1044 114 1139 150 va.
1679 115 1740 150 ¹80

769 279 937 320 CAPUT
966 280 1081 320 LXV.

614 404 714 439 QUOD
741 404 868 433 ANIMA
893 404 972 433 NON
1001 405 1061 433 SIT
1087 404 1246 433 CORPUS.

164 527 335 562 Fuerunt
354 529 483 562 autem
508 525 630 562 etalii
654 526 782 572 magis
803 530 994 572 errantes,
1026 530 1219 573 ponentes
1240 527 1413 564 animani
1445 536 1533 564 esse
1565 536 1710 572 corpus
1730 539 1739 571 3

115 581 285 619 quorum
308 572 519 618 opiniones
540 572 632 609 licet
653 573 797 610 suerint
821 572 986 611 diversae
1009 577 1046 610 et
1067 574 1197 617 variae,
1218 573 1362 611 sufficit
1386 583 1454 611 eas
1477 574 1541 611 hie
1561 583 1738 611 commu-

116 619 220 656 niter
240 619 464 665 reprobare.
1420 640 1429 649 «

162 666 339 702 Viventia
358 666 479 711 enim,
501 676 623 713 quum
646 668 726 704 sint
749 669 928 715 quaedam
952 678 1015 704 res
1048 668 1266 711 naturales,
1307 671 1400 703 suut
1432 668 1654 713 composita
1694 678 1738 704 cx

116 713 281 750 materia
299 717 335 749 et
357 713 495 750 forma.
516 715 815 760 componuntur
844 718 1052 753 autem'ex
1088 723 1252 760 corpore
1285 717 1322 749 et
1354 714 1487 751 anima
1525 724 1612 761 quae
1648 715 1737 751 facit

115 760 287 797 viventia
307 763 410 797 actu.
435 761 556 808 Igitur
577 766 731 807 oportet
749 763 912 799 alterum
938 763 1103 799 istorum
1127 770 1216 797 csse
1241 761 1407 797 formam
1430 765 1467 797 et
1482 761 1647 797 alterum
1662 771 1735 798 ma-

116 807 269 844 teriam.
293 808 443 854 Corpus
465 811 594 845 autem
622 818 701 846 non
723 813 853 855 potest
873 818 961 846 esse
983 808 1122 850 forma,
1145 807 1237 854 quia
1259 816 1403 853 corpus
1425 816 1504 844 non
1526 812 1585 844 est
1608 809 1646 844 in
1684 808 1738 844 al-

117 857 200 891 tero
220 854 322 891 sicut
344 855 382 890 in
406 856 570 892 materia
591 859 626 892 et
654 856 846 902 subjecto.
865 856 1006 893 Anima
1027 854 1148 901 igitur
1168 854 1241 890 erit
1265 854 1414 899 forma;
1437 863 1531 902 ergo
1568 864 1647 891 non
1681 858 1740 892 est

116 910 276 946 corpus,
299 911 420 948 quum
441 902 591 938 nullum
614 912 759 947 corpus
780 904 832 940 sit
859 903 998 940 forma.

162 948 307 988 Adhuc,
331 948 579 994 impossibile
597 953 656 986 est
675 950 754 986 duo
775 959 941 995 corpora
964 957 1053 985 esse
1074 948 1208 985 simul.
1229 948 1369 985 Anima
1396 951 1528 985 autem
1560 957 1640 987 non
1679 952 1740 987 est

116 1003 298 1032 seorsum
320 1004 342 1032 a
363 1004 541 1041 corpore,
563 995 654 1032 dum
677 996 784 1033 vivit.
811 998 897 1033 Non
915 999 976 1033 est
998 995 1119 1043 igitur
1139 995 1272 1032 anima
1295 1005 1454 1040 corpus.

161 1043 344 1087 Amplius,
365 1051 482 1078 omne
508 1050 652 1088 corpus
685 1043 884 1080 divisibile
923 1045 994 1080 est.
1033 1043 1156 1079 Omne
1183 1046 1313 1079 autem
1350 1042 1548 1079 divisibile
1587 1043 1739 1089 indiget

116 1088 250 1140 aliquo
271 1089 501 1140 continente
523 1092 561 1126 et
581 1090 741 1127 uniente
762 1094 893 1136 partes
915 1090 1014 1136 ers.
1034 1090 1071 1126 Si
1093 1089 1215 1136 igitur
1229 1089 1362 1126 anima
1377 1090 1428 1126 sit
1444 1098 1603 1135 corpus,
1624 1090 1739 1127 liabe-

115 1135 173 1172 bit
189 1135 338 1182 aliqum
360 1136 467 1173 aliud
487 1137 712 1180 continens,
732 1142 770 1174 et
804 1137 901 1175 illud
937 1137 1064 1183 magis
1099 1136 1172 1173 erit
1205 1136 1357 1181 anima;
1397 1136 1578 1174 videmus
1616 1137 1736 1181 enim,

115 1182 251 1219 anima
270 1182 492 1228 recedente,
521 1193 666 1230 corpus
689 1184 869 1222 dissolvi.
893 1186 934 1221 Et
955 1184 989 1221 si
1014 1184 1089 1220 hoc
1110 1183 1252 1220 iterum
1285 1183 1337 1221 sit
1373 1182 1586 1228 divisibile,
1619 1192 1737 1230 opor-

113 1229 211 1266 tebit
230 1229 290 1266 vel
311 1229 494 1267 devenire
518 1230 565 1267 ad
579 1231 739 1278 aliquod
756 1231 1000 1268 indivisibile
1016 1234 1053 1267 et
1069 1230 1363 1276 incorporeum,
1380 1230 1486 1277 quod
1504 1230 1736 1275 eritanima;

113 1276 174 1313 vel
195 1276 269 1313 erit
287 1276 328 1313 in
345 1276 543 1315 infinitum
560 1279 786 1324 procedere,
806 1279 912 1326 quod
928 1283 987 1315 est
1005 1277 1267 1324 impossibile.
1283 1279 1369 1315 Non
1385 1281 1445 1315 est
1463 1277 1587 1325 igitur
1601 1278 1738 1315 anima

115 1332 184 1360 cor
217 1332 278 1361 us.

159 1333 260 1415 Ιιὲτπ,
282 1370 387 1408 sicut
408 1380 529 1418 supra
554 1372 602 1419 (c.
625 1373 683 1420 49)
708 1373 913 1419 probatum
939 1376 1013 1417 est,
1036 1376 1073 1409 et
1101 1372 1142 1408 in
1178 1375 1316 1408 octavo
1352 1372 1587 1416 physicorum
1624 1371 1732 1418 (text.

113 1425 258 1454 comm.
278 1421 323 1455 40
343 1421 380 1454 et
396 1418 511 1465 infra)
533 1420 734 1466 probatur,
756 1429 874 1457 omne
895 1428 1059 1457 movens
1091 1418 1268 1465 seipsum
1289 1418 1541 1465 componitur
1567 1428 1615 1454 ex
1635 1418 1734 1456 duo-

114 1464 203 1507 bus,
224 1473 393 1511 quorum
414 1466 581 1503 alterum
601 1471 662 1504 est
681 1475 844 1504 movens
871 1470 908 1503 et
926 1476 1006 1504 non
1029 1469 1194 1510 motum,
1217 1470 1255 1502 et
1275 1466 1441 1502 alterum
1472 1468 1532 1502 est
1567 1468 1734 1502 motum.

115 1510 189 1547 Sed
213 1511 360 1548 animal
381 1516 439 1548 est
461 1522 624 1550 movens
645 1514 841 1559 seipsum;
866 1522 1029 1550 movens
1050 1516 1180 1549 autem
1202 1512 1348 1558 inipso
1383 1515 1444 1549 est
1474 1511 1621 1555 anima,
1658 1521 1739 1549 mo·

116 1562 199 1594 tum
221 1562 351 1595 autem
372 1568 530 1606 corpus.
550 1561 692 1597 Anima
712 1561 832 1616 igitur
853 1564 913 1598 est
931 1569 1096 1598 movens
1117 1568 1197 1596 non
1219 1563 1384 1596 motum.
1419 1558 1579 1595 Nullum
1606 1562 1738 1596 autem

115 1613 262 1687 corpus
283 1608 413 1642 movet
433 1606 510 1643 nisi
532 1611 697 1647 motum,
721 1610 764 1644 ut
784 1616 905 1653 supra
925 1607 1010 1655 (l.1‚
1034 1617 1067 1644 c.
1093 1606 1149 1653 13)
1168 1606 1376 1652 probatum
1395 1609 1468 1642 est.
1488 1606 1629 1644 Anima
1662 1606 1736 1653 igi-

135 1661 183 1688 ur
203 1661 282 1688 non
303 1656 364 1690 est
383 1662 546 1699 corpus.

160 1700 351 1751 Rraeterem
373 1709 494 1746 supra
514 1699 564 1747 (c.
586 1700 645 1747 62)
667 1704 874 1738 ostensum
896 1699 1080 1747 estquod
1108 1699 1331 1745 intelligere
1367 1709 1448 1737 non
1483 1702 1615 1746 potest
1647 1709 1738 1738 esse

114 1748 217 1783 aetio
238 1746 409 1793 alicujus
431 1747 626 1793 corporis.
649 1750 714 1785 Est
735 1752 866 1785 autem
887 1751 999 1785 actus
1020 1746 1176 1784 animre.
1200 1747 1340 1784 Anima
1365 1747 1500 1793 igitur,
1522 1747 1571 1784 ad
1603 1747 1737 1785 minus

113 1792 371 1838 intellectiva,
393 1802 473 1831 non
492 1798 552 1832 est
577 1804 735 1840 corpus.

161 1840 214 1922 ¹'Ea
233 1843 364 1923 {utem
385 1841 530 1888 quibus
550 1841 672 1889 aliqui
694 1842 826 1879 conati
847 1845 941 1879 sunt
961 1841 1127 1887 probare
1147 1840 1321 1877 animam
1346 1849 1435 1877 esse
1456 1849 1600 1887 corpus
1623 1841 1739 1879 facile

113 1894 157 1924 es
196 1895 242 1924 so
261 1896 363 1924 vere.

165 1933 389 1971 ostendunt
409 1934 513 1972 enim
535 1935 708 1972 animam
730 1944 820 1973 esse
836 1944 981 1981 corpus
1003 1955 1046 1960 —
1065 1943 1134 1980 per
1155 1934 1229 1971 hoc
1244 1935 1348 1981 quod
1370 1933 1477 1971 filius
1492 1935 1738 1972 assimilatur

115 1980 232 2026 patri,
256 1981 374 2018 etiam
397 1981 438 2018 in
456 1982 729 2020 accidentibus
750 1983 893 2020 animae
910 1990 1030 2029 quum
1050 1984 1181 2018 tamen
1199 1980 1305 2019 filius
1337 1985 1548 2028 generetur
1574 1992 1599 2019 a
1629 1986 1738 2028 patre

116 2035 187 2073 per
206 2027 451 2065 decisionem
472 2030 739 2076 corporalem3
760 2050 808 2065 -.
827 2033 864 2066 et
885 2029 979 2076 quia
998 2028 1131 2064 anima
1151 2029 1389 2074 compatitur
1406 2028 1583 2074 corpori;
1598 2029 1738 2077 etquia

119 2077 327 2119 separatur
344 2084 368 2112 a
385 2085 568 2122 corpore;
593 2077 768 2123 separari
789 2081 920 2114 autem
939 2079 999 2113 est
1019 2084 1230 2121 corporum
1250 2084 1294 2112 se
1314 2077 1575 2122 tangentium.

138 2121 235 2173 ‘Sed
258 2125 397 2159 contra
416 2122 583 2170 hocjam
605 2123 752 2160 dictum
775 2127 834 2162 est
858 2123 906 2170 (c.
927 2125 985 2167 63,
1007 2122 1049 2158 in
1070 2122 1191 2169 calce)
1214 2122 1320 2169 quod
1345 2122 1566 2169 complexio
1598 2132 1737 2170 corpo-

114 2176 178 2220 ris·
192 2171 252 2205 est
266 2169 492 2217 aliqualiter
511 2180 634 2207 causa
652 2171 794 2208 animae
814 2170 1049 2216 passionum
1082 2178 1151 2215 per
1185 2169 1346 2206 modum
1379 2169 1653 2215 disponentis;
1691 2191 1737 2196 —

113 2222 249 2252 anima
268 2215 386 2254 etiam
409 2225 492 2255 non
511 2218 749 2263 compatitur
769 2217 925 2263 corpori
948 2216 1027 2253 nisi
1050 2226 1118 2262 per
1148 2216 1350 2262 accidens,
1389 2218 1496 2263 quia,
1528 2226 1650 2264 quum
1685 2217 1738 2254 sit

115 2259 245 2312 forma
259 2263 455 2309 corporis,
474 2268 655 2302 movetur
672 2274 742 2311 per
761 2264 961 2309 accidens,
997 2266 1105 2300 moto
1139 2272 1330 2309 corpore3
1370 2266 1577 2309 separatur
1617 2264 1736 2301 etiam

114 2315 250 2344 anima
264 2317 291 2361 e
307 2318 487 2356 corpore,
506 2320 588 2348 non
609 2311 714 2348 sicut
732 2315 901 2358 tangens
922 2320 945 2347 a
963 2314 1085 2356 tacto,
1106 2310 1176 2347 sed
1204 2310 1308 2347 sicut
1338 2310 1464 2347 forma
1491 2320 1513 2347 a
1556 2311 1734 2355 materia,

112 2362 296 2438 quamvlts
315 2359 353 2392 et
372 2356 520 2404 aliquis
538 2361 668 2396 tactus
688 2357 742 2396 sit
766 2357 991 2405 incorporei
1014 2356 1063 2394 ad
1083 2365 1243 2403 corpus,
1265 2359 1306 2394 ut
1324 2365 1446 2403 supra
1460 2356 1509 2403 (c.
1526 2356 1586 2403 56)
1601 2360 1736 2394 osten-

112 2408 203 2438 sum
223 2409 266 2438 es
289 2429 298 2438 .

158 2447 278 2485 Movit
297 2448 415 2486 etiam
429 2448 479 2487 ad
496 2449 599 2487 hanc
619 2451 858 2497 positionem
879 2449 1043 2494 multos,
1063 2448 1158 2495 quia
1173 2448 1428 2487 crediderunt
1445 2449 1552 2498 quod
1573 2458 1655 2488 non
1674 2452 1737 2488 est

109 2501 258 2547 corpus
278 2503 359 2532 non
376 2504 480 2541 esse,
494 2495 820 2543 imaginationem
843 2494 1126 2534 transcendere
1145 2504 1227 2533 non
1256 2495 1447 2541 valentes,
1479 2504 1569 2544 quae
1601 2497 1733 2536 solum

109 2549 218 2579 circa
237 2550 405 2588 corpora
419 2547 614 2580 versatur.

159 2587 268 2626 Unde
289 2589 373 2626 haec
393 2590 529 2636 opinio
564 2599 612 2627 ex
643 2598 815 2636 persona
835 2587 1109 2635 insipientium
1145 2588 1395 2635 proponitur,
1431 2589 1648 2629 dicentium
1687 2591 1734 2629 de

109 2634 247 2729 anun}
270 2637 430 2731 :Fang
448 2639 482 2673 et
498 2638 606 2682 slatus
621 2637 728 2673 estin
741 2636 893 2673 naribus
910 2635 1060 2677 nostris.
1086 2637 1122 2672 et
1138 2644 1253 2673 sermo
1268 2636 1437 2674 scintillae
1455 2637 1505 2675 ad
1523 2638 1735 2676 movendum

107 2689 184 2719 cor.
248 2692 309 2730 ap.
331 2691 374 2729 11,
435 2711 445 2721 .
