1894 3223
753 211 838 245 [ΑΒ.
869 211 895 249 Ι,
926 210 1024 245 CAP.
1054 210 1109 244 Xl.
1702 213 1739 247 11

123 304 146 332 a
183 293 393 340 principio,
428 293 504 329 vim
550 296 698 329 naturae
746 291 922 334 obtinct;
946 302 992 327 ex
1022 300 1100 338 quo
1134 291 1329 336 contingit
1371 295 1412 328 ut
1448 301 1506 336 ca,
1544 292 1689 338 quibus
1721 303 1744 330 a

122 341 292 388 pueritia
313 340 471 377 animus
501 339 703 383 imbuitur,
728 338 782 375 ita
801 338 964 374 firmiter
994 342 1201 375 teneantur
1222 348 1267 375 ac
1289 339 1320 375 si
1343 343 1475 375 essent
1511 340 1742 377 naturaliter

122 392 161 426 et
209 397 250 424 er
267 397 310 425 se
333 391 450 431 nota;

171 398 315 472 1¹³)artim
336 443 428 471 vero
448 433 645 480 contingit
663 443 709 470 ex
731 442 777 470 eo
796 432 899 479 quod
924 442 1001 469 nou
1026 432 1283 479 distinguitur
1312 433 1414 480 quod
1436 438 1495 469 est
1516 437 1651 470 notum
1676 444 1743 480 per

123 492 166 520 se
198 482 422 527 simpliciter,
457 484 496 518 et
526 481 631 527 quod
664 480 783 526 quoad
814 490 877 515 nos
911 485 1044 516 nolum
1082 484 1153 516 cst.
1186 483 1280 517 Nam
1322 481 1553 527 simpliciter
1583 482 1739 527 quidem

123 531 236 566 Deum
256 539 328 564 esse
359 538 427 575 per
449 537 492 565 se
521 532 657 565 uotum
693 531 766 571 est,
788 537 909 572 quum
940 528 1014 564 lioc
1048 527 1175 572 ipsum
1208 528 1312 574 quod
1342 530 1442 564 Deus
1475 532 1533 565 est
1555 528 1606 565 sit
1627 538 1743 565 suum

128 585 231 613 esse.
254 576 327 613 Sed
349 576 440 622 quia
463 575 535 611 boc
558 575 686 621 ipsum
709 574 812 621 quod
835 576 937 610 Deus
957 579 1014 610 est
1033 579 1161 611 mente
1183 575 1390 620 concipere
1412 585 1489 611 non
1513 585 1743 622 possumus,

126 626 304 660 remanet
322 623 502 669 ignotum
524 622 651 666 quoad
676 631 762 659 nos.
786 621 894 658 Sicut
920 633 1018 657 omne
1038 625 1148 656 totum
1168 632 1232 657 31ιο
1251 625 1355 666 purte
1374 623 1492 667 masas
1514 633 1586 659 csse
1612 633 1680 669 per
1701 632 1743 660 30

124 674 261 707 notum
282 673 343 707 est
377 669 631 716 simpliciter3
658 669 693 705 ei
723 672 868 711 autem,
890 669 954 715 qui
993 670 1185 705 rationem
1219 670 1327 704 tocius
1349 674 1478 706 mente
1508 679 1586 707 non
1610 671 1741 707 conci-

124 721 245 764 peret,
277 719 476 764 oporteret
508 725 597 754 esse
631 717 825 763 ignotum.
850 718 889 752 Et
912 716 969 753 sic
992 715 1032 751 fit
1065 719 1103 752 ut
1134 715 1182 751 ad
1213 725 1258 751 ea
1291 726 1376 762 quae
1410 721 1502 753 sunt
1533 717 1744 755 notissima

124 773 269 806 rerum,
306 767 442 801 noster
467 764 689 801 intellectus
723 773 765 800 sc
812 763 964 806 habeat,
996 762 1038 799 ut
1071 763 1211 799 oculus
1249 766 1400 799 noctuae
1431 764 1478 800 ad
1527 765 1667 809 solem,
1703 768 1746 801 ut

125 811 302 849 secundo
324 811 651 856 Metaphystcorum
673 811 828 847 dicitur.

171 861 248 896 Nec
269 862 422 905 oportet
443 862 496 903 ut,
530 858 661 895 statim
678 857 837 904 cognita
856 856 974 902 hujus
995 856 1171 893 nominis
1192 858 1283 892 Deus
1303 856 1608 903 significatione,
1636 861 1746 895 Deum

127 915 200 942 esse
235 906 287 943 sit
321 909 474 950 notum,
508 909 550 942 ut
581 906 707 951 prima
740 904 841 941 ratio
881 903 1121 940 intendebat.
1159 903 1288 940 Primo
1333 904 1505 951 quidem,
1540 907 1632 951 quia
1664 915 1744 943 non

126 953 313 990 omnibus
334 957 468 990 notum
490 956 564 995 est,
587 952 702 988 etiam
724 950 1032 988 concedentibus
1056 952 1176 987 Deum
1198 960 1300 995 csse,
1332 951 1436 997 quod
1473 954 1576 989 Deus
1609 953 1660 989 sit
1690 953 1743 998 id,

155 1009 204 1037 uo
229 1000 356 1046 maJus
377 999 542 1046 cogitari
570 1007 650 1035 non
670 998 822 1044 possit3
845 1006 966 1044 quum
989 997 1100 1033 multi
1124 997 1377 1044 antiquorum
1400 999 1588 1035 mundum
1623 1000 1741 1036 istum

126 1010 297 1084 gixerint
316 1048 439 1083 Deum
459 1054 561 1083 esse.
584 1047 662 1082 Nec
683 1045 798 1082 etiam
821 1055 866 1081 ex
888 1045 1279 1091 interpretationibus
1301 1045 1418 1091 huJ‘us
1438 1047 1612 1083 nominis
1635 1049 1745 1092 Deus,

128 1103 227 1140 quas
248 1095 516 1130 Damascenus
536 1092 683 1139 posuit,
706 1093 854 1139 aliquid
876 1091 994 1137 hujus
1018 1092 1185 1137 intelligi
1207 1092 1334 1129 datur.
1355 1093 1501 1129 Deinde
1525 1095 1630 1140 quia,
1653 1094 1744 1131 dato

126 1140 229 1188 quod
265 1140 312 1178 ab
343 1140 530 1177 omnibus
551 1150 620 1186 per
652 1140 725 1176 hoc
759 1148 902 1176 nomen
923 1142 1017 1175 Deus
1049 1139 1294 1186 intelligatur
1326 1139 1474 1187 aliquid
1508 1150 1585 1187 quo
1615 1141 1742 1186 majus

126 1187 291 1235 cogitari
327 1196 408 1225 non
440 1187 581 1233 possit,
604 1196 683 1224 non
714 1196 879 1224 necesse
912 1187 985 1223 erit
1013 1186 1161 1233 aliquid
1182 1195 1286 1232 esse,
1305 1196 1384 1234 quo
1418 1187 1544 1233 majus
1578 1189 1740 1235 cogitari

126 1243 206 1272 non
238 1237 381 1281 potest,
406 1234 448 1271 in
481 1244 611 1271 rerum
634 1238 786 1271 natura.
811 1234 952 1271 Eodem
975 1234 1079 1270 enim
1117 1234 1235 1270 modo
1267 1243 1431 1271 necesse
1453 1239 1511 1271 est
1542 1237 1636 1281 poni
1661 1245 1741 1272 rem

129 1285 166 1318 et
187 1282 361 1319 nominis
377 1282 584 1319 rationem.
609 1283 661 1318 Ex
681 1281 756 1318 hoc
773 1286 902 1318 autem
920 1281 1025 1328 quod
1046 1285 1175 1317 mente
1189 1281 1411 1327 concipitur
1429 1282 1533 1328 quod
1549 1283 1745 1328 profertur

127 1328 202 1366 hoc
224 1329 385 1366 nomine
416 1331 521 1368 Deus.
545 1338 625 1366 non
659 1329 838 1375 sequitur
857 1331 977 1365 Deum
1012 1337 1114 1372 esse,
1138 1328 1215 1365 nisi
1236 1329 1275 1364 in
1295 1329 1510 1366 intellectu.
1543 1331 1649 1366 Unde
1672 1339 1744 1366 nec

127 1376 323 1422 oportebit
341 1376 394 1421 id,
432 1385 509 1423 quo
543 1376 671 1423 majus
690 1376 854 1423 cogitari
877 1385 955 1412 non
989 1378 1130 1421 potest,
1165 1384 1253 1413 esse
1285 1375 1363 1412 nisi
1385 1376 1423 1412 in
1452 1377 1654 1413 intellectu
1675 1388 1684 1421 ;
1707 1381 1745 1413 et

127 1433 174 1460 ex
196 1423 270 1461 lioc
297 1432 378 1460 non
399 1423 578 1470 sequitur
610 1423 714 1470 quod
736 1423 788 1460 sit
808 1423 956 1469 aliquid
978 1423 1016 1458 in
1044 1431 1172 1458 rerum
1207 1426 1360 1468 natura,
1383 1433 1461 1470 quo
1483 1425 1610 1469 majus
1636 1424 1744 1471 cogi-

127 1469 200 1507 tari
221 1479 299 1507 non
319 1470 459 1517 possit.
483 1472 524 1507 Et
542 1470 600 1508 sic
615 1470 768 1507 nullum
790 1469 1075 1507 inconveniens
1096 1470 1237 1506 accidit
1258 1471 1496 1516 ponentibus
1515 1473 1636 1508 Deum
1664 1480 1744 1508 non

128 1526 229 1554 esse.
254 1519 337 1554 Non
357 1518 461 1554 enim
483 1517 769 1554 inconveniens
789 1521 860 1562 cst,
883 1516 1060 1569 quolibet
1078 1516 1168 1553 dato
1188 1517 1247 1554 vel
1271 1518 1310 1554 in
1331 1527 1370 1553 re
1387 1518 1446 1554 vel
1463 1518 1501 1554 in
1525 1519 1740 1562 intellectu,

67 1584 69 1586 >
128 1564 275 1616 aliquid
294 1565 422 1611 maJ'us
443 1565 608 1610 cogitari
627 1574 757 1610 posse,
780 1565 855 1601 nisi
879 1574 912 1600 ei
936 1563 1001 1611 qui
1024 1564 1206 1600 concedit
1226 1573 1315 1601 esse
1328 1565 1491 1611 aliquid,
1513 1575 1592 1613 quo
1616 1565 1741 1612 majus

128 1612 293 1657 cogitari
312 1620 391 1648 non
410 1612 537 1658 possit
558 1611 597 1647 in
618 1621 747 1648 rerum
770 1615 923 1648 natura.

174 1659 251 1695 Nec
283 1658 400 1695 etiam
430 1662 596 1705 oportet,
629 1662 671 1695 ut
703 1658 877 1695 secunda
910 1658 1008 1695 ratio
1037 1658 1294 1705 proponebat,
1331 1660 1410 1696 Deo
1443 1669 1562 1706 posse
1594 1661 1744 1708 aliquid

128 1705 257 1752 majus
283 1705 463 1752 cogitari,
486 1706 519 1742 si
550 1708 678 1751 potest
713 1706 875 1752 cogitari
911 1714 990 1742 non
1014 1715 1116 1743 esse.
1144 1708 1238 1742 Nam
1276 1705 1380 1752 quod
1412 1707 1538 1752 possit
1578 1709 1742 1754 cogitari

128 1761 209 1789 non
229 1761 332 1797 esse,
353 1761 431 1790 non
451 1750 806 1798 eximperfectione
828 1752 889 1789 sui
906 1762 994 1789 esse
1013 1757 1070 1789 est
1089 1753 1146 1789 vel
1165 1753 1456 1797 incertitudine,
1482 1764 1601 1801 quum
1627 1764 1744 1792 suum

129 1807 217 1837 esse
249 1800 301 1837 sit
327 1799 546 1836 secundum
579 1808 622 1836 se
657 1799 1042 1838 manifestissimum.
1075 1800 1144 1836 sed
1177 1810 1224 1836 ex
1256 1800 1455 1837 debilitate
1479 1802 1602 1838 nostri
1629 1802 1744 1839 intel-

128 1846 267 1891 lectus,
288 1847 354 1894 qui
377 1856 465 1884 eum
485 1846 628 1883 intueri
647 1855 727 1883 non
749 1850 876 1892 potest
894 1856 963 1893 per
983 1847 1174 1893 seipsum,
1195 1847 1262 1884 sed
1285 1858 1330 1884 ex
1352 1847 1558 1886 effectibus
1579 1848 1678 1895 eJ'us.
1702 1851 1744 1886 Et

128 1893 201 1937 310,
221 1893 268 1931 ad
289 1893 611 1940 cognoscendum
633 1894 763 1939 ipsum
786 1903 888 1938 esse,
912 1894 1185 1931 ratiocinando
1209 1894 1449 1940 perducitur.

175 1942 228 1977 Ex
247 1950 326 1988 quo
344 1941 461 1978 etiam
492 1941 607 1978 tertia
628 1942 727 1978 ratio
748 1941 925 1978 solvitur.
948 1943 1058 1983 Nam,
1085 1942 1188 1978 sicut
1219 1942 1334 1978 nobis
1355 1952 1422 1988 per
1454 1951 1496 1979 se
1517 1947 1654 1980 notum
1684 1948 1743 1981 est

127 1987 233 2035 quod
253 1991 364 2024 totum
384 1998 451 2024 sua
479 1991 585 2034 parte
604 1990 652 2024 sit
670 1988 804 2032 majus,
830 1988 888 2025 310
921 1988 1145 2025 videntibus
1170 1989 1295 2034 ipsam
1324 1989 1496 2026 divinam
1528 1991 1740 2027 essentiam

126 2044 196 2081 per
215 2044 257 2072 se
288 2035 540 2072 notissimum
573 2038 633 2072 est
661 2037 782 2072 Deum
804 2044 906 2079 esse,
943 2045 989 2071 ex
1011 2036 1086 2072 hoc
1118 2036 1222 2083 quod
1244 2045 1317 2072 sua
1346 2037 1519 2074 essentia
1542 2042 1602 2075 est
1627 2047 1744 2075 suum

127 2091 229 2119 esse.
252 2082 340 2127 Sed,
357 2082 450 2130 quia
469 2082 555 2129 ejus
573 2082 788 2119 essentiam
803 2083 933 2119 videre
948 2092 1026 2119 nou
1046 2092 1275 2129 possumus,
1297 2084 1345 2120 ad
1367 2084 1452 2130 ejus
1468 2093 1556 2121 esse
1577 2094 1744 2132 cognos-

127 2129 313 2174 dendum‚
335 2138 415 2167 non
436 2139 504 2176 per
524 2130 714 2176 seipsum,
738 2129 806 2166 sed
826 2139 895 2176 per
915 2129 999 2176 eJus
1033 2129 1196 2167 effectus
1217 2131 1483 2176 pervenimus.

173 2175 229 2213 Ad
249 2179 427 2230 quartam
459 2177 575 2213 etiam
599 2179 701 2222 patet
733 2176 894 2214 solutio.
917 2177 979 2213 Sic
1000 2177 1105 2213 enim
1127 2178 1246 2214 homo
1268 2179 1498 2215 naturaliter
1526 2181 1647 2217 Deum
1675 2189 1740 2218 00-

126 2227 297 2270 gnoscit,
318 2223 421 2261 sicut
448 2224 680 2261 naturaliter
699 2224 829 2269 ipsum
847 2223 1059 2261 desiderat.
1083 2225 1286 2261 Desiderat
1311 2229 1440 2262 autem
1466 2227 1596 2273 ipsum
1621 2228 1741 2265 homo

127 2271 371 2316 naturaliter,
384 2271 425 2308 in
439 2274 628 2318 quantum
643 2271 840 2308 desiderat
853 2271 1083 2307 naturaliter
1093 2272 1482 2320 beatitudinem,quae
1493 2275 1740 2321 estquaedam

127 2317 347 2357 similitudo
379 2318 521 2355 divinae
546 2318 748 2355 bonitatis.
783 2318 846 2355 Sic
866 2318 987 2364 igitur
1015 2327 1094 2355 non
1131 2323 1295 2365 oportet,
1319 2321 1422 2366 quod
1455 2323 1557 2358 Deus
1575 2322 1674 2368 ipse,
1697 2322 1738 2358 in

127 2372 170 2401 se
188 2365 397 2402 considera
413 2369 490 2410 tus,
507 2365 556 2403 sit
578 2365 807 2402 naturaliter
825 2369 943 2402 notus
959 2365 1124 2410 homini,
1139 2366 1207 2403 sed
1230 2366 1450 2404 similitudo
1472 2368 1612 2414 ipsius.
1634 2369 1740 2405 Unde

127 2415 282 2457 oportet
299 2411 418 2459 quod,
432 2421 502 2458 per
515 2412 600 2458 eJ'us
615 2413 898 2449 similitudines
915 2413 954 2448 in
976 2412 1181 2450 effectibus
1206 2417 1394 2459 repertas,
1415 2415 1455 2450 in
1471 2416 1738 2461 cognitionem

127 2458 255 2503 ipsius
276 2459 396 2496 homo
415 2459 688 2496 ratiocinando
710 2459 921 2505 perveniat.

172 2504 226 2542 Ad
247 2505 425 2552 quintam
444 2505 562 2542 etiam
582 2506 629 2542 de
649 2506 753 2542 facili
784 2510 890 2552 patet
909 2505 1070 2543 solutio.
1093 2508 1189 2542 Nam
1212 2509 1314 2544 Deus
1335 2511 1394 2545 est
1414 2508 1574 2555 quidem
1596 2509 1635 2545 in
1661 2519 1740 2556 quo

126 2552 262 2589 omnia
281 2555 589 2599 cognoscuntur,
611 2562 692 2590 non
712 2553 767 2590 ita
786 2553 890 2600 quod
911 2553 988 2590 alia
1003 2562 1083 2589 non
1103 2557 1396 2599 cognoscantur
1416 2555 1493 2593 nisi
1512 2565 1559 2593 eo
1575 2556 1735 2603 cognito

127 2601 229 2636 sicut
249 2599 289 2636 in
320 2599 525 2646 principiis
556 2608 625 2645 per
661 2609 703 2636 se
736 2602 842 2637 notis
871 2599 1027 2646 accidit,
1057 2601 1127 2637 sed
1162 2601 1256 2648 quia
1285 2610 1355 2648 per
1385 2602 1471 2649 ejus
1489 2603 1736 2640 influentiam

104 2662 106 2667 ,
127 2649 257 2685 omnis
279 2652 465 2687 causatur
486 2651 525 2686 in
548 2651 665 2691 nobis
687 2653 879 2699 cognitio.
902 2653 930 2699 (1
951 2656 1065 2697 part„
1088 2662 1125 2699 q.
1149 2662 1190 2695 11,
1214 2657 1285 2689 art.
1311 2654 1382 2700 12.)
