1894 3223
703 86 791 122 LIB.
819 86 878 130 lv,
905 85 1006 123 CAP.
1032 84 1138 121 xclt.
1660 83 1726 117 639

111 169 199 206 Non
220 170 350 206 autem
373 175 513 204 sumus
530 171 746 213 praesentes
767 167 842 204 nisi
865 166 1022 213 quando
1041 165 1219 202 videmus
1239 174 1308 211 per
1327 163 1494 210 speciem
1512 175 1521 200 ε
1542 160 1729 210 quamdiu

107 215 214 252 enim
253 214 504 252 ambulamus
535 224 603 259 per
635 214 765 256 sidem,
788 218 824 250 et
853 222 932 250 non
972 223 1040 258 per
1068 213 1254 258 speciem.
1278 212 1574 258 peregrinamur
1605 219 1627 247 a
1659 212 1729 245 bo-

109 262 233 306 mino,
256 265 299 298 ut
315 260 461 297 ibidem
483 261 639 297 dicitur.
657 261 791 297 Statim
814 261 934 307 igitur
953 270 1072 306 quum
1095 259 1226 295 anima
1246 262 1381 295 sancta
1399 268 1421 294 a
1438 266 1602 303 corpore
1623 265 1731 308 sepa·

109 312 232 353 ratur,
254 309 374 344 Deum
403 317 472 353 per
503 309 673 354 speciem
703 309 807 343 videt
829 320 837 343 :
859 307 964 353 quod
986 312 1046 343 est
1075 306 1212 342 ultima
1243 305 1455 345 beatitudo,
1480 309 1523 340 ut
1552 304 1590 340 in
1610 307 1730 356 'tertio

110 359 319 393 ostensum
339 358 411 391 est.
436 356 515 391 1100
537 360 665 391 autern
688 354 790 390 idem
812 354 1027 390 ostendunt
1048 357 1086 388 et
1106 353 1223 389 verba
1244 352 1419 397 ejusdem
1442 349 1731 402 ApostoluPht-

110 402 196 448 lip.‚
217 411 245 446 1,
265 404 325 444 23,
348 402 514 437 dicentis
535 411 542 436 :
565 401 790 437 Desiderium
811 401 944 435 habens
965 400 1126 442 dissolvi,
1149 403 1182 434 et
1200 409 1280 434 cum
1301 399 1439 435 Christo
1451 408 1534 433 esse.
1553 398 1730 449 Christ-us

110 452 242 486 autem
271 449 312 484 in
335 448 445 485 ecelis
463 451 534 485 cst.
556 447 740 493 Sperabat
774 447 893 492 igitur
911 446 1124 492 Apostolus
1157 446 1287 481 statim
1320 449 1410 490 post
1441 444 1617 490 corporis
1650 444 1728 480 dis-

113 495 354 533 solutionem
374 505 415 532 se
437 499 715 541 perventurum
736 494 782 530 ad
803 494 962 530 coelum.
1654 538 1660 543 -

159 544 232 579 Per
246 542 321 579 boc
336 546 466 579 autem
482 541 704 578 excluditur
720 550 829 577 error
848 539 1109 586 quorumdam
1126 540 1361 583 Graecorum,
1380 538 1445 584 qui
1461 541 1731 585 purgatorium

111 593 272 636 negant,
289 594 327 626 et
346 589 481 626 dicunt
503 588 657 625 animas
679 591 767 624 ante
788 596 999 633 corporum
1019 587 1350 624 resurrectionem
1371 595 1498 632 neque
1518 586 1566 622 ad
1587 585 1730 622 coelum

110 636 325 674 ascendere
346 645 473 682 neque
491 635 532 671 in
550 634 749 671 infernum
775 634 965 681 demergi.

765 781 932 821 CAPUT
960 780 1080 822 XCII.

281 896 381 930 QUOD
415 896 549 925 ANtMAE
575 895 803 925 SANCTORUM
828 896 923 925 POST
947 895 1106 925 MORTEM
1131 895 1285 924 HABENT
1310 894 1568 923 VOLUNTATEM

677 954 947 983 IMMUTABILEM
980 954 1020 984 IN
1052 954 1166 983 BONO.

163 1061 217 1096 Ex
237 1059 298 1096 liis
318 1062 448 1095 autem
466 1061 623 1104 apparet
644 1057 750 1103 quod
771 1058 925 1102 animre‚
947 1058 1078 1094 statim
1101 1067 1222 1103 quum
1239 1067 1260 1094 a
1274 1066 1438 1103 corpore
1458 1056 1605 1093 fuerint
1621 1064 1734 1101 sepa·

119 1110 234 1149 ratae,
265 1105 490 1142 immobiles
520 1105 739 1142 secundum
776 1105 1017 1145 voluntatem
1047 1105 1278 1148 redduntur,
1310 1109 1352 1141 ut
1382 1104 1536 1140 scilicet
1566 1104 1734 1140 ulterius

121 1151 516 1235 volluntashhominis
536 1152 679 1193 mutari
707 1160 788 1188 non
812 1151 943 1197 possit
961 1160 1089 1197 neque
1110 1151 1157 1188 de
1176 1151 1283 1188 bono
1303 1151 1345 1187 in
1366 1151 1515 1187 malum
1537 1159 1664 1196 neque
1685 1150 1733 1186 de

121 1208 185 1236 ma
204 1208 227 1236 o
247 1207 288 1235 111
335 1207 471 1235 01111111.

166 1245 358 1290 Quamdiu
380 1245 486 1282 enim
507 1245 640 1282 anima
656 1245 704 1282 de
724 1245 831 1283 bono
859 1245 900 1281 in
929 1244 1076 1282 malum
1097 1245 1158 1282 vel
1178 1245 1224 1282 de
1245 1245 1408 1282 maloin
1426 1244 1575 1282 bonum
1589 1243 1734 1281 mutari

118 1296 264 1340 potest,
297 1296 358 1330 est
385 1293 426 1329 in
455 1296 559 1329 statu
579 1301 723 1338 pugnae
743 1297 781 1330 et
803 1292 952 1329 militiae
969 1304 978 1337 ;
998 1296 1152 1338 oportet
1184 1293 1290 1329 enim
1318 1296 1362 1329 ut
1388 1291 1558 1329 sollicite
1578 1291 1735 1328 resistat

120 1340 242 1384 malo,
261 1348 311 1376 ne
331 1339 379 1376 ab
393 1340 479 1385 ipso
500 1339 693 1384 vincatur,
714 1339 775 1377 vel
795 1343 962 1377 conetur
981 1342 1024 1376 ut
1037 1339 1084 1376 ab
1098 1339 1356 1376 eoliberetur.
1373 1339 1446 1376 Sed
1462 1339 1593 1375 statim
1612 1347 1734 1385 quum

122 1388 257 1425 anima
276 1395 299 1423 a
317 1395 481 1432 corpore
503 1389 720 1431 separatur,
742 1395 823 1423 non
843 1386 915 1423 erit
942 1386 982 1422 in
1014 1390 1117 1423 statu
1150 1387 1303 1423 militiae
1330 1387 1387 1422 vel
1409 1395 1566 1431 pugnae,
1583 1385 1652 1422 sed
1674 1394 1734 1421 re-

119 1433 290 1480 cipiendi
320 1433 523 1479 praemium
542 1434 602 1469 vel
635 1442 791 1479 poenam
823 1442 895 1479 pro
909 1442 957 1470 eo
977 1434 1082 1479 quod
1114 1433 1287 1480 legitime
1307 1434 1368 1469 vel
1384 1433 1587 1479 illegitime
1615 1435 1737 1469 certa·

123 1482 178 1517 vit
195 1493 204 1525 ;
223 1484 431 1518 ostensum
462 1484 522 1517 est
538 1480 643 1516 enim
659 1480 904 1527 (cap.praec.)
922 1480 1027 1526 quod
1054 1481 1186 1517 statim
1201 1480 1476 1526 velprfemium
1499 1480 1558 1515 vel
1577 1487 1734 1524 poenam

122 1527 393 1574 consequitur.
415 1529 500 1564 Non
520 1526 641 1573 igitur
660 1528 827 1564 ulterius
847 1527 978 1564 anima
998 1527 1218 1564 secundum
1238 1528 1480 1564 voluntatem
1491 1526 1551 1562 vel
1566 1527 1613 1563 de
1629 1526 1734 1563 bono

120 1575 160 1612 in
179 1574 328 1611 malurn
346 1573 406 1609 vel
428 1573 474 1610 de
497 1574 602 1611 malo
622 1574 665 1610 in
684 1574 833 1611 bonum
854 1573 996 1611 mutari
1014 1578 1159 1620 potest.

168 1623 269 1662 Item,
302 1627 508 1658 ostensum
538 1624 598 1658 est
629 1621 668 1657 in
693 1622 806 1659 tertio
827 1621 927 1667 (cap.
946 1624 985 1658 61
1019 1625 1057 1658 et
1073 1621 1130 1668 62)
1152 1621 1258 1668 quod
1278 1621 1479 1658 beatitudo
1500 1620 1645 1667 quaein
1666 1620 1736 1657 Dei

118 1669 273 1706 visione
299 1668 495 1712 consistit,
516 1672 705 1714 perpetua
722 1672 808 1712 est:
830 1672 868 1705 et
886 1668 1067 1705 similiter
1086 1668 1125 1705 in
1146 1669 1284 1705 eodem
1307 1669 1405 1715 (cap.
1427 1668 1506 1714 144)
1528 1671 1735 1705 ostensum

119 1720 180 1753 est
212 1715 316 1763 quod
355 1724 427 1761 pro
456 1719 617 1761 peccato
646 1716 803 1752 mortali
836 1715 1001 1752 debetur
1030 1725 1148 1761 poena
1172 1719 1330 1752 aeterna.
1352 1715 1425 1752 Sed
1453 1715 1584 1752 anima
1621 1715 1737 1752 beata

120 1771 209 1800 esse
227 1771 307 1799 non
324 1765 465 1808 potest.
489 1762 522 1799 si
545 1763 728 1800 voluntas
749 1763 834 1808 ejus
855 1766 960 1799 recta
980 1771 1060 1799 non
1084 1763 1198 1799 suerit
1215 1762 1502 1806 ;›desinitenim
1523 1771 1611 1799 esse
1628 1765 1737 1799 recta

120 1819 190 1856 per
203 1809 279 1846 hoc
291 1809 394 1855 quod
410 1820 432 1846 a
444 1808 521 1845 fine
534 1809 732 1855 avertitur,
743 1813 780 1846 et
791 1812 964 1846 recteest
975 1809 1124 1854 perhoc
1139 1810 1243 1854 quod
1258 1809 1334 1845 fine
1347 1810 1501 1846 fruitur.
1513 1811 1597 1845 Non
1607 1810 1737 1856 potest

121 1860 254 1894 autem
287 1856 405 1893 simul
438 1865 528 1893 esse
562 1857 667 1902 quod
697 1866 719 1893 a
748 1857 825 1893 fine
853 1859 1049 1893 avertatur
1077 1859 1116 1893 et
1142 1857 1219 1893 fine
1246 1857 1409 1894 fruatur„⁷
1427 1857 1587 1902 Oportet
1616 1856 1737 1902 igitur

123 1903 400 1941 rectitudinem
433 1903 650 1940 voluntatis
681 1903 721 1940 in
754 1904 886 1941 anima
915 1904 1031 1940 beata
1063 1912 1153 1941 esse
1181 1907 1425 1950 perpetuam,
1446 1907 1588 1940 utnon
1608 1902 1737 1949 possit

122 1951 379 1988 transmutari
401 1949 449 1987 de
464 1950 571 1987 bono
591 1950 631 1986 in
651 1951 814 1988 malum.

170 1998 353 2043 Amplius,
391 1997 623 2034 naturaliter
643 2001 825 2035 creatura
851 1998 1056 2036 rationalis
1087 1997 1234 2045 appetit
1249 2006 1339 2035 esse
1366 1998 1505 2042 beata,
1526 1997 1631 2035 unde
1653 2006 1736 2035 non

122 2048 253 2091 potest
271 2044 371 2080 velle
393 2052 472 2080 non
494 2053 583 2081 esse
602 2044 739 2089 beata;
761 2048 1036 2090 potesttarnen
1054 2054 1124 2090 per
1142 2045 1384 2083 voluntatem
1406 2045 1558 2082 deflecti
1572 2045 1680 2081 abeo
1694 2044 1737 2081 in

123 2099 202 2138 quo
235 2100 327 2127 vera
362 2089 562 2128 beatitudo
593 2091 791 2136 consistit,
821 2092 927 2138 quod
953 2096 1014 2129 est
1044 2092 1288 2129 voluntatem
1314 2101 1403 2129 esse
1430 2100 1678 2138 perversam;
1700 2093 1738 2128 et

124 2137 201 2175 hoc
222 2137 381 2184 quidem
400 2137 597 2183 contingit
611 2139 704 2183 quia
722 2138 762 2174 id
783 2138 823 2174 in
845 2147 924 2184 quo
941 2148 1032 2175 vera
1052 2138 1255 2176 beatitudo
1275 2143 1336 2176 est
1368 2148 1449 2176 non
1481 2138 1737 2185 apprehendi-

123 2188 188 2222 tur
208 2184 282 2221 sub
301 2184 454 2221 ratione
474 2184 742 2228 beatitudinis,
761 2185 831 2221 sed
849 2185 998 2231 aliquid
1020 2185 1126 2222 aliud
1160 2186 1200 2222 in
1221 2195 1300 2232 quo
1314 2186 1498 2223 voluntas
1515 2185 1738 2222 inordinata

127 2231 349 2269 deflectitur
368 2232 469 2268 sicut
490 2231 528 2266 in
550 2230 693 2275 finem3
714 2236 809 2277 puta
827 2231 893 2277 qui
913 2232 1025 2277 ponit
1043 2232 1161 2269 finem
1183 2233 1359 2269 suumin
1374 2232 1639 2277 voluptatibus
1654 2241 1738 2269 cor·

123 2279 341 2326 poralibus,
373 2279 543 2330 aestimat
573 2287 642 2315 eas
668 2282 711 2314 ut
742 2278 948 2323 optimum,
971 2279 1077 2326 quod
1097 2283 1158 2317 est
1176 2280 1275 2316 ratio
1298 2279 1564 2316 beatitudinis.
1587 2279 1661 2316 Sed
1676 2278 1735 2315 illi

122 2327 189 2373 qui
208 2325 287 2371 jam
311 2326 413 2362 beati
437 2329 529 2362 sunt
549 2324 849 2370 apprehendunt
865 2325 903 2362 id
925 2326 965 2362 in
986 2334 1064 2372 quo
1084 2335 1175 2364 vere
1197 2326 1396 2363 beatitudo
1418 2330 1477 2363 est
1494 2326 1568 2363 sub
1583 2326 1736 2362 ratione

124 2372 381 2410 beatitudinis
410 2375 448 2409 et
466 2372 591 2408 ultimi
615 2371 707 2408 finis
729 2382 738 2406 2
761 2372 859 2409 alias
878 2372 918 2408 in
940 2373 1015 2410 hoc
1033 2382 1113 2411 non
1134 2373 1355 2426 quiesceret
1374 2373 1583 2419 appetitus,
1605 2376 1642 2409 et
1666 2381 1737 2418 per

124 2428 376 2466 consequens
407 2428 486 2456 non
520 2423 654 2456 essent
684 2419 799 2455 beati.
823 2420 1069 2466 Quicumque
1100 2420 1220 2467 igitur
1238 2420 1339 2456 beati
1363 2424 1470 2465 sunt,
1491 2421 1735 2457 voluntatem

125 2466 330 2503 deflectere
359 2475 439 2503 non
467 2470 636 2511 possunt
656 2466 704 2502 ab
722 2475 769 2502 eo
788 2466 829 2502 in
847 2475 926 2512 quo
947 2471 1008 2503 est
1025 2475 1118 2504 vera
1137 2467 1353 2504 beatitudo.
1368 2469 1453 2503 Non
1473 2471 1643 2513 possunt
1660 2466 1734 2513 igi-

122 2516 187 2550 tur
205 2521 429 2558 perversam
449 2513 690 2549 voluntatem
713 2512 871 2549 habere.

171 2560 271 2599 Item,
297 2559 531 2605 cuicumque
567 2559 711 2596 suflicit
736 2560 775 2596 id
796 2560 901 2605 quod
922 2560 1052 2605 habet,
1075 2569 1152 2597 non
1175 2560 1312 2607 quaerit
1333 2561 1440 2598 aliud
1460 2564 1569 2598 extra
1586 2562 1732 2608 ipsum.

124 2606 198 2643 Sed
221 2606 460 2653 quicumque
481 2610 541 2642 est
559 2606 713 2649 beatus,
735 2606 883 2643 suflicit
902 2607 936 2642 ei
954 2607 991 2643 id
1013 2607 1053 2643 in
1075 2616 1154 2653 quo
1174 2611 1235 2644 est
1263 2617 1356 2644 vera
1386 2608 1601 2651 beatitudo,
1635 2609 1734 2646 alias

122 2661 202 2689 non
236 2653 466 2698 impleretur
499 2652 585 2699 ejus
606 2653 857 2690 desiderium.
881 2655 980 2699 Ergo
1001 2654 1239 2700 quicumque
1259 2658 1320 2691 est
1336 2654 1475 2692 beatus
1504 2655 1602 2692 1111111
1627 2655 1735 2692 aliud

121 2700 261 2746 quaerit
291 2699 396 2745 quod
429 2708 509 2735 non
533 2699 725 2744 pertineat
744 2700 792 2736 ad
814 2700 851 2736 id
873 2700 912 2735 in
934 2709 1012 2746 quo
1041 2709 1134 2737 vera
1152 2700 1354 2738 beatitudo
1373 2702 1570 2740 consistit.
1594 2702 1734 2739 Nullus

122 2750 255 2783 autem
286 2746 404 2783 habet
434 2755 658 2792 perversam
688 2746 929 2783 voluntatem
948 2747 1024 2783 nisi
1048 2756 1117 2792 per
1136 2746 1212 2784 hoc
1232 2748 1338 2794 quod
1358 2749 1441 2785 vult
1460 2749 1608 2796 aliquid
1628 2749 1734 2796 quod

121 2798 314 2840 repugnat
350 2794 383 2829 ei
408 2793 450 2845 in
473 2801 551 2839 quo
571 2802 662 2829 vera
674 2792 876 2830 beatitudo
897 2794 1094 2831 consistit.
1114 2794 1269 2832 Nullius
1289 2794 1408 2841 igitur
1426 2795 1529 2833 beati
1549 2796 1734 2833 voluntas

119 2842 249 2885 potest
274 2844 416 2877 mutari
438 2840 478 2876 in
498 2839 660 2877 matum.
