1894 3223
658 116 742 151 LIB.
772 116 835 158 ΙΙΙ,
864 116 965 152 ΟΑΡ.
992 116 1108 153 XCIX.
1624 118 1687 151 397

110 198 294 243 Amplius,
331 206 421 233 cum
460 195 681 233 accidentia
728 200 1027 243 consequantur
1071 196 1267 244 principia
1304 195 1586 234 substantialia
1620 197 1689 240 rei,

63 248 224 298 oportet·
247 243 353 296 quod
377 243 444 280 ille
465 243 532 290 qui
554 242 783 295 immediate
807 244 1070 281 substantiam
1100 245 1154 281 rei
1177 243 1373 290 producit,
1394 243 1522 295 possit
1553 243 1689 280 imme-

64 292 169 330 diate
191 300 298 329 circa
315 299 442 337 ipsam
464 299 545 327 rem
565 299 719 336 operari
742 300 1002 338 quaecumque
1024 291 1072 328 ad
1100 291 1365 329 substantiam
1401 291 1529 337 ipsius
1550 299 1689 328 conse-

63 342 269 386 quuntur:
291 346 488 384 generans
526 337 632 374 enirn
671 337 776 384 quod
803 338 864 374 iat
902 339 1068 375 sormam
1090 338 1156 376 dat
1188 348 1328 376 omnes
1370 338 1631 384 proprietates
1653 341 1690 375 et

64 389 199 424 motus
217 388 524 432 consequentes.
541 386 752 422 ostensum
775 391 825 420 eet
851 388 978 422 autem
1000 395 1119 431 supra
1136 385 1374 432 (lib.11,cap.
1391 386 1448 429 21)
1466 385 1569 430 quod
1587 387 1691 423 Deus

63 433 106 470 in
127 432 255 479 prima
274 441 403 469 rerum
419 432 670 468 institutione
699 440 829 468 omne*
864 441 924 469 res
945 442 1013 478 pei·
1033 433 1274 470 creationem
1296 432 1521 470 immediate
1542 432 1581 468 in
1600 441 1690 469 esse

62 479 262 526 produxit.
281 480 416 516 Potest
453 478 575 526 igitur
612 479 836 515 immediate
872 488 1192 527 unamquamque
1227 489 1309 518 rem
1344 479 1575 526 producere,
1607 479 1689 515 sive

62 535 221 565 movere
240 526 289 564 ad
311 526 484 573 aliquem
506 525 687 562 effectum
710 526 860 572 absque
884 526 1026 563 mediis
1046 527 1194 563 causis.

109 575 211 618 Item,
231 572 329 611 ordo
348 582 478 611 rerum
502 572 661 619 prossuit
681 583 703 610 a
727 575 806 609 Deo
829 573 868 609 in
891 583 966 618 res,
987 574 1206 611 seeundum
1227 573 1332 619 quod
1360 573 1690 618 praeexeogitatus

62 620 105 657 in
137 620 341 657 intellectu
377 620 532 666 ipsius;
556 621 660 657 sicut
691 620 872 656 videmus
914 620 953 656 in
994 620 1112 658 rebus
1144 621 1330 657 humanis
1369 620 1474 666 quod
1506 621 1689 665 princeps

63 667 236 705 civitatis
271 667 452 705 ordinem
488 667 591 714 apud
622 677 665 705 se
704 667 1016 713 praemeditatum
1049 667 1237 704 omnibus
1259 667 1441 712 imponit.
1459 667 1690 703 Intellectus

63 718 194 752 autem
216 714 378 764 divinus
399 723 478 752 non
499 718 560 752 est
588 714 874 752 determinatus
895 714 943 750 ad
966 715 1071 751 hunc
1093 715 1273 751 ordinem
1308 725 1354 751 ex
1374 715 1627 758 necessitate,
1649 718 1690 751 ut

63 762 218 798 nullum
241 762 362 799 alium
391 762 571 799 ordinem
593 762 814 808 intelligere
846 761 987 807 possit,
1008 771 1097 798 cum
1120 765 1158 797 et
1181 771 1256 798 nos
1274 762 1396 798 alium
1420 761 1601 797 ordinem
1623 770 1691 806 per

63 809 306 846 intellectum
336 809 629 855 apprehendere
662 809 881 855 possimus.
901 810 1034 845 Potest
1055 809 1160 845 enim
1200 808 1369 853 intelligi
1392 819 1414 846 a
1449 808 1565 845 nobis
1585 807 1691 854 quod

65 857 170 893 Deus
192 856 392 893 homiuem
415 857 485 893 abs
518 866 565 893 ue
586 856 739 893 semine
761 866 807 892 ex
828 859 931 892 terra
949 855 1105 893 formet.
1123 858 1256 893 Potest
1287 856 1408 903 igitur
1425 857 1529 894 Deus
1550 859 1691 901 praeter

65 903 279 940 inferiores
302 913 445 940 causas
461 903 644 940 eiectum
665 903 747 939 illis
768 902 902 939 causis
922 903 1127 948 proprium
1149 903 1318 949 operari.

113 952 304 994 Praeterea,
322 950 413 987 licet
432 950 529 987 ordo
547 950 666 987 rebus
696 949 847 986 inditus
868 960 890 986 a
910 950 1158 995 providentia
1176 951 1350 987 divinam
1376 950 1591 987 bonitatem
1616 957 1690 986 suo

63 997 183 1034 modo
215 1000 482 1042 repraesentet,
507 1006 585 1033 non
609 1001 739 1033 tamen
762 997 887 1041 ipsam
909 1000 1164 1042 repraesentat
1185 997 1370 1042 perfecte,
1391 1006 1478 1033 cum
1501 1006 1578 1033 non
1606 1006 1690 1042 per-

63 1044 192 1090 tingat
210 1043 368 1081 bonitas
384 1048 571 1081 creaturae
593 1044 640 1080 ad
661 1044 926 1089 aequalitatem
944 1043 1135 1080 bonitatis
1155 1044 1311 1081 divinae.
1328 1044 1439 1088 Quod
1464 1048 1591 1080 autem
1610 1052 1687 1080 non

63 1094 370 1136 repraesentatur
400 1090 570 1136 perfecte
607 1100 676 1136 per
705 1090 866 1136 aliquod
900 1090 1165 1136 exemplatum
1209 1094 1341 1137 potest
1373 1091 1514 1127 iterum
1552 1094 1691 1135 praeter

63 1137 140 1174 hoc
159 1137 239 1175 alio
262 1137 381 1174 modo
413 1137 702 1184 repraesentari.
735 1137 1045 1182 Repraesentatio
1083 1141 1216 1175 autem
1248 1137 1393 1174 divinae
1429 1137 1617 1173 bonitatis
1649 1137 1689 1172 in

64 1184 185 1222 rebus
211 1188 272 1222 est
289 1183 380 1222 finis
400 1183 676 1230 productionis
692 1193 822 1221 rerum
845 1193 869 1221 a
887 1185 982 1228 De0,
1004 1187 1047 1221 ut
1066 1193 1188 1231 supra
1203 1184 1301 1232 (cap.
1318 1185 1379 1229 20)
1393 1188 1598 1220 ostensum
1616 1187 1687 1220 est.

62 1233 148 1268 Non
165 1235 226 1268 est
245 1232 366 1278 igitur
384 1231 567 1268 voluntas
587 1231 721 1268 divina
741 1230 1001 1268 determinata
1021 1231 1068 1268 ad
1088 1231 1194 1269 bunc
1213 1231 1393 1269 ordinem
1416 1240 1627 1267 causarum
1653 1234 1690 1267 et

64 1277 291 1323 effectuum,
316 1282 453 1316 utnon
473 1278 601 1324 possit
616 1278 717 1315 velle
734 1277 917 1315 effectum
939 1278 1111 1325 aliquem
1133 1279 1174 1317 in
1191 1279 1449 1316 inferioribus
1470 1278 1689 1324 producere

64 1325 293 1363 immediate
312 1325 462 1373 absque
480 1325 571 1362 aliis
592 1325 740 1362 causis.

108 1373 249 1414 Adhuc,
267 1373 454 1410 universa
472 1376 651 1409 creatura
670 1372 800 1418 magis
818 1375 878 1409 est
891 1373 970 1409 Deo
983 1372 1142 1410 subdita
1162 1382 1280 1420 quam
1302 1381 1447 1418 corpus
1469 1373 1688 1409 humanum

63 1420 116 1457 sit
136 1420 337 1458 subditum
358 1420 500 1457 animae
521 1419 606 1466 eJ'us
626 1429 634 1453 :
663 1428 755 1456 nam
775 1419 909 1456 anima
928 1422 988 1456 est
1007 1419 1163 1465 corpori
1185 1420 1485 1466 proportionata
1504 1423 1547 1456 ut
1565 1421 1689 1455 torma

62 1467 224 1513 ipsius-3
256 1469 360 1504 Deus
395 1471 526 1504 autem
560 1475 719 1503 omnem
759 1466 1055 1512 proportionem
1092 1471 1282 1504 creaturae
1321 1467 1487 1503 excedit.
1529 1467 1583 1502 Ex
1613 1466 1688 1502 1100

63 1518 195 1551 autem
214 1513 320 1561 quod
358 1514 491 1550 anima
521 1513 762 1560 imaginatur
784 1513 935 1559 aliquid
964 1518 1002 1550 et
1020 1513 1276 1550 vehementer
1302 1512 1474 1551 afficitur
1494 1513 1542 1549 ad
1574 1512 1686 1557 illud,

65 1561 245 1608 sequitur
265 1560 480 1607 aliquando
507 1560 730 1598 immutatio
751 1559 792 1596 in
813 1569 978 1606 corpore
1009 1560 1057 1597 ad
1084 1561 1294 1598 sanitatem
1315 1560 1375 1597 vel
1410 1559 1687 1612 aegritudinem

63 1608 214 1655 absque
244 1607 400 1645 actione
432 1607 716 1654 principiorum
750 1616 1047 1652 corporeorum,
1069 1616 1158 1654 quae
1190 1611 1285 1646 sunt
1317 1610 1410 1644 nata
1445 1616 1486 1643 in
1520 1615 1686 1652 corpore

64 1655 340 1702 aegritudinem
376 1655 437 1691 vel
479 1655 689 1691 sanitatem
722 1663 901 1691 causare.
940 1654 1060 1691 Multo
1098 1654 1220 1701 igitur
1257 1655 1386 1701 magis
1418 1664 1465 1690 ex
1486 1654 1688 1691 voluntate

63 1702 198 1739 divina
217 1706 347 1748 potest
367 1700 532 1738 effectus
554 1701 709 1753 aliquis·
720 1701 833 1747 sequi
867 1701 907 1737 in
926 1701 1119 1738 creaturis
1151 1702 1301 1749 absque
1322 1702 1456 1739 causis
1477 1710 1564 1748 quae
1586 1704 1687 1738 natae

63 1753 158 1786 sunt
174 1749 394 1786 secundum
416 1752 595 1785 naturam
619 1749 731 1785 illum
753 1747 936 1784 effectum
958 1748 1190 1794 producere.

107 1798 297 1839 Praeterea,
322 1795 543 1832 secundum
563 1799 713 1833 naturae
733 1795 913 1832 ordinem
936 1795 1102 1832 virtutes
1131 1795 1268 1839 activae
1294 1795 1581 1832 elementorum
1613 1795 1686 1832 sub

60 1843 275 1881 virtutibus
313 1842 452 1880 activis
489 1851 701 1888 corporum
749 1841 970 1879 coelestium
1009 1841 1259 1880 ordinantur.
1302 1842 1507 1888 Proprium
1556 1845 1688 1886 autem

61 1889 246 1928 effectum
273 1889 463 1927 virtutum
494 1889 781 1927 elementorum
803 1889 1001 1926 interdum
1030 1889 1156 1926 virtus
1176 1889 1352 1927 coelestis
1387 1888 1508 1926 efficit
1535 1888 1687 1935 absque

61 1937 218 1974 actione
238 1937 436 1980 elementi,
455 1935 559 1973 sicut
578 1940 684 1982 patet
697 1946 787 1973 cum
805 1936 866 1973 sol
887 1936 1068 1973 calefacit
1088 1936 1238 1983 absque
1256 1936 1364 1984 ignis
1381 1936 1550 1973 actione.
1567 1936 1687 1973 Multo

60 1984 184 2032 igitur
199 1984 329 2032 magis
350 1988 387 2021 et
408 1983 541 2021 divina
562 1985 686 2022 virtus
707 1983 856 2030 absque
877 1983 1032 2021 actione
1060 1993 1272 2021 causarum
1306 1987 1527 2021 creatarum
1557 1986 1688 2030 potest

62 2031 282 2077 producere
302 2031 486 2078 proprios
506 2029 671 2068 effectus
693 2040 842 2067 earum.

107 2078 145 2114 Si
163 2081 294 2115 autem
315 2078 405 2125 quis
423 2077 671 2124 dicat,quod,
691 2087 780 2115 cum
794 2077 1108 2114 ordinemistum
1130 2077 1250 2115 rebus
1266 2079 1371 2115 Deus
1392 2077 1592 2121 indiderit,
1607 2086 1687 2114 non

62 2128 194 2171 potest
214 2133 303 2162 esse
335 2124 486 2170 absque
516 2125 735 2161 mutatione
766 2124 908 2170 ipsius,
931 2128 974 2161 ut
1001 2128 1141 2170 praeter
1160 2125 1340 2162 ordinem
1374 2124 1422 2161 ab
1452 2124 1541 2171 ipso
1574 2125 1687 2162 insti-

60 2175 190 2208 tutum
222 2175 407 2218 operetur
426 2171 468 2207 in
487 2170 619 2215 rebus,
641 2170 806 2208 effectus
827 2171 978 2218 absque
1000 2172 1172 2217 propriis
1191 2172 1327 2209 causis
1344 2171 1616 2217 producendo,
1640 2181 1687 2207 ex

60 2219 150 2264 ipsa
165 2227 297 2256 rerum
312 2222 454 2254 natura
467 2217 593 2254 refelli
613 2217 870 2263 potest.0rdo
889 2218 995 2254 enim
1011 2218 1161 2255 inditus
1181 2219 1300 2256 rebus
1318 2220 1431 2255 aDeo
1447 2217 1535 2265 (vel)
1550 2227 1688 2254 seeun-

62 2265 157 2302 dum
187 2265 227 2302 id
259 2268 320 2302 est
346 2264 453 2311 quod
479 2264 521 2300 in
550 2264 669 2302 rebus
691 2265 917 2311 frequenter
936 2264 1114 2301 accidere
1133 2265 1248 2309 solet,
1271 2274 1352 2302 non
1371 2269 1503 2302 autem
1525 2264 1685 2311 ubique,

60 2312 123 2348 vel
158 2311 379 2349 secundum
416 2311 456 2348 id
492 2311 599 2358 quod
636 2315 696 2349 est
728 2321 898 2357 semper.
920 2311 1040 2348 Multa
1069 2311 1176 2348 enim
1205 2312 1446 2349 naturalium
1475 2320 1686 2348 causarum

62 2357 228 2396 effeetus
243 2367 341 2396 suos
360 2358 584 2405 producunt
596 2359 736 2396 eodem
755 2358 875 2395 modo
897 2361 940 2395 ut
956 2358 1195 2405 frequenter,
1207 2368 1288 2395 non
1301 2362 1430 2395 autem
1450 2362 1493 2395 ut
1510 2367 1684 2403 semper;

61 2415 152 2442 nam
193 2405 454 2453 quandoque,
496 2405 588 2441 licet
624 2408 668 2442 ut
699 2405 741 2442 in
774 2405 1045 2452 paucioribus,
1079 2405 1194 2443 aliter
1226 2405 1393 2448 accidit,
1430 2405 1491 2441 vel
1528 2408 1687 2451 propter

62 2453 258 2490 defectum
298 2452 455 2489 virtutis
492 2451 648 2498 agentis
664 2480 673 2496 ,
710 2451 771 2489 vel
805 2455 965 2498 propter
1002 2452 1176 2488 materiae
1211 2451 1562 2497 indispositionem
1580 2479 1588 2495 ‚
1624 2452 1685 2488 vel

61 2502 222 2546 propter
252 2499 414 2546 aliquod
451 2498 595 2535 fortius
624 2508 772 2545 agens;
806 2498 912 2536 sicut
948 2507 1037 2534 cum
1075 2501 1215 2535 natura
1252 2498 1294 2534 in
1326 2499 1488 2534 homine
1525 2502 1687 2544 generat

61 2547 233 2593 digitum
254 2550 424 2583 sextum.
446 2547 534 2582 Non
557 2548 688 2582 autem
718 2550 878 2591 propter
904 2545 979 2581 hoc
999 2544 1130 2581 deficit
1147 2548 1214 2581 aut
1235 2549 1409 2582 mutatur
1428 2545 1685 2590 providentiae

62 2593 161 2631 ordo
180 2606 190 2631 ε
211 2602 303 2631 nam
325 2597 363 2630 et
377 2593 453 2630 hoc
474 2593 605 2637 ipsum
625 2592 732 2639 quod
751 2591 946 2629 naturalis
966 2591 1064 2628 ordo
1080 2591 1286 2629 institutus
1302 2592 1521 2629 secundum
1542 2601 1686 2639 eaquae

60 2644 157 2678 sunt
176 2640 417 2688 frequenter,
438 2638 678 2686 quandoque
698 2638 869 2683 deficiat,
900 2638 1157 2684 providentiae
1177 2638 1318 2676 subest
1348 2639 1506 2676 divinae.
1528 2639 1568 2676 Si
1590 2648 1685 2687 ergo

61 2696 133 2734 per
150 2687 325 2735 aliquam
344 2687 529 2724 virtutem
548 2689 720 2723 creatam
739 2684 825 2722 fieri
843 2688 974 2731 potest
992 2688 1036 2722 ut
1055 2684 1153 2723 ordo
1173 2685 1367 2723 naturalis
1387 2688 1561 2723 mutetur
1574 2686 1622 2724 ab
1638 2696 1685 2724 eo

61 2734 168 2818 guod
186 2738 248 2773 est
267 2734 494 2782 frequenter
524 2732 572 2771 ad
600 2732 641 2770 id
664 2732 771 2780 quod
792 2736 852 2769 est
872 2741 976 2776 raro,
996 2731 1148 2779 absque
1175 2732 1394 2770 mutatione
1427 2733 1685 2779 providentiae

90 2781 229 2827 ivinae3
249 2781 376 2819 multo
405 2779 536 2828 magis
559 2779 696 2818 divina
712 2779 839 2817 virtus
859 2778 1098 2826 quandoque
1116 2778 1267 2826 aliquid
1287 2779 1415 2817 facere
1437 2783 1580 2826 potest,
1597 2780 1685 2817 sine

62 2835 147 2864 suae
166 2827 423 2874 providentiae
442 2826 687 2874 praejudicio,
708 2829 850 2873 praeter
871 2826 1051 2863 ordinem
1072 2826 1319 2864 naturalibus
1335 2826 1503 2864 inditum
1524 2827 1642 2863 rebus
1662 2836 1685 2863 a

62 2875 158 2912 Deo.
179 2875 260 2913 Hoc
282 2875 388 2913 enim
408 2875 539 2922 ipsum
573 2873 624 2913 ad
653 2882 736 2912 suae
767 2873 925 2911 virtutis
947 2872 1309 2913 manifestationem
1339 2874 1432 2911 facit
1451 2874 1649 2911 interdum
1672 2882 1682 2891 ·
