1894 3223
170 154 240 188 294
742 147 830 183 LIB.
857 147 922 190 ΙΙΙ,
951 146 1051 182 CAP.
1077 145 1210 181 XXVII.

175 231 243 270 sed
266 229 484 268 secundum
505 235 683 265 sensum.
707 228 795 264 Non
812 229 873 264 est
897 227 1018 274 igitur
1038 227 1080 264 in
1099 226 1246 264 talibus
1260 224 1591 265 delectationibus
1606 225 1790 272 ponenda

171 277 353 316 felicitas.

219 323 402 368 Amplius,
425 330 583 358 summa
599 320 789 367 perfectio
808 320 984 359 hominis
1004 329 1093 358 esse
1114 329 1196 358 non
1227 323 1357 366 potest
1384 320 1426 358 in
1452 320 1528 357 hoc
1563 320 1668 367 quod
1699 328 1790 357 con-

166 369 349 418 jungitur
382 368 500 405 rebus
537 376 580 404 se
610 367 845 413 intenobus,
864 368 934 406 sed
972 377 1040 414 per
1075 367 1150 405 hoc
1179 368 1285 414 quod
1317 367 1574 414 conjungitur
1590 366 1710 404 alicui
1730 367 1788 403 rei

172 416 318 459 altiori,
335 415 427 452 finis
457 414 564 451 enim
595 418 655 451 est
685 415 826 452 melior
854 424 900 452 eo
920 415 1027 462 quod
1047 418 1108 452 θεῖ
1126 414 1175 452 ad
1193 414 1325 452 finem.
1345 414 1635 452 Delectationes
1657 416 1787 451 autem

172 463 390 511 praemissae
411 462 638 499 consistunt
656 461 698 498 in
718 462 793 499 hoc
814 462 920 508 quod
938 463 1058 499 homo
1081 462 1300 499 secundum
1319 470 1483 500 sensum
1518 460 1786 514 conjungitur.

177 509 377 556 aliquibus
398 518 440 546 se
459 508 729 550 inferioribus,
754 508 905 546 scilicet
923 508 1182 546 sensibilibus
1202 509 1458 556 quibusdam.
1480 510 1567 547 Non
1588 512 1648 546 est
1668 507 1790 555 igitur

172 558 213 595 in
238 557 381 594 talibus
402 555 734 593 delectationibus
765 556 936 593 felicitas
956 555 1152 602 ponenda.

217 604 402 649 Amplius,
423 602 530 650 quod
545 611 626 639 non
646 606 707 640 est
725 603 873 640 bonum
895 603 972 639 nisi
995 602 1213 640 secundum
1233 603 1339 649 quod
1357 605 1418 640 est
1441 603 1689 640 moderatum
1709 610 1791 639 non

169 656 232 689 est
251 651 471 688 secundum
491 659 534 687 se
551 649 716 694 bonum,
739 649 809 687 sed
829 649 972 696 accipit
988 649 1205 686 bonitatem
1227 659 1250 686 a
1269 649 1512 687 moderante.
1534 652 1637 688 Usus
1659 652 1790 687 autem

171 698 449 745 praedictarum
483 697 788 734 delectationum
809 706 891 734 non
915 701 974 734 est
991 696 1121 734 bonus
1144 696 1309 740 homini,
1347 696 1426 733 nisi
1453 697 1505 733 sit
1537 697 1790 741 moderatus;

172 746 286 782 aliter
308 745 413 781 enim
437 744 720 782 delectationes
742 753 784 781 se
804 744 994 781 inviceem
1018 743 1265 789 impedirent.
1288 745 1373 781 Non
1394 747 1489 780 sunt
1504 743 1626 789 igitur
1643 744 1704 780 liae
1725 743 1792 780 de-

176 792 412 829 lectationes
450 792 669 828 secundum
700 800 742 828 se
774 791 924 828 bonum
963 791 1153 827 hominis.
1186 791 1297 834 Quod
1328 793 1458 827 autem
1498 794 1557 827 est
1592 799 1792 828 summum

171 839 321 876 bonum
347 843 408 875 est
438 848 505 884 per
536 847 578 875 se
603 838 766 882 bonum,
798 839 890 885 quia
923 838 1027 884 quod
1046 847 1114 883 per
1135 847 1177 874 se
1197 838 1344 874 bonum
1367 840 1427 874 est
1446 837 1592 874 melius
1608 840 1668 874 est
1688 837 1792 884 quod

172 890 234 923 θεῖ
272 895 341 932 per
371 885 492 923 aliud.
520 887 607 923 Non
646 888 739 922 sunt
779 885 901 932 igitur
933 885 1032 922 tales
1065 884 1346 921 delectationes
1381 893 1581 921 summum
1618 884 1793 921 hominis

176 933 340 974 bonum,
367 933 472 980 quod
493 936 553 970 est
574 932 755 969 felicitas.

219 981 320 1024 Item,
343 980 381 1016 in
409 980 597 1017 omnibus
610 989 696 1026 quac
716 989 784 1025 per
797 988 838 1016 se
853 978 1051 1024 dicuntur,
1067 978 1248 1025 sequitur
1261 978 1390 1025 magis
1408 979 1456 1016 ad
1477 978 1619 1025 magis,
1648 978 1682 1015 si
1698 978 1792 1015 sim-

173 1027 329 1074 pliciter
349 1031 540 1073 sequatur
560 1026 608 1063 ad
628 1026 886 1072 simpliciter3
921 1026 1025 1063 sicut
1051 1026 1223 1062 calidum
1245 1025 1438 1070 calefacit,
1463 1026 1591 1072 magis
1616 1025 1786 1062 calidum

173 1074 304 1121 magis
325 1074 519 1118 calefacit,
542 1073 762 1110 etmaxime
782 1073 954 1110 calidum
965 1073 1133 1109 maxime
1152 1073 1410 1111 calefaciet.Si
1426 1073 1548 1119 igitur
1562 1072 1790 1114 delectatio·

175 1129 248 1158 nes
268 1121 484 1167 pl'aemissae
506 1124 641 1157 essent
661 1120 881 1157 secundum
899 1129 941 1157 se
962 1120 1090 1164 bonae,
1109 1124 1305 1165 oporteret
1327 1119 1433 1167 quod
1452 1119 1622 1157 maxime
1642 1120 1697 1156 uti
1735 1119 1793 1156 eis

173 1172 282 1205 esset
299 1168 505 1213 optimum.
529 1168 609 1205 Hoc
629 1170 759 1204 autem
779 1170 883 1212 patet
896 1175 985 1204 esse
1000 1166 1144 1203 falsum
1162 1179 1171 1211 ;
1192 1176 1282 1204 nam
1292 1166 1440 1204 nimius
1456 1176 1554 1204 usus
1576 1175 1714 1204 eorum
1734 1176 1792 1203 re-

175 1218 335 1260 putatur
355 1215 394 1251 in
417 1215 553 1251 vitium
576 1217 613 1251 et
630 1218 690 1251 est
708 1215 824 1250 etiam
859 1214 1015 1259 corpori
1035 1214 1178 1251 noxius
1208 1217 1245 1250 et
1274 1214 1466 1251 similium
1487 1214 1793 1251 delectationum

177 1261 443 1308 impeditivus.
478 1263 565 1299 Non
603 1264 696 1298 sunt
728 1261 849 1307 igitur
876 1270 946 1307 per
977 1270 1019 1298 se
1043 1261 1192 1298 bonum
1214 1261 1403 1298 hominis.
1428 1263 1472 1297 In
1493 1261 1551 1298 eis
1572 1261 1692 1308 igitur
1714 1269 1794 1297 non

174 1308 362 1346 consistit
382 1309 556 1346 humana
578 1308 758 1345 felicitas.

222 1358 411 1400 Praeterea,
433 1359 544 1393 actus
565 1356 752 1392 virtutum
773 1358 866 1392 sunt
885 1354 1105 1393 laudabiles
1126 1365 1173 1392 ex
1193 1355 1270 1393 boc
1293 1355 1398 1401 quod
1419 1355 1467 1392 ad
1486 1355 1714 1392 felicitatem
1736 1363 1795 1392 or·

175 1403 377 1440 dinantur.
422 1403 463 1439 Si
508 1402 628 1448 igitur
662 1402 703 1438 in
735 1402 1065 1439 delectationibus
1097 1402 1316 1448 praemissis
1349 1401 1586 1439 consisteret
1621 1402 1796 1438 humana

178 1450 361 1494 felicitas,
385 1453 496 1486 actus
519 1449 675 1486 virtutis
693 1449 821 1495 magis
843 1452 949 1486 esset
963 1449 1175 1486 laudabilis
1192 1449 1233 1486 in
1254 1449 1478 1486 accedendo
1501 1449 1549 1486 ad
1570 1449 1643 1486 has
1664 1449 1794 1486 delec-

177 1497 349 1533 tationes
379 1505 497 1543 quam
528 1496 569 1532 in
601 1495 839 1533 abstinendo
861 1496 908 1532 ab
930 1496 1002 1533 eis.
1023 1497 1103 1532 Hoc
1125 1499 1254 1533 autem
1276 1500 1381 1542 patet
1400 1505 1488 1533 esse
1509 1496 1653 1532 falsum
1672 1508 1679 1540 ;
1703 1504 1793 1532 nam

176 1547 291 1580 actus
313 1543 582 1590 temperantiae
602 1543 772 1579 maxime
793 1543 976 1580 laudatur
991 1543 1031 1579 in
1048 1538 1283 1580 abstinendo
1299 1553 1321 1580 a
1341 1543 1671 1580 delectationibus
1692 1542 1796 1580 unde

176 1590 323 1674 {tbslmc
344 1591 635 1627 denominatur.
659 1592 745 1627 Non
765 1594 825 1627 est
843 1590 964 1636 igitur
984 1590 1026 1627 in
1037 1590 1368 1628 delectationibus
1383 1590 1602 1636 praemissis
1619 1589 1795 1627 hominis

196 1647 215 1674 e
236 1638 363 1674 icitas.

224 1686 409 1730 Amplius,
430 1684 521 1721 finis
542 1684 707 1721 ultimus
726 1684 937 1730 quuslibet
955 1685 1008 1720 rei
1032 1687 1135 1721 Deus
1156 1688 1230 1729 est,
1264 1688 1306 1722 ut
1338 1695 1385 1721 ex
1416 1684 1635 1731 praemissi-s
1671 1684 1718 1731 (c.
1738 1684 1795 1731 18)

178 1736 297 1778 patet.
322 1732 422 1769 Illud
444 1732 566 1778 igitur
585 1735 741 1778 oportet
761 1731 942 1768 ultimum
958 1731 1076 1768 finem
1101 1731 1276 1769 hominis
1296 1732 1390 1778 poni
1412 1741 1481 1778 per
1499 1731 1606 1779 quod
1625 1731 1796 1769 max-ime

177 1779 469 1826 appropinquat
484 1779 531 1816 ad
550 1780 686 1817 Deum.
710 1780 782 1816 Per
800 1779 1007 1824 praedictas
1029 1782 1160 1815 autem
1182 1778 1466 1816 delectationes
1488 1779 1608 1816 bomo
1635 1778 1797 1825 impedi·

179 1831 243 1862 tur
267 1835 289 1862 a
321 1826 494 1863 maxima
524 1826 906 1873 appropinquatione
924 1825 972 1862 ad
990 1828 1126 1870 Deum,
1149 1834 1235 1872 quae
1256 1825 1299 1862 fit
1317 1835 1386 1871 per
1403 1825 1793 1871 contemplationem,

177 1882 297 1919 quarn
330 1873 499 1910 maxime
534 1873 729 1919 praedictae
763 1872 1047 1910 delectationes
1078 1873 1311 1918 impediunt,
1339 1876 1474 1919 utpote
1505 1872 1553 1909 ad
1587 1872 1797 1909 sensibilia

178 1920 350 1956 maxime
374 1920 575 1957 hominem
596 1920 877 1965 immergentes
913 1922 948 1956 et
986 1929 1055 1965 per
1090 1928 1340 1966 consequens
1379 1919 1426 1956 ab
1474 1918 1795 1965 intelligibilibus

181 1967 442 2050 retrahgntes.
459 1969 544 2003 Non
558 1971 618 2003 est
635 1967 806 2013 igiturin
819 1966 1147 2003 delectationibus
1160 1965 1434 2012 corporalibus
1445 1965 1613 2003 felicitas
1623 1966 1797 2003 humana

180 2023 310 2060 ponen
343 2023 378 2050 a.

226 2062 298 2097 Per
320 2061 394 2098 hoc
414 2064 545 2098 autem
567 2060 789 2097 excluditur
810 2068 919 2097 error
942 2060 1224 2106 Epicureorum
1244 2061 1285 2097 in
1306 2060 1369 2097 his
1390 2059 1659 2107 voluptatibus
1679 2060 1797 2098 felici-

179 2112 299 2144 tatem
316 2107 492 2145 bominis
513 2107 745 2154 ponentium
770 2119 779 2151 ;
802 2116 849 2143 ex
869 2116 1037 2154 quorum
1058 2116 1230 2152 persona
1251 2107 1346 2145 dicit
1365 2107 1574 2145 Salomon:
1589 2109 1662 2144 Hoc
1675 2109 1797 2153 itaque

178 2156 296 2192 visum
307 2158 357 2191 est
375 2155 467 2191 mihi
485 2155 676 2199 bonum,ut
687 2154 846 2190 comedat
865 2156 960 2200 quis,
973 2157 1005 2190 et
1020 2155 1168 2196 bibat,et
1179 2156 1331 2199 fruatur
1341 2155 1469 2192 laetitia
1478 2164 1523 2191 em
1537 2155 1656 2192 labore
1671 2165 1795 2199 suo...‚·

163 2205 212 2238 ‘et
231 2203 304 2239 haec
318 2212 408 2248 pars
427 2203 528 2239 illius
548 2202 674 2249 (Ech,
694 2210 734 2247 v,
758 2202 842 2247 17).·
863 2205 920 2239 et:
944 2201 1080 2248 Ubique
1094 2202 1341 2248 relinquamus
1353 2203 1461 2248 signa
1474 2202 1798 2249 laetitiae,quonzam

179 2249 253 2286 haec
272 2252 323 2285 est
340 2259 431 2295 pars
451 2251 589 2294 nostra,
610 2252 643 2286 et
662 2249 735 2285 haec
755 2252 805 2286 est
823 2259 899 2285 sors
914 2248 1034 2295 (Sap,
1046 2258 1088 2290 11,
1103 2250 1151 2297 9).
1164 2249 1391 2287 Excluditur
1410 2249 1527 2287 etiam
1543 2258 1652 2287 error
1665 2249 1797 2287 Cerin-

180 2296 425 2341 tbianorum‚
463 2296 531 2344 qui
562 2295 776 2334 in'ultima
806 2296 993 2334 felicitate
1018 2300 1109 2342 post
1124 2296 1461 2335 resurrectionem
1479 2295 1588 2333 mille
1608 2305 1736 2334 annos
1755 2296 1798 2334 in

177 2352 301 2390 regno
334 2343 477 2382 Christi
514 2343 735 2382 secundum
756 2343 940 2381 carnales
960 2344 1110 2381 ventris
1131 2344 1354 2391 voluptates
1372 2343 1599 2382 fabulantur
1618 2343 1795 2387 futuros;

179 2391 282 2428 unde
302 2393 341 2428 et
360 2391 554 2429 chiliastae
574 2391 688 2439 quasi
710 2390 938 2436 millenarii,
964 2395 1057 2428 sunt
1090 2391 1304 2438 appellati;
1339 2392 1381 2429 in
1414 2392 1546 2429 Graeco
1577 2390 1682 2429 enim
1708 2391 1798 2435 χίλια

178 2437 282 2475 idem
295 2438 469 2484 estquod
479 2438 588 2476 mille.
605 2437 874 2476 Excluduntur
888 2439 1006 2475 etiam
1019 2440 1037 2475 J
1042 2438 1243 2476 udaeorum
1258 2442 1296 2475 et
1315 2439 1622 2476 sarracenorum
1639 2437 1793 2481 fabulae,

178 2485 244 2531 qui
282 2486 564 2524 retributiones
591 2485 791 2532 justorum
825 2485 867 2521 in
903 2485 1102 2532 praedictis
1132 2485 1402 2533 voluptatibus
1427 2489 1605 2534 ponunt;
1627 2484 1795 2523 felicitas

173 2532 282 2569 enim
302 2532 460 2571 virtutis
480 2536 540 2570 est
560 2532 780 2579 praemium.
803 2531 902 2579 (1-II‚
921 2543 959 2580 q.
979 2540 1037 2578 xi,
1054 2531 1183 2580 art.6.)
