1894 3223
166 100 189 133 2
793 101 880 137 LIB.
910 103 938 146 1,
966 102 1066 138 CAP.
1094 103 1139 138 11.

163 184 410 222 testationem
428 182 560 219 divina
576 181 772 226 Sapientia
789 190 905 218 carne
926 182 1062 219 induta
1083 192 1125 219 se
1153 183 1310 220 venisse
1331 183 1371 219 in
1394 183 1585 219 mundum
1605 185 1771 220 testatur

162 231 296 268 dicens
317 243 327 265 ε
347 232 422 274 Ε90
435 231 472 264 in
494 230 556 264 hoc
572 231 678 263 natus
696 238 774 263 sum
794 229 885 263 etad
903 229 965 265 hoc
977 231 1060 264 veni
1078 231 1117 264 in
1129 231 1314 270 mundum,
1337 233 1377 265 ut
1394 231 1634 265 testimonium
1646 230 1770 274 perhi-

162 278 259 312 beam
278 277 423 312 veritati
443 276 581 321 (Joan.,
597 283 710 318 XVIII,
731 274 802 320 37).
824 275 896 312 Sed
926 278 963 312 et
982 277 1149 321 primam
1183 277 1478 322 philosophiam
1499 276 1768 323 Philosophus

162 324 470 371 (Metaphys.,11,
501 325 592 373 text.
624 329 768 373 comm.
789 321 825 368 3)
857 321 1089 360 determinat
1118 332 1207 360 esse
1238 323 1442 360 scientiam
1473 323 1663 367 veritatis,
1690 332 1770 360 non

160 370 384 416 cujuslibet,
408 368 476 406 sed
497 376 582 413 ejus
605 370 794 408 veritaus,
818 378 903 414 quae
935 373 995 406 est
1015 370 1127 416 origo
1149 370 1280 407 omnis
1301 370 1489 414 veritatis,
1511 370 1662 407 scilicet
1683 379 1770 416 quae

162 418 328 463 pertinet
350 416 396 452 ad
418 415 587 460 primum
607 414 846 460 principium
867 416 1024 453 essendi
1044 417 1230 454 omnihus
1248 429 1256 461 3
1280 417 1383 453 unde
1404 420 1442 453 et
1459 426 1532 454 sua
1554 417 1695 454 veritas
1711 419 1771 453 est

161 464 291 500 omnis
323 461 499 498 veritatis
531 461 769 506 principium
799 461 1102 510 (Metaphys.,11‚
1124 467 1217 500 text.
1253 473 1396 501 comm.
1419 463 1470 510 4).
1505 463 1567 500 Sic
1584 463 1689 499 enim
1711 466 1773 501 est

161 509 371 556 dispositio
392 517 520 544 rerum
538 508 579 543 in
593 508 768 553 veritate,
787 509 891 546 sicut
906 510 947 545 in
972 519 1074 547 esse.
1097 509 1278 556 Ejusdem
1302 515 1431 547 autem
1453 514 1513 547 est
1533 519 1657 547 unum
1677 519 1771 547 con·

160 557 370 594 trariorum
390 555 592 601 prosequi,
614 557 652 591 et
671 554 777 591 aliud
795 555 964 592 refutare
981 568 990 601 3
1012 556 1116 593 sicut
1132 557 1329 594 medicina
1348 558 1559 596 sanitatem
1574 560 1771 602 operatur,

161 603 435 650 aegritudinem
466 610 559 638 vero
583 601 898 654 excludit-Unde
930 602 1032 640 sieut
1052 603 1243 649 sapientis
1270 608 1330 641 est
1349 605 1552 641 veritatem
1573 604 1770 650 praecipue

160 651 206 686 de
223 650 350 695 primo
386 649 581 695 principio
603 649 783 686 meditari
805 654 842 685 et
862 649 909 686 de
929 649 1019 686 aliis
1052 650 1260 691 disserere,
1283 651 1337 688 ita
1357 651 1441 697 ers
1475 655 1535 688 est
1560 651 1772 687 falsitatem

160 696 397 734 contrariam
434 696 679 742 impugnare.
727 696 1014 733 convenienter
1048 706 1157 743 ergo,
1188 707 1235 733 ex
1270 706 1337 734 ore
1373 698 1596 744 Sapientiae,
1630 698 1774 743 duplex

159 743 352 789 sapientis
380 742 555 780 officium
576 743 617 779 in
636 743 767 780 verbis
801 744 1015 789 propositis
1031 743 1336 788 demonstratur,
1364 745 1516 781 scilicet
1539 745 1772 781 :4veritatem

160 790 346 834 divinam,
369 799 455 836 quae
491 791 808 827 antonomastice
831 794 890 827 est
909 791 1066 831 veritas,
1094 791 1287 831 meditari,
1311 795 1348 827 et
1367 791 1597 828 meditatam
1626 791 1773 839 eloqui,

159 837 263 884 quod
284 837 410 881 tangit
441 846 562 883 quum
583 837 703 873 dicit:
732 839 928 873 Veritatem
957 839 1192 873 medicabitur
1221 841 1347 882 quitur
1379 847 1494 873 meum
1511 850 1522 882 ‚-
1542 841 1580 874 et
1602 846 1775 881 errorem

160 887 297 921 contra
310 884 512 921 veritatem
534 884 768 930 inpugnare,
784 885 889 931 quod
909 885 1036 932 tangit
1054 895 1174 932 quum
1196 885 1290 922 dicit
1309 897 1316 921 :
1339 887 1386 921 Et
1406 885 1504 920 labia
1526 894 1605 920 mea
1624 884 1777 921 detesta-

161 931 294 966 buntur
306 932 481 976 impium3
499 940 565 976 per
577 931 681 977 quod
698 931 851 968 salsitas
865 935 1002 969 contra
1021 932 1193 969 divinam
1213 932 1415 969 veritatem
1429 932 1674 979 designatur,
1687 940 1776 978 quae

160 978 344 1024 religioni
365 977 564 1014 contraria
584 982 656 1022 est,
679 987 765 1024 quae
798 979 923 1024 pietas
944 979 1199 1025 nominatur3
1229 979 1331 1016 unde
1360 979 1477 1016 etiam
1502 978 1655 1017 falsitas
1681 987 1775 1017 con-

158 1025 279 1063 traria
293 1029 332 1062 et
351 1024 552 1071 inpietatis
573 1025 649 1062 sihi
664 1034 809 1062 nomen
829 1026 1010 1063 assumit.

840 1172 1007 1215 CAPUT
1043 1172 1094 1216 ΙΙ.

664 1292 750 1328 QUAE
774 1292 835 1322 SIT
859 1292 1045 1322 AUGTORIS
1073 1289 1267 1321 INTENTIO·

205 1404 310 1440 Inter
329 1402 465 1439 omnia
491 1410 584 1438 vero
615 1401 746 1438 studia
779 1401 1000 1446 hominum,
1028 1400 1234 1448 sapientiae
1264 1399 1440 1439 studium
1458 1403 1518 1438 est
1544 1399 1770 1446 perfectius,

158 1449 371 1489 sublimius
391 1452 430 1485 et
448 1449 586 1485 utilius
607 1452 644 1485 et
659 1448 891 1494 Jucundius.

206 1496 421 1533 perfectius
441 1495 613 1542 quidem,
636 1495 743 1542 quia,
765 1494 803 1531 in
827 1498 1017 1541 quantum
1040 1495 1159 1532 homo
1181 1494 1384 1541 sapientiae
1406 1493 1537 1531 studio
1559 1494 1625 1532 dat
1655 1503 1711 1539 se,
1730 1494 1773 1532 in

156 1547 309 1581 tantum
330 1552 430 1580 verae
450 1542 707 1579 beatitudinis
724 1541 805 1588 jam
824 1542 996 1589 aliquam
1017 1546 1167 1587 partem
1187 1542 1316 1579 habet.
1340 1541 1447 1578 Unde
1466 1541 1632 1588 Sapiens
1645 1541 1741 1579 dicit
1760 1553 1770 1579 :

155 1592 286 1628 Beatus
305 1592 363 1625 vir
382 1591 447 1635 qui
464 1591 504 1625 in
522 1591 703 1635 sapientia
721 1589 921 1625 morabitur
943 1588 1089 1636 (Eccli.,
1112 1597 1196 1633 XIV,
1217 1588 1292 1636 22).

203 1637 421 1676 Sublimius
453 1640 584 1673 autem
605 1640 677 1677 est,
700 1636 793 1683 quia
813 1645 882 1682 per
911 1636 1042 1681 ipsum
1064 1637 1183 1672 homo
1204 1637 1251 1673 ad
1274 1636 1446 1673 divinam
1468 1635 1770 1674 similitudinem

156 1684 351 1732 praecipue
364 1683 527 1728 accedit,
549 1684 615 1730 qui
635 1684 769 1720 omnia
788 1683 829 1719 in
844 1683 1039 1729 sapientia
1059 1684 1162 1720 fecit.
1182 1683 1287 1720 Unde
1306 1683 1399 1730 quia
1416 1683 1636 1720 similitudo
1649 1692 1772 1721 causa

156 1736 216 1769 est
236 1731 476 1775 dilectionis,
492 1731 696 1776 sapientiae
713 1730 887 1767 studium
906 1730 1101 1776 praecipue
1117 1732 1196 1767 Deo
1210 1740 1279 1776 per
1296 1730 1510 1766 amIcitiam
1535 1729 1742 1777 conjungit
1758 1741 1767 1775 3

154 1781 314 1825 propter
330 1778 435 1824 quod
465 1777 609 1814 dicitur
635 1777 739 1824 quod
768 1779 947 1823 sapientia
966 1780 1018 1812 est
1041 1779 1208 1823 infinitus
1239 1778 1428 1813 thesaurus
1456 1777 1682 1821 hominibus,·
1701 1787 1770 1823 quo

155 1827 219 1872 qui
237 1827 295 1860 usi
313 1827 408 1869 sunt,
431 1825 524 1867 facti
541 1826 626 1860 sunt
640 1826 838 1870 participes
865 1826 1033 1860 amicitiae
1052 1826 1117 1860 Dei
1140 1824 1257 1870 (Sap,
1276 1833 1349 1867 VII,
1373 1823 1444 1870 14).

203 1872 344 1909 Utilius
365 1874 495 1908 autem
512 1874 584 1915 est,
601 1872 695 1918 quia
709 1881 776 1917 per
796 1871 924 1917 ipsam
941 1871 1176 1917 sapientiam
1198 1871 1246 1908 ad
1270 1870 1577 1908 immortalitatis
1602 1879 1767 1918 regnum

183 1919 382 1956 ervenitur
407 1930 427 2012 t)
442 1919 739 1963 Concupiscentia
769 1921 888 1954 autem
919 1920 1106 1965 sapientiae
1138 1918 1286 1954 deducet
1304 1919 1354 1954 ad
1378 1928 1529 1963 requam
1552 1921 1768 1965 perpetuum

170 1967 276 2012 Sap„
296 1968 408 2009 V1,2l
434 1993 443 2002 .

199 2015 216 2050 J
223 2013 419 2050 ucundius
438 2015 567 2049 autem
587 2016 660 2057 est,
681 2012 775 2059 quia
791 2022 863 2049 non
894 2013 999 2049 habet
1014 2013 1295 2049 amaritudinem
1328 2014 1547 2048 conversatio
1571 2013 1684 2054 illius,
1705 2022 1767 2049 nec

153 2060 301 2097 taedium
319 2061 498 2096 convietus
517 2061 633 2100 illius,
652 2059 716 2095 sed
734 2060 897 2096 laetitiam
916 2063 950 2096 et
969 2061 1145 2104 qaudium
1163 2060 1282 2106 (Sap,
1302 2068 1388 2104 VIII,
1412 2059 1483 2106 16).

200 2106 542 2153 Assumptaigitur
559 2117 606 2143 ex
620 2106 753 2143 divina
765 2107 909 2153 pietate
927 2107 1071 2144 fiducia
1089 2108 1279 2153 sapientis
1294 2107 1468 2144 officium
1484 2106 1763 2154 prosequendi,

153 2154 335 2200 quamvis
354 2154 534 2199 proprias
555 2154 658 2191 vires
677 2154 852 2199 excedat,
873 2155 1123 2201 propositum
1145 2159 1288 2191 nostrae
1314 2155 1549 2192 intentionis
1573 2158 1633 2191 est
1665 2154 1764 2191 veri-

153 2204 287 2245 tatem,
310 2210 426 2248 quam
448 2199 547 2238 fides
567 2201 763 2238 catholica
789 2201 1009 2247 profitetur,
1031 2211 1101 2251 pro
1136 2205 1273 2238 nostro
1301 2202 1463 2239 modulo
1493 2202 1763 2246 manifestare,

152 2257 307 2285 errores
325 2248 568 2285 eliminando
588 2248 823 2285 contrarios.
847 2251 893 2285 Ut
912 2249 1017 2286 enim
1037 2249 1167 2286 verbis
1189 2249 1325 2286 Hilarii
1343 2253 1441 2294 utar,
1465 2262 1484 2282 «
1505 2258 1579 2296 ego
1607 2249 1683 2286 hoc
1702 2249 1764 2286 vel

153 2295 396 2341 praecipuum
424 2295 514 2333 vitae
548 2304 644 2333 meae
671 2294 846 2332 officium
876 2296 1017 2333 debere
1049 2305 1111 2332 me
1144 2298 1223 2333 Deo
1257 2296 1445 2334 conscius
1470 2305 1573 2342 sum,
1599 2299 1643 2333 ut
1673 2305 1764 2334 eum

152 2342 285 2380 omnis
304 2351 435 2380 sermo
454 2351 567 2380 meus
588 2346 625 2379 et
645 2351 789 2380 sensus
805 2343 990 2390 loquatur
1007 2357 1025 2376 »
1048 2344 1116 2390 (De
1135 2343 1287 2388 Trinit.,
1308 2352 1336 2388 1,
1358 2343 1431 2390 37).

199 2391 344 2427 Contra
363 2389 613 2436 singulorum
634 2393 764 2427 autem
787 2399 940 2427 errores
961 2389 1121 2427 difficile
1143 2394 1202 2427 est
1230 2391 1442 2436 procedere
1472 2394 1631 2437 propter
1649 2390 1728 2428 duo
1751 2400 1762 2426 ε

199 2437 344 2482 Primo,
366 2437 459 2484 quia
479 2445 558 2474 non
579 2437 634 2473 ita
656 2441 749 2474 sunt
766 2437 882 2474 nobis
904 2441 997 2475 nota
1015 2437 1265 2484 singulorum
1281 2438 1496 2476 errantium
1515 2438 1619 2475 dicta
1639 2437 1761 2475 sacri·

153 2482 256 2529 lega,
277 2487 333 2528 ut,
355 2493 403 2520 ex
422 2484 485 2520 his
502 2494 588 2531 quae
610 2484 758 2529 dicunt,
779 2485 983 2531 possimus
1004 2485 1178 2522 rationes
1198 2494 1401 2522 assumere
1422 2486 1471 2522 ad
1494 2495 1632 2522 eorum
1655 2493 1761 2522 erro—

151 2538 216 2566 res
237 2530 513 2568 destruendos.
537 2533 616 2568 Hoc
636 2532 742 2568 enim
762 2532 881 2569 modo
906 2532 968 2569 usi
1003 2536 1096 2569 sunt
1123 2533 1274 2579 antiqui
1309 2532 1492 2569 doctores
1513 2532 1554 2568 in
1585 2532 1761 2568 destruc-

152 2575 260 2628 tione
280 2586 455 2613 errorum
479 2578 704 2623 Gentilium,
726 2588 895 2625 quorum
914 2580 1136 2625 positiones
1154 2579 1255 2616 scire
1275 2583 1468 2625 poterant,
1491 2579 1584 2625 quia
1614 2582 1652 2614 et
1682 2578 1759 2622 ipsi

152 2623 330 2707 800010ῗί
338 2624 508 2676 fuerant,
525 2625 586 2661 vel
605 2626 745 2662 saltem
766 2626 869 2664 inter
888 2627 1060 2665 Gentiles
1081 2627 1304 2664 conversati
1328 2626 1425 2663 etin
1455 2634 1593 2663 eorum
1614 2625 1758 2662 doctri-

151 2679 216 2706 nis
236 2680 302 2707 eru
335 2674 393 2707 iti.

182 2717 393 2769 ,Secundost
414 2718 508 2764 quia
527 2718 687 2765 quidam
716 2729 867 2765 eorum,
888 2725 929 2758 ut
957 2721 1247 2759 maliumetistae
1267 2724 1304 2757 et
1323 2719 1480 2767 pagani,
1503 2728 1583 2757 non
1616 2728 1758 2756 conve-

150 2767 267 2816 niunt
286 2764 497 2801 noblseum
516 2764 559 2801 in
579 2767 810 2804 auctoritate
831 2768 1000 2815 alicujus
1022 2769 1240 2815 scripturae,
1262 2776 1332 2813 per
1351 2775 1469 2813 quam
1489 2766 1647 2812 possint
1667 2775 1760 2803 con-

149 2818 277 2853 vmcn
298 2811 402 2848 sicut
420 2814 558 2849 contra
573 2812 731 2850 Judaeos
752 2814 952 2861 disputare
970 2824 1186 2862 possumus
1206 2823 1276 2861 per
1300 2814 1418 2851 Vetus
1438 2815 1758 2858 Testamentum3

153 2861 292 2895 contra
311 2857 534 2904 haereticos,
554 2868 625 2906 per
644 2861 808 2898 Novum.
832 2862 876 2898 Hi
898 2872 990 2900 vero
1011 2867 1195 2900 neutrum
1216 2860 1424 2909 recipiunt.
1451 2861 1559 2898 Unde
1592 2869 1758 2899 necesse
