1894 3223
711 106 797 142 LIB.
827 107 874 149 ΙΙ,
902 106 1002 142 CAP.
1031 106 1069 142 C.
1633 109 1700 143 255

728 245 895 287 CAPUT
922 247 1060 287 XCIX.

308 353 409 389 QUOD
437 352 686 384 SUBSTANTIAE
710 353 921 382 SEPARATAE
945 353 1188 384 MATERIALIA
1213 354 1470 386 GOGNOSCUNT.

124 444 199 489 Per
232 450 442 498 praedictas
477 449 600 497 igitur
635 449 785 487 formas
822 450 1110 497 intelligibiles,
1138 449 1362 488 substantia
1399 455 1580 498 separata
1619 461 1700 490 non

78 498 211 538 solum
242 498 453 582 ‹lzognoscit
486 497 588 535 alias
617 497 865 534 substantias
899 502 1115 543 separatas,
1139 498 1208 535 sed
1235 499 1353 535 etiam
1387 500 1541 545 specics
1571 509 1700 537 rerum

77 553 148 586 cor
177 554 245 582 ora
264 554 362 582 ium.

126 555 255 637 Qluum
276 592 381 629 enim
402 591 630 629 intellectus
651 601 786 629 earum
808 592 859 629 sit
882 592 1082 638 perfectus
1103 591 1272 628 naturali
1291 592 1546 638 perfectione,
1567 596 1701 639 utpote

76 642 187 677 totus
205 639 246 676 in
267 643 356 676 actu
378 639 569 683 existens,
591 642 745 684 oportet
777 639 882 722 guod
906 648 1021 675 suum
1047 638 1260 691 obJectuin,
1285 637 1529 692 scilicetcns
1556 640 1702 677 intelli-

106 686 214 731 ibile‚
237 686 516 723 universaliter
535 686 775 731 comprobem
806 689 856 723 at.
879 686 957 722 Sub
979 688 1067 722 ente
1096 688 1226 722 autem
1249 685 1489 732 intelligibili
1523 696 1703 733 compre-

77 695 308 770 fienduntur
327 733 445 769 etiam
473 733 627 779 species
649 741 778 770 rerum
800 733 1079 778 corporalium.
1103 734 1175 769 Eas
1203 732 1325 779 igitur
1343 732 1568 770 substantia
1588 743 1701 780 sepa-

77 783 163 817 rata
182 788 229 817 co
261 782 404 817 noscit.

125 789 270 868 Adhugcr,
293 836 415 874 quum
448 826 602 873 species
632 836 763 864 rerum
796 825 1094 872 distinguantur
1113 825 1217 862 sicut
1242 826 1397 872 species
1428 836 1699 868 numerorum,

77 876 123 911 ut
143 883 263 920 supra
281 873 329 920 (c.
352 874 410 920 95)
432 873 609 911 habitum
628 877 701 918 est,
720 876 873 920 oportet
894 872 999 919 quod
1017 872 1056 908 in
1077 873 1208 918 specie
1233 873 1428 919 superiori
1452 874 1703 912 contineatur

79 920 306 967 aliqualiter
323 920 428 967 quod
447 925 507 958 est
527 921 566 957 in
589 921 782 964 inferiori,
805 920 911 957 sicut
931 920 1058 972 major
1077 929 1268 957 numerus
1287 921 1463 957 continet
1483 921 1696 959 minorem.

79 967 209 1012 Quum
248 968 369 1014 igitur
406 967 638 1005 substantiae
678 974 867 1013 separatae
906 971 986 1004 sint
1015 976 1135 1012 supra
1173 967 1418 1005 substantias
1458 969 1700 1014 corporales,

79 1018 233 1060 oportet
255 1014 361 1061 quod
387 1024 432 1051 ea
458 1024 544 1061 quae
564 1018 657 1051 sunt
682 1014 724 1050 in
758 1013 995 1051 substantiis
1016 1013 1292 1059 corporalibus
1314 1024 1383 1060 per
1402 1015 1564 1052 modum
1584 1020 1703 1053 mate·

76 1061 217 1098 rialem
237 1061 318 1098 sint
338 1061 378 1097 in
401 1061 636 1098 substantiis
655 1061 847 1106 separatis
864 1070 933 1106 per
952 1060 1113 1097 modum
1136 1060 1427 1108 intelligibilem
1445 1074 1454 1107 ;
1473 1062 1578 1110 quod
1593 1063 1698 1100 enim

78 1111 139 1145 est
160 1108 201 1144 in
222 1107 356 1154 aliquo
377 1111 437 1144 est
460 1108 499 1144 in
519 1117 566 1145 eo
586 1117 655 1154 per
675 1107 835 1145 modum
859 1107 944 1154 eJus
964 1107 1005 1143 in
1026 1116 1105 1154 quo
1121 1110 1193 1144 est.

124 1155 224 1195 Item,
254 1154 288 1191 si
319 1154 552 1192 substantiae
587 1158 777 1201 separatae
797 1158 956 1191 movent
984 1163 1153 1200 corpora
1183 1154 1375 1200 coelestia,
1396 1158 1440 1192 ut
1468 1155 1700 1203 philosophi

75 1205 232 1249 ponunt
252 1201 498 1249 (Metaphys.,
533 1210 603 1244 xn,
623 1206 717 1238 text.
755 1211 898 1239 comm.
922 1201 1061 1248 36-49),
1094 1200 1286 1248 quidquid
1318 1204 1500 1248 provenit
1524 1213 1572 1240 ex
1589 1207 1702 1241 motu

77 1257 290 1295 corporum
317 1249 539 1286 coelestium
569 1248 795 1286 attribuitur
815 1249 914 1294 ipsis
947 1249 1181 1294 corporibus
1206 1248 1309 1286 sicut
1340 1249 1633 1295 instrumentis,
1654 1259 1701 1289 eo

77 1296 184 1342 quod
203 1299 362 1332 movent
378 1299 498 1341 mota,
520 1296 756 1333 substantiis
778 1300 907 1333 autem
930 1295 1123 1342 separatis
1144 1296 1396 1334 moventibus
1429 1297 1533 1335 sicut
1551 1298 1702 1344 princi-

76 1342 235 1388 palibus
255 1342 478 1390 agentibus.
498 1345 629 1390 Agunt
650 1346 779 1380 autem
807 1346 845 1379 et
875 1346 1035 1380 movent
1067 1351 1136 1389 per
1169 1343 1427 1381 intellectum.
1450 1345 1550 1382 Sunt
1581 1345 1703 1392 igitur

78 1392 292 1427 causantes
309 1399 355 1428 ea
371 1399 458 1437 quae
478 1389 579 1427 fiunt
597 1400 667 1436 per
679 1394 831 1427 motum
852 1399 1062 1436 corporum
1079 1389 1315 1435 coelestium,
1334 1391 1438 1428 sicut
1458 1392 1598 1428 artifex
1614 1401 1703 1438 ope-

77 1439 188 1473 ratur
205 1445 275 1482 per
294 1445 369 1474 sua
386 1437 664 1474 instrumenta.
687 1439 837 1474 Formae
857 1436 980 1484 igitur
996 1445 1134 1474 eorum
1167 1445 1254 1483 quae
1286 1441 1527 1484 generantur
1557 1443 1593 1475 et
1619 1448 1702 1476 cor-

77 1487 318 1529 rumpuntur
352 1487 446 1521 sunt
465 1483 771 1531 intelligibiliter
789 1484 830 1520 in
849 1484 1085 1521 substantiis
1107 1483 1324 1529 separatis;
1346 1485 1452 1521 unde
1472 1489 1509 1521 et
1539 1486 1701 1523 Boetius

77 1528 143 1576 (De
164 1531 311 1576 Trinit„
335 1530 361 1567 l.
382 1539 411 1575 1,
433 1540 467 1568 c.
489 1530 524 1577 3)
546 1530 642 1567 dicit
661 1531 766 1578 quod
786 1541 831 1566 2oe
858 1532 987 1575 formis
1017 1541 1096 1576 quae
1125 1534 1210 1567 sunt
1237 1532 1316 1566 sine
1343 1533 1498 1567 materia
1528 1535 1702 1569 venerunt

75 1577 205 1621 formae
223 1587 302 1623 quae
319 1580 404 1613 sunt
429 1579 471 1613 in
495 1579 661 1614 materia.
685 1578 940 1624 Cognoscunt
971 1578 1093 1624 igitur
1126 1577 1359 1615 substantiae
1389 1582 1581 1624 separatae
1619 1588 1701 1616 non

78 1624 211 1662 solum
231 1624 476 1662 substantias
497 1628 712 1671 separatas,
736 1625 804 1662 sed
826 1625 943 1661 etiam
964 1625 1118 1670 species
1138 1633 1269 1661 rerum
1283 1626 1546 1663 materialium
1564 1638 1573 1670 ;
1593 1635 1699 1672 nam,

78 1671 115 1708 si
136 1675 387 1718 cognoscunt
403 1672 558 1717 species
578 1672 867 1718 generabilium
889 1675 927 1708 et
943 1671 1258 1717 corruptibilium
1281 1681 1492 1718 corporum
1512 1676 1701 1720 tanquam

78 1718 328 1765 propriorum
352 1716 578 1763 effectuum,
599 1719 725 1755 multo
752 1719 881 1765 magis
910 1719 1065 1764 species
1098 1727 1306 1764 corporum
1341 1719 1564 1757 coelestium
1584 1720 1700 1767 quasi

78 1765 328 1812 propriorum
351 1765 717 1803 instrumentorum.
742 1766 841 1809 Quia
859 1774 953 1802 vero
989 1764 1216 1803 intellectus
1242 1765 1477 1804 substantiae
1509 1771 1700 1814 separatae

77 1814 140 1849 est
173 1811 215 1849 in
247 1815 351 1856 actu,
374 1812 526 1850 habens
546 1821 687 1849 omnes
708 1812 993 1849 similitudines
1013 1812 1062 1849 ad
1083 1820 1183 1858 quas
1216 1816 1276 1850 est
1308 1812 1349 1849 in
1372 1814 1550 1859 potentia
1569 1814 1702 1861 (habet

77 1861 210 1896 autem
240 1859 422 1896 virtutem
459 1859 820 1905 comprehendendi
859 1868 1000 1897 omnes
1027 1859 1183 1905 species
1220 1863 1258 1896 et
1283 1858 1529 1899 differentias
1565 1861 1700 1908 entis),

77 1913 244 1943 necesse
279 1910 340 1943 est
370 1907 477 1953 quod
515 1906 740 1945 substantia
777 1909 960 1953 separata
993 1906 1182 1954 quaelibet
1216 1912 1436 1954 cognoscat
1468 1916 1610 1946 omnes
1635 1916 1700 1946 res

77 1952 281 1990 naturales
302 1957 339 1990 et
355 1956 481 1991 totum
500 1953 681 1991 ordinem
699 1963 849 1991 earum.

125 1999 255 2044 Quum
275 2004 406 2037 autem
426 2000 653 2039 intellectus
671 2001 714 2038 in
731 2004 820 2039 actu
841 2000 1031 2048 perfectio
1050 2000 1106 2038 sit
1123 1999 1367 2039 intellectum
1382 2001 1424 2039 in
1445 2004 1550 2047 actu,
1570 2005 1702 2050 potest

77 2045 199 2084 alicui
228 2046 352 2084 videri
391 2047 496 2095 quod
529 2048 753 2086 substantia
790 2052 971 2095 separata
1003 2057 1085 2085 non
1121 2047 1318 2095 intelligat
1355 2057 1420 2086 res
1445 2050 1699 2095 materiales;

76 2093 366 2132 inconveniens
389 2095 493 2132 enim
513 2095 669 2134 videtur
688 2095 795 2143 quod
815 2105 879 2133 res
910 2094 1129 2132 materialis
1162 2095 1216 2132 sit
1243 2095 1435 2142 perfectio
1467 2096 1701 2135 substantiae

76 2143 284 2187 separatae.
305 2141 395 2185 Sed,
418 2142 452 2179 si
481 2145 588 2180 recte
622 2143 911 2188 consideretur,
930 2151 995 2180 res
1027 2141 1228 2179 intellecta
1248 2146 1309 2180 est
1337 2143 1529 2190 perfectio
1557 2144 1702 2182 intelli·

77 2187 223 2234 gentis,
245 2189 466 2226 secundum
501 2198 615 2227 suam
647 2190 953 2227 similitudinem
986 2198 1105 2237 quam
1138 2188 1256 2226 habet
1287 2189 1329 2226 in
1362 2190 1590 2235 intellectu;
1618 2199 1700 2228 nou

77 2234 185 2271 enim
217 2235 334 2281 lapis,
355 2235 423 2283 qui
459 2239 520 2274 est
554 2240 665 2274 extra
691 2237 879 2280 animam,
902 2240 962 2274 est
999 2235 1189 2283 perfectio
1226 2236 1453 2274 intellectus
1492 2237 1699 2283 possibilis

78 2281 220 2332 nostri.
242 2282 467 2320 Similitudo
502 2286 634 2321 autem
653 2284 711 2321 rei
731 2283 950 2321 materialis
968 2283 1010 2320 in
1030 2282 1233 2320 intellectu
1255 2283 1488 2321 substantiae
1508 2288 1698 2329 separatae

78 2329 140 2363 est
158 2329 486 2374 immaterialiter,
499 2330 720 2367 secundum
733 2331 896 2368 modum
917 2329 1150 2367 substantiae
1166 2333 1371 2375 separatae,
1384 2338 1465 2367 non
1478 2330 1698 2368 secundum

78 2373 242 2411 modum
263 2375 497 2413 substantiae
514 2378 745 2414 materialis.
768 2377 876 2415 Unde
896 2386 978 2414 non
996 2379 1057 2414 est
1077 2376 1366 2413 inconveniens
1386 2376 1420 2413 si
1443 2377 1526 2413 haec
1556 2376 1698 2413 simili-

77 2419 175 2457 tudo
195 2420 349 2458 dicatur
375 2431 463 2459 esse
482 2423 673 2468 perfectio
692 2424 920 2461 intellectus
936 2422 1170 2461 substantiae
1191 2425 1381 2470 separatae
1408 2422 1512 2460 sicut
1538 2423 1698 2470 propria

78 2465 207 2505 forma
226 2467 327 2514 ejus.
347 2467 377 2515 (Ι
396 2472 512 2515 part„
532 2478 684 2516 q.1.v11,
702 2473 774 2507 art.
795 2470 846 2517 1.)

765 2607 934 2649 CAPUT
967 2607 1012 2649 C.

309 2714 410 2750 QUOD
436 2714 685 2745 SUBSTANTIAE
709 2715 922 2744 SEPARATAE
947 2715 1197 2745 COGNOSCUNT
1228 2717 1472 2749 SINGULARIA.

130 2810 231 2855 Quia
246 2820 340 2849 vero
361 2811 646 2849 similitudines
663 2820 810 2856 rerum,
832 2811 873 2848 in
893 2811 1097 2849 intellectu
1117 2812 1350 2853 substantiae
1379 2819 1583 2863 separatae,
1605 2821 1698 2855 sunt

81 2857 391 2897 universaliores
411 2867 529 2906 quam
549 2859 592 2896 in
611 2858 815 2896 intellectu
834 2862 990 2905 nostro,
1009 2861 1047 2896 et
1065 2859 1309 2900 efficaciores
1328 2862 1377 2900 ad
1398 2862 1475 2901 hoc
1494 2864 1599 2911 quod
1630 2874 1699 2910 per
