1894 3223
147 120 215 178 4⁵68
717 136 802 169 Ltss.
832 135 894 177 ΙΙΙ,
923 135 1023 169 CAP.
1053 135 1194 171 CXLIX.

148 225 276 258 autern
300 218 478 260 ultimus,
500 215 567 263 qui
589 218 649 252 est
672 215 854 259 felicitas,
877 223 958 252 non
980 215 1168 261 competit
1188 216 1264 253 nisi
1286 215 1507 253 voluntarie
1538 216 1766 263 agentibus,

148 268 213 314 qui
236 269 327 302 sunt
349 263 496 300 domini
521 262 582 298 sui
605 265 736 306 actus;
760 263 864 298 unde
886 271 1014 308 neque
1035 262 1254 300 inanimata
1283 272 1412 310 neque
1443 264 1557 300 bruta
1577 263 1768 300 animalia

148 314 275 350 felicia
298 312 482 352 dicimus,
503 309 607 346 sicut
625 318 696 345 nec
719 310 917 346 fortunata
938 312 1005 344 aut
1036 309 1293 355 infortunata,
1316 311 1394 347 nisi
1430 310 1651 347 secundum
1686 320 1770 347 me-

147 359 365 404 taphoram.
387 356 586 393 Auxilium
617 356 738 402 igitur
772 357 875 402 quod
911 355 1063 392 homini
1095 357 1208 393 datur
1241 357 1430 395 divinitus
1460 358 1508 394 ad
1541 358 1770 395 felicitatem

148 404 468 451 consequendam
493 412 574 439 non
597 407 655 439 est
677 403 913 440 coactivum.

196 453 293 488 Hinc
315 456 373 487 est
395 450 500 497 quod
523 450 667 486 dicitur
687 461 695 486 t
719 450 915 487 Considera
936 452 1031 496 quod
1048 451 1150 486 hodie
1164 452 1415 496 proposuerim
1434 452 1473 486 in
1502 454 1690 498 conspectu
1710 454 1771 488 tuo

145 500 258 534 vitam
279 501 311 532 et
332 498 474 536 bonum,
509 500 560 532 ete
586 499 767 533 contrario
791 500 939 533 mortem
959 501 992 533 et
1022 499 1170 538 malum,
1201 500 1241 533 ut
1274 497 1408 542 diligas
1439 500 1630 534 Dominum
1659 501 1772 535 Deum

147 549 261 589 tzcztm,
286 548 318 579 et
333 545 490 580 ambules
510 545 550 579 in
569 545 639 579 viis
660 544 782 590 esus...
817 545 858 580 Si
889 548 1008 580 autem
1028 555 1193 583 aversum
1215 545 1329 588 fuerit
1347 554 1407 579 cor
1439 547 1551 586 tuum,
1582 548 1615 581 et
1643 546 1773 582 audire

146 591 537 637 nolueris,..,przedico
555 591 623 626 tibi
643 591 747 627 hodie
765 591 860 636 quod
877 601 1051 636 pereas...
1078 592 1209 637 (neec,
1238 599 1335 636 XXX,
1359 591 1504 638 15-18);
1535 596 1572 628 et
1602 593 1771 630 dicitur:

146 640 241 675 Ante
258 639 434 674 hominem
452 640 532 732 v3'ta
552 640 585 674 et
608 648 719 683 mors,
741 638 871 674 bonum
890 641 923 674 ec
941 640 1101 682 malum3
1124 637 1222 684 quod
1251 639 1435 683 placuerit
1457 640 1502 684 ci,
1533 639 1681 675 dabitur
1698 640 1770 677 illi.

151 686 292 732 (Eccli.,
316 694 383 731 XV,
415 687 470 722 18.

773 809 940 850 CAPUT
977 808 1144 849 CXLIX.

335 923 435 956 QUOD
463 923 695 952 PRAEDIGTUM
719 922 912 952 AUXILIUM
935 923 1042 951 HOMO
1068 922 1293 951 PROMERERI
1312 921 1390 951 NON
1422 921 1580 950 POTEST.

195 1026 248 1060 Ex
268 1023 467 1070 praedictis
489 1030 619 1062 autem
641 1025 850 1062 manifeste
871 1025 1094 1062 ostenditur
1114 1024 1219 1071 quod
1237 1024 1428 1061 auxilium
1449 1023 1624 1061 divinum
1650 1023 1770 1062 homo

148 1073 367 1118 promereri
392 1082 469 1109 non
493 1076 636 1117 potest.

197 1119 388 1162 Quaelibet
409 1120 511 1155 enim
536 1129 597 1155 res
619 1119 667 1156 ad
688 1120 725 1156 id
748 1118 852 1165 quod
874 1128 994 1164 supra
1027 1119 1152 1165 ipsam
1186 1122 1247 1155 est
1275 1117 1533 1156 materialiter
1561 1127 1603 1155 se
1638 1117 1766 1155 habet.

146 1166 308 1201 Materia
336 1169 465 1202 autem
499 1175 577 1202 non
611 1170 741 1202 movet
765 1167 938 1212 seipsam
968 1165 1014 1202 ad
1046 1174 1159 1202 suam
1194 1166 1492 1211 perfectionem,
1512 1165 1581 1201 sed
1615 1169 1770 1210 oportet

144 1212 253 1258 quod
276 1213 323 1248 ab
354 1213 432 1249 alio
463 1217 679 1249 moveatur.
710 1215 834 1250 Homo
861 1214 982 1259 igitur
1014 1221 1092 1248 non
1126 1216 1256 1248 movet
1277 1213 1455 1257 seipsum
1474 1212 1522 1249 ad
1556 1212 1630 1249 hoc
1661 1213 1768 1258 quod

145 1259 393 1304 adipiscatur
416 1260 590 1296 divinum
614 1260 819 1305 auxilium,
839 1260 943 1306 quod
968 1269 1088 1305 supra
1108 1259 1238 1305 ipsum
1260 1263 1333 1303 est,
1355 1259 1424 1296 sed
1456 1258 1589 1305 potius
1610 1259 1658 1295 ad
1693 1260 1768 1296 lioc

151 1306 453 1351 adipiscendum
478 1317 499 1343 a
521 1309 599 1343 Deo
635 1313 826 1344 movetur.
855 1307 973 1343 Motio
1008 1309 1137 1342 autem
1173 1306 1367 1342 moventis
1398 1306 1583 1352 praecedit
1617 1310 1769 1343 motum

149 1354 327 1397 mobilis,
350 1355 501 1390 ratione
523 1358 560 1389 et
580 1363 714 1390 causa.
738 1357 823 1390 Non
846 1353 967 1400 igitur
988 1357 1145 1399 propter
1178 1353 1253 1389 hoc
1274 1353 1388 1389 datur
1424 1352 1540 1390 nobis
1574 1353 1769 1390 auxilium

144 1400 328 1436 divinum
351 1401 443 1446 quia
466 1409 540 1437 nos
561 1401 608 1436 ad
627 1401 725 1436 illud
752 1411 821 1446 per
849 1401 954 1436 bona
974 1409 1094 1445 opera
1121 1408 1413 1445 promovemur,
1436 1400 1505 1436 sed
1540 1400 1673 1446 potius
1700 1410 1771 1448 per

148 1445 254 1482 bona
278 1455 397 1491 opera
420 1447 648 1493 proficimus
669 1448 762 1493 quia
784 1447 917 1483 divino
940 1447 1088 1483 auxilio
1112 1446 1384 1492 praevenimur.

196 1493 340 1533 Adhuc,
365 1504 487 1539 agens
510 1494 812 1531 instrumentale
837 1503 917 1530 non
940 1493 1114 1539 disponit
1135 1493 1183 1529 ad
1202 1493 1483 1539 perfectionem
1502 1492 1768 1530 inducendam

148 1549 171 1576 a
191 1540 397 1586 principali
422 1545 575 1587 agente,
599 1542 676 1578 nisi
699 1541 918 1578 secundum
941 1540 1046 1587 quod
1068 1541 1149 1586 agit
1171 1551 1217 1577 ex
1235 1541 1375 1577 virtute
1398 1540 1628 1586 principalis
1649 1549 1770 1587 agen-

149 1586 226 1630 tis3
251 1587 354 1624 sicut
375 1589 483 1625 calor
502 1588 607 1635 ignis
629 1597 710 1625 non
744 1589 871 1635 magis
904 1593 1096 1634 praeparat
1124 1589 1327 1624 materiam
1350 1587 1397 1624 ad
1436 1587 1602 1624 formam
1635 1588 1769 1625 carnis

149 1643 267 1680 quam
297 1634 341 1670 ad
372 1636 488 1672 aliam
523 1636 704 1680 sormam,
737 1636 813 1672 nisi
848 1636 889 1671 in
920 1638 1111 1682 quantum
1148 1635 1228 1681 agit
1267 1635 1303 1670 in
1339 1634 1481 1670 virtute
1513 1635 1668 1671 animae.
1692 1635 1769 1672 Sed

148 1681 280 1717 anima
303 1687 439 1719 nostra
459 1687 642 1728 operatur
661 1683 734 1719 sub
757 1685 835 1719 Deo
858 1683 959 1719 sicut
988 1691 1112 1728 agens
1134 1682 1438 1718 instrumentale
1460 1681 1534 1718 sub
1556 1681 1766 1728 principali

147 1731 301 1774 agente.
325 1731 409 1766 Non
433 1731 552 1776 igitur
571 1735 701 1776 potest
722 1739 763 1767 se
783 1731 915 1766 anima
938 1739 1153 1775 praeparare
1181 1730 1229 1766 ad
1262 1729 1563 1775 suscipiendum
1585 1728 1769 1765 effectum

146 1774 269 1811 divini
302 1777 453 1821 auxilii,
478 1778 553 1813 nisi
587 1778 804 1814 secundum
841 1778 946 1824 quod
974 1777 1055 1823 agit
1095 1786 1141 1813 ex
1166 1777 1308 1813 virtute
1343 1776 1489 1812 divina.
1530 1775 1769 1812 Praevenitur

145 1821 268 1867 igitur
289 1823 423 1860 divino
445 1825 592 1861 auxilio
615 1825 662 1861 ad
684 1825 783 1861 bene
810 1824 1054 1872 operandum
1088 1823 1216 1870 magis
1237 1832 1354 1870 quam
1376 1822 1552 1859 divinum
1576 1822 1767 1859 auxilium

145 1870 360 1913 praeveniat
382 1872 497 1918 quasi
523 1872 711 1908 merendo
733 1871 833 1908 illud
853 1871 913 1907 vel
937 1880 979 1907 se
1001 1870 1257 1916 praeparando
1278 1870 1326 1906 ad
1348 1869 1458 1921 illud..
1714 1916 1720 1921 .

192 1915 379 1966 Amplius,
426 1918 578 1954 nullum
628 1928 750 1964 agens
788 1917 1025 1965 particulare
1068 1921 1196 1963 potest
1238 1916 1516 1953 universaliter
1550 1925 1767 1962 praevenire

145 1965 341 1999 actionem
376 1965 490 2010 primi
531 1965 769 2002 universalis
802 1965 956 2011 agentis
990 1973 1036 2000 eo
1069 1964 1174 2010 quod
1207 1963 1338 2000 omnis
1372 1963 1475 2000 actio
1515 1963 1766 2008 particularis

145 2010 300 2060 agentis
320 2012 515 2057 originem
539 2012 680 2048 babeat
701 2012 748 2048 ab
769 2011 984 2048 universali
1006 2015 1160 2057 agente,
1180 2011 1296 2055 sicut,
1320 2011 1360 2046 in
1379 2010 1468 2046 istis
1490 2010 1762 2055 inferioribus,

146 2063 277 2092 omnis
299 2062 431 2095 motus
452 2060 689 2104 praevenitur
709 2069 732 2095 a
752 2062 861 2095 motu
896 2057 1060 2094 coelesti.
1083 2058 1155 2094 Sed
1191 2058 1325 2094 anima
1357 2057 1530 2093 humana
1561 2056 1768 2094 ordinatur

148 2102 221 2138 sub
242 2104 320 2140 Deo
342 2106 444 2142 sicut
466 2106 701 2151 particulare
722 2115 846 2152 agens
871 2105 944 2142 sub
966 2104 1193 2141 universali.
1216 2104 1469 2150 Impossibile
1485 2107 1544 2140 est
1566 2113 1660 2150 ergo
1677 2113 1767 2141 esse

144 2149 316 2195 aliquem
339 2156 487 2188 rectum
509 2157 660 2189 motum
681 2153 722 2188 in
748 2154 832 2198 ipsa
851 2161 967 2199 quem
997 2160 1077 2188 non
1110 2152 1324 2198 praeveniat
1356 2151 1460 2188 actio
1488 2151 1641 2196 divina3
1664 2151 1770 2189 unde

144 2200 179 2231 et
203 2198 394 2236 Dominus
416 2199 511 2236 dicit
530 2212 537 2235 :
559 2201 642 2236 Sine
658 2211 711 2235 me
731 2200 823 2235 nihil
838 2201 986 2244 potestis
1006 2200 1138 2244 facere.
1166 2198 1325 2245 (Joann.,
1345 2206 1413 2243 XV,
1437 2197 1487 2246 5.)

191 2244 290 2290 Item,
315 2255 466 2283 merces
496 2248 819 2292 proportionatur
851 2247 1005 2291 merito,
1040 2255 1161 2292 quum
1196 2246 1236 2282 in
1273 2245 1533 2282 retributione
1570 2245 1766 2284 mercedis

142 2293 349 2336 aequalitas
364 2293 527 2339 justitiae
546 2295 793 2331 observetur.
819 2293 987 2330 Effectus
1006 2297 1136 2330 autem
1156 2293 1279 2329 divini
1324 2292 1475 2337 auxilii,
1498 2293 1564 2339 qui
1598 2293 1763 2330 faculta-

143 2343 220 2375 tem
243 2345 391 2377 naturae
412 2341 576 2385 excedit,
600 2350 679 2378 non
700 2345 758 2378 est
779 2341 1103 2387 proportionatus
1126 2340 1279 2377 actibus
1300 2348 1402 2387 quos
1437 2340 1557 2376 homo
1576 2350 1624 2376 ex
1655 2343 1767 2377 natu-

143 2387 214 2438 rali
241 2388 424 2424 facultate
444 2388 638 2433 producit.
655 2391 742 2425 Non
764 2388 885 2435 igitur
905 2397 973 2433 per
993 2387 1223 2434 hujusmodi
1244 2390 1357 2424 actus
1377 2390 1507 2434 potest
1528 2387 1648 2424 homo
1671 2396 1769 2433 prae·

142 2435 288 2470 dlctum
315 2435 505 2472 auxilium
529 2436 685 2472 mereri.

188 2483 378 2525 Preetereca
399 2482 576 2529 cognitio
608 2482 793 2528 praecedit
819 2482 1036 2519 voluntatis
1057 2484 1223 2519 motum.
1260 2480 1443 2528 cognitio
1476 2484 1607 2518 autem
1626 2488 1766 2526 super·

141 2529 335 2566 naturalis
356 2529 447 2566 finis
469 2532 528 2566 est
548 2530 701 2567 homini
724 2540 745 2567 a
765 2531 858 2573 Deo,
881 2539 1002 2576 quum
1024 2539 1093 2574 per
1112 2529 1307 2566 rationem
1325 2528 1547 2565 naturalem
1568 2528 1606 2565 in
1631 2529 1764 2572 ipsum

141 2576 334 2622 attingere
355 2576 475 2613 homo
498 2585 578 2613 non
600 2577 741 2623 possit,
766 2586 812 2613 eo
834 2576 938 2623 quod
964 2577 1190 2613 facultatem
1212 2576 1432 2613 naturalem
1449 2575 1625 2612 excedat.
1646 2575 1766 2626 Opor-

141 2625 197 2672 tet
237 2632 330 2669 ergo
370 2624 475 2670 quod
508 2627 640 2662 motus
674 2624 889 2661 voluntatis
928 2627 1075 2660 nostrae
1113 2623 1153 2659 in
1191 2623 1374 2660 ultimum
1413 2622 1533 2659 finem
1571 2621 1765 2659 auxilium

144 2668 320 2705 divinum
342 2671 569 2715 praeveniat.

191 2715 288 2751 Hine
310 2721 366 2753 est
395 2718 500 2764 quod
534 2718 678 2755 dicitur
715 2730 722 2754 :
751 2719 831 2756 Non
862 2728 906 2753 ecc
940 2718 1104 2763 operibus
1125 2717 1283 2763 justitiae
1314 2727 1393 2763 quae
1420 2717 1570 2760 fecimus
1605 2724 1683 2756 nos,
1703 2714 1766 2751 sed

140 2763 335 2797 secandam
353 2774 454 2799 suam
473 2765 758 2801 misericordiam
776 2766 894 2801 salvos
913 2775 977 2800 nos
1007 2766 1094 2809 fecit
1121 2766 1227 2812 (Tit,
1248 2773 1306 2809 111,
1329 2764 1383 2812 5);
1407 2767 1444 2799 et
1462 2775 1470 2799 :
1491 2764 1571 2798 Non
1595 2763 1762 2808 volentis,

140 2808 295 2845 scilicet
312 2810 422 2854 velle,
445 2822 556 2856 neque
577 2813 753 2848 currentis
774 2812 929 2849 scilicet
945 2821 1116 2855 currere,
1139 2812 1201 2848 sed
1228 2811 1428 2847 miserentis
1448 2812 1500 2844 esc
1524 2810 1591 2844 Dei
1629 2808 1760 2855 (Rom,

139 2863 196 2900 IX,
222 2855 293 2902 16),
317 2857 410 2902 quia
430 2858 581 2894 scilicet
597 2863 750 2904 oportet
768 2859 874 2906 quod
902 2859 950 2896 ad
968 2858 1067 2895 bene
1085 2858 1297 2895 volendum
1319 2860 1357 2893 et
1372 2856 1617 2902 operandum
1641 2856 1761 2894 homo

139 2901 276 2940 divino
295 2904 560 2950 praeveniatur
583 2906 748 2951 auxilio,
771 2906 876 2943 sicut
908 2909 1144 2943 consuetum
1179 2907 1239 2942 est
1276 2903 1382 2950 quod
1415 2901 1578 2940 effectus
1614 2903 1762 2950 aliquis
