1894 3223
748 164 835 200 LIB.
865 165 923 207 iv,
951 163 1052 199 CAP.
1080 163 1119 198 L.
1677 163 1740 197 575

122 248 215 286 dere
253 245 358 294 quod
397 247 638 283 conveniens
677 245 750 282 suit
785 246 925 282 Filium
957 245 1023 282 Dei
1061 248 1242 281 naturam
1273 252 1476 281 assumere
1516 243 1743 279 humanam.

124 295 250 341 Hujus
288 296 417 330 autem
457 293 743 330 convenientiae
784 294 975 329 rationem
1013 292 1226 337 Apostolus
1263 291 1467 338 assignare
1512 289 1665 326 videtur
1699 299 1746 326 ex

122 343 286 389 peccato
325 339 525 386 originali,
564 340 669 387 quod
709 340 749 376 in
788 349 927 376 omnes
966 339 1190 385 pertransiit
1212 350 1221 383 ;
1244 337 1337 375 dicit
1374 338 1477 374 enim
1501 349 1508 373 :
1530 337 1645 381 Sicut,
1679 342 1744 382 per

121 387 402 425 inobedientiam
422 389 530 422 unius
551 387 716 427 hominis,
745 390 947 432 peccatores
974 388 1158 422 constituti
1176 388 1259 421 sunt
1283 385 1401 429 multi,
1422 386 1476 419 ita
1505 387 1538 420 et
1554 394 1621 430 per
1639 385 1747 419 unius

121 434 358 472 obeditionem
369 434 735 479 Justiconstituentur
752 434 871 469 multi.
895 434 1023 479 (Rom.‚
1045 442 1086 476 v,
1108 432 1179 478 19.)

169 480 244 518 Sed
266 481 358 527 quia
383 481 579 528 pelagiani
611 480 784 518 haeretici
804 484 1006 526 peccatum
1036 478 1228 526 originale
1256 481 1514 525 negaverunt,
1538 477 1748 515 ostenden·

122 527 218 566 dum
236 532 297 564 est
311 527 496 565 homines
513 536 603 565 cum
624 531 786 574 peccato
807 527 988 573 originali
1012 526 1136 564 nasci.

172 576 217 612 Et
236 574 363 621 primo
395 575 553 621 quidem
591 574 874 612 assumendum
898 573 1079 620 estquod
1116 572 1289 610 dicitur:
1321 573 1420 608 Tulit
1450 573 1624 608 Dominus
1653 573 1747 608 Deus

124 621 315 663 hominem,
337 625 371 658 et
389 623 513 667 posuit
543 632 621 657 eum
638 623 678 658 in
716 622 936 667 paradiso...
956 622 1197 666 praecepitque
1215 621 1248 655 ei
1278 619 1399 655 dicens
1418 631 1427 654 :
1449 621 1506 654 Eae
1534 621 1630 655 omni
1650 620 1747 664 liquo

117 668 292 716 paradisi
304 670 454 709 comede,
477 669 520 704 de
539 669 635 714 liqna
654 671 771 704 autem
789 670 945 704 scientiae
966 669 1048 703 boni
1065 671 1097 702 et
1115 668 1204 703 mali
1233 677 1277 701 nc
1309 666 1470 702 comedas
1487 678 1497 708 ,·
1520 669 1559 702 in
1574 666 1748 712 'quocum-

127 725 197 762 que
215 717 311 751 enim
330 717 388 751 die
417 715 608 752 comederis
637 726 682 751 ea:
710 726 760 755 eo,
799 718 910 751 morte
944 716 1120 750 morieris.
1144 715 1260 760 (Gerr,
1296 723 1338 757 11,
1375 713 1512 759 15-17.)
1534 713 1622 757 Sed,
1657 712 1749 759 quia

122 762 245 800 Adam
268 771 341 800 nec
362 771 408 800 eo
431 762 493 799 die
513 772 592 809 quo
613 763 887 800 comeditactu
902 766 1083 799 mortuus
1104 765 1176 805 cst,
1198 763 1352 806 oportet
1379 760 1434 796 sic
1454 759 1620 806 intelligi
1641 759 1748 807 quod

124 809 273 847 dicitur
294 821 302 847 :
327 811 441 846 Morte
459 811 635 850 morieris,
655 810 694 847 id
713 814 772 846 est
793 809 1018 846 necessitati
1043 808 1182 845 mortis
1209 808 1286 845 eris
1307 807 1486 844 addictus
1504 819 1512 851 ;
1534 807 1638 854 quod
1663 806 1748 853 qui-

127 856 218 894 dem
239 856 386 894 frustra
406 857 615 901 diceretur,
637 856 670 894 si
702 856 822 893 homo
842 866 887 893 ex
916 856 1166 893 institutione
1200 863 1281 892 suae
1302 858 1451 891 naturae
1470 854 1745 891 necessitatem

126 903 324 940 moriendi
339 903 515 941 haberet.
538 904 698 950 Oportet
718 904 840 950 igitur
856 903 985 940 dicere
1001 903 1106 949 quod
1127 911 1235 939 mors
1254 905 1292 938 et
1311 902 1530 938 necessitas
1553 901 1748 937 moriendi

128 950 181 987 sit
201 959 319 996 poena
352 950 503 987 homiui
523 960 594 997 pro
615 956 774 996 peccato
796 950 958 987 inflicta.
1001 952 1119 987 Poena
1151 954 1281 986 autem
1318 957 1398 985 non
1422 948 1612 995 infligitur
1643 947 1748 993 juste

127 997 207 1034 nisi
227 1006 297 1043 pro
319 998 447 1043 culpa.
472 999 514 1034 ln
534 997 849 1045 quibuscumque
884 998 1004 1045 igitur
1031 997 1229 1034 invenitur
1244 995 1327 1032 hzec
1352 1005 1481 1041 poena,
1505 1004 1669 1032 necesse
1691 998 1749 1031 est

127 1044 228 1081 utin
252 1044 309 1081 cis
331 1044 554 1081 inveniatur
582 1044 714 1091 aliqua
748 1045 878 1090 culpa.
917 1044 989 1080 Sed
1028 1044 1068 1080 in
1102 1044 1209 1080 omni
1239 1042 1400 1079 homine
1431 1042 1630 1078 invenitur
1667 1041 1750 1078 haec

126 1100 258 1138 poena,
279 1091 395 1128 etiam
417 1101 440 1128 a
469 1091 659 1137 principio
680 1100 762 1128 suae
791 1091 1006 1128 nativitatis
1025 1102 1034 1135 ;
1057 1101 1102 1127 ex
1134 1095 1228 1127 tunc
1246 1090 1363 1132 enim,
1386 1089 1561 1126 nascitur
1581 1088 1750 1125 necessi-

128 1138 199 1175 tati
222 1138 360 1175 mortis
375 1137 580 1182 addictus;
615 1138 717 1174 unde
747 1141 783 1174 et
809 1137 929 1183 aliqui
944 1147 1036 1174 mox
1060 1142 1152 1183 post
1183 1136 1423 1173 nativitatem
1445 1136 1681 1179 moriuntur,
1704 1135 1749 1172 de

128 1188 243 1222 utero
263 1185 443 1222 translati
466 1185 514 1222 ad
548 1185 759 1222 tumulum.
794 1186 893 1230 Ergo
915 1185 955 1220 in
985 1184 1044 1221 eis
1075 1188 1132 1221 est
1154 1183 1312 1230 aliquod
1336 1187 1555 1228 peccatum.
1575 1182 1647 1218 Sed
1670 1191 1749 1218 non

126 1235 329 1278 peccatum
357 1231 522 1275 actuale,
546 1232 639 1278 quia
670 1240 750 1268 non
784 1230 932 1268 habent
962 1231 1074 1277 pueri
1096 1240 1213 1268 usum
1249 1230 1361 1266 liberi
1383 1229 1544 1269 arbitrii,
1568 1229 1652 1265 sine
1672 1237 1750 1276 quo

127 1278 226 1315 nihil
262 1278 477 1325 imputatur
510 1278 661 1327 homini
692 1278 740 1316 ad
777 1282 996 1324 peccatum,
1019 1282 1060 1314 ut
1100 1288 1146 1314 ex
1177 1277 1240 1314 his
1272 1285 1358 1323 quae
1376 1276 1481 1314 dicta
1512 1280 1606 1313 sunt
1629 1277 1669 1322 (l.
1692 1284 1749 1319 111,

127 1334 163 1362 c.
188 1327 254 1362 129
272 1329 309 1362 et
344 1325 443 1373 seq.)
465 1330 637 1372 apparet.
654 1327 824 1362 Necesse
857 1329 916 1362 est
933 1325 1053 1373 igitur
1073 1324 1204 1362 dicere
1222 1323 1377 1371 quodin
1399 1324 1457 1360 eis
1479 1324 1747 1370 sitpeccatum

127 1380 200 1419 per
219 1373 415 1419 originem
434 1373 669 1414 traductum,

177 1420 258 1456 Hoc
278 1419 396 1456 etiam
416 1429 600 1466 expresse
621 1423 781 1466 apparet
801 1429 847 1456 ex
860 1420 992 1456 verbis
1008 1419 1185 1466 Apostoli
1209 1429 1218 1455 ε
1240 1418 1342 1455 Sicut
1355 1428 1424 1463 per
1442 1428 1556 1453 unum
1576 1417 1752 1453 hominem

122 1469 312 1513 peccatum
348 1468 386 1501 in
425 1467 517 1502 hunc
545 1468 720 1504 mundum
756 1469 957 1503 intravitct
977 1477 1045 1512 per
1075 1468 1262 1512 peccatum
1294 1475 1401 1505 mors,
1425 1467 1457 1500 et
1476 1466 1530 1500 ita
1563 1465 1602 1500 in
1635 1474 1752 1499 omnes

128 1513 289 1549 homines
306 1523 401 1549 mors
414 1515 646 1559 pertransiit,
667 1515 707 1549 in
726 1524 794 1560 quo
807 1525 923 1550 omnes
941 1515 1189 1559 peccaverunt.
1210 1514 1339 1558 (Rom.‚
1360 1521 1402 1555 V,
1421 1511 1495 1558 12.)
1516 1512 1600 1548 Non
1621 1514 1753 1556 potest

129 1564 262 1597 autem
286 1560 363 1597 dici
384 1560 489 1606 quod
519 1570 588 1607 per
616 1570 738 1598 unum
770 1561 971 1598 hominem
995 1561 1035 1596 in
1071 1560 1262 1597 mundum
1284 1563 1488 1605 peccatum
1509 1557 1665 1595 intravit
1684 1566 1753 1603 per

129 1607 294 1644 modum
313 1607 562 1652 imitationis,
595 1607 687 1655 quia
715 1608 773 1645 sic
809 1613 1011 1654 peccatum
1041 1616 1121 1644 non
1149 1606 1395 1653 pervenisset
1426 1605 1503 1641 nisi
1525 1606 1573 1642 ad
1593 1614 1664 1642 eos
1685 1604 1750 1651 qui

129 1654 332 1701 peccando
353 1654 520 1699 primum
547 1653 750 1692 hominem
780 1655 1077 1699 imitantur;et,
1107 1663 1227 1700 quum
1247 1661 1355 1690 mors
1374 1662 1444 1698 per
1479 1656 1682 1698 peccatum
1712 1652 1752 1688 in

131 1701 325 1738 mundum
346 1702 561 1745 intraverit,
584 1711 662 1739 non
687 1704 908 1749 perveniret
928 1711 1036 1738 mors
1058 1701 1135 1738 nisi
1163 1700 1210 1737 ad
1229 1709 1299 1737 eos
1319 1701 1385 1746 qui
1404 1703 1569 1746 peccant
1586 1699 1625 1735 in
1647 1699 1754 1735 simi-

129 1747 349 1800 titudinemv
365 1749 481 1794 primi
503 1749 678 1786 hominis
710 1750 926 1796 peccantis.
956 1748 1029 1785 Sed
1051 1748 1097 1785 ad
1121 1748 1194 1784 hoc
1216 1746 1503 1784 excludendum
1536 1746 1750 1792 Apostolus

131 1794 267 1832 subdit
286 1796 391 1842 quod
416 1797 583 1840 regnavit
609 1806 705 1832 mors
729 1797 774 1832 ab
802 1796 925 1833 Adam
960 1806 1070 1841 usque
1089 1795 1138 1830 ad
1156 1796 1302 1840 Moysen
1339 1795 1446 1830 etiam
1465 1795 1504 1829 in
1524 1804 1579 1829 eos
1600 1795 1663 1839 qui
1682 1803 1753 1828 non

128 1844 367 1894 peccaverunt
393 1844 433 1878 in
463 1843 739 1879 similitudinem
764 1844 1079 1888 praevaricationis
1107 1842 1212 1878 Adae.
1240 1842 1369 1889 (Rom.‚
1390 1849 1431 1881 v,
1460 1840 1531 1887 14.)
1549 1842 1632 1877 Non
1659 1847 1753 1886 ergo

129 1888 325 1941 intellexit
359 1889 574 1935 Apostolus
609 1890 716 1937 quod
747 1900 816 1936 per
853 1899 977 1927 unum
1011 1889 1214 1926 hominem
1245 1891 1450 1935 peccatum
1481 1887 1522 1924 in
1561 1887 1753 1924 mundum

129 1938 336 1972 intraverit
351 1945 422 1982 per
439 1936 600 1973 modum
621 1937 868 1983 imitationis,
889 1937 957 1974 sed
978 1946 1047 1983 per
1079 1936 1240 1973 modum
1273 1935 1456 1982 originis.
1486 1936 1689 1977 Praeterea,
1719 1933 1752 1970 si

130 1984 283 2020 tantum
302 1983 519 2021 secundum
539 1984 799 2022 imitationem
820 1984 1033 2030 Apostolus
1048 1983 1277 2030 loqueretur
1291 1982 1338 2019 de
1362 1981 1524 2018 introitu
1544 1981 1691 2028 peccati
1714 1980 1754 2016 in

130 2030 340 2074 mundum,
374 2030 506 2076 potius
527 2031 691 2068 dixisset
725 2041 796 2078 per
828 2031 1027 2069 diabolum
1056 2033 1260 2076 peccatum
1290 2029 1462 2065 intrasse
1482 2029 1521 2065 in
1561 2028 1751 2064 mundum

132 2085 251 2123 quam
287 2087 355 2122 per
375 2086 499 2114 unum
536 2077 751 2123 hominem,
790 2079 892 2116 sicut
924 2086 1108 2124 expresse
1129 2077 1271 2114 dicitur
1293 2088 1300 2112 :
1322 2076 1469 2112 Invidia
1488 2076 1625 2111 diaboli
1660 2084 1754 2110 mors

131 2123 298 2216 {gtroivit
317 2125 356 2159 in
373 2123 491 2212 orbem
521 2126 701 2161 terrarum
721 2137 732 2161 :
759 2127 951 2161 imitantur
980 2129 1099 2160 autem
1123 2125 1227 2160 illum
1258 2124 1322 2169 qui
1339 2125 1425 2159 sunt
1443 2132 1488 2158 ecc
1514 2126 1621 2168 parte
1642 2123 1752 2157 illius.

176 2178 310 2215 ap.‚11‚
333 2173 465 2213 24‚25.

179 2216 325 2261 Adhuc,
354 2217 475 2253 David
510 2217 632 2256 dicit:
653 2219 742 2255 Ecce
771 2220 811 2254 in
842 2218 1096 2264 iniquitatibus
1129 2219 1316 2262 conceptus
1352 2226 1444 2256 sum,
1475 2218 1509 2251 et
1532 2217 1572 2252 in
1598 2215 1755 2262 peccatis

132 2265 295 2317 concepit
313 2274 366 2299 me
399 2267 514 2300 mater
547 2275 627 2301 mea
646 2265 760 2311 (Psal.
782 2274 818 2309 L,
838 2266 875 2313 7)
897 2278 905 2309 ;
945 2265 1050 2312 quod
1070 2273 1150 2302 non
1171 2267 1300 2310 potest
1334 2262 1502 2309 intelligi
1525 2262 1573 2300 de
1593 2265 1754 2308 peccato

133 2311 294 2352 actuali,
317 2319 438 2357 quum
461 2311 581 2349 David
601 2321 649 2349 ex
675 2312 853 2359 legitimo
886 2312 1140 2349 matrimonio
1160 2313 1376 2356 conceptus
1395 2313 1433 2346 et
1451 2313 1570 2347 natus
1588 2309 1752 2346 dicatur.

134 2358 295 2404 Oportet
313 2358 435 2404 igitur
455 2362 497 2394 ut
512 2358 590 2396 hoc
609 2358 657 2396 ad
685 2363 889 2405 peccatum
912 2359 1103 2405 originale
1124 2358 1328 2395 reseratur.

179 2405 364 2451 Amplius,
398 2404 544 2442 dicitur
569 2417 578 2442 t
616 2406 703 2450 Quis
744 2410 860 2453 potest
895 2407 1014 2451 faeere
1046 2405 1221 2441 mundum
1257 2404 1301 2440 de
1331 2405 1516 2440 immundo
1552 2405 1755 2448 conceptum

133 2453 304 2489 semine?
336 2462 453 2488 nonne
488 2455 527 2488 tu
552 2454 616 2498 qui
649 2453 744 2489 solus
763 2463 798 2490 es
818 2455 836 2489 Ρ
857 2453 946 2500 (Job,
985 2461 1070 2497 xiv,
1092 2452 1144 2499 4.)
1184 2453 1237 2489 Ex
1271 2460 1349 2499 quo
1385 2452 1594 2488 manifeste
1629 2449 1754 2494 accipi

132 2501 266 2545 potest
287 2499 391 2546 quod
414 2508 460 2536 ex
484 2499 734 2537 immunditia
750 2499 913 2537 humani
944 2499 1111 2537 seminis
1136 2499 1271 2546 aliqua
1289 2498 1540 2535 immunditia
1560 2497 1608 2535 ad
1627 2495 1754 2533 homi·

133 2553 226 2598 nem
247 2555 296 2583 ex
313 2546 465 2582 semine
487 2550 721 2592 conceptum
753 2547 975 2593 perveniat;
1003 2547 1109 2600 quod
1142 2549 1298 2592 oportet
1316 2544 1484 2591 intelligi
1505 2545 1551 2581 de
1582 2544 1754 2580 immun-

134 2590 231 2645 ditia
258 2592 420 2639 peccati,
444 2601 514 2638 pro
551 2603 629 2639 qua
666 2594 752 2631 sola
778 2595 898 2632 homo
934 2595 975 2631 in
1010 2593 1199 2640 Judicium
1236 2592 1466 2634 deducitur;
1502 2590 1755 2638 praemittitur

134 2647 239 2676 emm
261 2641 338 2676 :Et
365 2640 516 2684 diqnum
544 2640 644 2677 ducis
674 2651 783 2687 super
812 2641 1058 2687 huJ'uscemodi
1089 2641 1230 2686 aperire
1256 2639 1375 2675 oculos
1403 2640 1495 2678 tuos,
1515 2640 1549 2673 et
1579 2637 1756 2673 adducere

131 2695 213 2723 eum
231 2689 346 2722 tecum
373 2687 413 2722 in
445 2687 773 2740 judiciumrpob,
814 2696 898 2733 xiv,
920 2688 968 2735 3.)
1007 2687 1071 2724 Sic
1104 2686 1226 2733 igitur
1259 2684 1420 2732 aliquod
1459 2687 1661 2731 peccatum
1696 2685 1757 2720 est

133 2733 241 2781 quod
262 2732 384 2770 homo
405 2733 601 2770 contrahit
619 2734 667 2771 ab
687 2744 775 2781 ipsa
795 2735 857 2772 sui
878 2735 1044 2782 origine,
1065 2733 1171 2780 quod
1192 2732 1386 2779 originale
1410 2731 1564 2768 dicitur.

179 2781 282 2821 Item,
301 2780 525 2826 Baptismus
545 2784 584 2817 et
599 2780 678 2818 alia
696 2787 943 2819 sacramenta
960 2781 1142 2818 Ecclesiae
1157 2783 1250 2817 sunt
1268 2779 1446 2825 quaedam
1467 2778 1641 2816 remedia
1660 2786 1754 2814 con-

132 2828 196 2866 tra
223 2831 444 2874 peccatum,
467 2831 509 2864 ut
544 2827 646 2865 infra
664 2828 824 2875 patebit.
846 2829 1057 2866 Exhibetur
1087 2832 1218 2865 autem
1256 2825 1496 2872 Baptismus,
1535 2824 1754 2863 secundum

133 2882 385 2912 communem
408 2874 594 2912 Ecclesiae
619 2876 961 2921 consuetudinem,
975 2874 1107 2922 pueris
1127 2877 1306 2912 recenter
1323 2873 1441 2910 natis.
1463 2875 1623 2910 Frustra
1635 2871 1755 2917 igitur

134 2919 396 2968 exhiberetur,
417 2921 493 2959 nisi
521 2922 562 2958 in
583 2921 641 2959 eis
662 2925 768 2960 esset
787 2923 946 2970 aliquod
976 2925 1182 2969 peccatum
1202 2920 1369 2967 actuale,
1399 2920 1495 2967 quia
1523 2922 1658 2957 carent
1677 2927 1753 2955 usu
