1894 3223
137 182 204 215 652
781 178 909 216 onno
939 159 1114 215 RERUM.

136 266 335 298 voluntariam
357 268 578 306 paupertatem.
847 269 906 299 441

176 312 256 343 CAP.
275 319 408 343 cxxxii.
429 327 467 334 —-
489 312 530 343 De
548 312 648 345 modis
666 313 791 344 vivendi
805 322 910 345 eorum

135 360 186 400 qui
202 358 403 391 voluntariam
424 362 638 400 paupertatem
651 363 834 401 sequuntur.
850 362 910 393 442

176 405 254 437 CAP.
277 411 420 437 cxxxm.
443 421 483 428 —
500 405 659 442 Quomodo
685 410 851 447 paupertas
871 407 912 440 sit

135 453 226 486 hona.
851 455 911 487 446

95 536 98 539 ,
176 502 254 533 CAP.
282 509 420 534 cxxxiv.
445 520 485 526 -
504 503 623 535 Solutio
642 503 794 536 rationum
819 513 911 546 supra

133 549 324 581 indoctarum
341 552 445 581 contra
458 553 683 591 paupertatem.
852 554 912 585 447

175 598 254 629 Car.
278 604 402 629 cxxxv,
422 613 461 620 —-
485 597 605 630 Solutio
626 606 732 630 eorum
754 607 820 638 quae
835 599 912 639 obji-

134 645 291 677 ciebantur
324 647 429 676 contra
469 645 606 677 diversos
642 646 750 677 modos
791 646 910 677 vivendi

135 700 238 724 eorum
271 692 322 732 qni
354 695 514 724 assumunt
539 692 743 723 voluntariam
782 700 912 733 pauper-

133 742 240 772 tatem.
852 740 910 772 448

177 787 257 820 CAP.
273 795 415 819 cxxxvi.
434 805 472 810 —
490 787 532 819 De
546 795 647 819 errore
661 795 765 819 eorum
780 787 833 827 qui
846 795 911 827 per-

134 838 258 877 petuam
278 835 501 867 continentiam
525 834 719 875 impugnant.
852 835 910 866 452

176 882 255 914 CAP.
283 889 438 914 cxxxvn.
461 900 499 905 —-
527 882 641 914 Contra
660 890 714 914 eos
733 882 786 922 qui
809 882 912 914 matri-

135 929 269 961 monium
284 929 454 969 virginitati
467 929 638 970 aequabant.
852 931 910 961 454

176 977 256 1010 CAP.
284 983 450 1009 cxxxvm.
482 995 520 999 —
550 977 663 1008 Contra
690 985 742 1008 eos
769 976 821 1017 qui
840 979 911 1008 vota

134 1025 325 1066 impugnant.
851 1025 909 1056 454

176 1072 255 1104 CAP.
269 1079 406 1104 cxxxix.
425 1089 464 1094 —-
478 1071 565 1109 Quod
579 1081 679 1113 neque
692 1071 799 1104 merita
812 1079 911 1111 neque

135 1123 260 1161 peccata
280 1122 350 1151 sunt
366 1118 462 1160 paria.
852 1120 911 1150 456

177 1167 256 1199 ΟΜ).
277 1174 355 1198 cxi..
373 1184 412 1189 —-
432 1165 518 1204 Quod
534 1169 621 1197 aetus
635 1166 913 1206 honiinis'puniun-

135 1217 183 1245 tur
206 1215 237 1245 et
259 1212 457 1255 praeminatur
475 1221 494 1245 a
510 1213 583 1245 Deo.
852 1214 909 1246 457

178 1261 256 1294 CAP.
284 1267 375 1293 cxm.
405 1277 444 1283 —
473 1260 515 1292 De
543 1259 714 1292 differentia
742 1263 774 1291 et
792 1259 911 1300 {ordine

137 1315 309 1350 poenarum.
852 1308 912 1340 459

176 1356 257 1388 CAP.
290 1361 396 1387 cxmr.
429 1372 468 1377 —
494 1354 581 1392 Quod
607 1362 664 1386 nec
689 1361 795 1386 omnes
815 1363 911 1395 poenae
928 1393 936 1401 ,

135 1412 192 1436 nec
209 1403 309 1436 omnia
331 1403 456 1444 praemia
476 1405 548 1435 sunt
565 1400 705 1442 aequalia.
852 1403 910 1434 460

176 1450 256 1483 CAP.
285 1457 407 1482 cxmn.
434 1467 473 1472 —-
498 1448 540 1481 De
565 1457 657 1490 poena
685 1455 753 1489 quae
784 1448 912 1481 debetur

136 1500 264 1540 peccato
285 1496 407 1529 mortali
420 1499 451 1528 et
467 1494 592 1534 veniali,
615 1503 670 1536 per
687 1497 859 1536 respectum
875 1496 912 1533 ad

136 1545 276 1578 ultimum
301 1543 402 1576 finem.
546 1582 553 1589 ·
853 1544 907 1575 461

176 1592 257 1625 CAP.
279 1598 395 1624 cmv.
417 1609 455 1615 -
479 1590 567 1628 Quod
586 1599 639 1632 per
659 1593 819 1632 peccatum
834 1598 913 1623 mor-

135 1640 197 1673 tale
222 1639 331 1672 ultimo
371 1638 430 1670 tine
467 1637 578 1679 aliquis
616 1637 649 1670 in
687 1640 832 1670 {eternum
852 1637 912 1679 pri-

137 1691 236 1720 vatur.
852 1686 912 1718 462

177 1735 261 1768 CAP.
290 1742 390 1768 CXLV.
411 1752 450 1757 —-
478 1732 565 1771 Quod
595 1734 721 1773 peccata
745 1734 912 1775 puniuntur

136 1783 228 1816 etiam
247 1792 303 1825 per
322 1782 545 1824 experientiam
566 1780 697 1822 alicujus
715 1781 830 1814 nocivi.
851 1782 911 1814 464

177 1830 257 1864 CAP.
280 1837 395 1862 cni-1.
418 1846 457 1853 --
480 1827 565 1867 Quod
582 1827 737 1869 judicibus
757 1828 829 1861 licet
849 1837 913 1870 poe-

135 1890 190 1915 nas
210 1882 336 1915 inferre.
853 1881 911 1913 464

177 1929 258 1962 CAP.
279 1935 407 1960 cnvn.
429 1945 468 1950 —
499 1928 586 1965 Quod
612 1929 702 1960 homo
728 1926 846 1967 indiget
868 1927 913 1958 di-

135 1978 207 2010 vino
239 1976 352 2009 auxilio
389 1975 425 2007 ad
459 1974 682 2007 beatitudinem
718 1982 910 2015 consequen-

136 2025 215 2058 dam.
852 2023 911 2054 466

175 2072 497 2105 CAP.CXLVI11.—
537 2070 621 2108 Quod
671 2078 725 2111 per
763 2069 910 2103 auxilium

136 2119 245 2152 divinae
281 2118 385 2159 gratize
413 2118 504 2150 homo
537 2125 599 2149 non
630 2117 751 2157 cogitur
781 2116 818 2148 ad
848 2116 909 2148 vir-

136 2168 243 2199 tutem.
852 2165 908 2196 467

176 2214 254 2246 CAP.
287 2219 401 2245 cxmx.
434 2229 473 2235 -—
504 2211 590 2250 Quod
619 2211 797 2253 praedietum
824 2211 910 2243 auxi-

134 2261 210 2294 lium
230 2261 320 2292 homo
342 2258 510 2301 promereri
528 2267 590 2292 non
610 2261 726 2300 potest.
851 2261 910 2292 468

175 2308 256 2340 CAP.
288 2314 341 2339 cr..
375 2324 414 2329 —
443 2305 529 2344 Quod
561 2305 739 2347 praedictum
765 2305 909 2338 auxilium

135 2355 232 2396 gratia
254 2355 429 2386 nominatur
448 2356 478 2384 et
499 2353 571 2394 quid
599 2353 640 2385 sit
673 2353 770 2393 gratia
791 2357 910 2394 gratum

135 2403 264 2436 faciens.
851 2403 910 2434 469

176 2449 253 2482 cap.
279 2467 317 2472 —
338 2456 405 2481 CLI.
432 2467 470 2471 —
490 2448 578 2486 Quod
601 2449 699 2489 gratia
722 2451 841 2489 gratum
864 2449 909 2481 fa-

135 2497 219 2530 ciens
239 2499 344 2529 causat
361 2497 391 2528 in
414 2496 503 2529 nobis
521 2496 718 2529 dilectionem
741 2497 804 2529 Dei.
851 2499 909 2529 470

175 2545 255 2576 CAP.
285 2551 366 2576 CLII.
388 2562 426 2566 —
446 2543 533 2580 Quod
559 2543 662 2575 divina
684 2543 780 2583 gratia
806 2547 911 2575 causat

134 2591 165 2623 in
183 2592 272 2624 nobis
292 2591 393 2623 fidem.
851 2593 908 2623 471

175 2639 256 2670 CAP.
281 2646 378 2671 eL111.
403 2655 442 2662 -—
464 2638 551 2676 Quod
570 2637 673 2670 divina
693 2638 791 2678 gratia
804 2641 912 2670 causat

134 2685 166 2717 in
187 2684 276 2717 nobis
298 2693 383 2726 spem
406 2685 515 2717 futurae
534 2684 744 2717 beatitudinis.
850 2686 910 2717 472

177 2732 257 2764 CAP.
277 2740 367 2764 eLw.
390 2751 429 2755 —
468 2733 510 2766 De
548 2732 637 2765 donis
671 2732 778 2773 gratiae
816 2732 910 2774 gratis

135 2779 233 2818 datam
255 2779 291 2811 de
311 2779 550 2812 divinationibus
569 2779 752 2812 daemonum.
850 2780 908 2811 473

176 2826 255 2858 CAP.
278 2833 356 2858 ειν.
380 2844 415 2848 -
440 2826 525 2864 Quod
554 2827 646 2859 homo
669 2826 787 2867 indiget
806 2826 908 2859 divino

136 2873 249 2906 auxilio
269 2873 304 2905 ad
326 2873 582 2913 perseverandum
603 2873 634 2905 in
653 2873 746 2906 bono.
849 2874 907 2905 478

176 2919 257 2952 ΟΛΡ.
283 2927 373 2951 eLt'1.
407 2936 446 2944 -
465 2919 552 2957 Quod
586 2920 638 2952 ille
667 2921 719 2960 qui
747 2919 860 2953 decidit
893 2930 908 2952 a

136 2968 233 3007 gratia
253 2975 308 3008 per
324 2969 483 3008 peccatum
504 2969 604 3008 potest
624 2966 733 2999 iterum
765 2975 817 3008 per
837 2976 905 3007 gra-

985 267 1056 298 tiam
1079 269 1225 309 reparari.
1706 272 1763 302 470

1025 315 1105 346 Car.
1134 322 1238 347 CLvn.
1259 333 1299 339 -—
1327 316 1413 353 Quou
1448 318 1540 349 homo
1579 327 1595 349 a
1636 320 1764 359 peccato

984 362 1106 394 liberari
1126 371 1186 394 non
1207 365 1312 404 potest
1333 363 1394 395 nisi
1413 372 1469 404 per
1494 365 1634 404 gratiam.
1703 366 1764 398 480

1026 409 1106 441 CAP.
1127 416 1247 441 eLvt11.
1269 428 1308 433 —-
1328 410 1465 447 Qualiter
1481 411 1573 444 homo
1591 421 1608 444 a
1634 415 1762 453 peccato

985 455 1143 488 liberatur.
1701 460 1761 492 480

1027 504 1107 536 CAP.
1130 511 1220 537 cmx.
1244 523 1281 527 —
1301 504 1388 542 Quod
1402 504 1625 538 rationabiliter
1643 506 1764 539 homini

984 551 1152 592 imputatur
1186 552 1212 584 si
1245 551 1282 584 ad
1320 552 1415 584 Deum
1457 560 1518 585 non
1555 557 1761 592 convertatur,

984 599 1123 638 quamvis
1143 600 1202 631 hoc
1222 599 1287 632 sine
1306 599 1403 639 gratia
1423 608 1485 632 uon
1505 601 1616 641 possit.
1703 603 1764 635 482

1024 645 1104 677 CAP.
1138 653 1215 678 eLx.
1245 664 1284 669 —
1313 646 1399 684 Quod
1438 647 1529 679 homo
1566 648 1597 679 in
1635 652 1763 690 peceato

984 691 1120 724 existens
1154 692 1219 724 sine
1254 693 1348 733 gratia
1380 696 1539 735 peccatum
1574 694 1672 727 vitare
1702 704 1763 728 non

984 742 1097 779 potest.
1702 744 1761 776 483

1025 788 1103 821 CAP.
1126 797 1216 821 chn
1239 807 1278 813 —-
1301 789 1387 827 Quod
1407 790 1486 822 Deus
1506 790 1628 831 aliquos
1647 799 1665 823 a
1685 800 1762 832 pec-

983 840 1051 870 cato
1080 838 1189 871 liberat
1219 841 1249 870 et
1282 838 1403 879 aliquos
1438 839 1468 870 in
1504 842 1630 880 peecato
1671 840 1763 872 relin-

984 885 1060 925 quit.
1702 889 1762 920 484

1024 932 1105 965 CAP.
1127 940 1236 965 CLxu.
1273 951 1310 955 —
1345 933 1431 970 Quod
1464 934 1542 965 Deus
1573 934 1686 966 nemini
1716 937 1763 967 est

984 987 1075 1011 eausa
1090 980 1247 1020 peccandi.
1703 982 1760 1013 484

1026 1026 1108 1058 CAP.
1133 1034 1253 1059 eLxm.
1275 1045 1313 1050 -
1346 1028 1387 1060 De
1407 1027 1689 1068 praedestinatione,
1712 1037 1760 1060 re-

984 1074 1164 1114 probatione
1186 1077 1216 1106 et
1236 1074 1386 1106 electione
1402 1074 1514 1106 divina.
1703 1076 1760 1107 485

1207 1182 1317 1209 LIBER
1348 1181 1534 1214 QUARTUS.

1026 1266 1140 1298 CAPUT
1160 1273 1309 1298 emunit.
1328 1283 1366 1288 —
1390 1264 1587 1297 Prooemium.
1702 1267 1761 1297 486

1025 1313 1104 1344 Cae.
1126 1321 1164 1345 11.
1188 1330 1226 1336 —
1243 1312 1330 1350 Quod
1350 1312 1391 1344 sit
1406 1312 1575 1352 generatio,
1593 1312 1761 1352 paternitas

985 1362 1015 1392 et
1037 1359 1146 1391 filiatio
1166 1359 1197 1391 in
1217 1359 1340 1392 divinis.
1699 1359 1760 1391 488

1025 1406 1105 1438 CAP.
1127 1415 1180 1439 111.
1195 1402 1242 1429 '—
1259 1406 1344 1444 Quod
1361 1405 1458 1438 Filius
1471 1405 1525 1438 Dei
1537 1406 1578 1438 sit
1593 1406 1683 1438 Deus.
1702 1407 1761 1438 489

1025 1453 1108 1486 CAP.
1129 1461 1178 1486 lv.
1191 1471 1229 1476 —
1251 1453 1328 1491 Quid
1348 1453 1492 1494 opinatus
1510 1452 1552 1484 sit
1573 1452 1702 1484 Photius
1724 1453 1761 1485 de

985 1500 1062 1533 Filio
1086 1501 1151 1539 Dei,
1166 1503 1204 1533 'et
1222 1501 1291 1541 ejus
1313 1499 1510 1541 improbatio.
1699 1501 1759 1532 490

1026 1548 1104 1581 Car.
1125 1557 1159 1580 v.
1179 1566 1219 1571 —
1235 1547 1346 1589 Opinio
1373 1546 1498 1580 Sabellii
1530 1546 1566 1579 de
1588 1546 1669 1579 Filio
1693 1547 1758 1586 Dei,

983 1598 1014 1628 et
1033 1597 1100 1637 ejtis
1123 1595 1320 1637 improbatio.
1699 1596 1760 1627 492

1026 1643 1106 1676 CAP.
1126 1651 1173 1676 V1.
1197 1644 1288 1675 --De
1309 1643 1453 1684 opinione
1471 1642 1535 1674 Arii
1556 1642 1636 1675 circa
1649 1642 1760 1675 Filium

986 1690 1051 1723 Dei.
1701 1691 1761 1722 494

1026 1738 1107 1771 CAP.
1162 1745 1223 1770 vn.
1271 1755 1309 1760 —
1356 1736 1541 1778 Improbatio
1597 1736 1762 1777 positionis

984 1785 1058 1818 Arii.
1702 1786 1762 1818 496

1025 1833 1107 1865 CAP.
1140 1840 1217 1865 vm.
1255 1849 1294 1855 -
1329 1831 1449 1864 Solutio
1487 1830 1524 1863 ad
1563 1830 1762 1864 auctoritates

985 1889 1061 1922 quas
1077 1879 1166 1912 Arius
1183 1888 1238 1921 pro
1261 1888 1294 1911 se
1311 1879 1486 1912 inducebat.
1701 1879 1760 1912 499

1025 1927 1106 1960 CAP.
1131 1934 1178 1959 tx.
1199 1944 1239 1950 -
1255 1925 1373 1958 Solutio
1400 1925 1437 1957 ad
1457 1925 1658 1958 auctoritates
1679 1927 1759 1959 Pho-

984 1973 1041 2006 tini
1060 1976 1091 2006 et
1110 1972 1247 2006 Sabellii.
1651 1973 1654 1975 ’
1701 1975 1760 2007 504

1026 2021 1106 2054 CAP.
1127 2028 1161 2053 x.
1177 2038 1216 2044 -—
1230 2020 1377 2053 Rationes
1400 2023 1506 2052 contra
1527 2021 1759 2061 generationem

985 2071 1015 2100 et
1028 2068 1257 2110 processionem
1278 2067 1424 2099 divinam.
1698 2070 1758 2101 505

1025 2116 1104 2148 CAP.
1131 2123 1178 2147 xl.
1201 2131 1239 2137 -·
1260 2114 1422 2152 Quomodo
1442 2113 1620 2155 accipienda
1639 2114 1677 2146 sit
1707 2124 1759 2155 ge-

984 2162 1101 2197 neratio
1122 2162 1153 2194 in
1179 2161 1292 2194 divinis
1316 2163 1347 2193 et
1372 2169 1440 2202 quae
1466 2161 1503 2193 de
1537 2161 1616 2193 Filio
1640 2162 1693 2195 Dei
1712 2162 1759 2194 di-

984 2212 1092 2242 cuntur
1109 2209 1141 2241 in
1157 2208 1335 2249 Scripturis.
1608 2213 1610 2215 ’
1699 2211 1758 2243 508

1024 2257 1103 2289 ΕΑΡ.
1122 2264 1185 2288 xli.
1206 2274 1244 2279 —
1264 2256 1422 2293 Quomodo
1439 2255 1537 2288 Filius
1556 2256 1609 2288 Dei
1642 2256 1759 2289 dicatur

986 2305 1038 2337 Dei
1059 2303 1220 2345 sapientia.
1699 2304 1757 2335 513

1024 2351 1103 2383 Cae.
1136 2358 1212 2383 xm.
1234 2368 1272 2374 —
1295 2350 1381 2387 Quod
1410 2358 1471 2383 non
1503 2352 1549 2382 est
1587 2348 1646 2381 nisi
1681 2358 1758 2382 unus

984 2399 1081 2431 Filius
1100 2399 1132 2430 in
1152 2398 1276 2430 divinis.
1699 2397 1757 2428 514

1024 2446 1105 2478 CAP.
1137 2452 1210 2477 XIv.
1235 2461 1275 2470 —-
1295 2444 1413 2477 Solutio
1442 2444 1480 2476 ad
1513 2444 1647 2477 rationes
1666 2452 1758 2484 supra

984 2493 1122 2525 inductas
1142 2495 1248 2524 contra
1268 2492 1495 2532 generationem
1519 2490 1668 2523 divinam.
1697 2492 1755 2523 517

1025 2540 1103 2573 CAP.
1131 2546 1189 2571 xv.
1208 2557 1247 2562 —
1267 2539 1307 2570 De
1324 2538 1442 2579 Spiritu
1468 2540 1588 2575 sancto,
1613 2537 1696 2577 quod
1717 2537 1758 2569 sit

983 2589 1014 2619 in
1034 2587 1157 2619 divinis.
1697 2586 1756 2618 520

1023 2634 1198 2666 CAP.XV1.
1219 2651 1258 2656 —
1278 2633 1422 2666 Rationes
1451 2641 1489 2665 ex
1518 2631 1629 2673 quibus
1663 2631 1758 2672 aliqui

984 2682 1131 2724 Spiritum
1152 2682 1291 2713 sanctum
1305 2678 1559 2712 existimaverunt
1586 2686 1654 2711 esse
1671 2686 1756 2710 crea-

984 2733 1092 2762 turam.
1698 2727 1757 2758 520

1024 2777 1103 2809 CAP.
1131 2782 1218 2808 xvn.
1246 2791 1284 2796 -
1305 2772 1390 2811 Quod
1415 2773 1547 2814 Spiritus
1573 2775 1698 2805 sanctus
1717 2772 1756 2803 sit

982 2833 1072 2857 verus
1089 2824 1180 2855 Deus.
1697 2822 1752 2851 521

1023 2871 1102 2903 ΠΛΡ.
1123 2877 1226 2902 xvm.
1249 2888 1288 2893 -
1310 2869 1396 2907 Quod
1416 2868 1546 2910 Spiritus
1569 2869 1692 2898 sanctus
1715 2867 1755 2898 sit

982 2919 1152 2951 subsistens
1171 2925 1314 2958 persona.
1697 2915 1755 2946 524

1023 2967 1104 2998 Car.
1131 2973 1202 2997 X1x.
1223 2983 1262 2988 —
1285 2963 1442 3002 Quomodo
1463 2960 1660 3002 intelligenda
1687 2965 1755 2993 sunt

1881 225 1894 247 a·
1875 95 1892 201 -..μὶ-η·
1872 0 1891 86 ..s-'fl
