1894 3223
162 138 230 172 174
772 130 861 165 LIB.
888 129 935 173 ΙΙ,
962 129 1064 165 CAP.
1092 128 1196 163 LVII.

208 216 390 260 Amplius,
412 221 528 250 omne
548 210 647 248 illud
667 209 781 256 cujus
800 218 888 246 esse
908 212 970 246 est
994 207 1036 245 in
1067 208 1234 245 materia
1266 210 1421 254 oportet
1453 215 1542 244 6556
1563 207 1780 245 materiale.

163 262 249 306 Sed,
281 262 313 298 si
337 259 560 297 substantia
592 256 874 293 intellectualis
902 259 965 293 est
994 255 1122 293 forma
1152 255 1346 302 corporis,
1380 257 1536 301 oportet
1553 254 1659 301 quod
1692 264 1782 292 6556

163 309 248 355 ejus
271 308 322 344 sit
341 307 382 343 in
421 304 586 342 materia
623 303 818 349 corporali
842 314 851 348 3
875 311 955 340 non
993 302 1099 339 enim
1135 310 1224 340 6556
1265 302 1401 340 formae
1422 305 1483 338 est
1520 304 1661 347 praeter
1693 311 1784 340 esse

163 354 350 392 materiae.
373 351 557 399 Sequitur
573 350 695 398 igitur
715 350 821 396 quod
841 350 1066 388 substantia
1083 348 1365 388 intellectualis
1384 357 1466 386 non
1480 347 1533 386 sit
1546 348 1784 386 immateria-

163 402 227 445 lis,
250 405 293 437 ut
314 409 435 445 supra
456 398 504 445 (c.
525 397 585 445 50)
606 401 815 434 ostensum
841 400 915 434 est.

210 450 310 487 Rem,
332 445 584 491 impossibile
604 447 665 482 est
684 444 799 490 cujus
820 453 908 480 esse
929 447 989 481 est
1011 443 1054 480 in
1079 452 1244 488 corpore
1273 451 1363 480 esse
1390 452 1411 480 a
1442 451 1607 488 corpore
1629 450 1786 488 separa-

163 499 258 531 tum.
293 493 522 530 Intellectus
553 496 683 529 autem
716 491 938 529 ostenditur
957 500 981 528 a
998 490 1177 537 physicis
1196 490 1260 537 (De
1279 491 1417 535 anima,
1438 499 1497 535 111,
1521 493 1615 526 text.
1637 498 1781 527 comm.

163 545 183 578 6
202 546 240 578 et
261 540 317 587 19)
340 549 429 577 6556
451 542 658 585 separatus
680 547 702 575 a
723 546 902 584 corpore,
925 541 962 574 et
982 536 1088 584 quod
1111 545 1239 584 neque
1259 540 1320 574 est
1339 545 1484 582 corpus
1501 545 1630 583 neque
1658 537 1785 574 virtus

161 589 201 625 in
221 596 400 633 corpore.
422 588 509 623 Non
542 589 602 622 est
631 585 754 632 igitur
784 584 1067 621 intellectualis
1098 583 1322 621 substantia
1343 584 1470 621 forma
1492 583 1698 630 corporis3
1721 583 1779 621 sic

162 635 269 671 enim
290 643 379 671 esse
400 633 486 680 eJ'us
507 636 613 670 esset
634 633 675 669 in
703 641 882 677 corpore.
964 677 967 680 ¹

208 681 352 722 Adhuc,
375 681 489 727 cujus
510 689 599 717 esse
617 682 678 716 est
695 687 907 716 commune
927 677 1082 723 corpori
1104 680 1257 723 oportet
1277 680 1316 714 et
1335 677 1606 723 operationem
1623 678 1778 723 corpori

162 737 414 765 communem
436 736 524 765 esse
547 738 557 772 ;
579 726 890 773 unumquodque
911 725 1016 761 enim
1037 724 1118 771 agit
1136 724 1355 761 secundum
1376 725 1480 771 quod
1500 728 1559 761 est
1577 734 1648 762 ens
1671 737 1679 768 ;
1706 733 1779 761 nec

162 776 288 812 virtus
308 775 510 821 operativa
528 774 583 810 rei
603 777 734 820 potest
755 782 842 810 esse
864 772 1073 810 sublimior
1091 781 1209 818 quam
1230 771 1316 818 ejus
1337 772 1524 815 essentia,
1546 781 1636 808 cum
1654 772 1780 809 virtus

163 822 348 860 essentiae
382 820 578 867 principia
612 824 892 867 consequatur.
923 819 961 856 Si
994 823 1125 856 autem
1160 818 1384 855 substantia
1416 817 1695 855 intellectualis
1730 818 1782 855 sit

163 869 291 907 forma
311 868 503 914 corporis,
526 871 678 914 oportet
698 867 803 914 quod
824 876 913 904 esse
939 865 1024 912 ejus
1046 866 1098 903 sit
1127 866 1203 903 sibi
1223 870 1258 903 et
1295 865 1451 911 corpori
1482 874 1707 902 commune.
1729 867 1781 902 Ex

164 916 292 953 forma
311 915 416 953 enim
438 919 476 952 et
501 915 664 952 materia
684 914 727 951 fit
747 914 897 962 aliquid
923 922 1046 950 unum
1078 913 1325 959 simpliciter,
1357 911 1463 959 quod
1483 916 1544 949 est
1563 912 1784 949 secundum

165 972 253 1001 esse
274 972 412 1008 unum,
452 962 532 999 Erit
568 961 690 1008 igitur
709 965 746 998 et
782 960 958 1008 operatio
991 960 1225 998 substantiae
1256 959 1541 997 intellectualis
1559 959 1786 997 communis

165 1010 394 1094 corporube}
412 1009 537 1046 virtus
557 1008 642 1055 ejus
674 1008 799 1046 virtus
833 1008 874 1045 in
906 1016 1070 1054 corpore
1093 1019 1103 1053 ;
1124 1006 1230 1055 quod
1260 1016 1307 1044 ex
1326 1006 1546 1054 praemissis
1572 1010 1677 1055 patet
1696 1015 1787 1045 6556

166 1066 333 1104 lmpossi
367 1067 377 1093 1
397 1067 430 1094 6.

808 1167 976 1209 CAPUT
1030 1167 1147 1208 LVII.

305 1283 455 1314 POSITIO
470 1282 656 1313 PLATONIS
671 1283 721 1311 DE
746 1282 891 1312 UNIONE
909 1281 1048 1312 ANIMAE
1067 1281 1388 1312 INTELLEGTUALIS
1408 1282 1460 1312 AD
1480 1282 1639 1313 CORPUS.

215 1389 269 1425 Ex
287 1388 350 1427 his
371 1390 501 1425 autem
524 1390 562 1423 et
585 1385 786 1423 similibus
804 1385 1027 1423 rationibus
1049 1385 1170 1432 aliqui
1201 1385 1313 1430 moti,
1335 1384 1519 1422 dixerunt
1549 1385 1656 1432 quod
1677 1384 1787 1422 nulla

166 1434 391 1474 substantia
411 1433 693 1471 intellectualis
724 1436 854 1479 potest
875 1441 964 1470 esse
986 1432 1113 1469 forma
1144 1432 1337 1478 corporis,
1362 1433 1435 1469 Sed
1458 1432 1551 1478 quia
1571 1432 1663 1469 huic
1682 1433 1787 1478 posi-

165 1482 266 1520 tioni
288 1482 375 1528 ipsa
398 1480 573 1518 hominis
600 1484 742 1516 natura
770 1479 1040 1516 contradicere
1059 1479 1278 1523 videbatur,
1301 1481 1394 1526 quia
1411 1490 1457 1515 ex
1477 1479 1611 1516 anima
1634 1479 1787 1516 intelle·

166 1528 286 1568 ctuali
326 1532 362 1565 et
389 1536 555 1574 corpore
570 1527 724 1563 videtur
742 1536 831 1564 6556
862 1526 1123 1572 compositus,
1147 1527 1470 1573 excogitaverunt
1488 1526 1682 1573 quasdam
1701 1527 1787 1564 vias

166 1585 237 1623 per
257 1584 357 1622 quas
378 1578 521 1612 natura
544 1574 721 1611 hominis
743 1574 974 1611 salvaretur.

215 1623 325 1660 Plato
347 1622 468 1668 igitur
482 1621 628 1667 posuit,
641 1624 678 1657 et
690 1620 774 1667 ejus
791 1630 997 1667 sequaces,
1011 1621 1114 1668 quod
1130 1620 1262 1658 anima
1274 1620 1554 1658 intellectualis
1565 1629 1645 1657 non
1656 1620 1790 1657 unitur

167 1670 324 1716 corpori
345 1669 595 1706 sicut'forma
615 1668 802 1712 materiae,
824 1668 894 1705 sed
918 1669 1049 1705 solum
1082 1668 1186 1705 sicut
1205 1671 1336 1705 motor
1361 1668 1513 1712 mobili,
1535 1667 1672 1705 dicens
1705 1668 1787 1704 ani-

165 1726 272 1755 mam
293 1725 383 1754 esse
403 1716 445 1753 in
465 1724 631 1762 corpore
653 1716 757 1752 sicut
790 1718 911 1752 nauta
939 1719 1000 1752 est
1019 1715 1060 1752 in
1081 1716 1170 1752 navi
1190 1727 1200 1759 ;
1221 1719 1260 1752 et
1278 1715 1337 1752 sic
1356 1715 1453 1753 unio
1487 1714 1630 1752 animae
1651 1717 1689 1751 et
1708 1723 1792 1752 cor—

166 1764 278 1811 poris
297 1771 379 1801 non
398 1766 505 1801 esset
525 1762 603 1800 nisi
629 1771 700 1809 per
730 1765 956 1800 contactum
978 1762 1150 1807 virtutis,
1174 1762 1222 1800 de
1241 1771 1320 1809 quo
1340 1771 1462 1808 supra
1481 1762 1530 1809 (c.
1550 1762 1610 1808 56)
1637 1761 1785 1799 dictum

168 1814 242 1849 est.

216 1859 296 1894 Hoc
316 1859 447 1893 autem
465 1856 620 1893 videtur
639 1855 940 1893 inconveniens.
955 1855 1180 1893 Secundum
1196 1855 1426 1901 praedictum
1441 1856 1547 1892 enim
1562 1860 1786 1893 contactum

169 1913 251 1942 non
271 1902 314 1940 fit
334 1902 484 1950 aliquid
502 1911 625 1940 unum
660 1902 907 1949 simpliciter,
929 1906 971 1939 ut
995 1902 1044 1954 (c.
1065 1902 1126 1949 56)
1149 1906 1356 1940 ostensum
1378 1906 1450 1940 est.
1473 1904 1525 1939 Ex
1542 1903 1691 1940 unione
1712 1912 1786 1940 au-

167 1955 248 1989 tem
270 1950 411 1987 animae
431 1953 483 2002 et·
499 1949 679 1996 corporis
700 1949 743 1986 fit
770 1949 904 1987 homo.
927 1949 1178 1997 Relinquitur
1195 1949 1316 1996 igitur
1334 1950 1440 1996 quod
1461 1949 1581 1987 homo
1617 1958 1699 1986 non
1736 1949 1789 1987 sit

167 2007 292 2081 unu'dn
313 1997 561 2043 simpliciter,
584 2000 622 2033 et
650 2006 719 2042 per
755 2005 1006 2043 consequens
1045 2006 1119 2034 nec
1155 2006 1228 2034 ens
1267 1996 1511 2043 simpliciter,
1533 1996 1604 2035 sed
1624 2005 1696 2034 ens
1716 2005 1786 2043 per

168 2054 252 2084 acci
285 2053 370 2081 ens.

214 2091 270 2129 Ad
290 2091 366 2129 hoc
384 2093 516 2143 autem
536 2089 762 2127 evitandum
784 2090 894 2127 Plato
912 2090 1047 2136 posuit
1074 2090 1180 2138 quod
1201 2090 1321 2128 homo
1338 2100 1420 2128 non
1441 2091 1493 2128 sit
1512 2090 1660 2138 aliquid
1683 2099 1788 2128 com-

166 2139 343 2186 positum
364 2146 562 2175 exanima
579 2141 617 2174 et
652 2146 832 2183 corpore,
860 2137 929 2174 sed
965 2136 1070 2184 quod
1108 2138 1195 2184 ipsa
1225 2138 1360 2175 anima
1393 2141 1511 2175 utens
1548 2147 1714 2184 corpore
1734 2138 1787 2175 sit

167 2187 289 2225 homo
311 2197 322 2231 ς
343 2185 448 2222 sicut
477 2186 617 2222 Petrus
652 2193 732 2221 non
774 2189 834 2222 est
853 2184 1004 2231 aliquid
1040 2185 1307 2231 compositum
1328 2195 1376 2222 ex
1408 2185 1570 2223 homine
1604 2189 1643 2223 et
1673 2184 1788 2223 indu-

167 2236 317 2277 mento,
338 2231 406 2270 sed
426 2231 547 2269 homo
567 2235 684 2269 utens
703 2231 951 2269 indumento.

216 2281 299 2317 Hoc
317 2282 449 2316 autem
471 2287 562 2317 6556
582 2278 831 2325 impossibile
852 2278 1087 2316 ostenditur.
1102 2279 1257 2317 Animal
1277 2279 1383 2317 enim
1399 2282 1437 2317 et
1449 2279 1571 2318 homo
1585 2282 1680 2317 sunt
1691 2287 1794 2327 quae-

167 2326 258 2365 dam
280 2325 501 2370 sensibilia,
523 2329 561 2362 et
601 2325 811 2363 naturalia.
834 2327 915 2363 Hoc
949 2329 1080 2363 autem
1119 2335 1201 2364 non
1241 2330 1361 2371 esset,
1394 2326 1430 2364 si
1462 2335 1608 2373 corpus
1635 2329 1674 2364 et
1704 2326 1792 2372 eius

166 2378 302 2422 partes
326 2382 407 2411 non
428 2376 564 2410 essent
600 2373 648 2410 de
686 2372 861 2410 essentia
896 2373 1073 2410 hominis
1107 2377 1147 2410 et
1177 2373 1378 2419 animalis,
1400 2373 1471 2411 sed
1500 2377 1585 2412 tota
1618 2373 1794 2412 essentia

167 2421 377 2467 utriusque
407 2423 514 2458 esset
541 2420 676 2457 anima
706 2420 927 2458 secundum
958 2420 1200 2466 positionem
1222 2421 1450 2467 praedictam
1482 2420 1531 2468 (c.
1553 2420 1629 2468 56).
1650 2420 1791 2458 Anima

169 2468 275 2505 enim
293 2476 374 2505 non
403 2471 465 2505 est
495 2466 645 2514 aliquid
673 2466 864 2505 sensibile
898 2476 1028 2514 neque
1057 2467 1275 2505 materiale.
1303 2468 1556 2514 Impossibile
1576 2471 1638 2505 est
1667 2467 1788 2513 igitur

169 2515 372 2552 hominem
393 2519 431 2551 et
451 2514 600 2567 animal
621 2523 711 2552 esse
729 2514 903 2567 animam
918 2517 1094 2552 utentem
1110 2523 1289 2562 corpore,
1308 2524 1390 2553 non
1409 2519 1541 2553 autem
1563 2513 1715 2561 aliquid
1741 2522 1787 2549 ex

171 2570 336 2606 corpore
357 2564 395 2598 et
414 2570 548 2598 anima
568 2565 849 2607 Composltum.

216 2608 318 2660 Item,
341 2607 591 2654 impossibile
611 2613 672 2646 est
697 2608 803 2655 quod
824 2617 962 2645 eorum
982 2617 1071 2655 quae
1101 2612 1195 2645 sunt
1209 2608 1369 2646 diversa
1396 2608 1614 2646 secundum
1632 2615 1721 2644 6556
1739 2606 1792 2643 sit

172 2658 349 2699 operatio
368 2665 459 2692 una.
479 2655 574 2692 Dico
596 2659 729 2692 autem
750 2656 1019 2701 operationem
1055 2664 1190 2699 unam,
1213 2664 1294 2693 non
1314 2665 1362 2692 ex
1381 2658 1491 2701 parte
1519 2654 1604 2700 ejus
1622 2654 1662 2690 in
1683 2653 1788 2700 quod

170 2701 405 2737 terminatur
425 2702 542 2746 actio,
565 2702 634 2740 sed
668 2702 887 2740 secundum
923 2702 1029 2749 quod
1051 2702 1251 2749 egreditur
1281 2702 1331 2739 ab
1350 2704 1504 2749 agente.
1538 2700 1645 2738 Multi
1684 2701 1788 2737 enim

171 2747 374 2784 trahentes
411 2749 555 2788 navim,
589 2758 710 2786 unam
749 2750 946 2786 actionem
987 2750 1138 2786 faciunt
1171 2759 1219 2787 ex
1249 2752 1356 2795 parte
1396 2748 1560 2794 operati,
1593 2747 1698 2794 quod
1732 2752 1791 2784 est

171 2803 309 2838 unum,
332 2793 402 2831 sed
422 2798 554 2831 tamen
585 2805 633 2832 ex
664 2799 772 2842 parte
802 2796 1044 2834 trahentium
1072 2799 1166 2833 sunt
1190 2796 1324 2834 multae
1343 2795 1536 2838 actiones,
1573 2795 1665 2842 quia
1698 2798 1791 2831 sunt

173 2840 317 2893 diversi
348 2841 545 2886 impulsus
583 2841 631 2878 ad
658 2843 908 2880 trahendum.
931 2844 1026 2881 Cum
1065 2843 1171 2879 enim
1190 2842 1294 2880 actio
1320 2846 1589 2889 consequatur
1609 2842 1791 2885 sormam,

176 2890 214 2925 et
255 2890 437 2925 virtutem
456 2915 465 2933 ‚
505 2891 659 2934 oportet
692 2898 860 2935 quorum
899 2894 993 2927 sunt
1030 2889 1194 2927 diversae
1227 2889 1364 2926 formae
1400 2892 1439 2925 et
1477 2888 1641 2927 virtutes
1658 2917 1667 2934 ,
1703 2897 1793 2926 esse
