1894 3223
125 107 194 142 ΒΗ
691 99 779 139 Llss.
805 98 874 141 111,
898 98 1002 137 CAP.
1028 97 1178 137 vam.

125 186 255 232 prima
281 191 418 225 causa,
439 183 483 217 ut
516 180 559 217 in
592 179 722 225 primo
757 178 859 231 (cap.
881 178 950 231 13),
963 181 1171 231 ostensum
1207 182 1282 218 est.
1306 179 1411 227 Ergo
1443 187 1588 232 omnes
1614 187 1748 233 causae

124 232 333 269 inferiores
356 231 520 274 agentes
540 229 665 273 agunt
701 225 745 263 in
763 228 909 262 virtute
939 234 1083 272 ipsius.
1104 226 1233 265 Causa
1257 229 1389 264 autem
1421 230 1593 264 actionis
1614 234 1748 274 magis

127 282 188 317 est
208 276 247 314 id
280 274 395 321 cujus
414 273 558 311 virtute
577 272 725 319 agitur,
741 280 861 319 quam
881 271 1002 312 etiam
1026 272 1129 312 iilud
1147 272 1257 320 quod
1284 272 1381 320 agit,
1403 273 1509 312 sicut
1525 272 1745 320 principale

127 332 249 371 agens
270 321 399 368 magis
419 319 502 367 agit
523 329 643 367 quam
658 319 983 359 instrumentum.
999 320 1105 358 Deus
1122 319 1246 367 igitur
1262 319 1525 368 principalius
1543 323 1607 358 est
1623 328 1748 358 causa

125 369 340 415 cujuslibet
358 367 529 405 actionis
551 374 670 414 quam
688 365 807 404 etiam
826 366 1017 406 secundae
1029 375 1163 405 causae
1181 369 1365 414 agentes„
1609 414 1618 420 ·

172 419 273 459 ltem,
295 423 413 452 omne
433 422 603 460 operans
622 423 694 460 per
711 422 826 451 suam
842 414 1114 460 operationem
1128 413 1337 453 ordinatur
1349 413 1402 452 ad
1413 413 1535 452 finem
1545 413 1747 453 ultimum.

128 464 291 511 Oportet
308 466 440 499 autem
460 461 567 508 quod
581 461 644 498 vel
664 460 843 507 operatio
870 461 961 507 ipsa
993 460 1047 513 sit
1073 459 1182 505 finis,
1214 460 1278 498 vel
1305 464 1532 514 operatum,
1560 461 1667 509 quod
1688 465 1750 499 est

126 509 372 557 operationis
391 507 570 547 effeetus.
586 506 777 547 ordinare
797 510 930 546 autem
950 516 1016 546 res
1035 516 1080 545 m
1093 506 1214 545 finem
1230 510 1295 545 est
1313 516 1447 554 ipsius
1463 509 1549 553 Dei,
1570 511 1617 546 ut
1627 517 1750 554 supra

127 558 227 604 (cap.
249 556 308 602 64)
329 559 537 593 ostensum
557 558 630 593 est.
659 555 822 601 Oportet
852 554 976 602 igitur
1006 553 1141 608 dicere
1169 554 1277 608 quod
1307 563 1426 608 omne
1451 563 1577 602 agens
1605 555 1752 592 virtute

125 605 260 642 divina
280 606 383 650 agat.
406 604 494 649 Ipse
518 606 578 640 est
595 602 719 649 igitur
741 601 810 649 qui
832 605 894 639 est
913 610 1037 640 causa
1049 605 1222 640 actionls
1240 609 1420 640 omnium
1439 610 1588 640 rerum.

176 651 273 688 Hinc
295 654 355 688 est
376 649 482 698 quod
502 649 660 693 dicitur,
682 650 810 693 Isaiae,
830 657 943 694 xxvi,
963 651 1008 686 ¹2
1027 659 1039 686 ε
1060 649 1194 687 Omnia
1209 658 1319 694 opera
1337 651 1507 694 operatus
1521 658 1560 685 es
1575 650 1619 684 in
1631 649 1748 689 nobis.

126 699 286 735 Domine.
302 699 345 734 Et
355 698 483 741 Joan.‚
498 704 565 740 xv,
583 699 602 733 5
622 708 630 733 :
647 697 731 733 Sine
745 706 800 733 me
816 696 912 731 nihil
929 697 1077 741 potestis
1093 696 1283 739 faeereAEt
1300 695 1480 741 Philipp·
1502 697 1611 739 11,13
1631 697 1751 747 :Dm

126 748 179 782 est
195 746 258 791 qui
272 746 442 790 operatur
459 745 499 779 in
516 743 618 779 nobis
637 743 725 779 velle
742 746 776 779 et
790 745 962 788 perficere
982 753 1050 788 pro
1079 743 1171 779 bona
1188 743 1383 794 voluntate.
1415 744 1459 778 Et
1477 721 1560 794 ’hae
1591 746 1746 780 ratione

126 792 354 839 frequenter
370 791 413 828 in
431 790 643 836 seripturis
665 793 816 827 naturae
840 789 1007 827 effeetus
1039 789 1262 836 operationi
1289 789 1432 826 dlvlnae
1464 788 1748 833 attribuuntur,

128 839 222 886 quia
241 838 326 884 ipse
338 841 399 875 est
418 838 485 884 qui
507 841 692 883 operatur
708 837 751 874 in
772 836 882 874 omni
903 839 1092 883 operante
1107 844 1178 883 per
1191 839 1374 873 naturam
1397 834 1460 872 vel
1480 844 1550 881 per
1568 835 1750 873 volunta-

126 889 221 931 tem,
240 886 344 923 sicut
362 884 460 921 illud
480 886 496 920 J
502 884 565 928 ob,
585 893 624 928 X,
649 887 691 922 10
711 887 750 920 et
768 887 806 921 ll
834 895 842 920 :
866 884 992 921 Nonne
1009 885 1104 920 sicut
1117 884 1172 919 lae
1190 883 1351 919 mulsisti
1361 892 1429 926 me,
1444 884 1478 918 et
1496 883 1590 918 siout
1605 892 1752 937 ‚caseum

126 943 181 968 me
201 932 400 977 coagulasti
420 933 438 967 ?
455 932 550 967 Pelle
566 934 599 967 et
615 931 787 967 carnibus
805 931 947 967 vestisti
963 940 1032 976 me,
1052 931 1190 967 ossibus
1210 932 1243 968 et
1261 930 1383 967 nervis
1402 930 1610 976 compeoistz
1625 939 1691 966 me.
1709 930 1753 966 Et

128 981 169 1016 in
191 981 252 1016 Ps.
274 987 374 1023 XVII,
401 981 443 1015 14
466 990 474 1014 :
495 979 658 1015 intonuit
676 978 720 1014 de
739 977 823 1014 coelo
853 978 1030 1014 Dominus
1062 980 1097 1015 et
1125 977 1336 1014 Altissimus
1366 975 1467 1012 dedit
1490 986 1608 1013 vocem
1634 986 1749 1017 suam,

128 1026 268 1071 prendo
288 1028 321 1062 et
339 1026 508 1062 carbones
523 1026 633 1070 ionis.

753 1169 922 1211 CAPUT
948 1169 1122 1212 LXVIH.

461 1288 559 1322 QUOD
585 1288 685 1317 DEUS
707 1287 780 1317 RST
798 1287 942 1321 UBIQUE
962 1287 1013 1317 ET
1034 1287 1076 1317 IN
1101 1287 1269 1318 OMNIBUS
1283 1289 1419 1319 REBUS.

172 1399 231 1480 {lx
245 1396 322 1435 hoo
341 1399 473 1434 autem
493 1399 654 1442 apparet
671 1395 777 1443 quod
792 1397 918 1433 Deum
934 1404 1101 1434 neeesse
1115 1399 1177 1434 est
1189 1405 1281 1435 esse
1298 1396 1444 1444 ubique
1459 1400 1498 1434 et
1509 1397 1555 1434 in
1563 1398 1752 1437 omnibus

128 1454 170 1481 ΓΕ
201 1452 261 1480 US.
1430 1460 1435 1463 ·

175 1492 335 1527 zloveus
355 1490 461 1526 enim
482 1494 520 1526 et
546 1492 698 1527 motum
731 1492 887 1536 oportet
919 1489 1042 1527 simul
1078 1499 1182 1535 esse,
1221 1494 1266 1529 ut
1302 1489 1442 1537 probat
1475 1491 1750 1539 Philosophus

129 1537 402 1584 (Ph5sic.‚V11,
426 1539 519 1574 text.
542 1545 685 1573 comm.
710 1539 753 1574 10
773 1538 812 1573 et
831 1535 962 1583 infra).
985 1537 1089 1574 Deus
1109 1541 1243 1575 autem.
1273 1538 1408 1575 omnia
1435 1541 1570 1576 movet
1585 1538 1638 1577 ad
1655 1547 1751 1577 suas

126 1584 395 1630 operationes,
416 1587 460 1621 ut
475 1586 683 1620 ostensum
701 1588 762 1620 est
782 1583 882 1630 (cap.
907 1584 981 1630 67).
1000 1586 1069 1621 Est
1086 1584 1209 1631 igitur
1228 1585 1271 1622 in
1286 1585 1477 1623 omnibus
1491 1585 1629 1624 rebus.

173 1632 274 1671 Item,
295 1639 412 1668 omne
433 1630 538 1678 quod
560 1634 620 1667 est
640 1631 683 1668 in
701 1630 791 1668 loco
811 1631 872 1667 vel
893 1631 935 1668 in
954 1640 997 1668 re
1022 1640 1273 1680 quacumque
1305 1632 1440 1680 aliquo
1459 1633 1579 1670 modo
1600 1633 1751 1671 contin·

128 1677 187 1724 git
203 1678 331 1724 ipsam
349 1690 357 1722 ;
379 1687 443 1715 res
463 1678 570 1714 enim
591 1686 781 1724 corporea
801 1677 921 1715 estin
941 1678 1076 1725 aliquo
1098 1679 1204 1716 sicut
1235 1679 1277 1716 in
1305 1679 1395 1718 loco
1415 1680 1638 1718 seeundum
1656 1689 1751 1717 con-

127 1729 276 1762 tactum
297 1725 528 1772 quantitatis
543 1725 788 1763 dimensivae.
810 1727 887 1762 Res
909 1729 1040 1763 autem
1061 1726 1298 1773 incorporea
1317 1727 1361 1765 in
1391 1727 1525 1774 aliquo
1546 1736 1637 1765 esse
1655 1727 1751 1765 dici-

127 1775 191 1808 tur
207 1772 427 1809 secundum
447 1776 672 1809 contactum
692 1772 863 1810 virtutis.
887 1772 1016 1816 Quum
1037 1777 1171 1810 careat
1187 1773 1409 1812 dimensiva
1428 1774 1661 1820 quantitate.
1686 1775 1750 1812 Sic

127 1819 250 1864 igitur
267 1827 309 1855 se
325 1818 442 1856 habet
456 1828 520 1856 res
536 1819 772 1865 incorporea
789 1820 837 1856 ad
852 1819 928 1856 hoc
945 1819 1050 1866 quod
1069 1820 1175 1857 sitin
1187 1820 1322 1867 aliquo
1337 1830 1407 1866 per
1418 1821 1604 1858 virtutem
1619 1829 1750 1866 suam,

129 1866 233 1902 sieut
253 1873 296 1902 se
317 1865 432 1902 habet
448 1875 510 1903 res
533 1875 724 1912 corporea
743 1866 791 1903 ad
823 1866 898 1902 hoe
930 1866 1038 1913 quod
1071 1866 1125 1904 sit
1154 1867 1198 1904 in
1221 1867 1356 1914 aliquo
1388 1876 1459 1914 per
1489 1867 1750 1915 quantitatem

129 1911 407 1949 dimensivam.
430 1913 468 1948 Si
490 1916 621 1949 autem
638 1916 745 1950 esset
761 1912 923 1960 aliquod
948 1922 1094 1959 corpus
1125 1913 1278 1952 habens
1303 1915 1565 1962 quantitatem
1596 1913 1748 1952 dimen-

130 1959 257 1995 sixam
278 1957 488 2003 infinitam,
512 1963 709 2005 oporteret
728 1959 827 1996 illud
846 1968 935 1996 esse
955 1959 1116 2007 ubique.
1135 1961 1252 2007 Ergo,
1273 1960 1310 1997 si
1331 1961 1384 1998 sit
1397 1961 1529 2008 aliqua
1540 1970 1606 2000 res
1618 1961 1750 2000 incor-

127 2014 251 2051 porea
270 2005 422 2043 habens
443 2006 627 2043 virtutem
647 2005 858 2051 infinitam,
880 2010 1033 2052 oportet
1054 2007 1159 2053 quod
1180 2008 1231 2044 sit
1248 2007 1411 2054 ubique.
1445 2009 1659 2046 ostensum
1690 2012 1750 2046 est

130 2055 262 2089 autem
282 2052 362 2099 (lib.
385 2061 412 2097 1,
430 2062 500 2099 cap
518 2053 577 2100 43)
595 2054 718 2090 Deum
736 2062 825 2091 esse
846 2053 1011 2091 infinitae
1032 2054 1201 2092 virtutis.
1224 2056 1290 2092 Est
1308 2055 1432 2102 igitur
1453 2055 1615 2103 ubique.

174 2099 319 2142 Adhuc,
342 2099 444 2136 sicut
462 2108 504 2137 se
522 2100 640 2137 habet
660 2109 782 2137 causa
801 2100 1053 2146 particularis
1083 2101 1132 2138 ad
1158 2101 1439 2148 particularem
1460 2101 1659 2144 effectum,
1695 2103 1751 2141 ita

128 2154 172 2182 se
191 2146 308 2183 habet
328 2155 451 2184 causa
468 2147 707 2185 universalis
728 2147 777 2184 ad
798 2147 1066 2185 universalem
1089 2147 1290 2186 effectum.
1312 2150 1472 2201 Oportet
1501 2153 1633 2188 autem
1656 2159 1747 2187 cau-

127 2201 210 2230 sam
233 2192 512 2239 particularem
530 2194 691 2241 proprio
712 2193 871 2231 effectui
888 2194 1116 2241 particulari
1154 2195 1296 2234 adesse
1328 2196 1478 2241 simul;
1510 2197 1615 2235 sicut
1642 2196 1751 2243 ignis

123 2248 195 2285 per
210 2248 323 2276 suam
339 2241 553 2278 essentiam
578 2241 772 2286 calefacit,
797 2246 833 2278 et
851 2242 984 2279 anima
1001 2251 1071 2288 per
1087 2251 1202 2280 suam
1224 2243 1442 2281 essentiam
1453 2243 1576 2281 vitam
1589 2244 1748 2290 corpori

127 2287 291 2324 confert.
316 2287 444 2332 Quum
464 2288 585 2334 igitur
606 2289 712 2327 Deus
731 2289 784 2326 sit
804 2298 926 2326 eausa
946 2290 1187 2327 universalis
1206 2290 1331 2328 totius
1351 2299 1456 2336 esse,
1475 2294 1520 2329 ut
1539 2293 1748 2329 ostensum

125 2333 282 2416 {st-(lib.
302 2342 345 2378 11,
367 2344 459 2387 cap..
475 2334 524 2382 6),
547 2339 702 2382 oportet
717 2336 838 2383 quod,
856 2336 899 2373 in
921 2345 1174 2384 quocumque
1194 2340 1255 2376 est
1274 2337 1453 2376 invenire
1473 2346 1579 2383 esse,
1592 2337 1630 2375 ei
1644 2337 1752 2375 adsit

152 2389 259 2418 ivina
275 2385 500 2426 praesentla.

170 2428 354 2473 Amplius,
377 2429 655 2477 quodcumque
675 2439 800 2477 agens
815 2433 877 2468 est
892 2438 1070 2476 praesens
1083 2433 1237 2468 tantum
1254 2431 1324 2469 uni
1339 2439 1505 2470 suorum
1519 2429 1751 2475 effectuum,

125 2473 211 2520 ejus
233 2475 335 2512 actio
354 2485 435 2513 non
453 2480 583 2522 potest
604 2476 772 2514 derivari
800 2477 848 2514 ad
874 2477 952 2514 alia
971 2477 1051 2515 nisi
1069 2477 1139 2514 illo
1160 2477 1376 2524 mediante,
1403 2487 1450 2516 eo
1481 2478 1589 2531 quod
1623 2486 1749 2524 agens

125 2525 161 2572 et
180 2522 335 2567 patiens
363 2527 517 2569 oportet
537 2532 625 2561 esse
646 2524 792 2569 simul;
816 2524 920 2561 sieut
938 2523 1001 2562 vis
1019 2525 1168 2563 motiva
1187 2533 1268 2563 non
1296 2528 1430 2563 movet
1460 2525 1539 2563 alia
1571 2523 1750 2563 membra

123 2568 202 2604 nisi
223 2569 419 2607 mediante
439 2570 573 2607 eorde.
595 2571 634 2608 Si
658 2571 781 2617 igitur
812 2573 916 2609 Deus
946 2575 1054 2610 esset
1083 2580 1262 2619 praesens
1288 2572 1359 2610 uni
1394 2575 1549 2610 tantum
1580 2579 1746 2609 suorum

124 2612 334 2652 effectuum
355 2620 488 2663 utpote
504 2618 630 2663 primo
651 2618 805 2662 mobili,
828 2617 934 2665 quod
952 2618 1001 2657 ab
1022 2627 1070 2656 eo
1090 2619 1320 2657 immediate
1341 2622 1539 2663 movetur,
1559 2626 1746 2665 sequere-

122 2663 186 2697 tur
205 2662 310 2706 quod
329 2663 412 2708 ejus
434 2665 537 2701 aetio
558 2673 640 2702 non
659 2669 796 2711 posset
815 2665 864 2702 ad
894 2665 974 2703 alia
1005 2665 1175 2704 derivari
1203 2666 1285 2704 nisi
1315 2666 1387 2705 illo
1417 2665 1630 2703 mediante.
1665 2665 1745 2716 Hoc

123 2709 253 2758 autem
275 2709 647 2760 estineonveniens.
672 2712 710 2749 Si
732 2712 838 2749 enim
859 2712 1030 2760 alicujus
1052 2713 1209 2760 agentis
1229 2712 1334 2751 aetio
1368 2720 1450 2750 non
1481 2714 1617 2763 potest·
1642 2710 1746 2763 dert-

120 2762 203 2790 van
223 2752 270 2791 ad
291 2754 370 2792 alia
391 2756 470 2793 nisi
491 2758 687 2796 mediante
708 2759 842 2806 aliquo
862 2759 1006 2806 primo,
1027 2763 1183 2806 oportet
1202 2759 1310 2807 quod
1325 2758 1747 2810 illudproportionali-

120 2804 181 2837 ter
199 2801 435 2847 respondeat
457 2805 588 2849 agenti
610 2806 828 2843 secundum
848 2810 968 2844 totam
985 2806 1071 2852 ejus
1089 2807 1295 2851 virtutem;
1312 2805 1427 2843 aliter
1437 2813 1544 2843 emm
1562 2813 1644 2842 non
1658 2814 1749 2852 pos-

122 2851 182 2884 set
202 2856 325 2895 agens
345 2852 428 2886 tota
448 2858 521 2886 sua
539 2851 681 2888 virtute
714 2853 785 2899 uti,
817 2853 922 2891 sieut
952 2853 1132 2893 videmus
1166 2853 1271 2900 quod
1304 2860 1444 2890 omnes
1474 2855 1608 2890 motus
1641 2861 1747 2900 quos
