1894 3223
647 41 732 76 LIB.
761 41 824 84 ΙΙΙ,
853 39 953 76 CAP.
981 40 1103 75 XVIII.
1632 41 1679 74 77

107 126 252 166 Adhuc,
281 123 373 161 finis
407 123 572 160 ultimus
602 122 816 168 cujtislibet
844 121 1041 165 facientis,
1062 121 1104 157 in
1127 124 1318 167 quantum
1349 123 1410 156 est
1430 119 1595 162 faciens,
1619 123 1680 156 cst

61 173 255 219 ipsemet;
279 171 426 208 utimur
461 170 566 206 enim
600 169 715 205 sactis
747 178 770 205 a
805 169 922 205 nobis
956 172 1113 214 propter
1144 177 1219 205 nos
1239 179 1248 212 ;
1270 171 1322 211 et,
1351 167 1383 204 si
1420 167 1566 212 aliquid
1608 166 1679 203 ali-

61 219 221 267 quando
252 222 410 265 propter
440 217 562 253 alium
591 216 710 253 homo
744 216 873 255 saciat,
895 216 967 251 hoc
1001 216 1168 251 retertur
1201 214 1241 251 in
1280 214 1428 251 bonum
1465 213 1679 257 suu1n,vcl

62 266 172 306 utile,
195 266 254 302 vel
287 264 518 302 delectabile
540 263 596 300 vei
631 263 857 299 honestum.
881 264 984 299 tiens
1013 267 1142 298 autem
1165 265 1226 298 est
1245 271 1365 298 causa
1388 261 1528 297 lactira
1550 269 1680 298 rerum

63 314 257 352 omnium,
287 311 546 359 quarumdam
580 310 738 356 quidem
771 310 1009 351 immediate,
1044 309 1302 355 quarumdam
1343 312 1470 344 autem
1514 308 1681 344 mediate

63 361 145 398 sive
167 359 434 396 mediantibus
456 358 544 395 aliis
566 358 714 401 causis,
739 361 781 393 ut
801 367 847 393 cx
865 357 1084 403 praemissis
1105 360 1165 392 cst
1184 357 1452 392 manifestum.
1478 356 1547 391 Est?
1562 356 1682 401 igitur

61 407 231 454 ipsemet
248 405 338 443 finis
361 415 491 442 rerum
513 405 706 442 omnium.

112 456 300 496 Praeterea‚
331 452 423 490 sinis
451 453 554 489 inter
580 452 679 488 alias
696 460 839 488 causas
860 451 1070 498 primatum
1095 450 1258 494 obtinet,
1277 454 1314 486 et
1336 450 1383 486 al)
1420 450 1506 495 ipso
1542 458 1682 486 omncs

63 501 152 539 aliae
180 509 312 538 causae
332 499 478 537 liabent
498 499 601 546 quod
624 499 703 536 sint
735 508 864 535 causa}
900 499 938 534 in
960 502 1045 534 actu
1066 510 1073 541 ;
1097 506 1220 544 agens
1242 497 1346 533 enim
1381 506 1460 533 non
1491 497 1572 541 agit
1604 496 1682 533 nisi

94 551 226 594 ropter
245 547 379 591 finem,
402 551 444 584 ut
461 551 667 584 ostensum
690 549 750 584 est
769 547 817 592 (c.
838 546 900 590 2);
923 556 969 581 ex
988 548 1129 589 agente
1150 548 1279 580 autem
1309 544 1471 580 matt-ria
1491 544 1530 579 in
1553 547 1681 580 actum

82 604 203 633 orma}
236 594 463 639 reducitur3
487 594 589 631 unde
631 594 794 630 materia
832 592 874 629 fit
900 597 989 629 actu
1021 592 1138 637 liujus
1168 591 1222 627 rei
1254 592 1425 643 niatcriag
1447 590 1685 627 etsimiliter

63 642 193 680 forma
228 641 348 689 hujus
383 641 440 679 rei
476 641 603 678 forma
638 650 706 686 per
739 640 936 677 actionem
968 639 1138 685 agentis,
1160 642 1197 674 et
1228 647 1296 683 per
1329 646 1581 683 consequens
1615 646 1686 683 per

64 688 198 727 finem.
223 689 332 726 Finis
352 689 469 726 etiam
494 689 691 735 posterior
722 692 780 725 est
812 697 933 724 causa
954 686 1057 733 quod
1091 686 1317 731 prtecedens
1344 684 1436 721 tinis
1458 685 1686 720 intendatur

64 741 107 774 ut
138 736 258 781 tinis;
280 745 361 774 non
393 737 499 773 enim
536 739 715 772 movetur
747 735 895 781 aliquid
928 734 968 770 in
998 733 1116 769 finem
1151 732 1373 778 proximum
1413 732 1489 768 nisi
1529 735 1686 777 propter

64 783 185 820 finem
208 788 466 829 postremum.
489 785 553 820 Est
584 783 706 829 igitur
738 781 831 818 finis
864 782 1027 818 ultimus
1059 781 1183 825 prima
1214 779 1392 815 omnium
1433 788 1566 815 cansa.
1591 781 1685 815 Esse

66 835 198 868 autem
221 831 386 877 primam
409 830 588 868 omnium
620 838 780 866 causam
815 838 978 865 necesse
1002 832 1059 863 est
1080 828 1207 872 primo
1231 827 1307 861 enti
1331 826 1556 869 convenire,
1579 825 1684 871 qnod

64 879 170 915 Deus
192 882 265 922 est,
285 881 326 915 ut
359 886 480 924 supra
501 877 540 924 (i.
562 887 588 922 1,
610 886 645 913 c.
669 879 710 913 13
735 880 772 912 ct
790 876 816 912 l.
838 885 880 920 11,
903 885 938 913 c.
960 876 1016 920 15)
1038 879 1243 911 ostensum
1265 877 1337 910 est.
1363 875 1465 910 Deus
1485 873 1606 919 igitur
1626 876 1686 910 cst

66 924 234 962 ultimus
254 925 434 962 omnium
455 925 561 961 linis.

116 973 212 1010 Hinc
226 976 286 1010 est
310 971 416 1019 quod
436 971 581 1009 dicitur
601 982 610 1007 ε
634 972 811 1007 Universa
826 973 975 1015 propter
996 971 1223 1012 semetipsum
1243 971 1408 1013 operatas
1434 970 1486 1003 est
1511 968 1685 1003 Dominus

66 1018 210 1065 (Pi'ov.‚
232 1027 315 1059 XVI,
338 1018 373 1065 4)
391 1030 400 1063 3
419 1022 457 1055 et
477 1030 487 1054 ε
507 1020 583 1063 Ego
601 1027 679 1053 sum
710 1018 821 1062 alpha
849 1021 881 1053 ct
900 1027 1040 1061 omeqa,
1063 1018 1206 1062 primus
1236 1019 1269 1051 ec
1298 1016 1514 1051 novissimus
1536 1014 1685 1061 (Apoc.,

64 1073 167 1112 xxn,
185 1065 256 1114 13).
279 1065 308 1113 (1
329 1069 444 1112 part„
464 1075 502 1112 q.
523 1073 631 1105 xmv,
655 1068 727 1101 art.
749 1066 800 1111 4.)

706 1211 875 1254 CAPUT
900 1211 1045 1253 XVIII.

520 1332 702 1366 Quonono
726 1309 912 1375 mmssn·
934 1331 1037 1361 rums
1065 1330 1229 1361 OMNIUM.

116 1442 250 1478 Restat
268 1441 390 1488 igitur
408 1441 688 1489 inquirendum
710 1440 911 1487 quomodo
930 1442 1035 1478 Deus
1056 1439 1108 1477 sit
1127 1438 1306 1477 omnium
1327 1438 1418 1476 finis
1438 1451 1446 1483 ;
1469 1438 1574 1486 quod
1602 1440 1686 1486 qui-

71 1488 159 1526 dem
182 1499 229 1525 ex
247 1488 468 1534 praemissis
487 1489 554 1525 fiet
568 1488 838 1525 manifestum.

117 1536 179 1573 Sic
199 1537 304 1573 enim
323 1539 384 1573 est
402 1535 567 1573 ultimus
586 1535 678 1573 finis
701 1535 878 1572 omnium
909 1544 1040 1571 rerum
1059 1534 1164 1581 quod
1187 1537 1321 1570 tamen
1344 1538 1405 1571 est
1425 1534 1535 1579 prius
1558 1533 1686 1571 omni-

70 1582 147 1620 bus
166 1583 207 1619 in
229 1582 413 1620 essendo.
442 1583 549 1620 Finis
576 1586 709 1620 autem
742 1582 887 1629 aliquis
920 1582 1118 1618 invenitur
1149 1581 1231 1627 qui,
1252 1581 1370 1617 etiam
1404 1582 1437 1618 si
1474 1581 1685 1627 primatum

73 1630 248 1667 obtineat
279 1630 321 1667 in
352 1630 556 1667 causando
588 1629 805 1667 secundum
837 1629 942 1675 quod
965 1633 1026 1665 est
1057 1629 1098 1664 in
1127 1628 1362 1672 intentione,
1395 1631 1455 1665 est
1481 1632 1613 1665 tamen
1646 1628 1685 1664 in

73 1677 486 1723 essendoposterius;
508 1677 613 1724 quod
639 1676 797 1723 quidem
829 1676 1023 1722 contingit
1043 1676 1084 1712 in
1112 1675 1247 1722 quolib
1309 1675 1396 1712 sine
1423 1685 1539 1722 quem
1562 1683 1685 1722 agens

73 1733 147 1762 sua
175 1724 330 1762 actione
358 1724 566 1761 constituit
592 1735 601 1768 ;
638 1724 742 1761 sicut
772 1723 950 1760 medicus
981 1722 1188 1760 constituit
1226 1731 1270 1759 sa
1303 1722 1435 1759 itatem
1469 1732 1537 1767 per
1573 1731 1685 1759 suam

72 1771 269 1808 actionem
287 1771 328 1808 in
355 1770 528 1816 infirmo,
550 1780 637 1818 quae
657 1774 789 1808 tamen
811 1774 872 1807 est
904 1770 995 1807 finis
1017 1770 1116 1816 ejiis.
1137 1770 1292 1816 Aliquis
1313 1774 1443 1806 autem
1466 1770 1558 1806 linis
1580 1770 1686 1805 inve-

71 1819 180 1855 nitur
197 1818 279 1865 qui‚
298 1818 404 1856 sicut
422 1821 481 1855 est
501 1818 728 1864 praecedens
749 1818 790 1854 in
811 1817 1028 1861 causando,
1050 1818 1104 1853 ita
1134 1817 1252 1853 etiam
1287 1816 1329 1853 in
1350 1817 1521 1854 essendo
1541 1825 1686 1862 praece-

73 1865 153 1910 dit;
177 1865 282 1903 sicut
301 1865 446 1902 dicitur
473 1864 565 1902 finis
597 1865 636 1901 id
668 1865 773 1912 quod
807 1865 966 1911 aliquis,
989 1873 1063 1901 sua
1094 1864 1249 1901 actione
1269 1864 1330 1900 vel
1351 1868 1458 1900 motu
1481 1863 1686 1909 acquirere

71 1912 242 1950 intendit
275 1916 316 1950 ut
336 1913 468 1950 locum
502 1921 662 1949 sursum
692 1912 799 1958 ignis
830 1921 899 1958 per
929 1921 1046 1949 suum
1068 1914 1233 1955 motum,
1256 1914 1294 1947 et
1311 1910 1507 1948 civitatem
1530 1920 1596 1947 rex
1619 1919 1688 1956 per

71 1968 260 2007 pugnam.
293 1961 398 1997 Deus
429 1959 551 2007 igitur
582 1959 642 1996 sic
672 1963 732 1996 est
750 1958 842 1996 finis
863 1968 994 1996 rerum
1023 1958 1126 1995 sicut
1146 1957 1296 2005 aliquid
1316 1958 1364 1995 ab
1387 1967 1624 2004 unaquaque
1646 1966 1686 1994 re

73 2015 147 2044 suo
168 2007 287 2044 modo
307 2006 582 2044 obtinendum.

119 2054 264 2096 Adhuc,
286 2055 390 2091 Deus
413 2057 474 2091 est
493 2053 612 2091 simul
633 2053 798 2091 ultimus
817 2062 947 2090 rerum
966 2052 1058 2090 finis
1079 2056 1118 2089 et
1132 2052 1303 2098 primum
1334 2061 1471 2099 agens,
1496 2056 1539 2088 nt
1555 2055 1690 2089 osten-

73 2110 163 2139 sum
184 2103 246 2138 est
265 2100 314 2147 (c.
337 2100 410 2149 17),
432 2100 541 2138 Finis
562 2104 691 2137 autem
713 2110 782 2147 per
807 2100 1004 2138 actionem
1019 2100 1174 2146 agentis
1195 2098 1436 2136 constitutus
1458 2108 1539 2136 non
1560 2101 1689 2145 potest

73 2157 163 2186 esse
181 2147 354 2194 primum
373 2156 512 2195 agens,
529 2147 599 2185 sed
620 2151 680 2185 est
698 2147 828 2194 magis
843 2146 1006 2185 effectus
1022 2146 1191 2194 agentis.
1206 2148 1290 2184 Non
1305 2150 1436 2192 potest
1448 2145 1570 2192 igitur
1585 2147 1689 2182 Deus

73 2195 132 2232 sic
150 2203 240 2247 esse
259 2193 353 2232 finis
370 2203 502 2248 rerum
523 2194 637 2241 quasi
672 2194 822 2242 aliquid
842 2194 1118 2238 constitutum,
1140 2193 1211 2231 sed
1231 2193 1364 2231 solum
1398 2193 1513 2240 quasi
1535 2192 1687 2239 aliquid

72 2244 330 2296 pJaeexistens
348 2241 621 2279 obtinendum.

120 2289 303 2335 Amplius,
325 2289 359 2326 si
379 2288 530 2335 aliquid
563 2291 654 2336 agat
684 2290 843 2334 propter
873 2297 956 2326 rem
991 2287 1165 2335 aliquam
1184 2287 1266 2333 jam
1301 2287 1536 2324 existentem
1567 2290 1604 2324 et
1621 2296 1690 2332 per

74 2335 160 2382 ejus
193 2335 390 2373 actionem
419 2335 569 2383 aliquid
603 2335 881 2379 constituatur,
904 2338 1058 2382 oportet
1090 2335 1195 2382 quod
1215 2334 1272 2371 rei
1292 2337 1586 2380 propterquam
1608 2333 1691 2379 agit
1733 2334 1739 2340 ”

73 2382 225 2430 aliquid
253 2382 480 2431 acquiratur
507 2392 555 2419 ex
584 2382 740 2420 actione
774 2383 954 2429 agentis3
974 2381 1078 2418 sicut
1107 2381 1142 2418 si
1163 2381 1311 2418 milites
1330 2383 1510 2426 pugnant
1530 2384 1690 2426 propter

74 2430 215 2468 ducem
234 2429 298 2468 cui
322 2429 540 2476 acquiritur
555 2429 734 2470 victoria,
754 2438 871 2476 quam
889 2428 1037 2466 milites
1058 2428 1145 2466 suis
1165 2427 1390 2464 actionibus
1410 2430 1590 2464 causant.
1607 2429 1692 2465 Deo-

73 2481 203 2515 autem
225 2485 307 2515 non
323 2480 454 2523 potest
472 2475 623 2524 aliquid
642 2476 792 2524 acquiri
813 2485 861 2513 ex
893 2475 1048 2513 actione
1068 2474 1280 2520 cujuslibet
1298 2474 1355 2511 rei
1374 2485 1385 2514 ;
1407 2477 1467 2511 est
1486 2474 1592 2511 enim
1615 2483 1691 2512 sua

71 2523 233 2562 bonitas
252 2524 418 2562 omnino
437 2522 624 2571 perfecta,
645 2525 689 2561 ut
714 2523 756 2559 in
775 2522 903 2569 primo
922 2522 1024 2559 libro
1044 2525 1251 2559 ostensum
1273 2524 1334 2559 est
1365 2520 1413 2567 (c.
1450 2522 1494 2558 18
1515 2525 1552 2559 et
1570 2521 1687 2568 seq).

72 2571 324 2620 Relinquitur
341 2571 464 2619 igitur
479 2570 586 2617 quod
605 2571 710 2608 Deus
726 2569 779 2607 sit
798 2569 891 2607 finis
910 2574 1056 2613 rerum,
1078 2577 1160 2606 non
1188 2568 1293 2606 sicut
1320 2567 1469 2614 aliquid
1497 2569 1689 2606 constitu-

72 2621 156 2656 tum
185 2622 254 2657 aut
281 2618 433 2666 aliquid
465 2617 648 2655 effectum
678 2626 702 2654 a
729 2616 862 2662 rebus,
890 2625 1019 2664 neque
1051 2617 1106 2653 ita
1141 2615 1245 2663 quod
1277 2614 1428 2663 aliquid
1445 2614 1482 2652 ei
1510 2624 1535 2653 a
1568 2615 1690 2652 rebus

73 2667 314 2712 acquiratur,
335 2664 406 2704 sed
425 2665 502 2704 hoc
522 2665 610 2703 solo
630 2664 749 2701 modo
767 2663 861 2708 quia
883 2663 969 2709 ipse
988 2662 1107 2700 rebus
1127 2663 1356 2710 acquiritur.

118 2713 219 2759 Item,
241 2717 395 2759 oportet
413 2712 520 2761 quod
539 2722 587 2749 eo
610 2711 730 2749 modo
751 2710 916 2748 effectus
933 2709 1069 2747 tendat
1086 2710 1129 2746 in
1146 2709 1266 2747 finem
1290 2718 1369 2757 quo
1388 2719 1513 2757 agens
1528 2713 1688 2756 propter

74 2757 195 2798 finem
216 2761 310 2808 agit.
331 2762 437 2798 Deus
466 2762 611 2804 autem,
633 2759 699 2805 qui
730 2762 790 2795 est
818 2758 989 2804 primum
1020 2766 1143 2803 agens
1163 2757 1342 2794 omnium
1363 2767 1508 2802 rerum,
1529 2766 1610 2794 non
1630 2756 1690 2793 sie

76 2807 158 2854 agit
175 2807 289 2856 quasi
315 2816 390 2847 sua
406 2807 562 2847 actione
600 2805 749 2854 aliquid
783 2805 974 2854 acquirat,
996 2805 1066 2843 sed
1085 2805 1200 2853 quasi
1238 2813 1312 2843 sua
1349 2804 1504 2843 actione
1539 2802 1688 2851 aliquid
