1894 3223
166 134 232 169 194
770 129 857 164 LIB.
886 130 932 173 ΙΙ,
960 128 1061 164 CAP.
1089 129 1185 165 LXX.

162 214 233 251 Hoc
259 216 376 247 antem
400 211 543 245 videtur
577 209 821 254 imposstbtte3
838 210 979 254 qualem
1014 212 1109 246 enim
1126 213 1267 257 partem
1286 212 1350 247 aut
1377 221 1446 256 quo
1465 211 1568 247 modo
1584 211 1786 248 intellectus

162 259 369 297 continebit,
391 267 501 301 prave
520 258 571 291 est
591 259 737 301 fingere.

214 308 319 341 Patet
347 305 464 340 etiam
486 302 612 355 quod,
628 312 675 339 ex
696 303 1023 355 quo-intellectus
1052 304 1208 342 nullius
1230 305 1353 350 partis
1374 304 1554 350 corporis
1574 311 1687 343 actus
1709 309 1785 351 est,

167 361 247 388 non
270 351 448 396 sequitur
468 352 734 396 receptionem
758 359 845 396 eJus
866 360 955 389 esse
976 352 1245 397 receptionem
1267 352 1440 388 materiae
1461 351 1623 397 primae3
1645 362 1694 389 ex
1708 361 1788 399 quo

167 399 252 445 ejus
276 397 448 442 receptio
470 400 507 433 et
530 397 708 443 operatio
731 401 791 434 est
811 399 977 435 omnino
998 399 1148 445 absque
1167 399 1363 445 corporali
1384 408 1551 445 organo.

217 447 294 481 Nec
317 444 430 480 etiam
462 443 618 480 infinita
638 444 765 481 virtus
792 444 1019 483 intellectus
1040 446 1204 490 tollitur,
1229 456 1351 492 quum
1372 455 1451 483 non
1471 449 1642 492 ponatur
1661 446 1788 485 virtus

168 492 210 529 in
232 491 520 538 magnitudine,
549 491 620 529 sed
643 491 684 527 in
707 491 932 529 substantia
952 493 1213 530 intellectuali
1235 493 1412 537 fundata,
1431 497 1474 530 ut
1494 493 1642 531 dictum
1666 497 1739 531 est.

802 638 969 679 CAPUT
1023 638 1140 680 LXX.

208 752 322 789 QUOD,
345 751 548 780 SECUNDUM
565 751 680 780 DICTA
698 751 960 788 ARISTOTELIS,
981 751 1152 781 OPORTET
1170 752 1321 782 PONERE
1341 753 1606 784 INTELLEGTUM
1626 755 1737 784 UNIRI

754 811 917 839 CORPORI
944 811 994 840 UT
1017 811 1195 840 FORMAM.

213 917 256 952 Et
293 914 388 961 quia
415 914 636 952 Averrhoes
661 914 832 952 maxime
864 914 1004 952 nititur
1039 924 1153 952 suam
1185 915 1417 961 opinionem
1446 915 1682 953 confirmare
1715 925 1790 962 per

164 963 285 999 verba
312 966 351 998 et
382 961 764 999 demonstrationem
783 962 1023 1008 Aristotelis,
1044 962 1336 1000 ostendendum
1369 965 1492 1000 restat
1524 963 1630 1010 quod
1650 972 1788 1001 neces-

164 1010 317 1048 sarium
340 1013 400 1046 est
430 1009 575 1054 dicere,
595 1010 816 1046 secundum
846 1010 1076 1056 opinionem
1104 1010 1344 1055 Aristotelis,
1365 1009 1611 1048 intellectum
1645 1019 1788 1048 secun-

166 1057 258 1095 dum
282 1066 395 1093 suam
422 1057 687 1094 substantiam
715 1057 834 1094 alicui
856 1058 1012 1104 corpori
1031 1057 1138 1094 uniri
1159 1061 1202 1094 ut
1225 1057 1409 1094 formam.

214 1104 357 1141 Probat
375 1105 480 1140 onim
494 1104 726 1141 Aristoteles
740 1105 898 1149 (physic.
913 1114 986 1149 vn,
1001 1108 1096 1141 text.
1120 1113 1265 1141 comm.
1285 1108 1325 1149 33
1344 1113 1434 1149 viii,
1451 1107 1546 1141 text.
1564 1113 1710 1141 comm.
1727 1105 1787 1152 33)

166 1152 271 1198 quod
293 1152 332 1187 in
356 1152 577 1188 motoribus
611 1155 649 1187 et
668 1152 788 1188 motis
819 1152 1069 1197 impossibile
1099 1156 1158 1188 est
1196 1151 1408 1197 procedere
1436 1151 1659 1195 infinitum;
1684 1152 1788 1188 unde

168 1198 371 1235 concludit
397 1198 502 1245 quod
542 1208 705 1235 necesse
738 1203 798 1235 cst
818 1199 1000 1235 devenire
1031 1198 1077 1236 ad
1100 1198 1261 1245 aliquod
1293 1198 1465 1244 primum
1493 1201 1645 1235 motum
1681 1199 1788 1245 quod

167 1246 229 1283 vel
251 1250 454 1282 moveatur
474 1245 521 1282 ab
542 1246 736 1283 immobili
753 1246 813 1282 vel
833 1250 986 1283 moveat
1008 1255 1050 1283 se
1072 1246 1225 1291 ipsum;
1248 1249 1286 1282 et
1307 1246 1354 1282 de
1376 1246 1440 1282 his
1465 1245 1622 1283 duobus
1645 1246 1789 1291 accipit

168 1292 404 1337 secundum,
430 1293 701 1339 scilicetquod
725 1293 894 1339 primum
917 1293 1065 1330 mobile
1086 1296 1242 1330 moveat
1257 1293 1508 1339 seipsum,ea
1523 1293 1676 1329 ratione
1695 1293 1790 1339 quia

167 1340 273 1387 quod
296 1343 356 1377 est
373 1349 441 1385 per
461 1349 517 1384 se,
538 1349 694 1385 semper
721 1344 781 1377 est
802 1341 912 1386 prius
935 1350 981 1377 eo
1003 1340 1108 1387 quod
1131 1344 1194 1377 cst
1213 1349 1282 1385 per
1301 1340 1423 1376 aliud.
1447 1339 1594 1375 Deinde
1613 1340 1790 1376 ostendit

168 1387 326 1434 (Phystc.
347 1395 435 1432 viri,
456 1390 548 1423 text.
572 1396 715 1424 comm.
737 1387 796 1433 40)
820 1387 925 1434 quod
957 1396 1122 1424 movens
1145 1388 1322 1432 seipsum
1359 1387 1406 1423 de
1435 1387 1673 1423 necessitate
1694 1387 1791 1423 divi-

169 1435 275 1471 ditur
296 1434 336 1470 in
368 1434 467 1471 duas
500 1438 646 1480 partes,
670 1444 834 1480 quarum
858 1444 938 1471 una
971 1438 1030 1471 est
1050 1443 1217 1471 movens
1244 1438 1282 1470 et
1302 1433 1382 1470 alia
1401 1437 1461 1470 est
1482 1438 1604 1471 mota.
1627 1435 1789 1479 Oportet

167 1482 291 1527 igitur
317 1480 488 1526 primum
516 1481 692 1526 seipsum
725 1490 890 1519 movens
919 1482 1106 1527 componi
1137 1491 1184 1517 ex
1214 1481 1369 1518 duabus
1401 1481 1595 1527 partibus,
1619 1490 1788 1528 quarum

167 1538 247 1565 una
269 1532 329 1564 cst
349 1537 527 1565 movens.
548 1529 671 1565 Omne
705 1532 835 1565 autem
864 1529 1092 1575 hujusmodi
1126 1532 1187 1565 est
1207 1530 1426 1565 animatum
1448 1527 1685 1575 (secundum
1707 1529 1791 1574 opi·

167 1577 330 1613 nionem
350 1575 612 1622 Aristotelis);
636 1575 739 1612 unde
761 1580 798 1612 et
816 1576 857 1612 in
878 1576 1054 1613 secundo
1084 1577 1136 1612 De
1161 1576 1243 1612 coelo
1259 1575 1367 1622 (text.
1387 1584 1531 1613 comm.
1556 1575 1613 1622 13)
1645 1575 1790 1612 dicitur

168 1632 356 1668 expresse
378 1623 482 1669 quod
505 1623 646 1659 coelum
673 1626 733 1660 est
752 1623 983 1667 animatum,
1006 1626 1043 1659 et
1063 1626 1224 1669 propter
1241 1622 1318 1660 hoc
1335 1625 1488 1668 oportet
1508 1622 1550 1659 in
1572 1632 1620 1659 eo
1639 1631 1787 1668 ponere

168 1670 417 1708 ditierentias
441 1671 671 1716 positionis,
696 1679 775 1707 non
797 1671 927 1707 solum
949 1671 1078 1717 quoad
1101 1679 1190 1714 nos,
1211 1669 1279 1706 sed
1300 1670 1419 1706 etiam
1441 1669 1660 1708 secundum
1681 1678 1738 1706 se.

217 1716 469 1763 Inquiramus
508 1718 642 1764 igitur,
678 1718 898 1755 secundum
931 1718 1162 1764 opinionem
1194 1717 1433 1763 Aristotelis,
1464 1726 1543 1764 qua
1567 1717 1702 1754 anima
1735 1717 1790 1754 sit

168 1765 313 1802 coelum
339 1765 571 1801 animatum.

218 1812 361 1848 Probat
381 1812 498 1848 etiam
521 1812 753 1858 (Metaphys.,
775 1820 844 1857 xli,
863 1815 954 1848 text.
978 1821 1121 1849 comm.
1147 1813 1191 1848 35
1213 1814 1251 1848 et
1267 1811 1326 1858 36)
1347 1811 1467 1858 quod,
1489 1811 1530 1848 in
1550 1814 1660 1848 motu
1681 1811 1786 1855 coeti,

170 1862 231 1895 est
253 1858 506 1901 considerare
538 1859 686 1906 aliquid
720 1859 825 1905 quod
857 1862 989 1895 movet
1009 1859 1172 1896 omnino
1193 1858 1468 1903 immotum,et
1501 1858 1651 1904 aliquid
1680 1859 1788 1905 quod

167 1909 302 1943 movet
342 1909 507 1942 motum.
543 1905 584 1942 ld
615 1910 745 1942 autem
782 1906 886 1952 quod
917 1909 1047 1943 movet
1087 1905 1251 1942 omnino
1284 1905 1491 1941 immotum
1522 1908 1653 1942 movet
1683 1905 1789 1942 sicut

170 1952 458 1997 desiderabile;
478 1961 549 1989 nec
571 1952 733 1989 dubium
755 1953 850 1999 quin
866 1952 914 1989 ab
934 1962 981 1990 eo
1002 1953 1106 2000 quod
1128 1955 1320 1989 movetur.
1338 1952 1660 1989 Ostenditautem
1679 1951 1787 1999 quod

169 2008 252 2036 non
286 1999 390 2036 sicut
421 2000 682 2036 desiderabile
714 2000 911 2036 desiderio
950 1999 1297 2046 concupiscentiae,
1320 1999 1426 2045 quod
1462 2002 1522 2036 est
1543 1999 1787 2036 desiderium

171 2055 331 2090 sensus,
353 2046 421 2083 sed
453 2047 556 2083 sicut
581 2046 842 2084 desiderabile
873 2047 1131 2084 intellectuali
1162 2046 1383 2090 desiderio;
1413 2046 1518 2082 unde
1553 2046 1648 2083 dicit
1674 2046 1782 2092 quod

170 2093 343 2140 primuni
378 2102 541 2130 movens
570 2102 650 2130 non
679 2098 831 2130 motum
862 2098 921 2131 est
954 2093 1215 2131 desiderabile
1246 2097 1284 2130 et
1301 2093 1582 2130 intellectuale.
1603 2093 1727 2139 Igitur
1746 2093 1787 2130 id

170 2140 276 2187 quod
298 2140 345 2176 ab
367 2150 412 2177 co
435 2144 626 2186 movetur,
650 2141 804 2178 scilicet
824 2141 982 2186 coetum,
1007 2145 1067 2178 est
1093 2140 1325 2178 desiderans
1356 2144 1394 2177 et
1412 2140 1640 2187 intelligens
1673 2140 1788 2178 nohi-

169 2187 261 2224 liori
285 2188 402 2224 modo
422 2197 538 2233 quain
556 2197 644 2232 nos,
666 2192 708 2225 ut
727 2188 1017 2235 subsequenter
1034 2188 1186 2235 probat.
1208 2189 1273 2225 Est
1288 2187 1409 2234 igitur
1423 2187 1567 2225 coelum
1588 2188 1786 2234 composi·-

171 2238 270 2278 tum,
288 2235 507 2271 secundum
532 2235 762 2281 opinionem
776 2235 1014 2280 Aristotelis,
1040 2245 1086 2272 ex
1108 2235 1241 2272 anima
1262 2234 1521 2272 intellectuali
1543 2238 1579 2272 et
1600 2244 1785 2282 corpore;

172 2285 209 2319 et
241 2282 317 2318 hoc
351 2282 482 2329 signat
510 2282 551 2318 in
581 2282 758 2319 secundo
789 2285 838 2319 De
871 2285 995 2318 anima
1032 2282 1139 2330 (text,
1172 2291 1316 2319 comm.
1343 2281 1418 2329 29),
1448 2282 1515 2318 ubi
1555 2282 1650 2319 dicit
1680 2282 1788 2329 quod

171 2328 390 2374 quibusdam
408 2331 500 2365 inest
517 2330 773 2365 intellectivam
789 2333 823 2366 et
841 2331 1051 2372 intellectus,
1079 2333 1121 2366 ut
1139 2329 1355 2370 hominibus,
1375 2333 1410 2365 et
1427 2331 1461 2365 si
1479 2330 1623 2375 aliquid
1635 2329 1791 2365 alterum

171 2377 382 2422 hujusmodi
409 2379 460 2412 est
482 2380 545 2412 aut
569 2378 678 2412 etiam
699 2378 958 2418 honorabilius,
984 2377 1138 2414 scilicet
1156 2377 1314 2414 coelum.
1337 2377 1497 2414 Constat
1529 2380 1660 2413 autem
1681 2375 1788 2424 quod

171 2424 315 2460 coelum
338 2432 419 2460 non
439 2423 558 2461 habet
578 2424 751 2461 animam
786 2425 1031 2469 sensitivam,
1053 2424 1274 2462 secundum
1310 2424 1543 2471 opinionem
1563 2423 1790 2461 Aristotelis

172 2471 236 2517 (De
264 2471 346 2507 coelo
365 2473 398 2507 et
417 2471 564 2517 mundO,
582 2471 646 2518 11);
670 2471 831 2508 haberet
851 2472 956 2509 enim
977 2472 1133 2509 diversa
1155 2480 1320 2518 organa,
1342 2481 1429 2518 quae
1449 2480 1530 2508 non
1559 2472 1789 2517 competunt

171 2518 416 2564 simplicitati
436 2518 545 2563 coeli3
566 2522 604 2555 et
623 2518 671 2556 ad
693 2519 768 2556 hoc
780 2519 1020 2565 signandum
1042 2518 1493 2565 subJ'ungitAristoteles
1509 2517 1573 2564 (De
1591 2520 1727 2562 anima,
1741 2524 1787 2561 11,

171 2568 266 2601 text.
289 2574 432 2602 comm.
452 2565 510 2613 32)
525 2566 631 2612 quod
652 2566 797 2613 quibus
817 2567 863 2603 de
885 2575 1053 2603 numero
1089 2565 1408 2612 corruptibilium
1434 2565 1538 2602 inest
1562 2563 1788 2616 intellectus

171 2611 311 2648 insunt
325 2621 464 2650 omnes
479 2613 565 2650 aliae
581 2613 780 2659 potentiae,
791 2617 834 2651 ut
847 2613 957 2651 daret
970 2613 1191 2661 intelligere
1202 2612 1305 2660 quod
1322 2613 1454 2659 aliqua
1469 2610 1787 2656 incorruptibilia

172 2657 318 2694 liabent
337 2660 592 2705 intellectum,
608 2669 696 2708 quae
715 2669 797 2698 non
831 2661 978 2698 habent
997 2661 1096 2697 alias
1117 2660 1315 2707 potentias
1348 2659 1504 2701 animae,
1526 2657 1679 2695 scilicet
1699 2666 1785 2695 cor·

174 2713 273 2750 pora
293 2706 483 2743 coelestia.
505 2708 592 2744 Non
611 2708 760 2754 poterit
774 2707 896 2755 igitur
914 2708 991 2745 dici
1009 2707 1115 2755 quod
1136 2707 1361 2744 intellectus
1381 2705 1634 2742 continuetur
1652 2713 1791 2750 corpo·

176 2751 287 2788 ribus
309 2752 539 2791 coelestibus
560 2763 630 2800 per
649 2754 955 2800 phantasmata;
978 2755 1049 2792 sed
1069 2754 1267 2801 oportebit
1286 2753 1416 2790 dicere
1436 2751 1540 2798 quod
1562 2751 1789 2789 intellectus

175 2797 393 2835 secundum
415 2807 528 2836 suam
547 2800 811 2839 substantiam
831 2802 995 2839 uniatur
1014 2801 1170 2849 corpori
1191 2799 1342 2838 coelesti
1363 2801 1406 2836 ut
1425 2798 1564 2836 forma.
1578 2799 1639 2836 Sic
1664 2799 1787 2846 igitur

174 2848 213 2883 et
230 2845 385 2891 corpori
406 2845 595 2892 humano,
616 2848 721 2894 quod
741 2848 916 2886 estinter
935 2849 1072 2887 omnia
1090 2856 1257 2894 corpora
1274 2845 1465 2883 inferiora
1487 2845 1788 2883 nobilissimum

174 2895 212 2930 et
240 2892 464 2940 aequalitate
492 2902 575 2930 suae
610 2895 902 2941 complexionis
933 2895 1034 2933 coelo
1069 2895 1119 2934 ab
1149 2893 1260 2932 omni
1288 2893 1569 2932 contrarietate
1601 2893 1790 2932 absoluto
