<?xml version="1.0" encoding="UTF-8"?>
<!DOCTYPE html PUBLIC "-//W3C//DTD XHTML 1.0 Transitional//EN"
    "http://www.w3.org/TR/xhtml1/DTD/xhtml1-transitional.dtd">
<html xmlns="http://www.w3.org/1999/xhtml" xml:lang="en" lang="en">
 <head>
  <title>
</title>
<meta http-equiv="Content-Type" content="text/html;charset=utf-8" />
  <meta name='ocr-system' content='tesseract 3.04.00' />
  <meta name='ocr-capabilities' content='ocr_page ocr_carea ocr_par ocr_line ocrx_word'/>
</head>
<body>
  <div class='ocr_page' id='page_1' title='image "./deveritatecathol00thomuoft_0075.png"; bbox 0 0 1894 3223; ppageno 0'>
   <div class='ocr_carea' id='block_1_1' title="bbox 765 157 1785 200">
    <p class='ocr_par' dir='ltr' id='par_1_1' title="bbox 765 157 1785 200">
     <span class='ocr_line' id='line_1_1' title="bbox 765 157 1785 200; baseline -0.004 -7"><span class='ocrx_word' id='word_1_1' title='bbox 765 157 852 193; x_wconf 74' lang='grc' dir='ltr'>ΜΒ.</span> <span class='ocrx_word' id='word_1_2' title='bbox 881 158 909 200; x_wconf 85' lang='lat'>1,</span> <span class='ocrx_word' id='word_1_3' title='bbox 938 157 1040 193; x_wconf 68' lang='lat' dir='ltr'><strong>CAP.</strong></span> <span class='ocrx_word' id='word_1_4' title='bbox 1067 157 1181 193; x_wconf 81' lang='lat' dir='ltr'>xxix.</span> <span class='ocrx_word' id='word_1_5' title='bbox 1739 161 1785 195; x_wconf 52' lang='lat'>322-</span> 
     </span>
    </p>
   </div>
   <div class='ocr_carea' id='block_1_2' title="bbox 126 237 1783 2491">
    <p class='ocr_par' dir='ltr' id='par_1_2' title="bbox 164 237 1781 463">
     <span class='ocr_line' id='line_1_2' title="bbox 165 237 1778 284; baseline 0 -8"><span class='ocrx_word' id='word_1_6' title='bbox 165 239 245 276; x_wconf 88' lang='lat' dir='ltr'>Deo</span> <span class='ocrx_word' id='word_1_7' title='bbox 267 247 362 284; x_wconf 74' lang='lat' dir='ltr'>ergo</span> <span class='ocrx_word' id='word_1_8' title='bbox 382 238 516 276; x_wconf 87' lang='lat' dir='ltr'>omnis</span> <span class='ocrx_word' id='word_1_9' title='bbox 535 238 713 276; x_wconf 78' lang='lat' dir='ltr'>defectus</span> <span class='ocrx_word' id='word_1_10' title='bbox 734 238 922 275; x_wconf 77' lang='lat' dir='ltr'>abscedit.</span> <span class='ocrx_word' id='word_1_11' title='bbox 943 240 1007 274; x_wconf 83' lang='lat' dir='ltr'>Est</span> <span class='ocrx_word' id='word_1_12' title='bbox 1035 239 1155 283; x_wconf 70' lang='lat' dir='ltr'>igitur</span> <span class='ocrx_word' id='word_1_13' title='bbox 1175 237 1453 275; x_wconf 85' lang='lat' dir='ltr'>universaliter</span> <span class='ocrx_word' id='word_1_14' title='bbox 1475 237 1685 283; x_wconf 83' lang='lat' dir='ltr'>perfectus.</span> <span class='ocrx_word' id='word_1_15' title='bbox 1703 242 1778 276; x_wconf 68' lang='lat' dir='ltr'>lstat</span> 
     </span>
     <span class='ocr_line' id='line_1_3' title="bbox 164 284 1781 332; baseline 0.002 -11"><span class='ocrx_word' id='word_1_16' title='bbox 164 294 257 323; x_wconf 88' lang='lat' dir='ltr'>vero</span> <span class='ocrx_word' id='word_1_17' title='bbox 279 295 366 332; x_wconf 84' lang='lat' dir='ltr'>quae</span> <span class='ocrx_word' id='word_1_18' title='bbox 381 290 532 322; x_wconf 80' lang='lat' dir='ltr'>tantum</span> <span class='ocrx_word' id='word_1_19' title='bbox 551 289 656 328; x_wconf 87' lang='lat' dir='ltr'>sunt,</span> <span class='ocrx_word' id='word_1_20' title='bbox 674 294 753 322; x_wconf 87' lang='lat' dir='ltr'>non</span> <span class='ocrx_word' id='word_1_21' title='bbox 771 289 862 321; x_wconf 86' lang='lat' dir='ltr'>sunt</span> <span class='ocrx_word' id='word_1_22' title='bbox 881 285 1108 330; x_wconf 69' lang='lat' dir='ltr'>imperfecta</span> <span class='ocrx_word' id='word_1_23' title='bbox 1130 289 1286 331; x_wconf 82' lang='lat' dir='ltr'>propter</span> <span class='ocrx_word' id='word_1_24' title='bbox 1302 284 1637 329; x_wconf 68' lang='lat' dir='ltr'>imperfectionem</span> <span class='ocrx_word' id='word_1_25' title='bbox 1654 286 1781 331; x_wconf 70' lang='lat' dir='ltr'>ipsius—</span> 
     </span>
     <span class='ocr_line' id='line_1_4' title="bbox 166 331 1775 378; baseline 0.001 -8"><span class='ocrx_word' id='word_1_26' title='bbox 166 341 255 370; x_wconf 82' lang='lat' dir='ltr'>esse</span> <span class='ocrx_word' id='word_1_27' title='bbox 275 332 462 369; x_wconf 85' lang='lat' dir='ltr'>absoluti.</span> <span class='ocrx_word' id='word_1_28' title='bbox 482 334 565 369; x_wconf 77' lang='lat' dir='ltr'>Non</span> <span class='ocrx_word' id='word_1_29' title='bbox 587 332 690 368; x_wconf 89' lang='lat' dir='ltr'>enim</span> <span class='ocrx_word' id='word_1_30' title='bbox 731 331 816 377; x_wconf 83' lang='lat' dir='ltr'>ipsa</span> <span class='ocrx_word' id='word_1_31' title='bbox 850 331 995 368; x_wconf 78' lang='lat' dir='ltr'>liabent</span> <span class='ocrx_word' id='word_1_32' title='bbox 1015 341 1104 368; x_wconf 82' lang='lat' dir='ltr'>esse</span> <span class='ocrx_word' id='word_1_33' title='bbox 1124 331 1342 368; x_wconf 81' lang='lat' dir='ltr'>secundum</span> <span class='ocrx_word' id='word_1_34' title='bbox 1362 340 1478 368; x_wconf 88' lang='lat' dir='ltr'>suum</span> <span class='ocrx_word' id='word_1_35' title='bbox 1502 335 1624 368; x_wconf 92' lang='lat' dir='ltr'>totum</span> <span class='ocrx_word' id='word_1_36' title='bbox 1645 342 1775 378; x_wconf 81' lang='lat' dir='ltr'>posse.</span> 
     </span>
     <span class='ocr_line' id='line_1_5' title="bbox 167 378 1781 463; baseline 0.001 -48"><span class='ocrx_word' id='word_1_37' title='bbox 167 379 235 463; x_wconf 50' lang='lat' dir='ltr'>sed</span> <span class='ocrx_word' id='word_1_38' title='bbox 258 379 491 424; x_wconf 76' lang='lat' dir='ltr'>participant</span> <span class='ocrx_word' id='word_1_39' title='bbox 511 388 600 417; x_wconf 86' lang='lat' dir='ltr'>esse</span> <span class='ocrx_word' id='word_1_40' title='bbox 621 378 840 416; x_wconf 84' lang='lat' dir='ltr'>secundum</span> <span class='ocrx_word' id='word_1_41' title='bbox 861 378 1070 425; x_wconf 73' lang='lat' dir='ltr'>quemdum</span> <span class='ocrx_word' id='word_1_42' title='bbox 1093 379 1368 424; x_wconf 70' lang='lat' dir='ltr'>particularem</span> <span class='ocrx_word' id='word_1_43' title='bbox 1398 378 1559 415; x_wconf 87' lang='lat' dir='ltr'>modum</span> <span class='ocrx_word' id='word_1_44' title='bbox 1584 383 1623 416; x_wconf 90' lang='lat' dir='ltr'>et</span> <span class='ocrx_word' id='word_1_45' title='bbox 1642 381 1781 426; x_wconf 74' lang='lat' dir='ltr'>imper-</span> 
     </span>
     <span class='ocr_line' id='line_1_6' title="bbox 183 426 447 462; baseline -0.004 0"><span class='ocrx_word' id='word_1_46' title='bbox 183 426 447 462; x_wconf 82' lang='lat' dir='ltr'>&#39;cclissimun1.</span> 
     </span>
    </p>

    <p class='ocr_par' dir='ltr' id='par_1_3' title="bbox 166 471 1782 649">
     <span class='ocr_line' id='line_1_7' title="bbox 213 471 1779 518; baseline 0 -10"><span class='ocrx_word' id='word_1_47' title='bbox 213 474 311 512; x_wconf 79' lang='lat' dir='ltr'>Item.</span> <span class='ocrx_word' id='word_1_48' title='bbox 334 482 452 509; x_wconf 84' lang='lat' dir='ltr'>omne</span> <span class='ocrx_word' id='word_1_49' title='bbox 485 471 758 517; x_wconf 87' lang='lat' dir='ltr'>imperfectum</span> <span class='ocrx_word' id='word_1_50' title='bbox 794 472 841 508; x_wconf 84' lang='lat' dir='ltr'>ab</span> <span class='ocrx_word' id='word_1_51' title='bbox 872 471 1006 518; x_wconf 83' lang='lat' dir='ltr'>aliquo</span> <span class='ocrx_word' id='word_1_52' title='bbox 1027 474 1198 517; x_wconf 82' lang='lat' dir='ltr'>perlecto</span> <span class='ocrx_word' id='word_1_53' title='bbox 1220 480 1383 508; x_wconf 88' lang='lat' dir='ltr'>necesse</span> <span class='ocrx_word' id='word_1_54' title='bbox 1412 475 1472 508; x_wconf 86' lang='lat' dir='ltr'>est</span> <span class='ocrx_word' id='word_1_55' title='bbox 1510 476 1550 508; x_wconf 86' lang='lat' dir='ltr'>ut</span> <span class='ocrx_word' id='word_1_56' title='bbox 1580 473 1779 518; x_wconf 75' lang='lat' dir='ltr'>procedat.</span> 
     </span>
     <span class='ocr_line' id='line_1_8' title="bbox 169 518 1777 566; baseline 0.001 -10"><span class='ocrx_word' id='word_1_57' title='bbox 169 520 308 556; x_wconf 64' lang='lat' dir='ltr'>Sumen</span> <span class='ocrx_word' id='word_1_58' title='bbox 332 520 435 556; x_wconf 86' lang='lat' dir='ltr'>enim</span> <span class='ocrx_word' id='word_1_59' title='bbox 475 523 534 556; x_wconf 89' lang='lat' dir='ltr'>est</span> <span class='ocrx_word' id='word_1_60' title='bbox 554 519 602 556; x_wconf 80' lang='lat' dir='ltr'>ab</span> <span class='ocrx_word' id='word_1_61' title='bbox 624 518 785 556; x_wconf 83' lang='lat' dir='ltr'>animali</span> <span class='ocrx_word' id='word_1_62' title='bbox 807 519 864 555; x_wconf 82' lang='lat' dir='ltr'>vel</span> <span class='ocrx_word' id='word_1_63' title='bbox 887 529 907 555; x_wconf 79' lang='lat' dir='ltr'>a</span> <span class='ocrx_word' id='word_1_64' title='bbox 946 519 1090 564; x_wconf 64' lang='lat' dir='ltr'>plantat.</span> <span class='ocrx_word' id='word_1_65' title='bbox 1117 520 1237 565; x_wconf 81' lang='lat' dir='ltr'>igitur</span> <span class='ocrx_word' id='word_1_66' title='bbox 1258 520 1425 566; x_wconf 88' lang='lat' dir='ltr'>primum</span> <span class='ocrx_word' id='word_1_67' title='bbox 1449 528 1521 555; x_wconf 86' lang='lat' dir='ltr'>ens</span> <span class='ocrx_word' id='word_1_68' title='bbox 1550 519 1669 556; x_wconf 66' lang='lat' dir='ltr'>&#39;debet</span> <span class='ocrx_word' id='word_1_69' title='bbox 1691 530 1777 557; x_wconf 81' lang='lat' dir='ltr'>esse</span> 
     </span>
     <span class='ocr_line' id='line_1_9' title="bbox 166 567 1782 649; baseline -0.001 -46"><span class='ocrx_word' id='word_1_70' title='bbox 166 567 514 649; x_wconf 51' lang='lat' dir='ltr'>perfectissimum.</span> <span class='ocrx_word' id='word_1_71' title='bbox 536 567 747 603; x_wconf 89' lang='lat' dir='ltr'>Ostensum</span> <span class='ocrx_word' id='word_1_72' title='bbox 770 570 830 603; x_wconf 84' lang='lat' dir='ltr'>cst</span> <span class='ocrx_word' id='word_1_73' title='bbox 859 570 988 603; x_wconf 86' lang='lat' dir='ltr'>autem</span> <span class='ocrx_word' id='word_1_74' title='bbox 1012 567 1134 602; x_wconf 82' lang='lat' dir='ltr'>Deum</span> <span class='ocrx_word' id='word_1_75' title='bbox 1169 576 1257 603; x_wconf 87' lang='lat' dir='ltr'>csse</span> <span class='ocrx_word' id='word_1_76' title='bbox 1288 567 1459 612; x_wconf 89' lang='lat' dir='ltr'>primum</span> <span class='ocrx_word' id='word_1_77' title='bbox 1480 575 1565 612; x_wconf 80' lang='lat' dir='ltr'>ens,</span> <span class='ocrx_word' id='word_1_78' title='bbox 1588 572 1647 604; x_wconf 87' lang='lat' dir='ltr'>est</span> <span class='ocrx_word' id='word_1_79' title='bbox 1690 576 1782 615; x_wconf 78' lang='lat' dir='ltr'>crgo</span> 
     </span>
    </p>

    <p class='ocr_par' dir='ltr' id='par_1_4' title="bbox 197 618 498 650">
     <span class='ocr_line' id='line_1_10' title="bbox 197 618 498 650; baseline 0 0"><span class='ocrx_word' id='word_1_80' title='bbox 197 623 238 650; x_wconf 86' lang='lat' dir='ltr'>er</span> <span class='ocrx_word' id='word_1_81' title='bbox 257 618 498 650; x_wconf 83' lang='lat' dir='ltr'>ectissimus.</span> 
     </span>
    </p>

    <p class='ocr_par' dir='ltr' id='par_1_5' title="bbox 168 623 1782 846">
     <span class='ocr_line' id='line_1_11' title="bbox 169 623 1782 706; baseline 0.001 -10"><span class='ocrx_word' id='word_1_82' title='bbox 169 623 192 660; x_wconf 70' lang='lat' dir='ltr'>p</span> <span class='ocrx_word' id='word_1_83' title='bbox 214 661 396 705; x_wconf 78' lang='lat' dir='ltr'>Amplius,</span> <span class='ocrx_word' id='word_1_84' title='bbox 420 659 732 706; x_wconf 80' lang='lat' dir='ltr'>unumquodque</span> <span class='ocrx_word' id='word_1_85' title='bbox 756 659 971 705; x_wconf 87' lang='lat' dir='ltr'>perfectum</span> <span class='ocrx_word' id='word_1_86' title='bbox 994 665 1067 703; x_wconf 90' lang='lat' dir='ltr'>est,</span> <span class='ocrx_word' id='word_1_87' title='bbox 1090 660 1128 696; x_wconf 91' lang='lat' dir='ltr'>in</span> <span class='ocrx_word' id='word_1_88' title='bbox 1151 663 1340 706; x_wconf 82' lang='lat' dir='ltr'>quantum</span> <span class='ocrx_word' id='word_1_89' title='bbox 1369 664 1430 696; x_wconf 85' lang='lat' dir='ltr'>est</span> <span class='ocrx_word' id='word_1_90' title='bbox 1455 665 1558 700; x_wconf 72' lang='lat' dir='ltr'>aetii,</span> <span class='ocrx_word' id='word_1_91' title='bbox 1581 660 1782 705; x_wconf 82' lang='lat' dir='ltr'>imperfec-</span> 
     </span>
     <span class='ocr_line' id='line_1_12' title="bbox 168 706 1781 753; baseline 0 -10"><span class='ocrx_word' id='word_1_92' title='bbox 168 710 251 743; x_wconf 84' lang='lat' dir='ltr'>tum</span> <span class='ocrx_word' id='word_1_93' title='bbox 275 711 404 744; x_wconf 81' lang='lat' dir='ltr'>autem</span> <span class='ocrx_word' id='word_1_94' title='bbox 426 706 644 744; x_wconf 87' lang='lat' dir='ltr'>secundum</span> <span class='ocrx_word' id='word_1_95' title='bbox 667 707 770 753; x_wconf 89' lang='lat' dir='ltr'>quod</span> <span class='ocrx_word' id='word_1_96' title='bbox 795 712 853 743; x_wconf 87' lang='lat' dir='ltr'>est</span> <span class='ocrx_word' id='word_1_97' title='bbox 875 707 913 743; x_wconf 88' lang='lat' dir='ltr'>in</span> <span class='ocrx_word' id='word_1_98' title='bbox 937 708 1110 752; x_wconf 84' lang='lat' dir='ltr'>potentia</span> <span class='ocrx_word' id='word_1_99' title='bbox 1130 716 1219 743; x_wconf 88' lang='lat' dir='ltr'>eum</span> <span class='ocrx_word' id='word_1_100' title='bbox 1236 707 1451 752; x_wconf 81' lang='lat' dir='ltr'>privatione</span> <span class='ocrx_word' id='word_1_101' title='bbox 1466 713 1589 743; x_wconf 78' lang='lat' dir='ltr'>actus.</span> <span class='ocrx_word' id='word_1_102' title='bbox 1607 708 1645 743; x_wconf 86' lang='lat' dir='ltr'>ld</span> <span class='ocrx_word' id='word_1_103' title='bbox 1664 708 1781 753; x_wconf 63' lang='lat' dir='ltr'>igitur</span> 
     </span>
     <span class='ocr_line' id='line_1_13' title="bbox 168 753 1779 800; baseline 0 -10"><span class='ocrx_word' id='word_1_104' title='bbox 168 753 272 800; x_wconf 86' lang='lat' dir='ltr'>quod</span> <span class='ocrx_word' id='word_1_105' title='bbox 297 754 405 790; x_wconf 88' lang='lat' dir='ltr'>nullo</span> <span class='ocrx_word' id='word_1_106' title='bbox 428 753 544 790; x_wconf 88' lang='lat' dir='ltr'>modo</span> <span class='ocrx_word' id='word_1_107' title='bbox 562 758 622 790; x_wconf 81' lang='lat' dir='ltr'>est</span> <span class='ocrx_word' id='word_1_108' title='bbox 644 754 680 790; x_wconf 92' lang='lat' dir='ltr'>in</span> <span class='ocrx_word' id='word_1_109' title='bbox 706 754 891 799; x_wconf 79' lang='lat' dir='ltr'>potentia,</span> <span class='ocrx_word' id='word_1_110' title='bbox 915 754 984 790; x_wconf 85' lang='lat' dir='ltr'>sed</span> <span class='ocrx_word' id='word_1_111' title='bbox 1005 754 1189 790; x_wconf 69' lang='lat' dir='ltr'>eStactus</span> <span class='ocrx_word' id='word_1_112' title='bbox 1212 763 1346 798; x_wconf 82' lang='lat' dir='ltr'>purus,</span> <span class='ocrx_word' id='word_1_113' title='bbox 1370 758 1522 798; x_wconf 89' lang='lat' dir='ltr'>oportet</span> <span class='ocrx_word' id='word_1_114' title='bbox 1543 756 1779 800; x_wconf 76' lang='lat' dir='ltr'>perlectissi-</span> 
     </span>
     <span class='ocr_line' id='line_1_14' title="bbox 170 800 1447 846; baseline -0.002 -8"><span class='ocrx_word' id='word_1_115' title='bbox 170 809 276 838; x_wconf 90' lang='lat' dir='ltr'>mum</span> <span class='ocrx_word' id='word_1_116' title='bbox 301 810 403 837; x_wconf 88' lang='lat' dir='ltr'>esse.</span> <span class='ocrx_word' id='word_1_117' title='bbox 423 801 511 836; x_wconf 79' lang='lat' dir='ltr'>Tale</span> <span class='ocrx_word' id='word_1_118' title='bbox 530 806 661 837; x_wconf 83' lang='lat' dir='ltr'>autem</span> <span class='ocrx_word' id='word_1_119' title='bbox 680 802 782 837; x_wconf 86' lang='lat' dir='ltr'>Deus</span> <span class='ocrx_word' id='word_1_120' title='bbox 805 805 876 837; x_wconf 85' lang='lat' dir='ltr'>est.</span> <span class='ocrx_word' id='word_1_121' title='bbox 896 802 962 837; x_wconf 87' lang='lat' dir='ltr'>Est</span> <span class='ocrx_word' id='word_1_122' title='bbox 980 800 1101 846; x_wconf 79' lang='lat' dir='ltr'>igilur</span> <span class='ocrx_word' id='word_1_123' title='bbox 1123 800 1447 845; x_wconf 82' lang='lat' dir='ltr'>perfectissimus.</span> 
     </span>
    </p>

    <p class='ocr_par' dir='ltr' id='par_1_6' title="bbox 169 846 1782 1222">
     <span class='ocr_line' id='line_1_15' title="bbox 214 846 1781 893; baseline -0.001 -9"><span class='ocrx_word' id='word_1_124' title='bbox 214 849 398 892; x_wconf 64' lang='lat' dir='ltr'>Amplius,</span> <span class='ocrx_word' id='word_1_125' title='bbox 422 847 520 884; x_wconf 78' lang='lat' dir='ltr'>niliil</span> <span class='ocrx_word' id='word_1_126' title='bbox 539 848 619 892; x_wconf 61' lang='lat' dir='ltr'>agit</span> <span class='ocrx_word' id='word_1_127' title='bbox 643 848 717 884; x_wconf 90' lang='lat' dir='ltr'>nisi</span> <span class='ocrx_word' id='word_1_128' title='bbox 754 847 970 884; x_wconf 85' lang='lat' dir='ltr'>seeundum</span> <span class='ocrx_word' id='word_1_129' title='bbox 994 846 1098 892; x_wconf 83' lang='lat' dir='ltr'>quod</span> <span class='ocrx_word' id='word_1_130' title='bbox 1120 851 1179 882; x_wconf 84' lang='lat' dir='ltr'>est</span> <span class='ocrx_word' id='word_1_131' title='bbox 1200 847 1239 882; x_wconf 87' lang='lat' dir='ltr'>iu</span> <span class='ocrx_word' id='word_1_132' title='bbox 1277 851 1379 882; x_wconf 76' lang='lat' dir='ltr'>actu.</span> <span class='ocrx_word' id='word_1_133' title='bbox 1407 847 1517 884; x_wconf 87' lang='lat' dir='ltr'>Actio</span> <span class='ocrx_word' id='word_1_134' title='bbox 1539 847 1659 893; x_wconf 76' lang='lat' dir='ltr'>igilur</span> <span class='ocrx_word' id='word_1_135' title='bbox 1691 857 1781 885; x_wconf 87' lang='lat' dir='ltr'>con-</span> 
     </span>
     <span class='ocr_line' id='line_1_16' title="bbox 170 893 1780 941; baseline 0 -9"><span class='ocrx_word' id='word_1_136' title='bbox 170 895 349 941; x_wconf 80' lang='lat' dir='ltr'>sequitur</span> <span class='ocrx_word' id='word_1_137' title='bbox 382 895 541 932; x_wconf 87' lang='lat' dir='ltr'>modum</span> <span class='ocrx_word' id='word_1_138' title='bbox 565 899 676 930; x_wconf 81' lang='lat' dir='ltr'>actus</span> <span class='ocrx_word' id='word_1_139' title='bbox 715 894 754 930; x_wconf 91' lang='lat' dir='ltr'>in</span> <span class='ocrx_word' id='word_1_140' title='bbox 790 898 942 939; x_wconf 77' lang='lat' dir='ltr'>agente.</span> <span class='ocrx_word' id='word_1_141' title='bbox 973 893 1222 938; x_wconf 79' lang='lat' dir='ltr'>Impossibile</span> <span class='ocrx_word' id='word_1_142' title='bbox 1252 898 1312 930; x_wconf 89' lang='lat' dir='ltr'>est</span> <span class='ocrx_word' id='word_1_143' title='bbox 1343 893 1462 939; x_wconf 72' lang='lat' dir='ltr'>igitur</span> <span class='ocrx_word' id='word_1_144' title='bbox 1494 894 1691 939; x_wconf 81' lang='lat' dir='ltr'>ellectum,</span> <span class='ocrx_word' id='word_1_145' title='bbox 1713 895 1780 940; x_wconf 82' lang='lat' dir='ltr'>qui</span> 
     </span>
     <span class='ocr_line' id='line_1_17' title="bbox 171 940 1780 987; baseline 0 -10"><span class='ocrx_word' id='word_1_146' title='bbox 171 951 238 987; x_wconf 87' lang='lat' dir='ltr'>per</span> <span class='ocrx_word' id='word_1_147' title='bbox 273 942 467 978; x_wconf 76' lang='lat' dir='ltr'>actionem</span> <span class='ocrx_word' id='word_1_148' title='bbox 506 941 698 984; x_wconf 77' lang='lat' dir='ltr'>educitur,</span> <span class='ocrx_word' id='word_1_149' title='bbox 727 950 814 977; x_wconf 88' lang='lat' dir='ltr'>esse</span> <span class='ocrx_word' id='word_1_150' title='bbox 838 940 874 975; x_wconf 89' lang='lat' dir='ltr'>in</span> <span class='ocrx_word' id='word_1_151' title='bbox 915 940 1100 977; x_wconf 86' lang='lat' dir='ltr'>nobiliori</span> <span class='ocrx_word' id='word_1_152' title='bbox 1136 943 1225 977; x_wconf 83' lang='lat' dir='ltr'>actu</span> <span class='ocrx_word' id='word_1_153' title='bbox 1251 950 1369 986; x_wconf 83' lang='lat' dir='ltr'>quam</span> <span class='ocrx_word' id='word_1_154' title='bbox 1399 941 1451 978; x_wconf 88' lang='lat' dir='ltr'>sit</span> <span class='ocrx_word' id='word_1_155' title='bbox 1471 945 1583 978; x_wconf 82' lang='lat' dir='ltr'>actus</span> <span class='ocrx_word' id='word_1_156' title='bbox 1605 943 1780 987; x_wconf 65' lang='lat' dir='ltr'>agentisg</span> 
     </span>
     <span class='ocr_line' id='line_1_18' title="bbox 171 986 1780 1034; baseline 0.001 -11"><span class='ocrx_word' id='word_1_157' title='bbox 171 989 363 1034; x_wconf 81' lang='lat' dir='ltr'>possibile</span> <span class='ocrx_word' id='word_1_158' title='bbox 383 992 441 1025; x_wconf 82' lang='lat' dir='ltr'>est</span> <span class='ocrx_word' id='word_1_159' title='bbox 474 992 604 1024; x_wconf 81' lang='lat' dir='ltr'>tamen</span> <span class='ocrx_word' id='word_1_160' title='bbox 625 991 755 1024; x_wconf 85' lang='lat' dir='ltr'>actum</span> <span class='ocrx_word' id='word_1_161' title='bbox 777 986 941 1024; x_wconf 77' lang='lat' dir='ltr'>effectus</span> <span class='ocrx_word' id='word_1_162' title='bbox 962 987 1292 1032; x_wconf 77' lang='lat' dir='ltr'>imperfectiorem</span> <span class='ocrx_word' id='word_1_163' title='bbox 1324 997 1413 1024; x_wconf 85' lang='lat' dir='ltr'>esse</span> <span class='ocrx_word' id='word_1_164' title='bbox 1446 998 1562 1034; x_wconf 78' lang='lat' dir='ltr'>quam</span> <span class='ocrx_word' id='word_1_165' title='bbox 1586 989 1638 1024; x_wconf 89' lang='lat' dir='ltr'>sit</span> <span class='ocrx_word' id='word_1_166' title='bbox 1668 993 1780 1025; x_wconf 82' lang='lat' dir='ltr'>actus</span> 
     </span>
     <span class='ocr_line' id='line_1_19' title="bbox 169 1033 1781 1081; baseline 0.001 -10"><span class='ocrx_word' id='word_1_167' title='bbox 169 1044 300 1072; x_wconf 72' lang='lat' dir='ltr'>causae</span> <span class='ocrx_word' id='word_1_168' title='bbox 321 1034 490 1081; x_wconf 84' lang='lat' dir='ltr'>agentis,</span> <span class='ocrx_word' id='word_1_169' title='bbox 512 1043 558 1071; x_wconf 88' lang='lat' dir='ltr'>eo</span> <span class='ocrx_word' id='word_1_170' title='bbox 573 1033 677 1080; x_wconf 87' lang='lat' dir='ltr'>quod</span> <span class='ocrx_word' id='word_1_171' title='bbox 703 1033 805 1070; x_wconf 83' lang='lat' dir='ltr'>actio</span> <span class='ocrx_word' id='word_1_172' title='bbox 827 1037 956 1079; x_wconf 89' lang='lat' dir='ltr'>potest</span> <span class='ocrx_word' id='word_1_173' title='bbox 976 1034 1170 1070; x_wconf 79' lang='lat' dir='ltr'>debilitari</span> <span class='ocrx_word' id='word_1_174' title='bbox 1193 1044 1240 1070; x_wconf 85' lang='lat' dir='ltr'>ex</span> <span class='ocrx_word' id='word_1_175' title='bbox 1260 1040 1368 1079; x_wconf 77' lang='lat' dir='ltr'>parte</span> <span class='ocrx_word' id='word_1_176' title='bbox 1386 1035 1471 1080; x_wconf 89' lang='lat' dir='ltr'>ejus</span> <span class='ocrx_word' id='word_1_177' title='bbox 1492 1035 1531 1071; x_wconf 89' lang='lat' dir='ltr'>in</span> <span class='ocrx_word' id='word_1_178' title='bbox 1552 1045 1630 1081; x_wconf 85' lang='lat' dir='ltr'>quo</span> <span class='ocrx_word' id='word_1_179' title='bbox 1652 1036 1781 1072; x_wconf 87' lang='lat' dir='ltr'>termi-</span> 
     </span>
     <span class='ocr_line' id='line_1_20' title="bbox 170 1080 1781 1127; baseline 0 -9"><span class='ocrx_word' id='word_1_180' title='bbox 170 1085 298 1118; x_wconf 88' lang='lat' dir='ltr'>natur.</span> <span class='ocrx_word' id='word_1_181' title='bbox 321 1082 364 1117; x_wconf 88' lang='lat' dir='ltr'>In</span> <span class='ocrx_word' id='word_1_182' title='bbox 387 1090 530 1127; x_wconf 82' lang='lat' dir='ltr'>genere</span> <span class='ocrx_word' id='word_1_183' title='bbox 563 1084 691 1117; x_wconf 86' lang='lat' dir='ltr'>autem</span> <span class='ocrx_word' id='word_1_184' title='bbox 727 1090 857 1117; x_wconf 85' lang='lat' dir='ltr'>eausae</span> <span class='ocrx_word' id='word_1_185' title='bbox 879 1080 1086 1117; x_wconf 82' lang='lat' dir='ltr'>efficientis</span> <span class='ocrx_word' id='word_1_186' title='bbox 1125 1080 1167 1116; x_wconf 85' lang='lat' dir='ltr'>sit</span> <span class='ocrx_word' id='word_1_187' title='bbox 1187 1081 1363 1117; x_wconf 88' lang='lat' dir='ltr'>reductio</span> <span class='ocrx_word' id='word_1_188' title='bbox 1384 1082 1431 1118; x_wconf 80' lang='lat' dir='ltr'>ad</span> <span class='ocrx_word' id='word_1_189' title='bbox 1466 1091 1582 1118; x_wconf 80' lang='lat' dir='ltr'>unam</span> <span class='ocrx_word' id='word_1_190' title='bbox 1620 1091 1781 1119; x_wconf 77' lang='lat' dir='ltr'>causam</span> 
     </span>
     <span class='ocr_line' id='line_1_21' title="bbox 169 1127 1780 1175; baseline 0.001 -11"><span class='ocrx_word' id='word_1_191' title='bbox 169 1137 256 1174; x_wconf 86' lang='lat' dir='ltr'>quae</span> <span class='ocrx_word' id='word_1_192' title='bbox 276 1129 379 1164; x_wconf 84' lang='lat' dir='ltr'>Deus</span> <span class='ocrx_word' id='word_1_193' title='bbox 399 1127 555 1171; x_wconf 85' lang='lat' dir='ltr'>dicitur,</span> <span class='ocrx_word' id='word_1_194' title='bbox 578 1131 619 1163; x_wconf 92' lang='lat' dir='ltr'>ut</span> <span class='ocrx_word' id='word_1_195' title='bbox 635 1137 680 1164; x_wconf 87' lang='lat' dir='ltr'>ex</span> <span class='ocrx_word' id='word_1_196' title='bbox 697 1127 812 1164; x_wconf 89' lang='lat' dir='ltr'>dietis</span> <span class='ocrx_word' id='word_1_197' title='bbox 835 1131 950 1172; x_wconf 83' lang='lat' dir='ltr'>patet,</span> <span class='ocrx_word' id='word_1_198' title='bbox 971 1138 992 1164; x_wconf 85' lang='lat' dir='ltr'>a</span> <span class='ocrx_word' id='word_1_199' title='bbox 1013 1137 1091 1174; x_wconf 85' lang='lat' dir='ltr'>quo</span> <span class='ocrx_word' id='word_1_200' title='bbox 1113 1132 1206 1164; x_wconf 83' lang='lat' dir='ltr'>sunt</span> <span class='ocrx_word' id='word_1_201' title='bbox 1228 1137 1368 1164; x_wconf 89' lang='lat' dir='ltr'>omnes</span> <span class='ocrx_word' id='word_1_202' title='bbox 1394 1137 1472 1172; x_wconf 85' lang='lat' dir='ltr'>res,</span> <span class='ocrx_word' id='word_1_203' title='bbox 1492 1129 1593 1164; x_wconf 90' lang='lat' dir='ltr'>utin</span> <span class='ocrx_word' id='word_1_204' title='bbox 1612 1138 1780 1175; x_wconf 85' lang='lat' dir='ltr'>sequen-</span> 
     </span>
     <span class='ocr_line' id='line_1_22' title="bbox 171 1174 1782 1222; baseline 0.001 -12"><span class='ocrx_word' id='word_1_205' title='bbox 171 1174 278 1211; x_wconf 88' lang='lat' dir='ltr'>tibus</span> <span class='ocrx_word' id='word_1_206' title='bbox 298 1174 540 1212; x_wconf 86' lang='lat' dir='ltr'>ostendetur.</span> <span class='ocrx_word' id='word_1_207' title='bbox 565 1175 724 1220; x_wconf 80' lang='lat' dir='ltr'>Oportet</span> <span class='ocrx_word' id='word_1_208' title='bbox 745 1175 863 1221; x_wconf 86' lang='lat' dir='ltr'>igitur</span> <span class='ocrx_word' id='word_1_209' title='bbox 884 1175 989 1221; x_wconf 89' lang='lat' dir='ltr'>quod</span> <span class='ocrx_word' id='word_1_210' title='bbox 1010 1175 1196 1221; x_wconf 81' lang='lat' dir='ltr'>quicquid</span> <span class='ocrx_word' id='word_1_211' title='bbox 1215 1179 1302 1212; x_wconf 81' lang='lat' dir='ltr'>actu</span> <span class='ocrx_word' id='word_1_212' title='bbox 1325 1176 1443 1212; x_wconf 88' lang='lat' dir='ltr'>estin</span> <span class='ocrx_word' id='word_1_213' title='bbox 1472 1185 1719 1222; x_wconf 81' lang='lat' dir='ltr'>quacumque</span> <span class='ocrx_word' id='word_1_214' title='bbox 1740 1186 1782 1212; x_wconf 77' lang='lat' dir='ltr'>re</span> 
     </span>
    </p>

    <p class='ocr_par' dir='ltr' id='par_1_7' title="bbox 126 1221 1783 1315">
     <span class='ocr_line' id='line_1_23' title="bbox 126 1221 1783 1268; baseline 0.001 -10"><span class='ocrx_word' id='word_1_215' title='bbox 126 1236 138 1247; x_wconf 85' lang='lat'><strong><em>.</em></strong></span> <span class='ocrx_word' id='word_1_216' title='bbox 169 1221 261 1266; x_wconf 78' lang='lat' dir='ltr'>aliu,</span> <span class='ocrx_word' id='word_1_217' title='bbox 279 1221 448 1258; x_wconf 88' lang='lat' dir='ltr'>inveniri</span> <span class='ocrx_word' id='word_1_218' title='bbox 464 1221 504 1257; x_wconf 90' lang='lat' dir='ltr'>in</span> <span class='ocrx_word' id='word_1_219' title='bbox 526 1222 606 1258; x_wconf 87' lang='lat' dir='ltr'>Deo</span> <span class='ocrx_word' id='word_1_220' title='bbox 635 1221 760 1258; x_wconf 86' lang='lat' dir='ltr'>multo</span> <span class='ocrx_word' id='word_1_221' title='bbox 782 1222 1021 1258; x_wconf 87' lang='lat' dir='ltr'>eminentius</span> <span class='ocrx_word' id='word_1_222' title='bbox 1038 1231 1155 1268; x_wconf 78' lang='lat' dir='ltr'>quam</span> <span class='ocrx_word' id='word_1_223' title='bbox 1191 1222 1304 1259; x_wconf 88' lang='lat' dir='ltr'>sitin</span> <span class='ocrx_word' id='word_1_224' title='bbox 1331 1231 1373 1259; x_wconf 89' lang='lat' dir='ltr'>re</span> <span class='ocrx_word' id='word_1_225' title='bbox 1393 1222 1486 1259; x_wconf 83' lang='lat' dir='ltr'>illa:</span> <span class='ocrx_word' id='word_1_226' title='bbox 1508 1231 1588 1259; x_wconf 90' lang='lat' dir='ltr'>non</span> <span class='ocrx_word' id='word_1_227' title='bbox 1609 1226 1739 1259; x_wconf 81' lang='lat' dir='ltr'>autem</span> <span class='ocrx_word' id='word_1_228' title='bbox 1761 1233 1783 1258; x_wconf 77' lang='lat' dir='ltr'>e</span> 
     </span>
     <span class='ocr_line' id='line_1_24' title="bbox 169 1268 1099 1315; baseline -0.001 -9"><span class='ocrx_word' id='word_1_229' title='bbox 169 1277 378 1306; x_wconf 81' lang='lat' dir='ltr'>converso.</span> <span class='ocrx_word' id='word_1_230' title='bbox 402 1269 467 1305; x_wconf 88' lang='lat' dir='ltr'>Est</span> <span class='ocrx_word' id='word_1_231' title='bbox 484 1268 604 1315; x_wconf 85' lang='lat' dir='ltr'>igitur</span> <span class='ocrx_word' id='word_1_232' title='bbox 623 1270 727 1305; x_wconf 80' lang='lat' dir='ltr'>Deus</span> <span class='ocrx_word' id='word_1_233' title='bbox 742 1269 1069 1314; x_wconf 84' lang='lat' dir='ltr'>perfectissimus.</span> <span class='ocrx_word' id='word_1_234' title='bbox 1092 1293 1099 1297; x_wconf 92' lang='lat'><em>-</em></span> 
     </span>
    </p>

    <p class='ocr_par' dir='ltr' id='par_1_8' title="bbox 169 1315 1781 1683">
     <span class='ocr_line' id='line_1_25' title="bbox 215 1315 1781 1363; baseline 0.001 -11"><span class='ocrx_word' id='word_1_235' title='bbox 215 1315 314 1356; x_wconf 80' lang='lat' dir='ltr'>Item,</span> <span class='ocrx_word' id='word_1_236' title='bbox 341 1315 380 1351; x_wconf 89' lang='lat' dir='ltr'>in</span> <span class='ocrx_word' id='word_1_237' title='bbox 403 1324 642 1362; x_wconf 84' lang='lat' dir='ltr'>unoquoque</span> <span class='ocrx_word' id='word_1_238' title='bbox 664 1325 807 1361; x_wconf 82' lang='lat' dir='ltr'>genere</span> <span class='ocrx_word' id='word_1_239' title='bbox 832 1320 890 1352; x_wconf 89' lang='lat' dir='ltr'>est</span> <span class='ocrx_word' id='word_1_240' title='bbox 911 1316 1069 1362; x_wconf 80' lang='lat' dir='ltr'>aliquod</span> <span class='ocrx_word' id='word_1_241' title='bbox 1100 1316 1430 1362; x_wconf 84' lang='lat' dir='ltr'>perfectissimum</span> <span class='ocrx_word' id='word_1_242' title='bbox 1455 1316 1494 1352; x_wconf 91' lang='lat' dir='ltr'>in</span> <span class='ocrx_word' id='word_1_243' title='bbox 1528 1325 1672 1363; x_wconf 84' lang='lat' dir='ltr'>genere</span> <span class='ocrx_word' id='word_1_244' title='bbox 1696 1317 1781 1356; x_wconf 63' lang='lat' dir='ltr'>illo,</span> 
     </span>
     <span class='ocr_line' id='line_1_26' title="bbox 173 1361 1780 1410; baseline 0 -10"><span class='ocrx_word' id='word_1_245' title='bbox 173 1361 222 1400; x_wconf 82' lang='lat' dir='ltr'>ad</span> <span class='ocrx_word' id='word_1_246' title='bbox 244 1362 350 1409; x_wconf 82' lang='lat' dir='ltr'>quod</span> <span class='ocrx_word' id='word_1_247' title='bbox 379 1362 512 1400; x_wconf 81' lang='lat' dir='ltr'>omnia</span> <span class='ocrx_word' id='word_1_248' title='bbox 533 1371 620 1409; x_wconf 85' lang='lat' dir='ltr'>quae</span> <span class='ocrx_word' id='word_1_249' title='bbox 641 1366 734 1399; x_wconf 88' lang='lat' dir='ltr'>sunt</span> <span class='ocrx_word' id='word_1_250' title='bbox 751 1362 859 1399; x_wconf 87' lang='lat' dir='ltr'>illius</span> <span class='ocrx_word' id='word_1_251' title='bbox 891 1363 1048 1409; x_wconf 83' lang='lat' dir='ltr'>generis</span> <span class='ocrx_word' id='word_1_252' title='bbox 1070 1367 1362 1407; x_wconf 84' lang='lat' dir='ltr'>mensurantur,</span> <span class='ocrx_word' id='word_1_253' title='bbox 1385 1363 1477 1410; x_wconf 82' lang='lat' dir='ltr'>quia</span> <span class='ocrx_word' id='word_1_254' title='bbox 1497 1373 1545 1400; x_wconf 78' lang='lat' dir='ltr'>ex</span> <span class='ocrx_word' id='word_1_255' title='bbox 1567 1373 1614 1400; x_wconf 88' lang='lat' dir='ltr'>eo</span> <span class='ocrx_word' id='word_1_256' title='bbox 1639 1373 1780 1400; x_wconf 89' lang='lat' dir='ltr'>unum·</span> 
     </span>
     <span class='ocr_line' id='line_1_27' title="bbox 171 1409 1779 1456; baseline 0.001 -10"><span class='ocrx_word' id='word_1_257' title='bbox 171 1409 357 1456; x_wconf 84' lang='lat' dir='ltr'>quodque</span> <span class='ocrx_word' id='word_1_258' title='bbox 377 1409 600 1447; x_wconf 86' lang='lat' dir='ltr'>ostenditur</span> <span class='ocrx_word' id='word_1_259' title='bbox 619 1409 748 1456; x_wconf 84' lang='lat' dir='ltr'>magis</span> <span class='ocrx_word' id='word_1_260' title='bbox 770 1413 804 1445; x_wconf 84' lang='lat' dir='ltr'>et</span> <span class='ocrx_word' id='word_1_261' title='bbox 827 1409 959 1446; x_wconf 89' lang='lat' dir='ltr'>minus</span> <span class='ocrx_word' id='word_1_262' title='bbox 980 1419 1068 1446; x_wconf 86' lang='lat' dir='ltr'>esse</span> <span class='ocrx_word' id='word_1_263' title='bbox 1090 1411 1320 1455; x_wconf 82' lang='lat' dir='ltr'>perfeetum,</span> <span class='ocrx_word' id='word_1_264' title='bbox 1341 1410 1446 1456; x_wconf 83' lang='lat' dir='ltr'>quod</span> <span class='ocrx_word' id='word_1_265' title='bbox 1474 1411 1521 1447; x_wconf 79' lang='lat' dir='ltr'>ad</span> <span class='ocrx_word' id='word_1_266' title='bbox 1554 1420 1779 1447; x_wconf 81' lang='lat' dir='ltr'>mensuram</span> 
     </span>
     <span class='ocr_line' id='line_1_28' title="bbox 169 1456 1777 1503; baseline 0 -9"><span class='ocrx_word' id='word_1_267' title='bbox 169 1457 232 1494; x_wconf 86' lang='lat' dir='ltr'>sui</span> <span class='ocrx_word' id='word_1_268' title='bbox 267 1456 425 1503; x_wconf 88' lang='lat' dir='ltr'>generis</span> <span class='ocrx_word' id='word_1_269' title='bbox 454 1456 583 1502; x_wconf 80' lang='lat' dir='ltr'>magis</span> <span class='ocrx_word' id='word_1_270' title='bbox 612 1456 673 1493; x_wconf 89' lang='lat' dir='ltr'>vel</span> <span class='ocrx_word' id='word_1_271' title='bbox 703 1456 836 1493; x_wconf 89' lang='lat' dir='ltr'>minus</span> <span class='ocrx_word' id='word_1_272' title='bbox 870 1457 1189 1503; x_wconf 76' lang='lat' dir='ltr'>appropinquat:</span> <span class='ocrx_word' id='word_1_273' title='bbox 1221 1457 1325 1493; x_wconf 87' lang='lat' dir='ltr'>sieut</span> <span class='ocrx_word' id='word_1_274' title='bbox 1351 1458 1482 1494; x_wconf 81' lang='lat' dir='ltr'>album</span> <span class='ocrx_word' id='word_1_275' title='bbox 1513 1458 1657 1494; x_wconf 83' lang='lat' dir='ltr'>dieitur</span> <span class='ocrx_word' id='word_1_276' title='bbox 1688 1468 1777 1495; x_wconf 80' lang='lat' dir='ltr'>esse</span> 
     </span>
     <span class='ocr_line' id='line_1_29' title="bbox 171 1503 1779 1547; baseline 0.001 -7"><span class='ocrx_word' id='word_1_277' title='bbox 171 1511 361 1540; x_wconf 86' lang='lat' dir='ltr'>mensura</span> <span class='ocrx_word' id='word_1_278' title='bbox 394 1503 435 1540; x_wconf 89' lang='lat' dir='ltr'>in</span> <span class='ocrx_word' id='word_1_279' title='bbox 465 1503 652 1540; x_wconf 89' lang='lat' dir='ltr'>omnibus</span> <span class='ocrx_word' id='word_1_280' title='bbox 687 1503 904 1547; x_wconf 86' lang='lat' dir='ltr'>coloribus,</span> <span class='ocrx_word' id='word_1_281' title='bbox 929 1508 966 1540; x_wconf 90' lang='lat' dir='ltr'>et</span> <span class='ocrx_word' id='word_1_282' title='bbox 985 1504 1187 1540; x_wconf 89' lang='lat' dir='ltr'>virtuosus</span> <span class='ocrx_word' id='word_1_283' title='bbox 1220 1504 1322 1540; x_wconf 89' lang='lat' dir='ltr'>iuter</span> <span class='ocrx_word' id='word_1_284' title='bbox 1348 1514 1487 1541; x_wconf 87' lang='lat' dir='ltr'>omnes</span> <span class='ocrx_word' id='word_1_285' title='bbox 1524 1505 1718 1541; x_wconf 86' lang='lat' dir='ltr'>homines.</span> <span class='ocrx_word' id='word_1_286' title='bbox 1740 1504 1779 1541; x_wconf 86' lang='lat' dir='ltr'>Id</span> 
     </span>
     <span class='ocr_line' id='line_1_30' title="bbox 169 1550 1777 1602; baseline 0.001 -16"><span class='ocrx_word' id='word_1_287' title='bbox 169 1554 300 1587; x_wconf 85' lang='lat' dir='ltr'>autem</span> <span class='ocrx_word' id='word_1_288' title='bbox 337 1550 442 1602; x_wconf 92' lang='lat' dir='ltr'>quod</span> <span class='ocrx_word' id='word_1_289' title='bbox 473 1554 535 1587; x_wconf 88' lang='lat' dir='ltr'>est</span> <span class='ocrx_word' id='word_1_290' title='bbox 565 1559 751 1587; x_wconf 81' lang='lat' dir='ltr'>mensura</span> <span class='ocrx_word' id='word_1_291' title='bbox 783 1551 961 1587; x_wconf 86' lang='lat' dir='ltr'>omnium</span> <span class='ocrx_word' id='word_1_292' title='bbox 983 1551 1146 1593; x_wconf 88' lang='lat' dir='ltr'>entium,</span> <span class='ocrx_word' id='word_1_293' title='bbox 1168 1559 1247 1587; x_wconf 92' lang='lat' dir='ltr'>non</span> <span class='ocrx_word' id='word_1_294' title='bbox 1270 1554 1398 1596; x_wconf 88' lang='lat' dir='ltr'>potest</span> <span class='ocrx_word' id='word_1_295' title='bbox 1427 1561 1515 1588; x_wconf 82' lang='lat' dir='ltr'>esse</span> <span class='ocrx_word' id='word_1_296' title='bbox 1536 1551 1645 1588; x_wconf 80' lang='lat' dir='ltr'>eliud</span> <span class='ocrx_word' id='word_1_297' title='bbox 1662 1561 1777 1598; x_wconf 80' lang='lat' dir='ltr'>quam</span> 
     </span>
     <span class='ocr_line' id='line_1_31' title="bbox 172 1597 1779 1645; baseline 0.001 -12"><span class='ocrx_word' id='word_1_298' title='bbox 172 1597 274 1634; x_wconf 87' lang='lat' dir='ltr'>Deus</span> <span class='ocrx_word' id='word_1_299' title='bbox 323 1606 362 1634; x_wconf 83' lang='grc' dir='ltr'>ιιι</span> <span class='ocrx_word' id='word_1_300' title='bbox 383 1600 441 1635; x_wconf 85' lang='lat' dir='ltr'>est</span> <span class='ocrx_word' id='word_1_301' title='bbox 459 1605 574 1634; x_wconf 91' lang='lat' dir='ltr'>suum</span> <span class='ocrx_word' id='word_1_302' title='bbox 597 1606 698 1634; x_wconf 88' lang='lat' dir='ltr'>esse.</span> <span class='ocrx_word' id='word_1_303' title='bbox 722 1597 799 1643; x_wconf 88' lang='lat' dir='ltr'>Ipsi</span> <span class='ocrx_word' id='word_1_304' title='bbox 822 1597 942 1643; x_wconf 81' lang='lat' dir='ltr'>igitur</span> <span class='ocrx_word' id='word_1_305' title='bbox 958 1598 1067 1634; x_wconf 81' lang='lat' dir='ltr'>nullu</span> <span class='ocrx_word' id='word_1_306' title='bbox 1081 1598 1190 1634; x_wconf 86' lang='lat' dir='ltr'>deest</span> <span class='ocrx_word' id='word_1_307' title='bbox 1210 1598 1509 1642; x_wconf 79' lang='lat' dir='ltr'>perfectionum,</span> <span class='ocrx_word' id='word_1_308' title='bbox 1532 1608 1618 1644; x_wconf 79' lang='lat' dir='ltr'>quae</span> <span class='ocrx_word' id='word_1_309' title='bbox 1639 1598 1779 1645; x_wconf 82' lang='lat' dir='ltr'>aliqui-</span> 
     </span>
     <span class='ocr_line' id='line_1_32' title="bbox 169 1642 1634 1683; baseline 0 -2"><span class='ocrx_word' id='word_1_310' title='bbox 169 1642 245 1681; x_wconf 89' lang='lat' dir='ltr'>bus</span> <span class='ocrx_word' id='word_1_311' title='bbox 265 1652 305 1680; x_wconf 88' lang='lat' dir='ltr'>re</span> <span class='ocrx_word' id='word_1_312' title='bbox 337 1652 384 1681; x_wconf 90' lang='lat' dir='ltr'>us</span> <span class='ocrx_word' id='word_1_313' title='bbox 403 1644 624 1683; x_wconf 80' lang='lat' dir='ltr'>conveniat,</span> <span class='ocrx_word' id='word_1_314' title='bbox 642 1643 741 1680; x_wconf 88' lang='lat' dir='ltr'>alias</span> <span class='ocrx_word' id='word_1_315' title='bbox 763 1652 843 1680; x_wconf 90' lang='lat' dir='ltr'>nou</span> <span class='ocrx_word' id='word_1_316' title='bbox 865 1648 971 1680; x_wconf 86' lang='lat' dir='ltr'>esset</span> <span class='ocrx_word' id='word_1_317' title='bbox 990 1645 1168 1680; x_wconf 89' lang='lat' dir='ltr'>omnium</span> <span class='ocrx_word' id='word_1_318' title='bbox 1190 1645 1414 1682; x_wconf 87' lang='lat' dir='ltr'>eommunis</span> <span class='ocrx_word' id='word_1_319' title='bbox 1436 1654 1634 1682; x_wconf 77' lang='lat' dir='ltr'>mensura.</span> 
     </span>
    </p>

    <p class='ocr_par' dir='ltr' id='par_1_9' title="bbox 220 1690 1780 1738">
     <span class='ocr_line' id='line_1_33' title="bbox 220 1690 1780 1738; baseline 0.001 -11"><span class='ocrx_word' id='word_1_320' title='bbox 220 1690 315 1727; x_wconf 83' lang='lat' dir='ltr'>Hinc</span> <span class='ocrx_word' id='word_1_321' title='bbox 329 1694 389 1727; x_wconf 86' lang='lat' dir='ltr'>est</span> <span class='ocrx_word' id='word_1_322' title='bbox 402 1690 507 1738; x_wconf 89' lang='lat' dir='ltr'>quod</span> <span class='ocrx_word' id='word_1_323' title='bbox 524 1699 645 1737; x_wconf 87' lang='lat' dir='ltr'>quum</span> <span class='ocrx_word' id='word_1_324' title='bbox 665 1695 855 1736; x_wconf 85' lang='lat' dir='ltr'>quaereret</span> <span class='ocrx_word' id='word_1_325' title='bbox 871 1692 1025 1738; x_wconf 76' lang='lat' dir='ltr'>Moyses</span> <span class='ocrx_word' id='word_1_326' title='bbox 1037 1691 1208 1727; x_wconf 77' lang='lat' dir='ltr'>divinam</span> <span class='ocrx_word' id='word_1_327' title='bbox 1222 1691 1351 1728; x_wconf 86' lang='lat' dir='ltr'>videre</span> <span class='ocrx_word' id='word_1_328' title='bbox 1365 1692 1503 1728; x_wconf 85' lang='lat' dir='ltr'>faciem</span> <span class='ocrx_word' id='word_1_329' title='bbox 1517 1702 1586 1728; x_wconf 89' lang='lat' dir='ltr'>seu</span> <span class='ocrx_word' id='word_1_330' title='bbox 1599 1692 1780 1738; x_wconf 75' lang='lat' dir='ltr'>gloriam,</span> 
     </span>
    </p>

    <p class='ocr_par' dir='ltr' id='par_1_10' title="bbox 161 1737 1783 2491">
     <span class='ocr_line' id='line_1_34' title="bbox 169 1737 1783 1783; baseline 0.001 -9"><span class='ocrx_word' id='word_1_331' title='bbox 169 1746 409 1783; x_wconf 80' lang='lat' dir='ltr'>responsum</span> <span class='ocrx_word' id='word_1_332' title='bbox 438 1741 498 1774; x_wconf 84' lang='lat' dir='ltr'>est</span> <span class='ocrx_word' id='word_1_333' title='bbox 526 1737 561 1774; x_wconf 84' lang='lat' dir='ltr'>ei</span> <span class='ocrx_word' id='word_1_334' title='bbox 593 1747 616 1774; x_wconf 87' lang='lat' dir='ltr'>a</span> <span class='ocrx_word' id='word_1_335' title='bbox 652 1737 844 1774; x_wconf 76' lang='lat' dir='ltr'>Domino:</span> <span class='ocrx_word' id='word_1_336' title='bbox 866 1740 942 1782; x_wconf 75' lang='lat' dir='ltr'>qu</span> <span class='ocrx_word' id='word_1_337' title='bbox 961 1739 1143 1773; x_wconf 76' lang='lat' dir='ltr'>ostendam</span> <span class='ocrx_word' id='word_1_338' title='bbox 1163 1738 1231 1773; x_wconf 73' lang='lat' dir='ltr'>tibi</span> <span class='ocrx_word' id='word_1_339' title='bbox 1254 1748 1353 1773; x_wconf 81' lang='lat' dir='ltr'>omne</span> <span class='ocrx_word' id='word_1_340' title='bbox 1380 1739 1521 1783; x_wconf 80' lang='lat' dir='ltr'>bonum,</span> <span class='ocrx_word' id='word_1_341' title='bbox 1541 1743 1583 1775; x_wconf 81' lang='lat' dir='ltr'>ut</span> <span class='ocrx_word' id='word_1_342' title='bbox 1618 1739 1783 1776; x_wconf 75' lang='lat' dir='ltr'>habetur</span> 
     </span>
     <span class='ocr_line' id='line_1_35' title="bbox 170 1783 1779 1832; baseline 0.001 -12"><span class='ocrx_word' id='word_1_343' title='bbox 170 1783 290 1821; x_wconf 79' lang='lat' dir='ltr'>Exodi</span> <span class='ocrx_word' id='word_1_344' title='bbox 317 1792 457 1828; x_wconf 80' lang='lat' dir='ltr'>xxxin,</span> <span class='ocrx_word' id='word_1_345' title='bbox 480 1786 534 1827; x_wconf 78' lang='grc'>19,</span> <span class='ocrx_word' id='word_1_346' title='bbox 557 1793 625 1830; x_wconf 88' lang='lat' dir='ltr'>per</span> <span class='ocrx_word' id='word_1_347' title='bbox 647 1783 722 1821; x_wconf 90' lang='lat' dir='ltr'>hoe</span> <span class='ocrx_word' id='word_1_348' title='bbox 744 1783 842 1820; x_wconf 81' lang='lat' dir='ltr'>dans</span> <span class='ocrx_word' id='word_1_349' title='bbox 864 1784 1083 1831; x_wconf 85' lang='lat' dir='ltr'>intelligere</span> <span class='ocrx_word' id='word_1_350' title='bbox 1106 1787 1144 1820; x_wconf 91' lang='lat' dir='ltr'>in</span> <span class='ocrx_word' id='word_1_351' title='bbox 1167 1794 1210 1821; x_wconf 88' lang='lat' dir='ltr'>se</span> <span class='ocrx_word' id='word_1_352' title='bbox 1233 1786 1364 1821; x_wconf 89' lang='lat' dir='ltr'>omnis</span> <span class='ocrx_word' id='word_1_353' title='bbox 1395 1785 1584 1822; x_wconf 81' lang='lat' dir='ltr'>bonitalis</span> <span class='ocrx_word' id='word_1_354' title='bbox 1610 1786 1779 1832; x_wconf 85' lang='lat' dir='ltr'>plenitu-</span> 
     </span>
     <span class='ocr_line' id='line_1_36' title="bbox 169 1830 1782 1878; baseline 0 -10"><span class='ocrx_word' id='word_1_355' title='bbox 169 1830 301 1868; x_wconf 83' lang='lat' dir='ltr'>dinem</span> <span class='ocrx_word' id='word_1_356' title='bbox 322 1839 424 1868; x_wconf 88' lang='lat' dir='ltr'>esse.</span> <span class='ocrx_word' id='word_1_357' title='bbox 447 1831 660 1878; x_wconf 85' lang='lat' dir='ltr'>Dionysius</span> <span class='ocrx_word' id='word_1_358' title='bbox 681 1831 797 1867; x_wconf 84' lang='lat' dir='ltr'>etiam</span> <span class='ocrx_word' id='word_1_359' title='bbox 818 1831 855 1866; x_wconf 91' lang='lat' dir='ltr'>in</span> <span class='ocrx_word' id='word_1_360' title='bbox 875 1840 903 1868; x_wconf 89' lang='lat' dir='ltr'><strong>v</strong></span> <span class='ocrx_word' id='word_1_361' title='bbox 922 1841 1006 1877; x_wconf 84' lang='lat' dir='ltr'>cap.</span> <span class='ocrx_word' id='word_1_362' title='bbox 1028 1833 1078 1867; x_wconf 85' lang='lat' dir='ltr'>De</span> <span class='ocrx_word' id='word_1_363' title='bbox 1100 1833 1237 1867; x_wconf 77' lang='lat' dir='ltr'>divinis</span> <span class='ocrx_word' id='word_1_364' title='bbox 1256 1833 1473 1872; x_wconf 77' lang='lat' dir='ltr'>nominibus,</span> <span class='ocrx_word' id='word_1_365' title='bbox 1493 1833 1610 1868; x_wconf 77' lang='lat' dir='ltr'>dicit:</span> <span class='ocrx_word' id='word_1_366' title='bbox 1636 1846 1654 1864; x_wconf 92' lang='lat'>«</span> <span class='ocrx_word' id='word_1_367' title='bbox 1678 1834 1782 1868; x_wconf 84' lang='lat' dir='ltr'>Deus</span> 
     </span>
     <span class='ocr_line' id='line_1_37' title="bbox 170 1877 1781 1926; baseline 0.001 -12"><span class='ocrx_word' id='word_1_368' title='bbox 170 1886 250 1915; x_wconf 89' lang='lat' dir='ltr'>non</span> <span class='ocrx_word' id='word_1_369' title='bbox 267 1877 560 1925; x_wconf 83' lang='lat' dir='ltr'>quodammodo</span> <span class='ocrx_word' id='word_1_370' title='bbox 581 1882 641 1915; x_wconf 86' lang='lat' dir='ltr'>est</span> <span class='ocrx_word' id='word_1_371' title='bbox 659 1878 948 1922; x_wconf 83' lang='lat' dir='ltr'>exsistens‚sed</span> <span class='ocrx_word' id='word_1_372' title='bbox 968 1878 1200 1924; x_wconf 83' lang='lat' dir='ltr'>simpliciter</span> <span class='ocrx_word' id='word_1_373' title='bbox 1211 1882 1248 1915; x_wconf 89' lang='lat' dir='ltr'>et</span> <span class='ocrx_word' id='word_1_374' title='bbox 1262 1879 1642 1926; x_wconf 83' lang='lat' dir='ltr'>incircumscriptive</span> <span class='ocrx_word' id='word_1_375' title='bbox 1656 1883 1781 1916; x_wconf 82' lang='lat' dir='ltr'>totum</span> 
     </span>
     <span class='ocr_line' id='line_1_38' title="bbox 169 1925 1012 1970; baseline -0.001 -7"><span class='ocrx_word' id='word_1_376' title='bbox 169 1933 260 1963; x_wconf 83' lang='lat' dir='ltr'>esse</span> <span class='ocrx_word' id='word_1_377' title='bbox 281 1926 322 1961; x_wconf 89' lang='lat' dir='ltr'>in</span> <span class='ocrx_word' id='word_1_378' title='bbox 341 1934 384 1962; x_wconf 90' lang='lat' dir='ltr'>se</span> <span class='ocrx_word' id='word_1_379' title='bbox 404 1925 493 1970; x_wconf 89' lang='lat' dir='ltr'>ipso</span> <span class='ocrx_word' id='word_1_380' title='bbox 512 1925 655 1970; x_wconf 85' lang='lat' dir='ltr'>accipit</span> <span class='ocrx_word' id='word_1_381' title='bbox 673 1928 710 1962; x_wconf 89' lang='lat' dir='ltr'>et</span> <span class='ocrx_word' id='word_1_382' title='bbox 730 1925 953 1970; x_wconf 81' lang='lat' dir='ltr'>praeaccipit</span> <span class='ocrx_word' id='word_1_383' title='bbox 977 1939 1012 1962; x_wconf 88' lang='lat'>».</span> 
     </span>
     <span class='ocr_line' id='line_1_39' title="bbox 166 1971 1779 2019; baseline 0.001 -11"><span class='ocrx_word' id='word_1_384' title='bbox 166 2012 169 2016; x_wconf 21' lang='lat' dir='ltr'><em>r</em></span> <span class='ocrx_word' id='word_1_385' title='bbox 216 1971 429 2009; x_wconf 83' lang='lat' dir='ltr'>Sciendum</span> <span class='ocrx_word' id='word_1_386' title='bbox 448 1975 582 2008; x_wconf 85' lang='lat' dir='ltr'>tamen</span> <span class='ocrx_word' id='word_1_387' title='bbox 600 1972 783 2018; x_wconf 86' lang='lat' dir='ltr'>estquod</span> <span class='ocrx_word' id='word_1_388' title='bbox 806 1972 994 2018; x_wconf 81' lang='lat' dir='ltr'>perfectio</span> <span class='ocrx_word' id='word_1_389' title='bbox 1018 1973 1096 2009; x_wconf 85' lang='lat' dir='ltr'>Deo</span> <span class='ocrx_word' id='word_1_390' title='bbox 1118 1973 1400 2010; x_wconf 88' lang='lat' dir='ltr'>convenienter</span> <span class='ocrx_word' id='word_1_391' title='bbox 1418 1973 1576 2010; x_wconf 83' lang='lat' dir='ltr'>attribui</span> <span class='ocrx_word' id='word_1_392' title='bbox 1599 1982 1681 2010; x_wconf 84' lang='lat' dir='ltr'>non</span> <span class='ocrx_word' id='word_1_393' title='bbox 1710 1981 1779 2019; x_wconf 85' lang='lat' dir='ltr'>po·</span> 
     </span>
     <span class='ocr_line' id='line_1_40' title="bbox 166 2017 1778 2066; baseline 0.001 -11"><span class='ocrx_word' id='word_1_394' title='bbox 166 2021 259 2062; x_wconf 84' lang='lat' dir='ltr'>test,</span> <span class='ocrx_word' id='word_1_395' title='bbox 278 2019 311 2056; x_wconf 90' lang='lat' dir='ltr'>si</span> <span class='ocrx_word' id='word_1_396' title='bbox 335 2017 511 2056; x_wconf 89' lang='lat' dir='ltr'>nominis</span> <span class='ocrx_word' id='word_1_397' title='bbox 547 2017 787 2065; x_wconf 82' lang='lat' dir='ltr'>significatio</span> <span class='ocrx_word' id='word_1_398' title='bbox 809 2023 999 2064; x_wconf 83' lang='lat' dir='ltr'>quantum</span> <span class='ocrx_word' id='word_1_399' title='bbox 1022 2019 1070 2056; x_wconf 86' lang='lat' dir='ltr'>ad</span> <span class='ocrx_word' id='word_1_400' title='bbox 1091 2020 1152 2056; x_wconf 88' lang='lat' dir='ltr'>sui</span> <span class='ocrx_word' id='word_1_401' title='bbox 1190 2020 1386 2066; x_wconf 84' lang='lat' dir='ltr'>originem</span> <span class='ocrx_word' id='word_1_402' title='bbox 1413 2021 1648 2057; x_wconf 82' lang='lat' dir='ltr'>attendatur.</span> <span class='ocrx_word' id='word_1_403' title='bbox 1667 2020 1778 2064; x_wconf 82' lang='lat' dir='ltr'>Quod</span> 
     </span>
     <span class='ocr_line' id='line_1_41' title="bbox 168 2065 1782 2114; baseline 0.001 -12"><span class='ocrx_word' id='word_1_404' title='bbox 168 2066 276 2102; x_wconf 89' lang='lat' dir='ltr'>enim</span> <span class='ocrx_word' id='word_1_405' title='bbox 301 2065 447 2103; x_wconf 84' lang='lat' dir='ltr'>sactum</span> <span class='ocrx_word' id='word_1_406' title='bbox 469 2074 549 2102; x_wconf 89' lang='lat' dir='ltr'>nou</span> <span class='ocrx_word' id='word_1_407' title='bbox 581 2070 654 2110; x_wconf 92' lang='lat' dir='ltr'>est,</span> <span class='ocrx_word' id='word_1_408' title='bbox 674 2075 745 2102; x_wconf 88' lang='lat' dir='ltr'>nee</span> <span class='ocrx_word' id='word_1_409' title='bbox 768 2067 981 2111; x_wconf 84' lang='lat' dir='ltr'>perfectum</span> <span class='ocrx_word' id='word_1_410' title='bbox 1009 2075 1129 2112; x_wconf 88' lang='lat' dir='ltr'>posse</span> <span class='ocrx_word' id='word_1_411' title='bbox 1150 2066 1225 2104; x_wconf 88' lang='lat' dir='ltr'>diei</span> <span class='ocrx_word' id='word_1_412' title='bbox 1260 2067 1426 2104; x_wconf 89' lang='lat' dir='ltr'>videtur.</span> <span class='ocrx_word' id='word_1_413' title='bbox 1446 2068 1519 2104; x_wconf 89' lang='lat' dir='ltr'>Sed</span> <span class='ocrx_word' id='word_1_414' title='bbox 1542 2068 1635 2114; x_wconf 77' lang='lat' dir='ltr'>quia</span> <span class='ocrx_word' id='word_1_415' title='bbox 1664 2076 1782 2104; x_wconf 86' lang='lat' dir='ltr'>omne</span> 
     </span>
     <span class='ocr_line' id='line_1_42' title="bbox 166 2111 1779 2159; baseline 0.002 -11"><span class='ocrx_word' id='word_1_416' title='bbox 166 2111 273 2159; x_wconf 88' lang='lat' dir='ltr'>quod</span> <span class='ocrx_word' id='word_1_417' title='bbox 311 2111 352 2149; x_wconf 85' lang='lat' dir='ltr'>fit</span> <span class='ocrx_word' id='word_1_418' title='bbox 387 2112 433 2149; x_wconf 88' lang='lat' dir='ltr'>de</span> <span class='ocrx_word' id='word_1_419' title='bbox 468 2113 645 2158; x_wconf 80' lang='lat' dir='ltr'>potentia</span> <span class='ocrx_word' id='word_1_420' title='bbox 666 2112 706 2148; x_wconf 89' lang='lat' dir='ltr'>in</span> <span class='ocrx_word' id='word_1_421' title='bbox 725 2117 856 2149; x_wconf 76' lang='lat' dir='ltr'>actum</span> <span class='ocrx_word' id='word_1_422' title='bbox 884 2113 1094 2150; x_wconf 88' lang='lat' dir='ltr'>deductum</span> <span class='ocrx_word' id='word_1_423' title='bbox 1115 2118 1187 2159; x_wconf 87' lang='lat' dir='ltr'>est,</span> <span class='ocrx_word' id='word_1_424' title='bbox 1212 2117 1249 2150; x_wconf 91' lang='lat' dir='ltr'>et</span> <span class='ocrx_word' id='word_1_425' title='bbox 1268 2114 1315 2150; x_wconf 91' lang='lat' dir='ltr'>de</span> <span class='ocrx_word' id='word_1_426' title='bbox 1353 2123 1434 2151; x_wconf 90' lang='lat' dir='ltr'>non</span> <span class='ocrx_word' id='word_1_427' title='bbox 1470 2123 1560 2151; x_wconf 87' lang='lat' dir='ltr'>esse</span> <span class='ocrx_word' id='word_1_428' title='bbox 1599 2115 1639 2150; x_wconf 87' lang='lat' dir='ltr'>in</span> <span class='ocrx_word' id='word_1_429' title='bbox 1674 2123 1779 2157; x_wconf 78' lang='lat' dir='ltr'>esse,</span> 
     </span>
     <span class='ocr_line' id='line_1_43' title="bbox 166 2157 1778 2208; baseline 0.002 -14"><span class='ocrx_word' id='word_1_430' title='bbox 166 2157 325 2205; x_wconf 82' lang='lat' dir='ltr'>quando</span> <span class='ocrx_word' id='word_1_431' title='bbox 347 2158 491 2196; x_wconf 84' lang='lat' dir='ltr'>factum</span> <span class='ocrx_word' id='word_1_432' title='bbox 514 2163 586 2202; x_wconf 88' lang='lat' dir='ltr'>est,</span> <span class='ocrx_word' id='word_1_433' title='bbox 603 2162 698 2196; x_wconf 86' lang='lat' dir='ltr'>tune</span> <span class='ocrx_word' id='word_1_434' title='bbox 718 2163 821 2196; x_wconf 85' lang='lat' dir='ltr'>reete</span> <span class='ocrx_word' id='word_1_435' title='bbox 840 2160 1053 2205; x_wconf 85' lang='lat' dir='ltr'>perfeetum</span> <span class='ocrx_word' id='word_1_436' title='bbox 1076 2169 1164 2198; x_wconf 89' lang='lat' dir='ltr'>esse</span> <span class='ocrx_word' id='word_1_437' title='bbox 1187 2160 1341 2201; x_wconf 89' lang='lat' dir='ltr'>dieitur,</span> <span class='ocrx_word' id='word_1_438' title='bbox 1362 2162 1476 2208; x_wconf 82' lang='lat' dir='ltr'>quasi</span> <span class='ocrx_word' id='word_1_439' title='bbox 1506 2161 1680 2198; x_wconf 80' lang='lat' dir='ltr'>totaliter</span> <span class='ocrx_word' id='word_1_440' title='bbox 1700 2162 1778 2197; x_wconf 76' lang='lat' dir='ltr'>sae·</span> 
     </span>
     <span class='ocr_line' id='line_1_44' title="bbox 165 2205 1780 2252; baseline 0.001 -11"><span class='ocrx_word' id='word_1_441' title='bbox 165 2208 263 2242; x_wconf 90' lang='lat' dir='ltr'>tum.</span> <span class='ocrx_word' id='word_1_442' title='bbox 286 2206 451 2250; x_wconf 80' lang='lat' dir='ltr'>Quando</span> <span class='ocrx_word' id='word_1_443' title='bbox 467 2205 641 2252; x_wconf 82' lang='lat' dir='ltr'>potentia</span> <span class='ocrx_word' id='word_1_444' title='bbox 660 2207 833 2243; x_wconf 82' lang='lat' dir='ltr'>totaliter</span> <span class='ocrx_word' id='word_1_445' title='bbox 848 2211 907 2243; x_wconf 85' lang='lat' dir='ltr'>est</span> <span class='ocrx_word' id='word_1_446' title='bbox 927 2207 974 2243; x_wconf 77' lang='lat' dir='ltr'>ad</span> <span class='ocrx_word' id='word_1_447' title='bbox 995 2212 1122 2244; x_wconf 81' lang='lat' dir='ltr'>actum</span> <span class='ocrx_word' id='word_1_448' title='bbox 1141 2207 1314 2252; x_wconf 76' lang='lat' dir='ltr'>reducta,</span> <span class='ocrx_word' id='word_1_449' title='bbox 1334 2212 1377 2245; x_wconf 92' lang='lat' dir='ltr'>ut</span> <span class='ocrx_word' id='word_1_450' title='bbox 1392 2208 1490 2244; x_wconf 86' lang='lat' dir='ltr'>nihil</span> <span class='ocrx_word' id='word_1_451' title='bbox 1518 2208 1565 2244; x_wconf 88' lang='lat' dir='ltr'>de</span> <span class='ocrx_word' id='word_1_452' title='bbox 1584 2216 1665 2245; x_wconf 92' lang='lat' dir='ltr'>non</span> <span class='ocrx_word' id='word_1_453' title='bbox 1690 2216 1780 2244; x_wconf 85' lang='lat' dir='ltr'>esse</span> 
     </span>
     <span class='ocr_line' id='line_1_45' title="bbox 165 2252 1778 2301; baseline 0.001 -13"><span class='ocrx_word' id='word_1_454' title='bbox 165 2252 345 2298; x_wconf 80' lang='lat' dir='ltr'>retineat,</span> <span class='ocrx_word' id='word_1_455' title='bbox 360 2252 428 2290; x_wconf 88' lang='lat' dir='ltr'>sed</span> <span class='ocrx_word' id='word_1_456' title='bbox 450 2252 590 2290; x_wconf 81' lang='lat' dir='ltr'>habeat</span> <span class='ocrx_word' id='word_1_457' title='bbox 610 2261 698 2290; x_wconf 88' lang='lat' dir='ltr'>esse</span> <span class='ocrx_word' id='word_1_458' title='bbox 717 2253 971 2299; x_wconf 86' lang='lat' dir='ltr'>completum.</span> <span class='ocrx_word' id='word_1_459' title='bbox 988 2256 1061 2291; x_wconf 90' lang='lat' dir='ltr'>Per</span> <span class='ocrx_word' id='word_1_460' title='bbox 1077 2254 1286 2301; x_wconf 74' lang='lat' dir='ltr'>quamdam</span> <span class='ocrx_word' id='word_1_461' title='bbox 1308 2255 1430 2301; x_wconf 83' lang='lat' dir='ltr'>igitur</span> <span class='ocrx_word' id='word_1_462' title='bbox 1447 2255 1621 2292; x_wconf 88' lang='lat' dir='ltr'>nominis</span> <span class='ocrx_word' id='word_1_463' title='bbox 1643 2258 1778 2291; x_wconf 79' lang='lat' dir='ltr'>exten-</span> 
     </span>
     <span class='ocr_line' id='line_1_46' title="bbox 167 2299 1777 2348; baseline 0.001 -12"><span class='ocrx_word' id='word_1_464' title='bbox 167 2299 321 2336; x_wconf 85' lang='lat' dir='ltr'>sionem</span> <span class='ocrx_word' id='word_1_465' title='bbox 358 2299 574 2345; x_wconf 86' lang='lat' dir='ltr'>perfectum</span> <span class='ocrx_word' id='word_1_466' title='bbox 607 2300 763 2344; x_wconf 85' lang='lat' dir='ltr'>dicitur,</span> <span class='ocrx_word' id='word_1_467' title='bbox 786 2309 865 2337; x_wconf 91' lang='lat' dir='ltr'>non</span> <span class='ocrx_word' id='word_1_468' title='bbox 897 2301 1027 2338; x_wconf 90' lang='lat' dir='ltr'>solum</span> <span class='ocrx_word' id='word_1_469' title='bbox 1066 2301 1170 2348; x_wconf 88' lang='lat' dir='ltr'>quod</span> <span class='ocrx_word' id='word_1_470' title='bbox 1195 2301 1325 2338; x_wconf 84' lang='lat' dir='ltr'>fiendo</span> <span class='ocrx_word' id='word_1_471' title='bbox 1365 2302 1608 2347; x_wconf 77' lang='lat' dir='ltr'>pervenitad</span> <span class='ocrx_word' id='word_1_472' title='bbox 1648 2305 1777 2337; x_wconf 82' lang='lat' dir='ltr'>aetum</span> 
     </span>
     <span class='ocr_line' id='line_1_47' title="bbox 166 2346 1776 2394; baseline 0.001 -12"><span class='ocrx_word' id='word_1_473' title='bbox 166 2346 421 2391; x_wconf 81' lang='lat' dir='ltr'>completum,</span> <span class='ocrx_word' id='word_1_474' title='bbox 443 2346 512 2383; x_wconf 88' lang='lat' dir='ltr'>sed</span> <span class='ocrx_word' id='word_1_475' title='bbox 527 2347 645 2383; x_wconf 86' lang='lat' dir='ltr'>etiam</span> <span class='ocrx_word' id='word_1_476' title='bbox 660 2346 696 2382; x_wconf 93' lang='lat' dir='ltr'>id</span> <span class='ocrx_word' id='word_1_477' title='bbox 710 2347 815 2394; x_wconf 88' lang='lat' dir='ltr'>quod</span> <span class='ocrx_word' id='word_1_478' title='bbox 835 2351 895 2384; x_wconf 86' lang='lat' dir='ltr'>est</span> <span class='ocrx_word' id='word_1_479' title='bbox 913 2347 954 2384; x_wconf 89' lang='lat' dir='ltr'>in</span> <span class='ocrx_word' id='word_1_480' title='bbox 970 2352 1057 2384; x_wconf 84' lang='lat' dir='ltr'>actu</span> <span class='ocrx_word' id='word_1_481' title='bbox 1075 2348 1285 2394; x_wconf 89' lang='lat' dir='ltr'>completo,</span> <span class='ocrx_word' id='word_1_482' title='bbox 1300 2349 1394 2394; x_wconf 73' lang='lat' dir='ltr'>alisq</span> <span class='ocrx_word' id='word_1_483' title='bbox 1404 2358 1448 2384; x_wconf 88' lang='lat' dir='ltr'>ue</span> <span class='ocrx_word' id='word_1_484' title='bbox 1467 2349 1575 2385; x_wconf 86' lang='lat' dir='ltr'>omni</span> <span class='ocrx_word' id='word_1_485' title='bbox 1593 2348 1776 2390; x_wconf 80' lang='lat' dir='ltr'>factione,</span> 
     </span>
     <span class='ocr_line' id='line_1_48' title="bbox 166 2393 1781 2442; baseline 0.001 -15"><span class='ocrx_word' id='word_1_486' title='bbox 166 2395 203 2428; x_wconf 85' lang='lat' dir='ltr'>et</span> <span class='ocrx_word' id='word_1_487' title='bbox 240 2393 297 2428; x_wconf 86' lang='lat' dir='ltr'>sic</span> <span class='ocrx_word' id='word_1_488' title='bbox 332 2394 454 2430; x_wconf 88' lang='lat' dir='ltr'>Deum</span> <span class='ocrx_word' id='word_1_489' title='bbox 488 2393 704 2437; x_wconf 81' lang='lat' dir='ltr'>perfeetum</span> <span class='ocrx_word' id='word_1_490' title='bbox 736 2403 826 2431; x_wconf 87' lang='lat' dir='ltr'>esse</span> <span class='ocrx_word' id='word_1_491' title='bbox 863 2394 1033 2432; x_wconf 84' lang='lat' dir='ltr'>dicimus</span> <span class='ocrx_word' id='word_1_492' title='bbox 1071 2395 1289 2432; x_wconf 86' lang='lat' dir='ltr'>secundum</span> <span class='ocrx_word' id='word_1_493' title='bbox 1312 2395 1446 2432; x_wconf 82' lang='lat' dir='ltr'>Mattn.</span> <span class='ocrx_word' id='word_1_494' title='bbox 1487 2395 1541 2442; x_wconf 82' lang='lat' dir='ltr'>(v,</span> <span class='ocrx_word' id='word_1_495' title='bbox 1562 2395 1643 2442; x_wconf 80' lang='lat'>48):</span> <span class='ocrx_word' id='word_1_496' title='bbox 1660 2396 1781 2430; x_wconf 82' lang='lat' dir='ltr'>Estote</span> 
     </span>
     <span class='ocr_line' id='line_1_49' title="bbox 161 2439 1537 2491; baseline 0.006 -18"><span class='ocrx_word' id='word_1_497' title='bbox 161 2439 315 2483; x_wconf 75' lang='lat' dir='ltr'>perfecti</span> <span class='ocrx_word' id='word_1_498' title='bbox 335 2440 430 2475; x_wconf 77' lang='lat' dir='ltr'>sicut</span> <span class='ocrx_word' id='word_1_499' title='bbox 448 2443 482 2475; x_wconf 82' lang='lat' dir='ltr'>et</span> <span class='ocrx_word' id='word_1_500' title='bbox 499 2442 609 2477; x_wconf 81' lang='lat' dir='ltr'>Pater</span> <span class='ocrx_word' id='word_1_501' title='bbox 627 2444 744 2477; x_wconf 79' lang='lat' dir='ltr'>vester</span> <span class='ocrx_word' id='word_1_502' title='bbox 761 2442 910 2477; x_wconf 81' lang='lat' dir='ltr'>coelestz&#39;s</span> <span class='ocrx_word' id='word_1_503' title='bbox 928 2443 1109 2487; x_wconf 77' lang='lat' dir='ltr'>perfectus</span> <span class='ocrx_word' id='word_1_504' title='bbox 1128 2446 1193 2481; x_wconf 81' lang='lat' dir='ltr'>est.</span> <span class='ocrx_word' id='word_1_505' title='bbox 1216 2444 1243 2490; x_wconf 93' lang='grc' dir='ltr'>(Ι</span> <span class='ocrx_word' id='word_1_506' title='bbox 1265 2446 1382 2489; x_wconf 62' lang='lat' dir='ltr'>part„</span> <span class='ocrx_word' id='word_1_507' title='bbox 1404 2453 1441 2490; x_wconf 87' lang='lat' dir='ltr'>q.</span> <span class='ocrx_word' id='word_1_508' title='bbox 1463 2448 1537 2491; x_wconf 82' lang='lat' dir='ltr'>vt.)</span> 
     </span>
    </p>
   </div>
   <div class='ocr_carea' id='block_1_3' title="bbox 804 2576 1150 2616">
    <p class='ocr_par' dir='ltr' id='par_1_11' title="bbox 804 2576 1150 2616">
     <span class='ocr_line' id='line_1_50' title="bbox 804 2576 1150 2616; baseline 0 0"><span class='ocrx_word' id='word_1_509' title='bbox 804 2576 972 2616; x_wconf 85' lang='lat' dir='ltr'>CAPUT</span> <span class='ocrx_word' id='word_1_510' title='bbox 1009 2577 1150 2616; x_wconf 87' lang='lat' dir='ltr'>XXIX.</span> 
     </span>
    </p>
   </div>
   <div class='ocr_carea' id='block_1_4' title="bbox 717 2688 1233 2720">
    <p class='ocr_par' dir='ltr' id='par_1_12' title="bbox 717 2688 1233 2720">
     <span class='ocr_line' id='line_1_51' title="bbox 717 2688 1233 2720; baseline 0.008 -4"><span class='ocrx_word' id='word_1_511' title='bbox 717 2688 768 2717; x_wconf 80' lang='lat' dir='ltr'>DE</span> <span class='ocrx_word' id='word_1_512' title='bbox 795 2690 1058 2718; x_wconf 83' lang='lat' dir='ltr'><strong>SIMILITUDINE</strong></span> <span class='ocrx_word' id='word_1_513' title='bbox 1083 2690 1233 2720; x_wconf 81' lang='lat' dir='ltr'>DIVINA-</span> 
     </span>
    </p>
   </div>
   <div class='ocr_carea' id='block_1_5' title="bbox 145 2795 1788 2942">
    <p class='ocr_par' dir='ltr' id='par_1_13' title="bbox 145 2795 1788 2942">
     <span class='ocr_line' id='line_1_52' title="bbox 215 2795 1788 2849; baseline 0.006 -17"><span class='ocrx_word' id='word_1_514' title='bbox 215 2797 266 2832; x_wconf 86' lang='lat' dir='ltr'>Ex</span> <span class='ocrx_word' id='word_1_515' title='bbox 285 2795 360 2833; x_wconf 90' lang='lat' dir='ltr'>hoc</span> <span class='ocrx_word' id='word_1_516' title='bbox 380 2799 510 2833; x_wconf 82' lang='lat' dir='ltr'>autem</span> <span class='ocrx_word' id='word_1_517' title='bbox 531 2795 732 2843; x_wconf 88' lang='lat' dir='ltr'>quomodo</span> <span class='ocrx_word' id='word_1_518' title='bbox 749 2795 803 2848; x_wconf 30' lang='lat' dir='ltr'>‘in</span> <span class='ocrx_word' id='word_1_519' title='bbox 832 2796 951 2834; x_wconf 85' lang='lat' dir='ltr'>rebus</span> <span class='ocrx_word' id='word_1_520' title='bbox 1009 2798 1111 2835; x_wconf 87' lang='lat' dir='ltr'>ossit</span> <span class='ocrx_word' id='word_1_521' title='bbox 1140 2799 1362 2838; x_wconf 88' lang='lat' dir='ltr'>similitudo</span> <span class='ocrx_word' id='word_1_522' title='bbox 1383 2802 1431 2839; x_wconf 81' lang='lat' dir='ltr'>ad</span> <span class='ocrx_word' id='word_1_523' title='bbox 1450 2804 1568 2840; x_wconf 88' lang='lat' dir='ltr'>Deum</span> <span class='ocrx_word' id='word_1_524' title='bbox 1603 2803 1788 2849; x_wconf 80' lang='lat' dir='ltr'>inveniri,</span> 
     </span>
     <span class='ocr_line' id='line_1_53' title="bbox 166 2842 1788 2896; baseline 0.005 -17"><span class='ocrx_word' id='word_1_525' title='bbox 166 2842 228 2879; x_wconf 83' lang='lat' dir='ltr'>vel</span> <span class='ocrx_word' id='word_1_526' title='bbox 248 2851 329 2880; x_wconf 87' lang='lat' dir='ltr'>non</span> <span class='ocrx_word' id='word_1_527' title='bbox 349 2843 490 2896; x_wconf 81' lang='lat' dir='ltr'>possit,</span> <span class='ocrx_word' id='word_1_528' title='bbox 513 2842 920 2896; x_wconf 70' lang='lat' dir='ltr'>considererrpotest.</span> <span class='ocrx_word' id='word_1_529' title='bbox 934 2845 968 2896; x_wconf 38' lang='grc' dir='ltr'>,Ε</span> <span class='ocrx_word' id='word_1_530' title='bbox 1001 2849 1112 2883; x_wconf 87' lang='lat' dir='ltr'>ectus</span> <span class='ocrx_word' id='word_1_531' title='bbox 1133 2847 1239 2883; x_wconf 87' lang='lat' dir='ltr'>enim</span> <span class='ocrx_word' id='word_1_532' title='bbox 1262 2857 1285 2885; x_wconf 82' lang='lat' dir='ltr'>a</span> <span class='ocrx_word' id='word_1_533' title='bbox 1305 2849 1390 2885; x_wconf 91' lang='lat' dir='ltr'>suis</span> <span class='ocrx_word' id='word_1_534' title='bbox 1409 2850 1543 2887; x_wconf 82' lang='lat' dir='ltr'>causis</span> <span class='ocrx_word' id='word_1_535' title='bbox 1559 2850 1788 2888; x_wconf 84' lang='lat' dir='ltr'>deficientes</span> 
     </span>
     <span class='ocr_line' id='line_1_54' title="bbox 145 2893 1786 2942; baseline 0.004 -17"><span class='ocrx_word' id='word_1_536' title='bbox 145 2897 248 2942; x_wconf 3' lang='lat' dir='ltr'>,non</span> <span class='ocrx_word' id='word_1_537' title='bbox 278 2893 520 2927; x_wconf 83' lang='lat' dir='ltr'>conveniunt</span> <span class='ocrx_word' id='word_1_538' title='bbox 551 2899 642 2927; x_wconf 87' lang='lat' dir='ltr'>cum</span> <span class='ocrx_word' id='word_1_539' title='bbox 675 2899 734 2927; x_wconf 86' lang='lat' dir='ltr'>elS</span> <span class='ocrx_word' id='word_1_540' title='bbox 761 2899 802 2926; x_wconf 86' lang='lat' dir='ltr'>m</span> <span class='ocrx_word' id='word_1_541' title='bbox 834 2899 995 2928; x_wconf 81' lang='lat' dir='ltr'>nomme</span> <span class='ocrx_word' id='word_1_542' title='bbox 1030 2896 1068 2929; x_wconf 87' lang='lat' dir='ltr'>et</span> <span class='ocrx_word' id='word_1_543' title='bbox 1099 2893 1276 2940; x_wconf 81' lang='lat' dir='ltr'>ratione;</span> <span class='ocrx_word' id='word_1_544' title='bbox 1300 2904 1464 2934; x_wconf 85' lang='lat' dir='ltr'>necesse</span> <span class='ocrx_word' id='word_1_545' title='bbox 1484 2901 1543 2934; x_wconf 90' lang='lat' dir='ltr'>est</span> <span class='ocrx_word' id='word_1_546' title='bbox 1564 2901 1693 2934; x_wconf 83' lang='lat' dir='ltr'>tamen</span> <span class='ocrx_word' id='word_1_547' title='bbox 1716 2898 1786 2934; x_wconf 84' lang='lat' dir='ltr'>ali-</span> 
     </span>
    </p>
   </div>
  </div>
 </body>
</html>
