<?xml version="1.0" encoding="UTF-8"?>
<!DOCTYPE html PUBLIC "-//W3C//DTD XHTML 1.0 Transitional//EN"
    "http://www.w3.org/TR/xhtml1/DTD/xhtml1-transitional.dtd">
<html xmlns="http://www.w3.org/1999/xhtml" xml:lang="en" lang="en">
 <head>
  <title>
</title>
<meta http-equiv="Content-Type" content="text/html;charset=utf-8" />
  <meta name='ocr-system' content='tesseract 3.04.00' />
  <meta name='ocr-capabilities' content='ocr_page ocr_carea ocr_par ocr_line ocrx_word'/>
</head>
<body>
  <div class='ocr_page' id='page_1' title='image "./deveritatecathol00thomuoft_0096.png"; bbox 0 0 1894 3223; ppageno 0'>
   <div class='ocr_carea' id='block_1_1' title="bbox 133 94 1121 168">
    <p class='ocr_par' dir='ltr' id='par_1_1' title="bbox 133 94 1121 168">
     <span class='ocr_line' id='line_1_1' title="bbox 133 94 1121 168; baseline -0.004 -4"><span class='ocrx_word' id='word_1_1' title='bbox 133 128 178 164; x_wconf 79' lang='lat'>56</span> <span class='ocrx_word' id='word_1_2' title='bbox 765 125 854 161; x_wconf 74' lang='lat' dir='ltr'>Ltss.</span> <span class='ocrx_word' id='word_1_3' title='bbox 880 125 910 168; x_wconf 83' lang='grc' dir='ltr'>Ι,</span> <span class='ocrx_word' id='word_1_4' title='bbox 938 94 1046 161; x_wconf 60' lang='lat' dir='ltr'>CAV.v</span> <span class='ocrx_word' id='word_1_5' title='bbox 1066 125 1121 161; x_wconf 81' lang='lat' dir='ltr'>Lt.</span> 
     </span>
    </p>
   </div>
   <div class='ocr_carea' id='block_1_2' title="bbox 133 203 1754 1836">
    <p class='ocr_par' dir='ltr' id='par_1_2' title="bbox 133 203 1752 384">
     <span class='ocr_line' id='line_1_2' title="bbox 134 203 1752 255; baseline -0.003 -10"><span class='ocrx_word' id='word_1_6' title='bbox 134 208 269 255; x_wconf 82' lang='lat' dir='ltr'>igitur,</span> <span class='ocrx_word' id='word_1_7' title='bbox 292 208 325 244; x_wconf 87' lang='lat' dir='ltr'>si</span> <span class='ocrx_word' id='word_1_8' title='bbox 346 206 626 253; x_wconf 81' lang='lat' dir='ltr'>cognoscendo</span> <span class='ocrx_word' id='word_1_9' title='bbox 645 205 859 242; x_wconf 72' lang='lat' dir='ltr'><strong>essentiam</strong></span> <span class='ocrx_word' id='word_1_10' title='bbox 885 213 1012 248; x_wconf 87' lang='lat' dir='ltr'>snam,</span> <span class='ocrx_word' id='word_1_11' title='bbox 1043 205 1251 252; x_wconf 79' lang='lat' dir='ltr'>cognoscit</span> <span class='ocrx_word' id='word_1_12' title='bbox 1270 204 1311 240; x_wconf 92' lang='lat' dir='ltr'>in</span> <span class='ocrx_word' id='word_1_13' title='bbox 1332 203 1546 241; x_wconf 81' lang='lat' dir='ltr'>universali</span> <span class='ocrx_word' id='word_1_14' title='bbox 1567 206 1752 240; x_wconf 85' lang='lat' dir='ltr'>naturam</span> 
     </span>
     <span class='ocr_line' id='line_1_3' title="bbox 133 250 1749 300; baseline -0.002 -9"><span class='ocrx_word' id='word_1_15' title='bbox 133 255 252 297; x_wconf 86' lang='lat' dir='ltr'>entis,</span> <span class='ocrx_word' id='word_1_16' title='bbox 275 255 453 300; x_wconf 87' lang='lat' dir='ltr'>sequitur</span> <span class='ocrx_word' id='word_1_17' title='bbox 473 253 576 299; x_wconf 91' lang='lat' dir='ltr'>quod</span> <span class='ocrx_word' id='word_1_18' title='bbox 607 254 825 297; x_wconf 84' lang='lat' dir='ltr'>cognoscat</span> <span class='ocrx_word' id='word_1_19' title='bbox 855 250 1161 287; x_wconf 82' lang='lat' dir='ltr'>multitudinem.</span> <span class='ocrx_word' id='word_1_20' title='bbox 1183 251 1389 288; x_wconf 77' lang='lat' dir='ltr'>Multitudo</span> <span class='ocrx_word' id='word_1_21' title='bbox 1411 254 1539 286; x_wconf 86' lang='lat' dir='ltr'>autem</span> <span class='ocrx_word' id='word_1_22' title='bbox 1563 251 1649 286; x_wconf 89' lang='lat' dir='ltr'>sine</span> <span class='ocrx_word' id='word_1_23' title='bbox 1670 250 1749 287; x_wconf 90' lang='lat' dir='ltr'>dis-</span> 
     </span>
     <span class='ocr_line' id='line_1_4' title="bbox 133 296 1748 345; baseline -0.003 -8"><span class='ocrx_word' id='word_1_24' title='bbox 133 301 325 337; x_wconf 86' lang='lat' dir='ltr'>tinctione</span> <span class='ocrx_word' id='word_1_25' title='bbox 346 300 513 345; x_wconf 80' lang='lat' dir='ltr'>intelligi</span> <span class='ocrx_word' id='word_1_26' title='bbox 536 307 616 334; x_wconf 90' lang='lat' dir='ltr'>non</span> <span class='ocrx_word' id='word_1_27' title='bbox 641 301 782 342; x_wconf 89' lang='lat' dir='ltr'>potest.</span> <span class='ocrx_word' id='word_1_28' title='bbox 807 297 995 344; x_wconf 89' lang='lat' dir='ltr'>Intelligit</span> <span class='ocrx_word' id='word_1_29' title='bbox 1014 297 1135 344; x_wconf 85' lang='lat' dir='ltr'>igitur</span> <span class='ocrx_word' id='word_1_30' title='bbox 1154 306 1217 334; x_wconf 89' lang='lat' dir='ltr'>res</span> <span class='ocrx_word' id='word_1_31' title='bbox 1237 301 1353 343; x_wconf 87' lang='lat' dir='ltr'>prout</span> <span class='ocrx_word' id='word_1_32' title='bbox 1372 300 1466 333; x_wconf 86' lang='lat' dir='ltr'>sunt</span> <span class='ocrx_word' id='word_1_33' title='bbox 1485 296 1533 333; x_wconf 91' lang='lat' dir='ltr'>ab</span> <span class='ocrx_word' id='word_1_34' title='bbox 1552 296 1748 332; x_wconf 77' lang='lat' dir='ltr'>invicenm</span> 
     </span>
     <span class='ocr_line' id='line_1_5' title="bbox 134 348 341 384; baseline -0.005 0"><span class='ocrx_word' id='word_1_35' title='bbox 134 348 341 384; x_wconf 61' lang='lat' dir='ltr'>distinctae.</span> 
     </span>
    </p>

    <p class='ocr_par' dir='ltr' id='par_1_3' title="bbox 133 388 1752 764">
     <span class='ocr_line' id='line_1_6' title="bbox 182 388 1749 438; baseline -0.002 -10"><span class='ocrx_word' id='word_1_36' title='bbox 182 395 366 438; x_wconf 71' lang='lat' dir='ltr'>Amplius,</span> <span class='ocrx_word' id='word_1_37' title='bbox 389 392 627 438; x_wconf 81' lang='lat' dir='ltr'>quicumque</span> <span class='ocrx_word' id='word_1_38' title='bbox 648 389 855 435; x_wconf 80' lang='lat' dir='ltr'>cognoscit</span> <span class='ocrx_word' id='word_1_39' title='bbox 880 390 1050 435; x_wconf 85' lang='lat' dir='ltr'>perfecte</span> <span class='ocrx_word' id='word_1_40' title='bbox 1071 389 1243 436; x_wconf 83' lang='lat' dir='ltr'>aliquam</span> <span class='ocrx_word' id='word_1_41' title='bbox 1269 394 1447 426; x_wconf 85' lang='lat' dir='ltr'>naturam</span> <span class='ocrx_word' id='word_1_42' title='bbox 1470 388 1749 430; x_wconf 57' lang='lat' dir='ltr'>universilem,</span> 
     </span>
     <span class='ocr_line' id='line_1_7' title="bbox 135 435 1752 485; baseline -0.004 -8"><span class='ocrx_word' id='word_1_43' title='bbox 135 441 342 485; x_wconf 75' lang='lat' dir='ltr'>cognoscit</span> <span class='ocrx_word' id='word_1_44' title='bbox 361 438 521 474; x_wconf 89' lang='lat' dir='ltr'>modum</span> <span class='ocrx_word' id='word_1_45' title='bbox 543 445 621 482; x_wconf 93' lang='lat' dir='ltr'>quo</span> <span class='ocrx_word' id='word_1_46' title='bbox 642 440 782 472; x_wconf 85' lang='lat' dir='ltr'>natura</span> <span class='ocrx_word' id='word_1_47' title='bbox 802 436 871 471; x_wconf 87' lang='lat' dir='ltr'>illa</span> <span class='ocrx_word' id='word_1_48' title='bbox 894 439 1021 481; x_wconf 88' lang='lat' dir='ltr'>potest</span> <span class='ocrx_word' id='word_1_49' title='bbox 1044 436 1192 479; x_wconf 84' lang='lat' dir='ltr'>haberi,</span> <span class='ocrx_word' id='word_1_50' title='bbox 1213 436 1317 472; x_wconf 88' lang='lat' dir='ltr'>sicut</span> <span class='ocrx_word' id='word_1_51' title='bbox 1337 436 1402 482; x_wconf 91' lang='lat' dir='ltr'>qui</span> <span class='ocrx_word' id='word_1_52' title='bbox 1422 435 1629 481; x_wconf 83' lang='lat' dir='ltr'>cognoscit</span> <span class='ocrx_word' id='word_1_53' title='bbox 1651 447 1659 460; x_wconf 70' lang='lat'>2</span> <span class='ocrx_word' id='word_1_54' title='bbox 1675 435 1752 472; x_wconf 81' lang='lat' dir='ltr'>lbe-</span> 
     </span>
     <span class='ocr_line' id='line_1_8' title="bbox 135 481 1750 530; baseline -0.003 -8"><span class='ocrx_word' id='word_1_55' title='bbox 135 487 264 523; x_wconf 75' lang='lat' dir='ltr'>dinen]</span> <span class='ocrx_word' id='word_1_56' title='bbox 289 486 363 521; x_wconf 80' lang='lat' dir='ltr'>scit</span> <span class='ocrx_word' id='word_1_57' title='bbox 398 484 500 530; x_wconf 81' lang='lat' dir='ltr'>quod</span> <span class='ocrx_word' id='word_1_58' title='bbox 532 483 671 528; x_wconf 79' lang='lat' dir='ltr'>recipit</span> <span class='ocrx_word' id='word_1_59' title='bbox 701 482 829 526; x_wconf 85' lang='lat' dir='ltr'>magis</span> <span class='ocrx_word' id='word_1_60' title='bbox 860 486 896 517; x_wconf 86' lang='lat' dir='ltr'>ct</span> <span class='ocrx_word' id='word_1_61' title='bbox 928 482 1074 518; x_wconf 89' lang='lat' dir='ltr'>minus.</span> <span class='ocrx_word' id='word_1_62' title='bbox 1105 483 1176 518; x_wconf 89' lang='lat' dir='ltr'>Sed</span> <span class='ocrx_word' id='word_1_63' title='bbox 1199 492 1244 518; x_wconf 85' lang='lat' dir='ltr'>ex</span> <span class='ocrx_word' id='word_1_64' title='bbox 1265 482 1421 518; x_wconf 84' lang='lat' dir='ltr'>diverso</span> <span class='ocrx_word' id='word_1_65' title='bbox 1442 482 1560 518; x_wconf 88' lang='lat' dir='ltr'>modo</span> <span class='ocrx_word' id='word_1_66' title='bbox 1591 481 1750 518; x_wconf 85' lang='lat' dir='ltr'>essendi</span> 
     </span>
     <span class='ocr_line' id='line_1_9' title="bbox 135 528 1749 574; baseline -0.004 -4"><span class='ocrx_word' id='word_1_67' title='bbox 135 533 432 570; x_wconf 85' lang='lat' dir='ltr'>constituuntur</span> <span class='ocrx_word' id='word_1_68' title='bbox 462 530 606 566; x_wconf 88' lang='lat' dir='ltr'>diversi</span> <span class='ocrx_word' id='word_1_69' title='bbox 642 528 788 574; x_wconf 84' lang='lat' dir='ltr'>gradus</span> <span class='ocrx_word' id='word_1_70' title='bbox 822 528 984 564; x_wconf 88' lang='lat' dir='ltr'>cntium.</span> <span class='ocrx_word' id='word_1_71' title='bbox 1017 528 1055 564; x_wconf 92' lang='lat' dir='ltr'>Si</span> <span class='ocrx_word' id='word_1_72' title='bbox 1087 529 1208 574; x_wconf 86' lang='lat' dir='ltr'>igitur</span> <span class='ocrx_word' id='word_1_73' title='bbox 1239 530 1355 572; x_wconf 77' lang='lat' dir='ltr'>Deus,</span> <span class='ocrx_word' id='word_1_74' title='bbox 1377 528 1658 574; x_wconf 83' lang='lat' dir='ltr'>cognoscendo</span> <span class='ocrx_word' id='word_1_75' title='bbox 1692 537 1749 568; x_wconf 86' lang='lat' dir='ltr'>se,</span> 
     </span>
     <span class='ocr_line' id='line_1_10' title="bbox 136 575 1750 624; baseline -0.002 -9"><span class='ocrx_word' id='word_1_76' title='bbox 136 578 344 624; x_wconf 73' lang='lat' dir='ltr'>cognoscit</span> <span class='ocrx_word' id='word_1_77' title='bbox 365 582 544 613; x_wconf 83' lang='lat' dir='ltr'>naturam</span> <span class='ocrx_word' id='word_1_78' title='bbox 577 575 839 612; x_wconf 83' lang='lat' dir='ltr'>universalem</span> <span class='ocrx_word' id='word_1_79' title='bbox 860 575 976 618; x_wconf 84' lang='lat' dir='ltr'>entis,</span> <span class='ocrx_word' id='word_1_80' title='bbox 997 583 1077 610; x_wconf 90' lang='lat' dir='ltr'>non</span> <span class='ocrx_word' id='word_1_81' title='bbox 1096 579 1229 612; x_wconf 81' lang='lat' dir='ltr'>autem</span> <span class='ocrx_word' id='word_1_82' title='bbox 1261 575 1500 620; x_wconf 71' lang='lat' dir='ltr'>imperfecte,</span> <span class='ocrx_word' id='word_1_83' title='bbox 1523 575 1615 620; x_wconf 83' lang='lat' dir='ltr'>quia</span> <span class='ocrx_word' id='word_1_84' title='bbox 1635 575 1683 611; x_wconf 85' lang='lat' dir='ltr'>ab</span> <span class='ocrx_word' id='word_1_85' title='bbox 1703 583 1750 611; x_wconf 87' lang='lat' dir='ltr'>eo</span> 
     </span>
     <span class='ocr_line' id='line_1_11' title="bbox 138 621 1751 672; baseline -0.002 -11"><span class='ocrx_word' id='word_1_86' title='bbox 138 626 269 662; x_wconf 87' lang='lat' dir='ltr'>omnis</span> <span class='ocrx_word' id='word_1_87' title='bbox 290 623 534 670; x_wconf 83' lang='lat' dir='ltr'>imperfectio</span> <span class='ocrx_word' id='word_1_88' title='bbox 557 622 672 667; x_wconf 87' lang='lat' dir='ltr'>longe</span> <span class='ocrx_word' id='word_1_89' title='bbox 694 626 765 663; x_wconf 84' lang='lat' dir='ltr'>est,</span> <span class='ocrx_word' id='word_1_90' title='bbox 789 625 830 656; x_wconf 87' lang='lat' dir='ltr'>ut</span> <span class='ocrx_word' id='word_1_91' title='bbox 863 630 981 672; x_wconf 82' lang='lat' dir='ltr'>supra</span> <span class='ocrx_word' id='word_1_92' title='bbox 1015 621 1122 666; x_wconf 86' lang='lat' dir='ltr'>(Cap.</span> <span class='ocrx_word' id='word_1_93' title='bbox 1157 622 1216 667; x_wconf 80' lang='lat'>28)</span> <span class='ocrx_word' id='word_1_94' title='bbox 1252 622 1458 667; x_wconf 88' lang='lat' dir='ltr'>probatum</span> <span class='ocrx_word' id='word_1_95' title='bbox 1490 625 1561 665; x_wconf 89' lang='lat' dir='ltr'>est,</span> <span class='ocrx_word' id='word_1_96' title='bbox 1597 625 1751 667; x_wconf 80' lang='lat' dir='ltr'>oportet</span> 
     </span>
     <span class='ocr_line' id='line_1_12' title="bbox 134 668 1752 719; baseline -0.003 -11"><span class='ocrx_word' id='word_1_97' title='bbox 134 672 238 719; x_wconf 83' lang='lat' dir='ltr'>quod</span> <span class='ocrx_word' id='word_1_98' title='bbox 262 674 478 717; x_wconf 82' lang='lat' dir='ltr'>cognoscat</span> <span class='ocrx_word' id='word_1_99' title='bbox 512 677 652 706; x_wconf 82' lang='lat' dir='ltr'>omnes</span> <span class='ocrx_word' id='word_1_100' title='bbox 685 668 831 715; x_wconf 85' lang='lat' dir='ltr'>gradus</span> <span class='ocrx_word' id='word_1_101' title='bbox 850 672 1023 704; x_wconf 82' lang='lat' dir='ltr'>entium.</span> <span class='ocrx_word' id='word_1_102' title='bbox 1060 669 1102 704; x_wconf 89' lang='lat' dir='ltr'>Et</span> <span class='ocrx_word' id='word_1_103' title='bbox 1132 668 1192 705; x_wconf 88' lang='lat' dir='ltr'>sic</span> <span class='ocrx_word' id='word_1_104' title='bbox 1223 668 1342 705; x_wconf 83' lang='lat' dir='ltr'>rebus</span> <span class='ocrx_word' id='word_1_105' title='bbox 1372 669 1464 705; x_wconf 85' lang='lat' dir='ltr'>aliis</span> <span class='ocrx_word' id='word_1_106' title='bbox 1485 678 1507 704; x_wconf 88' lang='lat' dir='ltr'>a</span> <span class='ocrx_word' id='word_1_107' title='bbox 1528 677 1571 704; x_wconf 89' lang='lat' dir='ltr'>se</span> <span class='ocrx_word' id='word_1_108' title='bbox 1591 668 1752 705; x_wconf 82' lang='lat' dir='ltr'>habebit</span> 
     </span>
     <span class='ocr_line' id='line_1_13' title="bbox 133 717 635 764; baseline -0.008 -10"><span class='ocrx_word' id='word_1_109' title='bbox 133 718 330 764; x_wconf 76' lang='lat' dir='ltr'>propriam</span> <span class='ocrx_word' id='word_1_110' title='bbox 353 717 635 763; x_wconf 84' lang='lat' dir='ltr'>cognitionem.</span> 
     </span>
    </p>

    <p class='ocr_par' dir='ltr' id='par_1_4' title="bbox 136 761 1753 1036">
     <span class='ocr_line' id='line_1_14' title="bbox 182 761 1751 810; baseline -0.001 -10"><span class='ocrx_word' id='word_1_111' title='bbox 182 767 371 804; x_wconf 59' lang='lat' dir='ltr'>Praeterea,</span> <span class='ocrx_word' id='word_1_112' title='bbox 395 763 632 810; x_wconf 82' lang='lat' dir='ltr'>quicumque</span> <span class='ocrx_word' id='word_1_113' title='bbox 653 761 860 807; x_wconf 81' lang='lat' dir='ltr'>cognoscit</span> <span class='ocrx_word' id='word_1_114' title='bbox 891 762 1060 807; x_wconf 75' lang='lat' dir='ltr'>perfecte</span> <span class='ocrx_word' id='word_1_115' title='bbox 1092 761 1256 807; x_wconf 88' lang='lat' dir='ltr'>aliquid,</span> <span class='ocrx_word' id='word_1_116' title='bbox 1277 761 1486 807; x_wconf 85' lang='lat' dir='ltr'>cognoscit</span> <span class='ocrx_word' id='word_1_117' title='bbox 1505 761 1639 797; x_wconf 82' lang='lat' dir='ltr'>omnia</span> <span class='ocrx_word' id='word_1_118' title='bbox 1661 769 1751 807; x_wconf 82' lang='lat' dir='ltr'>quae</span> 
     </span>
     <span class='ocr_line' id='line_1_15' title="bbox 137 807 1753 854; baseline -0.002 -7"><span class='ocrx_word' id='word_1_119' title='bbox 137 811 287 849; x_wconf 88' lang='lat' dir='ltr'>suntin</span> <span class='ocrx_word' id='word_1_120' title='bbox 310 811 393 847; x_wconf 92' lang='lat' dir='ltr'>illo.</span> <span class='ocrx_word' id='word_1_121' title='bbox 414 810 486 847; x_wconf 85' lang='lat' dir='ltr'>Sed</span> <span class='ocrx_word' id='word_1_122' title='bbox 509 811 612 846; x_wconf 89' lang='lat' dir='ltr'>Deus</span> <span class='ocrx_word' id='word_1_123' title='bbox 633 809 840 854; x_wconf 81' lang='lat' dir='ltr'>cognoscit</span> <span class='ocrx_word' id='word_1_124' title='bbox 863 808 1036 853; x_wconf 89' lang='lat' dir='ltr'>seipsum</span> <span class='ocrx_word' id='word_1_125' title='bbox 1060 808 1244 853; x_wconf 83' lang='lat' dir='ltr'>perfecte,</span> <span class='ocrx_word' id='word_1_126' title='bbox 1266 816 1360 853; x_wconf 87' lang='lat' dir='ltr'>ergo</span> <span class='ocrx_word' id='word_1_127' title='bbox 1388 807 1597 853; x_wconf 84' lang='lat' dir='ltr'>cognoscit</span> <span class='ocrx_word' id='word_1_128' title='bbox 1616 807 1753 844; x_wconf 79' lang='lat' dir='ltr'>omnia</span> 
     </span>
     <span class='ocr_line' id='line_1_16' title="bbox 136 854 1752 905; baseline -0.002 -11"><span class='ocrx_word' id='word_1_129' title='bbox 136 867 222 905; x_wconf 75' lang='lat' dir='ltr'>quae</span> <span class='ocrx_word' id='word_1_130' title='bbox 243 859 395 894; x_wconf 80' lang='lat' dir='ltr'>suntin</span> <span class='ocrx_word' id='word_1_131' title='bbox 423 857 510 901; x_wconf 91' lang='lat' dir='ltr'>ipso</span> <span class='ocrx_word' id='word_1_132' title='bbox 541 855 759 892; x_wconf 89' lang='lat' dir='ltr'>secundum</span> <span class='ocrx_word' id='word_1_133' title='bbox 794 856 1007 900; x_wconf 85' lang='lat' dir='ltr'>polentiam</span> <span class='ocrx_word' id='word_1_134' title='bbox 1042 855 1223 891; x_wconf 81' lang='lat' dir='ltr'>activam.</span> <span class='ocrx_word' id='word_1_135' title='bbox 1260 854 1335 891; x_wconf 86' lang='lat' dir='ltr'>Sed</span> <span class='ocrx_word' id='word_1_136' title='bbox 1368 854 1503 891; x_wconf 89' lang='lat' dir='ltr'>omnia</span> <span class='ocrx_word' id='word_1_137' title='bbox 1531 854 1752 891; x_wconf 85' lang='lat' dir='ltr'>secundum</span> 
     </span>
     <span class='ocr_line' id='line_1_17' title="bbox 136 900 1752 951; baseline -0.002 -10"><span class='ocrx_word' id='word_1_138' title='bbox 136 905 316 951; x_wconf 80' lang='lat' dir='ltr'>proprias</span> <span class='ocrx_word' id='word_1_139' title='bbox 349 904 496 940; x_wconf 83' lang='lat' dir='ltr'>formas</span> <span class='ocrx_word' id='word_1_140' title='bbox 529 906 622 939; x_wconf 90' lang='lat' dir='ltr'>sunt</span> <span class='ocrx_word' id='word_1_141' title='bbox 654 902 695 937; x_wconf 89' lang='lat' dir='ltr'>in</span> <span class='ocrx_word' id='word_1_142' title='bbox 727 901 815 947; x_wconf 80' lang='lat' dir='ltr'>ipso</span> <span class='ocrx_word' id='word_1_143' title='bbox 851 902 1067 938; x_wconf 86' lang='lat' dir='ltr'>secundum</span> <span class='ocrx_word' id='word_1_144' title='bbox 1103 901 1316 946; x_wconf 85' lang='lat' dir='ltr'>potentiam</span> <span class='ocrx_word' id='word_1_145' title='bbox 1354 902 1536 944; x_wconf 72' lang='lat' dir='ltr'>activam,</span> <span class='ocrx_word' id='word_1_146' title='bbox 1572 910 1661 937; x_wconf 92' lang='lat' dir='ltr'>cum</span> <span class='ocrx_word' id='word_1_147' title='bbox 1698 900 1752 937; x_wconf 89' lang='lat' dir='ltr'>sit</span> 
     </span>
     <span class='ocr_line' id='line_1_18' title="bbox 137 947 1751 1034; baseline -0.004 -45"><span class='ocrx_word' id='word_1_148' title='bbox 137 954 268 989; x_wconf 92' lang='lat' dir='ltr'>omnis</span> <span class='ocrx_word' id='word_1_149' title='bbox 301 951 410 1034; x_wconf 48' lang='lat' dir='ltr'>entis)</span> <span class='ocrx_word' id='word_1_150' title='bbox 434 949 687 995; x_wconf 89' lang='lat' dir='ltr'>principium.</span> <span class='ocrx_word' id='word_1_151' title='bbox 727 950 814 993; x_wconf 83' lang='lat' dir='ltr'>lpse</span> <span class='ocrx_word' id='word_1_152' title='bbox 849 948 971 994; x_wconf 85' lang='lat' dir='ltr'>igitur</span> <span class='ocrx_word' id='word_1_153' title='bbox 1010 948 1127 986; x_wconf 85' lang='lat' dir='ltr'>habet</span> <span class='ocrx_word' id='word_1_154' title='bbox 1160 947 1431 994; x_wconf 89' lang='lat' dir='ltr'>cognitionem</span> <span class='ocrx_word' id='word_1_155' title='bbox 1467 947 1663 993; x_wconf 82' lang='lat' dir='ltr'>propriam</span> <span class='ocrx_word' id='word_1_156' title='bbox 1701 947 1751 984; x_wconf 83' lang='lat' dir='ltr'>de</span> 
     </span>
     <span class='ocr_line' id='line_1_19' title="bbox 136 999 943 1036; baseline -0.01 -1"><span class='ocrx_word' id='word_1_157' title='bbox 136 999 323 1036; x_wconf 85' lang='lat' dir='ltr'>omnibus</span> <span class='ocrx_word' id='word_1_158' title='bbox 344 1007 382 1034; x_wconf 83' lang='lat' dir='ltr'>re</span> <span class='ocrx_word' id='word_1_159' title='bbox 415 1005 475 1033; x_wconf 90' lang='lat' dir='ltr'>us.</span> <span class='ocrx_word' id='word_1_160' title='bbox 940 1025 943 1027; x_wconf 90' lang='grc'><em>,</em></span> 
     </span>
    </p>

    <p class='ocr_par' dir='ltr' id='par_1_5' title="bbox 137 1040 1753 1416">
     <span class='ocr_line' id='line_1_20' title="bbox 182 1040 1750 1094; baseline -0.001 -14"><span class='ocrx_word' id='word_1_161' title='bbox 182 1045 325 1085; x_wconf 80' lang='lat' dir='ltr'>Adhuc,</span> <span class='ocrx_word' id='word_1_162' title='bbox 348 1044 587 1094; x_wconf 87' lang='lat' dir='ltr'>quicumque</span> <span class='ocrx_word' id='word_1_163' title='bbox 608 1042 682 1079; x_wconf 88' lang='lat' dir='ltr'>scit</span> <span class='ocrx_word' id='word_1_164' title='bbox 702 1041 873 1093; x_wconf 78' lang='lat' dir='ltr'>aliquam</span> <span class='ocrx_word' id='word_1_165' title='bbox 899 1045 1093 1086; x_wconf 83' lang='lat' dir='ltr'>naturam,</span> <span class='ocrx_word' id='word_1_166' title='bbox 1115 1042 1254 1079; x_wconf 85' lang='lat' dir='ltr'>scitan</span> <span class='ocrx_word' id='word_1_167' title='bbox 1269 1040 1335 1077; x_wconf 84' lang='lat' dir='ltr'>illa</span> <span class='ocrx_word' id='word_1_168' title='bbox 1353 1045 1492 1077; x_wconf 86' lang='lat' dir='ltr'>natura</span> <span class='ocrx_word' id='word_1_169' title='bbox 1507 1040 1559 1078; x_wconf 90' lang='lat' dir='ltr'>sit</span> <span class='ocrx_word' id='word_1_170' title='bbox 1572 1050 1750 1078; x_wconf 87' lang='lat' dir='ltr'>commu·</span> 
     </span>
     <span class='ocr_line' id='line_1_21' title="bbox 137 1088 1751 1134; baseline -0.003 -5"><span class='ocrx_word' id='word_1_171' title='bbox 137 1091 333 1129; x_wconf 86' lang='lat' dir='ltr'>nicabilis.</span> <span class='ocrx_word' id='word_1_172' title='bbox 357 1093 441 1128; x_wconf 75' lang='lat' dir='ltr'>Non</span> <span class='ocrx_word' id='word_1_173' title='bbox 471 1099 575 1126; x_wconf 85' lang='lat' dir='ltr'>enim</span> <span class='ocrx_word' id='word_1_174' title='bbox 609 1089 794 1125; x_wconf 82' lang='lat' dir='ltr'>animalis</span> <span class='ocrx_word' id='word_1_175' title='bbox 826 1092 1005 1124; x_wconf 86' lang='lat' dir='ltr'>naturam</span> <span class='ocrx_word' id='word_1_176' title='bbox 1040 1089 1159 1126; x_wconf 85' lang='lat' dir='ltr'>sciret</span> <span class='ocrx_word' id='word_1_177' title='bbox 1183 1088 1367 1134; x_wconf 81' lang='lat' dir='ltr'>perfecte,</span> <span class='ocrx_word' id='word_1_178' title='bbox 1389 1088 1455 1134; x_wconf 88' lang='lat' dir='ltr'>qui</span> <span class='ocrx_word' id='word_1_179' title='bbox 1477 1088 1648 1124; x_wconf 85' lang='lat' dir='ltr'>nesciret</span> <span class='ocrx_word' id='word_1_180' title='bbox 1663 1096 1751 1124; x_wconf 85' lang='lat' dir='ltr'>eam</span> 
     </span>
     <span class='ocr_line' id='line_1_22' title="bbox 138 1134 1752 1185; baseline -0.002 -11"><span class='ocrx_word' id='word_1_181' title='bbox 138 1138 318 1185; x_wconf 81' lang='lat' dir='ltr'>pluribus</span> <span class='ocrx_word' id='word_1_182' title='bbox 341 1136 711 1174; x_wconf 64' lang='lat' dir='ltr'>communicabilem</span> <span class='ocrx_word' id='word_1_183' title='bbox 733 1144 836 1172; x_wconf 83' lang='lat' dir='ltr'>csse.</span> <span class='ocrx_word' id='word_1_184' title='bbox 858 1136 996 1172; x_wconf 74' lang='lat' dir='ltr'>Divina</span> <span class='ocrx_word' id='word_1_185' title='bbox 1016 1139 1144 1172; x_wconf 87' lang='lat' dir='ltr'>autem</span> <span class='ocrx_word' id='word_1_186' title='bbox 1168 1138 1307 1171; x_wconf 84' lang='lat' dir='ltr'>natura</span> <span class='ocrx_word' id='word_1_187' title='bbox 1324 1134 1669 1172; x_wconf 83' lang='lat' dir='ltr'>communicabilis</span> <span class='ocrx_word' id='word_1_188' title='bbox 1692 1138 1752 1171; x_wconf 90' lang='lat' dir='ltr'>est</span> 
     </span>
     <span class='ocr_line' id='line_1_23' title="bbox 137 1181 1751 1232; baseline -0.002 -11"><span class='ocrx_word' id='word_1_189' title='bbox 137 1194 206 1232; x_wconf 90' lang='lat' dir='ltr'>per</span> <span class='ocrx_word' id='word_1_190' title='bbox 235 1184 548 1222; x_wconf 88' lang='lat' dir='ltr'>similitudinem.</span> <span class='ocrx_word' id='word_1_191' title='bbox 583 1183 662 1218; x_wconf 90' lang='lat' dir='ltr'>Scit</span> <span class='ocrx_word' id='word_1_192' title='bbox 699 1191 791 1225; x_wconf 71' lang='lat' dir='ltr'>ergo</span> <span class='ocrx_word' id='word_1_193' title='bbox 827 1183 930 1218; x_wconf 83' lang='lat' dir='ltr'>Deus</span> <span class='ocrx_word' id='word_1_194' title='bbox 966 1186 1062 1228; x_wconf 89' lang='lat' dir='ltr'>quot</span> <span class='ocrx_word' id='word_1_195' title='bbox 1089 1182 1218 1219; x_wconf 91' lang='lat' dir='ltr'>modis</span> <span class='ocrx_word' id='word_1_196' title='bbox 1260 1181 1346 1227; x_wconf 87' lang='lat' dir='ltr'>ejus</span> <span class='ocrx_word' id='word_1_197' title='bbox 1382 1181 1565 1219; x_wconf 85' lang='lat' dir='ltr'>essentiae</span> <span class='ocrx_word' id='word_1_198' title='bbox 1601 1181 1751 1227; x_wconf 85' lang='lat' dir='ltr'>aliquid</span> 
     </span>
     <span class='ocr_line' id='line_1_24' title="bbox 138 1228 1750 1276; baseline -0.002 -8"><span class='ocrx_word' id='word_1_199' title='bbox 138 1232 270 1269; x_wconf 87' lang='lat' dir='ltr'>simile</span> <span class='ocrx_word' id='word_1_200' title='bbox 295 1240 384 1268; x_wconf 91' lang='lat' dir='ltr'>esse</span> <span class='ocrx_word' id='word_1_201' title='bbox 402 1234 542 1276; x_wconf 83' lang='lat' dir='ltr'>potest.</span> <span class='ocrx_word' id='word_1_202' title='bbox 566 1229 637 1266; x_wconf 86' lang='lat' dir='ltr'>Sed</span> <span class='ocrx_word' id='word_1_203' title='bbox 668 1239 713 1265; x_wconf 83' lang='lat' dir='ltr'>ex</span> <span class='ocrx_word' id='word_1_204' title='bbox 744 1231 814 1265; x_wconf 74' lang='lat' dir='ltr'>linc</span> <span class='ocrx_word' id='word_1_205' title='bbox 850 1233 942 1265; x_wconf 81' lang='lat' dir='ltr'>snut</span> <span class='ocrx_word' id='word_1_206' title='bbox 968 1229 1215 1266; x_wconf 78' lang='lat' dir='ltr'>diversitates</span> <span class='ocrx_word' id='word_1_207' title='bbox 1237 1228 1465 1271; x_wconf 84' lang='lat' dir='ltr'>formarum,</span> <span class='ocrx_word' id='word_1_208' title='bbox 1491 1229 1555 1274; x_wconf 88' lang='lat' dir='ltr'>qui</span> <span class='ocrx_word' id='word_1_209' title='bbox 1577 1228 1750 1264; x_wconf 83' lang='lat' dir='ltr'>divinam</span> 
     </span>
     <span class='ocr_line' id='line_1_25' title="bbox 137 1275 1753 1320; baseline -0.003 -5"><span class='ocrx_word' id='word_1_210' title='bbox 137 1278 351 1316; x_wconf 87' lang='lat' dir='ltr'>essentiam</span> <span class='ocrx_word' id='word_1_211' title='bbox 375 1286 438 1314; x_wconf 90' lang='lat' dir='ltr'>res</span> <span class='ocrx_word' id='word_1_212' title='bbox 460 1276 723 1313; x_wconf 80' lang='lat' dir='ltr'>diversimode</span> <span class='ocrx_word' id='word_1_213' title='bbox 747 1276 963 1311; x_wconf 82' lang='lat' dir='ltr'>imitantur.</span> <span class='ocrx_word' id='word_1_214' title='bbox 997 1276 1104 1312; x_wconf 90' lang='lat' dir='ltr'>Unde</span> <span class='ocrx_word' id='word_1_215' title='bbox 1136 1275 1405 1320; x_wconf 87' lang='lat' dir='ltr'>Philosophus</span> <span class='ocrx_word' id='word_1_216' title='bbox 1438 1276 1602 1311; x_wconf 84' lang='lat' dir='ltr'>formam</span> <span class='ocrx_word' id='word_1_217' title='bbox 1638 1278 1753 1311; x_wconf 83' lang='lat' dir='ltr'>natu-</span> 
     </span>
     <span class='ocr_line' id='line_1_26' title="bbox 138 1321 1752 1370; baseline -0.003 -8"><span class='ocrx_word' id='word_1_218' title='bbox 138 1326 257 1362; x_wconf 82' lang='lat' dir='ltr'>ralem</span> <span class='ocrx_word' id='word_1_219' title='bbox 280 1324 455 1361; x_wconf 86' lang='lat' dir='ltr'>divinum</span> <span class='ocrx_word' id='word_1_220' title='bbox 488 1322 683 1370; x_wconf 84' lang='lat' dir='ltr'>quoddam</span> <span class='ocrx_word' id='word_1_221' title='bbox 718 1323 894 1359; x_wconf 85' lang='lat' dir='ltr'>nominat</span> <span class='ocrx_word' id='word_1_222' title='bbox 927 1322 1111 1368; x_wconf 50' lang='lat' dir='ltr'>(Pht-sic„</span> <span class='ocrx_word' id='word_1_223' title='bbox 1131 1332 1157 1365; x_wconf 91' lang='lat'>1,</span> <span class='ocrx_word' id='word_1_224' title='bbox 1180 1326 1271 1358; x_wconf 78' lang='lat' dir='ltr'>text.</span> <span class='ocrx_word' id='word_1_225' title='bbox 1293 1330 1436 1358; x_wconf 88' lang='lat' dir='ltr'>comm.</span> <span class='ocrx_word' id='word_1_226' title='bbox 1462 1321 1531 1369; x_wconf 86' lang='lat' dir='ltr'>lo).</span> <span class='ocrx_word' id='word_1_227' title='bbox 1554 1323 1658 1358; x_wconf 87' lang='lat' dir='ltr'>Deus</span> <span class='ocrx_word' id='word_1_228' title='bbox 1677 1321 1752 1368; x_wconf 92' lang='lat' dir='ltr'>igi·</span> 
     </span>
     <span class='ocr_line' id='line_1_27' title="bbox 138 1369 1450 1416; baseline -0.002 -8"><span class='ocrx_word' id='word_1_229' title='bbox 138 1376 201 1409; x_wconf 86' lang='lat' dir='ltr'>tur</span> <span class='ocrx_word' id='word_1_230' title='bbox 221 1372 268 1408; x_wconf 85' lang='lat' dir='ltr'>de</span> <span class='ocrx_word' id='word_1_231' title='bbox 290 1371 405 1408; x_wconf 84' lang='lat' dir='ltr'>rebus</span> <span class='ocrx_word' id='word_1_232' title='bbox 427 1370 543 1407; x_wconf 86' lang='lat' dir='ltr'>habet</span> <span class='ocrx_word' id='word_1_233' title='bbox 563 1369 831 1416; x_wconf 83' lang='lat' dir='ltr'>cognitionem</span> <span class='ocrx_word' id='word_1_234' title='bbox 851 1370 1070 1406; x_wconf 82' lang='lat' dir='ltr'>secundum</span> <span class='ocrx_word' id='word_1_235' title='bbox 1090 1369 1269 1415; x_wconf 81' lang='lat' dir='ltr'>proprias</span> <span class='ocrx_word' id='word_1_236' title='bbox 1288 1369 1450 1405; x_wconf 84' lang='lat' dir='ltr'>formas.</span> 
     </span>
    </p>

    <p class='ocr_par' dir='ltr' id='par_1_6' title="bbox 136 1413 1753 1696">
     <span class='ocr_line' id='line_1_28' title="bbox 183 1413 1753 1461; baseline -0.002 -7"><span class='ocrx_word' id='word_1_237' title='bbox 183 1420 372 1461; x_wconf 67' lang='lat' dir='ltr'>Praeter-eci,</span> <span class='ocrx_word' id='word_1_238' title='bbox 390 1417 491 1460; x_wconf 75' lang='lat' dir='ltr'>apud</span> <span class='ocrx_word' id='word_1_239' title='bbox 509 1417 690 1452; x_wconf 82' lang='lat' dir='ltr'>homines</span> <span class='ocrx_word' id='word_1_240' title='bbox 709 1420 742 1450; x_wconf 84' lang='lat' dir='ltr'>et</span> <span class='ocrx_word' id='word_1_241' title='bbox 757 1416 857 1451; x_wconf 73' lang='lat' dir='ltr'>alios</span> <span class='ocrx_word' id='word_1_242' title='bbox 877 1420 1180 1461; x_wconf 75' lang='lat' dir='ltr'>cognoscentes,</span> <span class='ocrx_word' id='word_1_243' title='bbox 1200 1415 1365 1452; x_wconf 85' lang='lat' dir='ltr'>habetur</span> <span class='ocrx_word' id='word_1_244' title='bbox 1378 1415 1556 1461; x_wconf 89' lang='lat' dir='ltr'>cognitio</span> <span class='ocrx_word' id='word_1_245' title='bbox 1571 1415 1618 1451; x_wconf 92' lang='lat' dir='ltr'>de</span> <span class='ocrx_word' id='word_1_246' title='bbox 1633 1413 1753 1452; x_wconf 87' lang='lat' dir='ltr'>rebus</span> 
     </span>
     <span class='ocr_line' id='line_1_29' title="bbox 137 1461 1750 1512; baseline -0.002 -10"><span class='ocrx_word' id='word_1_247' title='bbox 137 1469 254 1512; x_wconf 88' lang='lat' dir='ltr'>prout</span> <span class='ocrx_word' id='word_1_248' title='bbox 273 1465 313 1501; x_wconf 89' lang='lat' dir='ltr'>in</span> <span class='ocrx_word' id='word_1_249' title='bbox 336 1474 409 1502; x_wconf 87' lang='lat' dir='ltr'>sua</span> <span class='ocrx_word' id='word_1_250' title='bbox 428 1463 679 1500; x_wconf 83' lang='lat' dir='ltr'>multitudine</span> <span class='ocrx_word' id='word_1_251' title='bbox 701 1462 934 1498; x_wconf 67' lang='lat' dir='ltr'>abinvicem</span> <span class='ocrx_word' id='word_1_252' title='bbox 959 1467 1051 1498; x_wconf 85' lang='lat' dir='ltr'>sunt</span> <span class='ocrx_word' id='word_1_253' title='bbox 1073 1463 1284 1499; x_wconf 70' lang='lat' dir='ltr'>distinctae.</span> <span class='ocrx_word' id='word_1_254' title='bbox 1306 1462 1345 1498; x_wconf 88' lang='lat' dir='ltr'>Si</span> <span class='ocrx_word' id='word_1_255' title='bbox 1368 1462 1489 1508; x_wconf 88' lang='lat' dir='ltr'>igitur</span> <span class='ocrx_word' id='word_1_256' title='bbox 1509 1463 1612 1498; x_wconf 91' lang='lat' dir='ltr'>Deus</span> <span class='ocrx_word' id='word_1_257' title='bbox 1632 1461 1750 1498; x_wconf 83' lang='lat' dir='ltr'>resin</span> 
     </span>
     <span class='ocr_line' id='line_1_30' title="bbox 137 1508 1753 1555; baseline -0.004 -5"><span class='ocrx_word' id='word_1_258' title='bbox 137 1520 211 1550; x_wconf 83' lang='lat' dir='ltr'>sua</span> <span class='ocrx_word' id='word_1_259' title='bbox 249 1510 502 1548; x_wconf 86' lang='lat' dir='ltr'>distinctione</span> <span class='ocrx_word' id='word_1_260' title='bbox 535 1519 611 1546; x_wconf 91' lang='lat' dir='ltr'>non</span> <span class='ocrx_word' id='word_1_261' title='bbox 644 1510 863 1554; x_wconf 71' lang='lat' dir='ltr'>cognoscit,</span> <span class='ocrx_word' id='word_1_262' title='bbox 909 1510 1088 1555; x_wconf 83' lang='lat' dir='ltr'>sequitur</span> <span class='ocrx_word' id='word_1_263' title='bbox 1122 1518 1211 1545; x_wconf 88' lang='lat' dir='ltr'>eum</span> <span class='ocrx_word' id='word_1_264' title='bbox 1250 1508 1626 1553; x_wconf 88' lang='lat' dir='ltr'>insipientissimum</span> <span class='ocrx_word' id='word_1_265' title='bbox 1661 1517 1753 1546; x_wconf 89' lang='lat' dir='ltr'>esse</span> 
     </span>
     <span class='ocr_line' id='line_1_31' title="bbox 137 1555 1752 1603; baseline -0.002 -8"><span class='ocrx_word' id='word_1_266' title='bbox 137 1558 355 1596; x_wconf 87' lang='lat' dir='ltr'>secundum</span> <span class='ocrx_word' id='word_1_267' title='bbox 379 1557 467 1594; x_wconf 75' lang='lat' dir='ltr'>illos</span> <span class='ocrx_word' id='word_1_268' title='bbox 490 1567 555 1603; x_wconf 82' lang='lat' dir='ltr'>qui</span> <span class='ocrx_word' id='word_1_269' title='bbox 576 1556 775 1601; x_wconf 78' lang='lat' dir='ltr'>ponebant</span> <span class='ocrx_word' id='word_1_270' title='bbox 796 1557 916 1591; x_wconf 77' lang='lat' dir='ltr'>Deum</span> <span class='ocrx_word' id='word_1_271' title='bbox 939 1565 1018 1592; x_wconf 88' lang='lat' dir='ltr'>non</span> <span class='ocrx_word' id='word_1_272' title='bbox 1040 1565 1284 1602; x_wconf 82' lang='lat' dir='ltr'>cognoscere</span> <span class='ocrx_word' id='word_1_273' title='bbox 1309 1555 1452 1599; x_wconf 86' lang='lat' dir='ltr'>lucem,</span> <span class='ocrx_word' id='word_1_274' title='bbox 1472 1564 1588 1601; x_wconf 88' lang='lat' dir='ltr'>quam</span> <span class='ocrx_word' id='word_1_275' title='bbox 1611 1563 1752 1592; x_wconf 89' lang='lat' dir='ltr'>omnes</span> 
     </span>
     <span class='ocr_line' id='line_1_32' title="bbox 136 1601 1750 1652; baseline -0.003 -10"><span class='ocrx_word' id='word_1_276' title='bbox 136 1608 410 1652; x_wconf 82' lang='lat' dir='ltr'>cognoscunt:</span> <span class='ocrx_word' id='word_1_277' title='bbox 430 1604 533 1650; x_wconf 89' lang='lat' dir='ltr'>quod</span> <span class='ocrx_word' id='word_1_278' title='bbox 549 1612 619 1650; x_wconf 88' lang='lat' dir='ltr'>pro</span> <span class='ocrx_word' id='word_1_279' title='bbox 633 1603 925 1639; x_wconf 75' lang='lat' dir='ltr'>inconvenienti</span> <span class='ocrx_word' id='word_1_280' title='bbox 944 1603 1059 1639; x_wconf 82' lang='lat' dir='ltr'>habet</span> <span class='ocrx_word' id='word_1_281' title='bbox 1074 1603 1340 1649; x_wconf 80' lang='lat' dir='ltr'>Philosophus</span> <span class='ocrx_word' id='word_1_282' title='bbox 1354 1601 1393 1638; x_wconf 93' lang='lat' dir='ltr'>in</span> <span class='ocrx_word' id='word_1_283' title='bbox 1407 1602 1533 1648; x_wconf 87' lang='lat' dir='ltr'>primo</span> <span class='ocrx_word' id='word_1_284' title='bbox 1547 1604 1598 1638; x_wconf 89' lang='lat' dir='ltr'>De</span> <span class='ocrx_word' id='word_1_285' title='bbox 1613 1603 1750 1642; x_wconf 79' lang='lat' dir='ltr'>anima,</span> 
     </span>
     <span class='ocr_line' id='line_1_33' title="bbox 137 1650 918 1696; baseline -0.004 -7"><span class='ocrx_word' id='word_1_286' title='bbox 137 1653 231 1689; x_wconf 86' lang='lat' dir='ltr'>etin</span> <span class='ocrx_word' id='word_1_287' title='bbox 252 1651 366 1688; x_wconf 85' lang='lat' dir='ltr'>tertio</span> <span class='ocrx_word' id='word_1_288' title='bbox 386 1651 543 1696; x_wconf 61' lang='lat' dir='ltr'>Metapa.</span> <span class='ocrx_word' id='word_1_289' title='bbox 567 1650 657 1693; x_wconf 73' lang='lat' dir='ltr'>(tex.</span> <span class='ocrx_word' id='word_1_290' title='bbox 679 1658 822 1685; x_wconf 87' lang='lat' dir='ltr'>comm.</span> <span class='ocrx_word' id='word_1_291' title='bbox 848 1650 918 1695; x_wconf 72' lang='lat'>15.)</span> 
     </span>
    </p>

    <p class='ocr_par' dir='ltr' id='par_1_7' title="bbox 138 1695 1754 1836">
     <span class='ocr_line' id='line_1_34' title="bbox 185 1695 1753 1742; baseline -0.001 -8"><span class='ocrx_word' id='word_1_292' title='bbox 185 1700 265 1734; x_wconf 81' lang='lat' dir='ltr'>Hoc</span> <span class='ocrx_word' id='word_1_293' title='bbox 286 1700 401 1734; x_wconf 84' lang='lat' dir='ltr'>etiam</span> <span class='ocrx_word' id='word_1_294' title='bbox 423 1698 653 1733; x_wconf 77' lang='lat' dir='ltr'>auctoritate</span> <span class='ocrx_word' id='word_1_295' title='bbox 684 1697 890 1741; x_wconf 61' lang='lat' dir='ltr'>Scripturas</span> <span class='ocrx_word' id='word_1_296' title='bbox 921 1696 1122 1732; x_wconf 63' lang='lat' dir='ltr'>canonicae</span> <span class='ocrx_word' id='word_1_297' title='bbox 1156 1695 1380 1733; x_wconf 88' lang='lat' dir='ltr'>edocemur.</span> <span class='ocrx_word' id='word_1_298' title='bbox 1413 1695 1562 1732; x_wconf 87' lang='lat' dir='ltr'>Dicitur</span> <span class='ocrx_word' id='word_1_299' title='bbox 1582 1704 1753 1742; x_wconf 88' lang='lat' dir='ltr'>namque</span> 
     </span>
     <span class='ocr_line' id='line_1_35' title="bbox 138 1742 1751 1787; baseline -0.002 -5"><span class='ocrx_word' id='word_1_300' title='bbox 138 1746 246 1787; x_wconf 88' lang='lat' dir='ltr'>Gen.‚</span> <span class='ocrx_word' id='word_1_301' title='bbox 268 1754 296 1785; x_wconf 81' lang='grc' dir='ltr'>Ι,</span> <span class='ocrx_word' id='word_1_302' title='bbox 318 1748 356 1780; x_wconf 79' lang='lat'>31</span> <span class='ocrx_word' id='word_1_303' title='bbox 379 1757 386 1780; x_wconf 92' lang='lat'>:</span> <span class='ocrx_word' id='word_1_304' title='bbox 413 1744 515 1779; x_wconf 59' lang='lat' dir='ltr'>Videt</span> <span class='ocrx_word' id='word_1_305' title='bbox 533 1746 625 1779; x_wconf 73' lang='lat' dir='ltr'>Deus</span> <span class='ocrx_word' id='word_1_306' title='bbox 646 1746 772 1778; x_wconf 73' lang='lat' dir='ltr'>cuncta</span> <span class='ocrx_word' id='word_1_307' title='bbox 792 1753 869 1787; x_wconf 58' lang='lat' dir='ltr'>quse</span> <span class='ocrx_word' id='word_1_308' title='bbox 887 1744 1033 1787; x_wconf 81' lang='lat' dir='ltr'>fecerat,</span> <span class='ocrx_word' id='word_1_309' title='bbox 1056 1746 1089 1778; x_wconf 74' lang='lat' dir='ltr'>et</span> <span class='ocrx_word' id='word_1_310' title='bbox 1107 1746 1210 1778; x_wconf 79' lang='lat' dir='ltr'>erant</span> <span class='ocrx_word' id='word_1_311' title='bbox 1237 1744 1344 1778; x_wconf 74' lang='lat' dir='ltr'>valde</span> <span class='ocrx_word' id='word_1_312' title='bbox 1370 1743 1482 1784; x_wconf 71' lang='grc' dir='ltr'><strong><em>ὀοηας</em></strong></span> <span class='ocrx_word' id='word_1_313' title='bbox 1506 1746 1542 1778; x_wconf 89' lang='lat' dir='ltr'>et</span> <span class='ocrx_word' id='word_1_314' title='bbox 1563 1742 1672 1785; x_wconf 85' lang='lat' dir='ltr'>Heb.‚</span> <span class='ocrx_word' id='word_1_315' title='bbox 1693 1750 1751 1786; x_wconf 79' lang='lat' dir='ltr'>tv,</span> 
     </span>
     <span class='ocr_line' id='line_1_36' title="bbox 139 1788 1754 1836; baseline -0.002 -8"><span class='ocrx_word' id='word_1_316' title='bbox 139 1794 181 1829; x_wconf 79' lang='lat'>13</span> <span class='ocrx_word' id='word_1_317' title='bbox 198 1803 207 1827; x_wconf 73' lang='grc' dir='ltr'>ε</span> <span class='ocrx_word' id='word_1_318' title='bbox 227 1793 308 1827; x_wconf 76' lang='lat' dir='ltr'>Non</span> <span class='ocrx_word' id='word_1_319' title='bbox 326 1794 377 1826; x_wconf 78' lang='lat' dir='ltr'>est</span> <span class='ocrx_word' id='word_1_320' title='bbox 396 1791 471 1825; x_wconf 87' lang='lat' dir='ltr'>ulla</span> <span class='ocrx_word' id='word_1_321' title='bbox 491 1794 658 1826; x_wconf 80' lang='lat' dir='ltr'>creatura</span> <span class='ocrx_word' id='word_1_322' title='bbox 688 1790 884 1825; x_wconf 73' lang='lat' dir='ltr'>invisibilis</span> <span class='ocrx_word' id='word_1_323' title='bbox 921 1791 961 1824; x_wconf 85' lang='lat' dir='ltr'>z‘n</span> <span class='ocrx_word' id='word_1_324' title='bbox 992 1792 1180 1835; x_wconf 79' lang='lat' dir='ltr'>conspectu</span> <span class='ocrx_word' id='word_1_325' title='bbox 1211 1789 1316 1835; x_wconf 78' lang='lat' dir='ltr'>ejus:</span> <span class='ocrx_word' id='word_1_326' title='bbox 1337 1791 1458 1825; x_wconf 72' lang='lat' dir='ltr'>omnia</span> <span class='ocrx_word' id='word_1_327' title='bbox 1485 1788 1630 1836; x_wconf 75' lang='lat' dir='ltr'>(autem)</span> <span class='ocrx_word' id='word_1_328' title='bbox 1653 1788 1754 1825; x_wconf 73' lang='lat' dir='ltr'>vmda</span> 
     </span>
    </p>
   </div>
   <div class='ocr_carea' id='block_1_3' title="bbox 71 1835 1177 1883">
    <p class='ocr_par' dir='ltr' id='par_1_8' title="bbox 71 1835 1177 1883">
     <span class='ocr_line' id='line_1_37' title="bbox 71 1835 1177 1883; baseline -0.003 -8"><span class='ocrx_word' id='word_1_329' title='bbox 71 1871 76 1874; x_wconf 91' lang='lat'>.</span> <span class='ocrx_word' id='word_1_330' title='bbox 136 1840 171 1875; x_wconf 79' lang='lat' dir='ltr'>et</span> <span class='ocrx_word' id='word_1_331' title='bbox 189 1840 316 1883; x_wconf 80' lang='lat' dir='ltr'>aperta</span> <span class='ocrx_word' id='word_1_332' title='bbox 335 1840 420 1873; x_wconf 75' lang='lat' dir='ltr'>sunt</span> <span class='ocrx_word' id='word_1_333' title='bbox 437 1838 548 1873; x_wconf 83' lang='lat' dir='ltr'>oculis</span> <span class='ocrx_word' id='word_1_334' title='bbox 568 1836 658 1882; x_wconf 76' lang='lat' dir='ltr'>ejzts.</span> <span class='ocrx_word' id='word_1_335' title='bbox 684 1837 712 1882; x_wconf 73' lang='grc' dir='ltr'>(Ι</span> <span class='ocrx_word' id='word_1_336' title='bbox 734 1840 848 1882; x_wconf 86' lang='lat' dir='ltr'>part.‚</span> <span class='ocrx_word' id='word_1_337' title='bbox 871 1846 907 1883; x_wconf 89' lang='lat' dir='ltr'>q.</span> <span class='ocrx_word' id='word_1_338' title='bbox 928 1845 1013 1880; x_wconf 75' lang='lat' dir='ltr'>xiv,</span> <span class='ocrx_word' id='word_1_339' title='bbox 1036 1840 1107 1872; x_wconf 85' lang='lat' dir='ltr'>art.</span> <span class='ocrx_word' id='word_1_340' title='bbox 1128 1835 1177 1883; x_wconf 88' lang='lat'>6.)</span> 
     </span>
    </p>
   </div>
   <div class='ocr_carea' id='block_1_4' title="bbox 816 1972 1073 2014">
    <p class='ocr_par' dir='ltr' id='par_1_9' title="bbox 816 1972 1073 2014">
     <span class='ocr_line' id='line_1_38' title="bbox 816 1972 1073 2014; baseline 0 -1"><span class='ocrx_word' id='word_1_341' title='bbox 816 1972 982 2014; x_wconf 80' lang='lat' dir='ltr'>CAPUT</span> <span class='ocrx_word' id='word_1_342' title='bbox 1009 1972 1073 2013; x_wconf 90' lang='lat' dir='ltr'>LI.</span> 
     </span>
    </p>
   </div>
   <div class='ocr_carea' id='block_1_5' title="bbox 262 2091 1629 2167">
    <p class='ocr_par' dir='ltr' id='par_1_10' title="bbox 262 2091 1629 2167">
     <span class='ocr_line' id='line_1_39' title="bbox 262 2091 1629 2124; baseline 0 -4"><span class='ocrx_word' id='word_1_343' title='bbox 262 2091 453 2120; x_wconf 72' lang='lat' dir='ltr'>RATIONES</span> <span class='ocrx_word' id='word_1_344' title='bbox 478 2091 529 2119; x_wconf 73' lang='lat' dir='ltr'>AD</span> <span class='ocrx_word' id='word_1_345' title='bbox 557 2091 825 2124; x_wconf 64' lang='lat' dir='ltr'><strong>INQL‘IREXDLM</strong></span> <span class='ocrx_word' id='word_1_346' title='bbox 850 2091 1041 2124; x_wconf 73' lang='lat' dir='ltr'>QUALITER</span> <span class='ocrx_word' id='word_1_347' title='bbox 1065 2091 1285 2120; x_wconf 80' lang='lat' dir='ltr'><strong>MULTITUDO</strong></span> <span class='ocrx_word' id='word_1_348' title='bbox 1310 2091 1629 2120; x_wconf 67' lang='lat' dir='ltr'>INTELLECTQRUM</span> 
     </span>
     <span class='ocr_line' id='line_1_40' title="bbox 662 2138 1219 2167; baseline 0 -1"><span class='ocrx_word' id='word_1_349' title='bbox 662 2138 722 2166; x_wconf 87' lang='lat' dir='ltr'>SIT</span> <span class='ocrx_word' id='word_1_350' title='bbox 746 2138 787 2166; x_wconf 71' lang='lat' dir='ltr'>IN</span> <span class='ocrx_word' id='word_1_351' title='bbox 813 2138 1046 2167; x_wconf 69' lang='lat' dir='ltr'>INTELLECTU</span> <span class='ocrx_word' id='word_1_352' title='bbox 1070 2138 1219 2166; x_wconf 73' lang='lat' dir='ltr'>nsleo.</span> 
     </span>
    </p>
   </div>
   <div class='ocr_carea' id='block_1_6' title="bbox 130 2245 1755 2902">
    <p class='ocr_par' dir='ltr' id='par_1_11' title="bbox 135 2245 1753 2340">
     <span class='ocr_line' id='line_1_41' title="bbox 182 2245 1753 2294; baseline -0.001 -9"><span class='ocrx_word' id='word_1_353' title='bbox 182 2246 270 2291; x_wconf 88' lang='lat' dir='ltr'>Sed,</span> <span class='ocrx_word' id='word_1_354' title='bbox 291 2255 340 2283; x_wconf 93' lang='lat' dir='ltr'>ne</span> <span class='ocrx_word' id='word_1_355' title='bbox 365 2245 575 2282; x_wconf 89' lang='lat' dir='ltr'>multitudo</span> <span class='ocrx_word' id='word_1_356' title='bbox 596 2246 886 2283; x_wconf 86' lang='lat' dir='ltr'>intellectorum</span> <span class='ocrx_word' id='word_1_357' title='bbox 904 2247 946 2283; x_wconf 87' lang='lat' dir='ltr'>in</span> <span class='ocrx_word' id='word_1_358' title='bbox 966 2247 1209 2284; x_wconf 87' lang='lat' dir='ltr'>intellectum</span> <span class='ocrx_word' id='word_1_359' title='bbox 1225 2247 1402 2284; x_wconf 80' lang='lat' dir='ltr'>divinum</span> <span class='ocrx_word' id='word_1_360' title='bbox 1419 2246 1753 2294; x_wconf 86' lang='lat' dir='ltr'>compositionem</span> 
     </span>
     <span class='ocr_line' id='line_1_42' title="bbox 135 2292 1549 2340; baseline -0.002 -7"><span class='ocrx_word' id='word_1_361' title='bbox 135 2294 312 2337; x_wconf 77' lang='lat' dir='ltr'>inducat,</span> <span class='ocrx_word' id='word_1_362' title='bbox 334 2292 634 2339; x_wconf 83' lang='lat' dir='ltr'>investigandus</span> <span class='ocrx_word' id='word_1_363' title='bbox 655 2296 715 2329; x_wconf 88' lang='lat' dir='ltr'>est</span> <span class='ocrx_word' id='word_1_364' title='bbox 735 2293 876 2330; x_wconf 84' lang='lat' dir='ltr'>modus</span> <span class='ocrx_word' id='word_1_365' title='bbox 897 2303 976 2340; x_wconf 86' lang='lat' dir='ltr'>quo</span> <span class='ocrx_word' id='word_1_366' title='bbox 998 2294 1077 2331; x_wconf 89' lang='lat' dir='ltr'>ista</span> <span class='ocrx_word' id='word_1_367' title='bbox 1096 2295 1296 2331; x_wconf 83' lang='lat' dir='ltr'>intellecta</span> <span class='ocrx_word' id='word_1_368' title='bbox 1314 2294 1395 2332; x_wconf 86' lang='lat' dir='ltr'>siut</span> <span class='ocrx_word' id='word_1_369' title='bbox 1411 2294 1549 2331; x_wconf 87' lang='lat' dir='ltr'>multa.</span> 
     </span>
    </p>

    <p class='ocr_par' dir='ltr' id='par_1_12' title="bbox 135 2340 1755 2620">
     <span class='ocr_line' id='line_1_43' title="bbox 183 2340 1755 2387; baseline 0 -9"><span class='ocrx_word' id='word_1_370' title='bbox 183 2343 268 2378; x_wconf 81' lang='lat' dir='ltr'>Non</span> <span class='ocrx_word' id='word_1_371' title='bbox 290 2346 419 2376; x_wconf 84' lang='lat' dir='ltr'>autem</span> <span class='ocrx_word' id='word_1_372' title='bbox 449 2340 532 2376; x_wconf 79' lang='lat' dir='ltr'>haec</span> <span class='ocrx_word' id='word_1_373' title='bbox 563 2340 774 2376; x_wconf 87' lang='lat' dir='ltr'>multitudo</span> <span class='ocrx_word' id='word_1_374' title='bbox 804 2341 861 2376; x_wconf 90' lang='lat' dir='ltr'>sic</span> <span class='ocrx_word' id='word_1_375' title='bbox 891 2341 1059 2387; x_wconf 84' lang='lat' dir='ltr'>intelligi</span> <span class='ocrx_word' id='word_1_376' title='bbox 1089 2344 1231 2386; x_wconf 90' lang='lat' dir='ltr'>potest,</span> <span class='ocrx_word' id='word_1_377' title='bbox 1254 2341 1367 2387; x_wconf 87' lang='lat' dir='ltr'>quasi</span> <span class='ocrx_word' id='word_1_378' title='bbox 1396 2341 1520 2377; x_wconf 87' lang='lat' dir='ltr'>multa</span> <span class='ocrx_word' id='word_1_379' title='bbox 1553 2340 1755 2378; x_wconf 87' lang='lat' dir='ltr'>intellecta</span> 
     </span>
     <span class='ocr_line' id='line_1_44' title="bbox 135 2386 1752 2426; baseline -0.001 0"><span class='ocrx_word' id='word_1_380' title='bbox 135 2388 307 2426; x_wconf 82' lang='lat' dir='ltr'>habeant</span> <span class='ocrx_word' id='word_1_381' title='bbox 340 2396 428 2423; x_wconf 87' lang='lat' dir='ltr'>esse</span> <span class='ocrx_word' id='word_1_382' title='bbox 462 2386 689 2423; x_wconf 88' lang='lat' dir='ltr'>distinctum</span> <span class='ocrx_word' id='word_1_383' title='bbox 720 2387 759 2423; x_wconf 90' lang='lat' dir='ltr'>in</span> <span class='ocrx_word' id='word_1_384' title='bbox 797 2389 888 2424; x_wconf 87' lang='lat' dir='ltr'>Deo.</span> <span class='ocrx_word' id='word_1_385' title='bbox 923 2389 1003 2424; x_wconf 86' lang='lat' dir='ltr'>Ista</span> <span class='ocrx_word' id='word_1_386' title='bbox 1032 2388 1135 2424; x_wconf 90' lang='lat' dir='ltr'>enim</span> <span class='ocrx_word' id='word_1_387' title='bbox 1165 2388 1365 2425; x_wconf 88' lang='lat' dir='ltr'>intellecta</span> <span class='ocrx_word' id='word_1_388' title='bbox 1394 2391 1460 2424; x_wconf 87' lang='lat' dir='ltr'>aut</span> <span class='ocrx_word' id='word_1_389' title='bbox 1495 2391 1630 2426; x_wconf 86' lang='lat' dir='ltr'>essent</span> <span class='ocrx_word' id='word_1_390' title='bbox 1648 2388 1752 2425; x_wconf 86' lang='lat' dir='ltr'>idem</span> 
     </span>
     <span class='ocr_line' id='line_1_45' title="bbox 136 2433 1753 2483; baseline 0.001 -12"><span class='ocrx_word' id='word_1_391' title='bbox 136 2435 242 2483; x_wconf 91' lang='lat' dir='ltr'>quod</span> <span class='ocrx_word' id='word_1_392' title='bbox 263 2433 437 2470; x_wconf 86' lang='lat' dir='ltr'>essentia</span> <span class='ocrx_word' id='word_1_393' title='bbox 458 2433 604 2477; x_wconf 85' lang='lat' dir='ltr'>divina,</span> <span class='ocrx_word' id='word_1_394' title='bbox 624 2437 661 2469; x_wconf 90' lang='lat' dir='ltr'>et</span> <span class='ocrx_word' id='word_1_395' title='bbox 681 2433 738 2469; x_wconf 86' lang='lat' dir='ltr'>sic</span> <span class='ocrx_word' id='word_1_396' title='bbox 759 2434 798 2469; x_wconf 83' lang='lat' dir='ltr'>iu</span> <span class='ocrx_word' id='word_1_397' title='bbox 819 2434 994 2471; x_wconf 83' lang='lat' dir='ltr'>essentia</span> <span class='ocrx_word' id='word_1_398' title='bbox 1013 2434 1081 2470; x_wconf 88' lang='lat' dir='ltr'>Dei</span> <span class='ocrx_word' id='word_1_399' title='bbox 1099 2437 1312 2480; x_wconf 89' lang='lat' dir='ltr'>poneretur</span> <span class='ocrx_word' id='word_1_400' title='bbox 1331 2434 1464 2481; x_wconf 84' lang='lat' dir='ltr'>aliqua</span> <span class='ocrx_word' id='word_1_401' title='bbox 1482 2434 1753 2478; x_wconf 89' lang='lat' dir='ltr'>multitudino,</span> 
     </span>
     <span class='ocr_line' id='line_1_46' title="bbox 135 2480 1753 2530; baseline -0.001 -12"><span class='ocrx_word' id='word_1_402' title='bbox 135 2481 241 2530; x_wconf 89' lang='lat' dir='ltr'>quod</span> <span class='ocrx_word' id='word_1_403' title='bbox 261 2489 381 2526; x_wconf 85' lang='lat' dir='ltr'>supra</span> <span class='ocrx_word' id='word_1_404' title='bbox 399 2480 499 2526; x_wconf 89' lang='lat' dir='ltr'>(cap.</span> <span class='ocrx_word' id='word_1_405' title='bbox 532 2480 591 2526; x_wconf 79' lang='lat'>31)</span> <span class='ocrx_word' id='word_1_406' title='bbox 622 2481 891 2526; x_wconf 85' lang='lat' dir='ltr'>multipliciter</span> <span class='ocrx_word' id='word_1_407' title='bbox 923 2484 983 2517; x_wconf 89' lang='lat' dir='ltr'>est</span> <span class='ocrx_word' id='word_1_408' title='bbox 1011 2485 1232 2518; x_wconf 87' lang='lat' dir='ltr'>remotum:</span> <span class='ocrx_word' id='word_1_409' title='bbox 1253 2485 1321 2518; x_wconf 85' lang='lat' dir='ltr'>aut</span> <span class='ocrx_word' id='word_1_410' title='bbox 1345 2485 1481 2518; x_wconf 86' lang='lat' dir='ltr'>essent</span> <span class='ocrx_word' id='word_1_411' title='bbox 1501 2481 1753 2527; x_wconf 82' lang='lat' dir='ltr'>superaddita</span> 
     </span>
     <span class='ocr_line' id='line_1_47' title="bbox 135 2526 1752 2578; baseline -0.002 -10"><span class='ocrx_word' id='word_1_412' title='bbox 135 2527 320 2568; x_wconf 86' lang='lat' dir='ltr'>essentiae</span> <span class='ocrx_word' id='word_1_413' title='bbox 337 2527 497 2578; x_wconf 76' lang='lat' dir='ltr'>divinae,</span> <span class='ocrx_word' id='word_1_414' title='bbox 519 2531 557 2563; x_wconf 91' lang='lat' dir='ltr'>et</span> <span class='ocrx_word' id='word_1_415' title='bbox 576 2527 635 2563; x_wconf 90' lang='lat' dir='ltr'>sic</span> <span class='ocrx_word' id='word_1_416' title='bbox 655 2532 761 2564; x_wconf 85' lang='lat' dir='ltr'>essct</span> <span class='ocrx_word' id='word_1_417' title='bbox 782 2528 820 2564; x_wconf 82' lang='lat' dir='ltr'>in</span> <span class='ocrx_word' id='word_1_418' title='bbox 835 2529 916 2564; x_wconf 90' lang='lat' dir='ltr'>Deo</span> <span class='ocrx_word' id='word_1_419' title='bbox 930 2528 1091 2575; x_wconf 88' lang='lat' dir='ltr'>aliquod</span> <span class='ocrx_word' id='word_1_420' title='bbox 1107 2528 1306 2570; x_wconf 84' lang='lat' dir='ltr'>accidens,</span> <span class='ocrx_word' id='word_1_421' title='bbox 1319 2528 1426 2576; x_wconf 85' lang='lat' dir='ltr'>quod</span> <span class='ocrx_word' id='word_1_422' title='bbox 1446 2536 1567 2574; x_wconf 84' lang='lat' dir='ltr'>supra</span> <span class='ocrx_word' id='word_1_423' title='bbox 1579 2527 1680 2574; x_wconf 87' lang='lat' dir='ltr'>(cap.</span> <span class='ocrx_word' id='word_1_424' title='bbox 1693 2526 1752 2573; x_wconf 87' lang='grc'>33)</span> 
     </span>
     <span class='ocr_line' id='line_1_48' title="bbox 135 2573 777 2620; baseline -0.002 -9"><span class='ocrx_word' id='word_1_425' title='bbox 135 2573 386 2620; x_wconf 83' lang='lat' dir='ltr'>impossibile</span> <span class='ocrx_word' id='word_1_426' title='bbox 405 2582 494 2609; x_wconf 90' lang='lat' dir='ltr'>esse</span> <span class='ocrx_word' id='word_1_427' title='bbox 515 2574 777 2611; x_wconf 86' lang='lat' dir='ltr'>ostendimus.</span> 
     </span>
    </p>

    <p class='ocr_par' dir='ltr' id='par_1_13' title="bbox 130 2620 1752 2811">
     <span class='ocr_line' id='line_1_49' title="bbox 179 2620 1750 2672; baseline 0.001 -15"><span class='ocrx_word' id='word_1_428' title='bbox 179 2626 258 2657; x_wconf 75' lang='lat' dir='ltr'>Nec</span> <span class='ocrx_word' id='word_1_429' title='bbox 280 2620 420 2655; x_wconf 90' lang='lat' dir='ltr'>iterum</span> <span class='ocrx_word' id='word_1_430' title='bbox 441 2623 570 2671; x_wconf 82' lang='lat' dir='ltr'>potest</span> <span class='ocrx_word' id='word_1_431' title='bbox 588 2621 680 2672; x_wconf 83' lang='lat' dir='ltr'>poni</span> <span class='ocrx_word' id='word_1_432' title='bbox 704 2621 931 2667; x_wconf 86' lang='lat' dir='ltr'>hujusmodi</span> <span class='ocrx_word' id='word_1_433' title='bbox 954 2621 1102 2658; x_wconf 85' lang='lat' dir='ltr'>formas</span> <span class='ocrx_word' id='word_1_434' title='bbox 1130 2621 1401 2669; x_wconf 83' lang='lat' dir='ltr'>intelligibiles</span> <span class='ocrx_word' id='word_1_435' title='bbox 1418 2630 1488 2667; x_wconf 90' lang='lat' dir='ltr'>per</span> <span class='ocrx_word' id='word_1_436' title='bbox 1506 2629 1550 2658; x_wconf 89' lang='lat' dir='ltr'>se</span> <span class='ocrx_word' id='word_1_437' title='bbox 1568 2620 1750 2665; x_wconf 79' lang='lat' dir='ltr'>existere,</span> 
     </span>
     <span class='ocr_line' id='line_1_50' title="bbox 137 2666 1752 2718; baseline 0.002 -16"><span class='ocrx_word' id='word_1_438' title='bbox 137 2667 241 2711; x_wconf 87' lang='lat' dir='ltr'>quod</span> <span class='ocrx_word' id='word_1_439' title='bbox 265 2666 373 2702; x_wconf 85' lang='lat' dir='ltr'>Plato</span> <span class='ocrx_word' id='word_1_440' title='bbox 394 2666 579 2718; x_wconf 81' lang='lat' dir='ltr'>praedicta</span> <span class='ocrx_word' id='word_1_441' title='bbox 597 2668 919 2705; x_wconf 75' lang='lat' dir='ltr'>inconvenientia</span> <span class='ocrx_word' id='word_1_442' title='bbox 932 2669 1076 2712; x_wconf 75' lang='lat' dir='ltr'>vitans,</span> <span class='ocrx_word' id='word_1_443' title='bbox 1094 2669 1248 2706; x_wconf 84' lang='lat' dir='ltr'>videtur</span> <span class='ocrx_word' id='word_1_444' title='bbox 1260 2668 1446 2715; x_wconf 90' lang='lat' dir='ltr'>posuisse</span> <span class='ocrx_word' id='word_1_445' title='bbox 1463 2666 1752 2705; x_wconf 86' lang='lat' dir='ltr'>introducendo</span> 
     </span>
     <span class='ocr_line' id='line_1_51' title="bbox 135 2714 1750 2764; baseline 0.001 -14"><span class='ocrx_word' id='word_1_446' title='bbox 135 2716 249 2752; x_wconf 71' lang='lat' dir='ltr'>ideas.</span> <span class='ocrx_word' id='word_1_447' title='bbox 271 2714 370 2764; x_wconf 37' lang='lat' dir='ltr'>Nam·</span> <span class='ocrx_word' id='word_1_448' title='bbox 391 2715 525 2749; x_wconf 81' lang='lat' dir='ltr'>lormae</span> <span class='ocrx_word' id='word_1_449' title='bbox 552 2723 682 2749; x_wconf 87' lang='lat' dir='ltr'>rerum</span> <span class='ocrx_word' id='word_1_450' title='bbox 718 2715 955 2752; x_wconf 82' lang='lat' dir='ltr'>naturalium</span> <span class='ocrx_word' id='word_1_451' title='bbox 977 2716 1064 2753; x_wconf 88' lang='lat' dir='ltr'>sine</span> <span class='ocrx_word' id='word_1_452' title='bbox 1086 2716 1250 2753; x_wconf 86' lang='lat' dir='ltr'>materia</span> <span class='ocrx_word' id='word_1_453' title='bbox 1278 2715 1446 2752; x_wconf 85' lang='lat' dir='ltr'>existere</span> <span class='ocrx_word' id='word_1_454' title='bbox 1467 2722 1547 2751; x_wconf 90' lang='lat' dir='ltr'>non</span> <span class='ocrx_word' id='word_1_455' title='bbox 1566 2718 1750 2760; x_wconf 84' lang='lat' dir='ltr'>possunt,</span> 
     </span>
     <span class='ocr_line' id='line_1_52' title="bbox 130 2760 919 2811; baseline 0.003 -15"><span class='ocrx_word' id='word_1_456' title='bbox 130 2769 220 2798; x_wconf 84' lang='lat' dir='ltr'>cum</span> <span class='ocrx_word' id='word_1_457' title='bbox 244 2768 318 2796; x_wconf 92' lang='lat' dir='ltr'>nec</span> <span class='ocrx_word' id='word_1_458' title='bbox 339 2768 426 2811; x_wconf 69' lang='lat' dir='ltr'>sine</span> <span class='ocrx_word' id='word_1_459' title='bbox 447 2760 612 2810; x_wconf 77' lang='lat' dir='ltr'>materia</span> <span class='ocrx_word' id='word_1_460' title='bbox 633 2760 919 2805; x_wconf 82' lang='lat' dir='ltr'>intelligantur.</span> 
     </span>
    </p>

    <p class='ocr_par' dir='ltr' id='par_1_14' title="bbox 139 2805 1754 2902">
     <span class='ocr_line' id='line_1_53' title="bbox 183 2805 1754 2855; baseline -0.001 -10"><span class='ocrx_word' id='word_1_461' title='bbox 183 2805 295 2854; x_wconf 81' lang='lat' dir='ltr'>Quod</span> <span class='ocrx_word' id='word_1_462' title='bbox 318 2809 434 2842; x_wconf 84' lang='lat' dir='ltr'>etiam</span> <span class='ocrx_word' id='word_1_463' title='bbox 456 2815 490 2842; x_wconf 79' lang='lat' dir='ltr'>st</span> <span class='ocrx_word' id='word_1_464' title='bbox 512 2810 735 2851; x_wconf 86' lang='lat' dir='ltr'>poneretur,</span> <span class='ocrx_word' id='word_1_465' title='bbox 759 2816 831 2844; x_wconf 85' lang='lat' dir='ltr'>nec</span> <span class='ocrx_word' id='word_1_466' title='bbox 852 2808 927 2844; x_wconf 85' lang='lat' dir='ltr'>hoc</span> <span class='ocrx_word' id='word_1_467' title='bbox 946 2808 1145 2846; x_wconf 82' lang='lat' dir='ltr'>sufficeret</span> <span class='ocrx_word' id='word_1_468' title='bbox 1165 2808 1212 2846; x_wconf 88' lang='lat' dir='ltr'>ad</span> <span class='ocrx_word' id='word_1_469' title='bbox 1245 2807 1472 2855; x_wconf 88' lang='lat' dir='ltr'>ponendum</span> <span class='ocrx_word' id='word_1_470' title='bbox 1497 2808 1619 2844; x_wconf 91' lang='lat' dir='ltr'>Deum</span> <span class='ocrx_word' id='word_1_471' title='bbox 1640 2807 1754 2844; x_wconf 81' lang='lat' dir='ltr'>intel·</span> 
     </span>
     <span class='ocr_line' id='line_1_54' title="bbox 139 2852 1751 2902; baseline 0.001 -12"><span class='ocrx_word' id='word_1_472' title='bbox 139 2853 262 2902; x_wconf 83' lang='lat' dir='ltr'>ligere</span> <span class='ocrx_word' id='word_1_473' title='bbox 280 2852 587 2890; x_wconf 89' lang='lat' dir='ltr'>multitudinem.</span> <span class='ocrx_word' id='word_1_474' title='bbox 607 2854 702 2890; x_wconf 83' lang='lat' dir='ltr'>Nam</span> <span class='ocrx_word' id='word_1_475' title='bbox 725 2863 813 2890; x_wconf 80' lang='lat' dir='ltr'>cum</span> <span class='ocrx_word' id='word_1_476' title='bbox 836 2854 971 2892; x_wconf 78' lang='lat' dir='ltr'>sorniae</span> <span class='ocrx_word' id='word_1_477' title='bbox 991 2856 1187 2902; x_wconf 87' lang='lat' dir='ltr'>praedictae</span> <span class='ocrx_word' id='word_1_478' title='bbox 1206 2855 1287 2893; x_wconf 90' lang='lat' dir='ltr'>sint</span> <span class='ocrx_word' id='word_1_479' title='bbox 1310 2858 1418 2892; x_wconf 80' lang='lat' dir='ltr'>extra</span> <span class='ocrx_word' id='word_1_480' title='bbox 1437 2855 1505 2892; x_wconf 91' lang='lat' dir='ltr'>Dei</span> <span class='ocrx_word' id='word_1_481' title='bbox 1535 2854 1751 2893; x_wconf 83' lang='lat' dir='ltr'>essentiam</span> 
     </span>
    </p>
   </div>
   <div class='ocr_carea' id='block_1_7' title="bbox 1818 3148 1894 3219">
    <p class='ocr_par' dir='ltr' id='par_1_15' title="bbox 1818 3148 1894 3219">
     <span class='ocr_line' id='line_1_55' title="bbox 1818 3148 1851 3219; textangle 90"><span class='ocrx_word' id='word_1_482' title='bbox 1818 3193 1845 3219; x_wconf 58' lang='lat' dir='ltr'>A·</span> <span class='ocrx_word' id='word_1_483' title='bbox 1832 3148 1851 3174; x_wconf 45' lang='grc' dir='ltr'>ρ.</span> 
     </span>
     <span class='ocr_line' id='line_1_56' title="bbox 1833 3149 1894 3211; textangle 90"><span class='ocrx_word' id='word_1_484' title='bbox 1833 3149 1894 3211; x_wconf 58' lang='lat'>:2:²1</span> 
     </span>
    </p>
   </div>
  </div>
 </body>
</html>
