1894 3223
700 115 787 152 Ltss.
817 116 864 159 ΙΙ,
891 115 992 152 CAP.
1019 115 1123 151 xm.
1641 120 1713 155 ¹53·

113 198 214 236 ossit
260 197 413 241 roclire;
433 196 550 235 etsie
572 205 728 242 semper
747 195 954 233 effectibus
974 205 997 233 a
1015 196 1268 241 simplicitate
1289 205 1498 233 causarum
1519 197 1703 236 deficien-

102 244 205 293 ibus,
256 253 318 281 um
348 243 663 289 multiplicantur
688 242 866 286 effectus,
888 243 1097 280 diversitas
1117 252 1324 280 causarum
1359 244 1628 286 constituitur,
1654 256 1703 284 ex

85 291 231 340 quibus
254 290 484 328 universum
505 289 702 328 consistit.
725 291 812 326 llaec
829 289 949 335 igitur
967 290 1112 335 positio
1134 290 1203 327 toti
1225 299 1353 326 rerum
1376 290 1592 327 diversitati
1620 301 1699 330 non

85 347 206 380 unam
238 346 400 376 causam
433 337 626 383 assignat,
649 336 718 374 sed
757 337 929 383 singulis
961 345 1104 373 causas
1139 337 1418 374 determinatas
1458 337 1696 377 eil'ectibus:

84 388 210 422 totum
231 387 360 422 autem
382 383 648 421 diversitatem
671 392 801 420 rerum
825 393 870 420 ex
909 392 1106 420 concursu
1129 384 1305 420 omnium
1331 393 1539 421 causarum
1564 395 1700 431 proce-

86 431 177 469 dere
197 431 321 478 ponit.
344 433 397 468 Ea
417 434 548 468 autem
570 439 591 468 a
610 439 706 468 casu
728 439 817 468 esse
849 430 1020 467 dicimus
1050 439 1138 477 quae
1159 440 1204 467 ex
1225 440 1420 468 concursu
1456 431 1701 470 diversarum

87 487 300 516 causarum
320 477 571 524 proveniunt,
587 481 625 515 et
643 486 722 514 non
739 487 787 514 ex
806 477 939 524 aliqua
956 486 1032 514 una
1054 486 1176 515 eausa
1196 477 1466 515 determinata.
1490 480 1700 518 Disti‘nctio

85 525 208 573 igitur
227 534 357 562 rerum
379 528 417 562 et
433 524 530 562 ordo
553 524 728 561 universi
751 524 823 561 erit
841 534 863 560 a
881 533 991 561 casu.

134 572 317 619 Amplius,
340 570 378 608 id
401 570 506 619 quod
528 575 589 609 est
613 571 804 617 optimum
827 572 866 607 in
889 572 1006 608 relius
1027 572 1170 609 creatis
1192 572 1392 608 reducitur
1412 575 1455 609 ut
1474 572 1514 609 in
1535 573 1704 619 primam

89 628 251 658 causam
269 619 307 656 in
329 618 368 656 id
387 618 491 666 quod
508 621 565 656 est
583 619 774 664 optimum
792 619 830 654 in
846 619 993 656 causis.
1011 620 1170 663 Oportet
1185 619 1287 655 enim
1307 618 1470 655 effectus
1486 621 1705 666 proportio-

87 666 200 709 nales
232 675 322 704 csse
340 665 700 712 causis.Optimum
735 670 862 702 autem
884 666 922 702 in
940 665 1126 703 omnibus
1158 665 1315 701 entibus
1351 667 1494 703 creatis
1525 671 1585 704 est
1608 668 1706 705 ordo

86 712 278 758 universi,
296 713 336 750 in
357 721 435 766 quo
453 712 600 750 bonum
616 713 788 750 universi
806 713 1013 755 consistit;
1036 713 1138 749 sicut
1159 712 1199 764 in
1217 712 1332 748 rebus
1352 712 1538 751 humanis
1555 714 1704 751 bonum

87 761 219 807 gentis
250 763 310 797 est
342 759 516 797 divinius
537 770 654 806 quam
673 760 820 796 honuni
844 760 976 795 unius.
998 760 1157 804 Oportet
1188 759 1310 804 igitur
1330 757 1509 796 ordin‘em
1535 761 1708 799 universi

86 807 192 845 sicut
209 807 251 845 in
269 816 427 844 eausam
450 807 616 853 primam
636 807 821 844 reducere
838 806 875 842 in
895 808 1156 857 Deum,que1n
1179 814 1298 858 supra
1312 804 1352 852 (l.
1366 814 1394 850 1,
1413 807 1519 854 c.41)
1536 808 1709 845 ostendi-

87 862 178 892 mus
195 863 284 891 esse
305 854 784 891 301111001111)00001.Νο0
803 853 923 896 igitur
944 861 1072 889 rerum
1105 852 1322 897 distinctio,
1345 853 1384 888 in
1401 862 1479 899 quo
1495 854 1591 891 ordo
1613 864 1706 892 con-

88 901 195 953 sistit
216 901 407 946 universi,
421 904 607 937 causatur
623 910 669 937 ex
684 899 817 941 causis
830 898 1031 943 secundis,
1052 899 1119 935 sed
1136 899 1264 946 inagis
1277 910 1323 936 ex
1341 900 1560 938 intentione
1575 910 1706 939 causae

115 957 236 985 riniae.

86 957 111 994 p
133 995 277 1036 Adhuc,
315 993 530 1031 absurdum
564 993 718 1031 videtur
747 993 785 1030 id
818 991 922 1040 quod
955 995 1016 1029 est
1047 993 1239 1038 optimum
1273 993 1313 1029 in
1345 993 1477 1037 rebus,
1518 995 1705 1033 reducere

87 1041 190 1081 sicut
213 1042 252 1077 in
286 1050 462 1086 causam,
484 1041 524 1077 in
555 1050 686 1078 rerum
717 1039 925 1077 desectum.
949 1039 1147 1085 Optimum
1179 1043 1307 1077 autem
1342 1040 1382 1076 in
1416 1041 1535 1079 rebus
1563 1043 1705 1080 creatis

87 1092 147 1126 est
177 1087 394 1132 distinctio,
422 1091 459 1125 et
490 1087 588 1125 ordo
618 1087 808 1133 ipsarum,
831 1089 874 1123 ut
905 1089 1111 1124 ostensum
1142 1090 1202 1124 est
1232 1086 1281 1133 (c.
1311 1088 1383 1133 39).
1421 1089 1706 1127 inconveniens

85 1135 209 1183 igitur
240 1138 300 1172 est
330 1134 473 1179 dicere,
496 1134 601 1181 quod
636 1134 728 1171 talis
764 1133 966 1171 distinctio
997 1142 1044 1170 ex
1064 1133 1140 1171 1100
1169 1137 1356 1170 causetur
1387 1134 1493 1180 quod
1520 1136 1705 1174 secundae

87 1191 217 1223 causae
239 1179 424 1219 deficiunt
445 1181 735 1228 asimplicitate
756 1189 887 1218 causae
905 1180 1055 1227 primae.

133 1229 234 1270 Item,
256 1228 296 1265 in
318 1228 506 1266 omnibus
525 1228 660 1266 causis
685 1227 895 1275 agentibus
916 1227 1124 1272 ordinatis,
1147 1227 1212 1265 ubi
1234 1227 1366 1274 agitur
1390 1232 1550 1274 propter
1569 1228 1704 1275 finem,

87 1279 254 1323 oportet,
277 1275 383 1322 quod
416 1274 517 1313 fines
554 1284 764 1313 causarum
808 1275 1073 1312 secundarum
1109 1274 1190 1311 sint
1229 1279 1386 1320 propter
1423 1275 1541 1312 finem
1575 1286 1705 1314 causae

86 1323 238 1370 primae,
271 1323 373 1359 sicut
406 1321 499 1361 finis
530 1322 729 1368 militaris,
747 1325 786 1359 et
817 1322 1027 1369 equestris,
1060 1324 1098 1358 et
1129 1321 1416 1359 srenifacientis
1452 1327 1513 1360 est
1549 1327 1706 1369 propter

87 1369 208 1408 finem
238 1369 380 1407 civilis.
402 1371 620 1408 processus
653 1373 784 1407 autem
815 1369 963 1406 entium
985 1379 1008 1405 a
1038 1369 1166 1415 primo
1198 1372 1378 1413 ente‚est
1409 1378 1479 1416 per
1509 1370 1705 1407 actionem

90 1416 313 1454 ordinatam
344 1415 391 1454 ad
417 1416 549 1461 finem,
572 1425 661 1453 cum
697 1416 748 1454 sit
776 1426 845 1462 per
876 1416 1134 1460 intellectum,
1158 1419 1201 1452 ut
1230 1419 1435 1453 ostensum
1468 1420 1529 1454 est
1560 1416 1608 1463 (c.
1630 1418 1704 1463 23).

90 1464 317 1501 Intellectus
333 1466 463 1501 autem
484 1464 616 1501 omnis
629 1467 787 1509 propter
801 1463 917 1499 finem
934 1463 1028 1510 agit.
1047 1463 1083 1500 Si
1105 1463 1225 1509 igitur
1243 1463 1282 1498 in
1299 1463 1558 1509 productione
1575 1473 1706 1501 rerum

91 1514 185 1548 sunt
207 1510 348 1557 aliquae
370 1519 500 1548 causae
523 1511 721 1550 secundae,
744 1513 898 1556 oportet
927 1510 1031 1555 quod
1060 1509 1159 1546 fines
1193 1519 1327 1546 earum
1356 1514 1392 1546 et
1424 1511 1601 1547 actiones
1627 1512 1707 1547 sint

90 1561 249 1604 propter
281 1557 398 1593 tinem
417 1566 548 1594 causfe
573 1557 722 1603 primae,
746 1557 812 1603 qui
832 1560 892 1593 est
913 1557 1076 1593 ultimus
1112 1555 1204 1593 finis
1232 1557 1272 1592 in
1302 1557 1420 1593 rebus
1456 1558 1611 1593 creatis.
1636 1558 1704 1595 llic

90 1608 222 1641 autem
243 1607 302 1641 cst
320 1604 522 1641 distinctio
538 1607 574 1641 et
592 1603 688 1641 ordo
706 1603 873 1649 partium
897 1603 1085 1647 universi,
1105 1604 1170 1649 qui
1188 1606 1248 1640 est
1268 1604 1381 1649 quasi
1400 1603 1538 1640 ultima
1560 1605 1700 1641 torma.

91 1652 177 1689 Non
195 1651 314 1698 igitur
335 1654 394 1687 est
426 1651 628 1688 distinctio
650 1651 690 1686 in
712 1651 829 1687 rebus
851 1654 888 1686 et
917 1650 1012 1686 ordo
1047 1654 1204 1696 propter
1235 1651 1413 1687 actiones
1440 1652 1704 1689 secundarum

90 1706 315 1741 causarum,
338 1697 407 1734 sed
425 1698 553 1745 magis
575 1697 751 1734 actiones
770 1697 1034 1734 secundarum
1058 1706 1268 1733 causarum
1288 1701 1381 1734 sunt
1409 1701 1566 1743 propter
1598 1698 1703 1735 ordi·

91 1753 183 1782 nem
205 1748 241 1780 et
261 1744 557 1781 distinctionem
576 1744 614 1780 in
638 1744 756 1781 rebus
777 1744 1110 1781 constituendam.

138 1792 281 1832 Adhuc,
313 1791 347 1828 si
386 1790 588 1828 distinctio
623 1791 791 1837 partium
831 1790 1005 1827 universi
1047 1793 1084 1826 et
1120 1790 1217 1827 ordo
1254 1800 1388 1827 earum
1426 1795 1488 1828 est
1523 1792 1706 1837 proprius
1743 1794 1748 1801 '

90 1836 256 1876 effectus
295 1846 427 1876 causae
466 1838 616 1884 primae,
638 1838 751 1884 quasi
789 1837 928 1874 ultima
966 1838 1094 1874 forma
1130 1841 1169 1873 et
1205 1838 1396 1883 optimum
1435 1838 1476 1874 in
1503 1839 1704 1882 universo,

91 1888 246 1932 oportet
265 1894 393 1922 rerum
414 1884 709 1922 distinctionem
738 1887 775 1921 et
796 1884 975 1921 ordinem
1007 1893 1096 1921 esse
1116 1883 1156 1921 in
1178 1883 1382 1921 intellectu
1403 1893 1533 1922 causae
1554 1886 1703 1931 priinae.

90 1932 134 1970 in
154 1931 272 1969 rebus
300 1932 420 1977 enim,
442 1941 529 1979 quae
549 1941 618 1978 per
645 1931 890 1969 intellectum
927 1935 1111 1977 aguntur,
1135 1931 1263 1968 forma
1283 1940 1369 1978 quae
1390 1931 1431 1968 in
1450 1932 1569 1969 rebus
1591 1933 1706 1969 factis

90 1978 335 2027 producitur,
356 1979 539 2024 provenit
567 1988 590 2016 a
619 1978 746 2015 forma
771 1978 907 2022 simili,
930 1988 1016 2024 quae
1035 1982 1093 2015 est
1116 1978 1157 2014 in
1192 1978 1408 2023 intellectu,
1431 1978 1535 2015 sicut
1562 1979 1705 2016 domus

93 2035 181 2073 quae
202 2028 264 2063 est
282 2025 321 2062 in
352 2025 531 2071 materia,
550 2035 573 2063 a
592 2025 710 2063 domo
742 2035 829 2072 quae
846 2029 906 2062 est
925 2025 966 2062 in
988 2025 1204 2062 intellectu.
1227 2027 1367 2063 Forma
1390 2029 1521 2063 autem
1548 2026 1708 2063 distine-

91 2071 218 2110 tionis
245 2075 281 2109 et
305 2071 458 2110 ordinis
479 2081 560 2109 non
590 2076 720 2118 potest
741 2081 829 2110 esse
850 2072 890 2108 in
911 2072 1114 2109 intellectu
1135 2076 1275 2119 agente
1298 2072 1376 2109 nisi
1398 2073 1479 2109 sint
1497 2073 1551 2110 ihi
1572 2074 1707 2110 10101ῑο

94 2119 373 2157 distinctorum
410 2122 448 2156 et
477 2119 763 2157 ordinatorum.
800 2120 897 2156 Sunt
925 2119 1048 2165 igitur
1082 2119 1124 2155 in
1160 2119 1363 2156 intellectu
1399 2120 1533 2156 divino
1569 2120 1706 2158 formae

94 2166 339 2204 diversarum
373 2175 504 2203 rerum
539 2166 814 2203 distinctarum
853 2169 890 2202 et
927 2166 1211 2203 ordinatarum.
1240 2168 1317 2202 Nec
1352 2166 1428 2203 1100
1462 2167 1706 2212 simplicitati

93 2212 223 2259 ipsius
252 2216 458 2260 repugnat,
478 2216 523 2250 ut
549 2221 669 2259 supra
689 2216 895 2250 ostensum
928 2217 987 2250 est
1017 2212 1056 2259 (l.
1078 2221 1106 2257 1,
1127 2222 1161 2249 c.
1183 2216 1222 2250 51
1256 2217 1294 2249 et
1326 2212 1440 2259 seq.).
1461 2213 1499 2250 Si
1520 2214 1641 2260 igitur
1660 2224 1708 2252 ex

94 2259 236 2298 formis
265 2268 350 2306 quae
383 2262 477 2296 sunt
507 2259 548 2296 in
581 2259 783 2298 intellectu
812 2260 1045 2305 proveniant
1064 2268 1128 2297 res
1149 2263 1256 2296 extra
1277 2260 1449 2296 animam
1468 2260 1509 2296 in
1536 2261 1600 2297 his
1621 2270 1707 2306 quae

94 2315 165 2353 per
195 2305 438 2343 intellectum
473 2309 657 2353 aguntur,
678 2310 863 2352 poterunt
898 2318 918 2343 a
958 2307 1084 2352 prima
1122 2315 1243 2343 causa
1285 2307 1512 2343 immediate
1552 2307 1708 2344 causari

94 2352 223 2400 plura,
245 2355 283 2389 et
301 2352 470 2397 diversa,
491 2362 572 2390 1100
593 2353 774 2390 obstante
789 2353 924 2390 divina
941 2352 1207 2400 simplicitate,
1227 2357 1386 2399 propter
1406 2362 1524 2399 quam
1545 2354 1705 2400 quidam

94 2401 138 2437 in
157 2398 382 2445 praedictam
402 2399 641 2445 positionem
657 2400 894 2437 inciderunt.

141 2446 242 2486 Item,
265 2445 368 2482 actio
388 2446 544 2491 agentis
562 2455 632 2492 per
650 2446 894 2483 intellectum
928 2446 1165 2483 terminatur
1192 2445 1240 2482 ad
1261 2446 1428 2482 sormam
1451 2455 1570 2493 quam
1590 2446 1706 2483 intel—

94 2492 197 2539 ligit,
218 2501 298 2529 non
317 2491 365 2529 ad
386 2493 519 2537 aliam,
537 2493 615 2530 nisi
637 2502 705 2538 per
724 2493 924 2536 accidens,
945 2497 985 2529 et
1009 2502 1033 2528 a
1065 2501 1175 2529 casu.
1197 2494 1300 2529 Deus
1329 2496 1460 2529 autem
1493 2496 1553 2530 est
1584 2502 1709 2539 agens

124 2549 166 2576 er
179 2539 437 2580 intellectum.
458 2543 499 2576 ut
516 2542 722 2577 ostensum
740 2543 801 2577 est
821 2540 869 2586 (e.
887 2539 948 2584 23)
968 2550 976 2575 :
1000 2547 1079 2575 non
1101 2542 1231 2584 potest
1245 2538 1331 2585 ejus
1348 2540 1450 2576 actio
1465 2548 1554 2577 0330
1568 2548 1708 2577 casua-

114 2586 163 2632 13,
184 2595 272 2623 0001
295 2595 376 2623 000
392 2585 579 2632 possitin
605 2594 680 2622 sua
705 2587 859 2623 actione
886 2584 1067 2622 deficere.
1089 2588 1248 2631 Oportet
1276 2586 1398 2633 igitur
1426 2587 1532 2633 quod
1563 2587 1708 2632 produ-

97 2635 161 2671 cat
180 2631 362 2670 effectum
378 2641 500 2670 suum
522 2641 570 2669 ex
589 2631 665 2668 hoc
685 2632 790 2678 quod
807 2633 938 2677 ipsum
959 2631 1142 2668 effectum
1162 2632 1362 2678 intelligit,
1385 2636 1422 2670 01
1437 2634 1620 2670 intendit.
1636 2633 1710 2671 Sed

97 2688 167 2726 per
187 2689 305 2726 quam
326 2679 520 2717 rationem
540 2679 727 2725 intelligit
753 2687 876 2715 unum
909 2677 1107 2722 effectum,
1128 2682 1260 2724 potest
1293 2682 1331 2716 et
1366 2680 1515 2718 multos
1544 2679 1710 2718 effectus

98 2726 201 2764 aiios
221 2736 244 2763 a
263 2735 306 2763 se
326 2726 562 2773 intelligere.
583 2728 718 2763 Potest
736 2725 857 2771 igitur
875 2725 1007 2762 statim
1033 2725 1159 2762 multa
1187 2734 1352 2763 causare
1381 2727 1531 2774 absque
1563 2727 1708 2764 medio.

146 2773 327 2819 Amplius,
348 2773 453 2810 sicut
472 2782 592 2819 supra
615 2771 664 2819 (c.
683 2772 743 2819 22)
764 2776 970 2809 ostensum
1004 2775 1077 2817 est,
1093 2772 1218 2810 virtus
1247 2772 1381 2811 divina
1407 2782 1489 2812 non
1521 2774 1713 2811 limitatur

101 2818 152 2856 ad
171 2828 295 2857 unum
327 2819 525 2864 effectum,
548 2823 587 2856 et
614 2820 692 2856 hoc
730 2828 777 2855 ex
809 2818 894 2864 eJ'us
926 2818 1178 2865 simplicitate
1204 2821 1407 2865 provenit;
1441 2820 1535 2867 quia
1564 2824 1711 2867 quanto

101 2865 234 2914 aliqua
253 2867 376 2905 virtus
394 2870 455 2904 est
472 2866 602 2915 inagis
638 2865 761 2910 unita,
793 2869 904 2903 tanto
933 2868 994 2903 est
1021 2866 1151 2913 magis
1179 2866 1350 2912 infinita,
1379 2870 1419 2905 et
1448 2867 1497 2905 ad
1526 2867 1640 2915 plura
1668 2875 1711 2904 30
