1894 3223
150 122 220 157 464
720 118 808 154 LIB.
836 118 901 162 ΙΙΙ,
929 117 1031 155 CAP.
1058 116 1206 159 CXLVI·

785 267 956 309 CAPUT
991 268 1139 310 CXLV.

208 382 308 417 QUOD
335 381 511 411 PECCATA
542 381 767 411 PUNIUNTUR
791 380 915 410 ETIAM
941 381 1019 411 PER
1042 382 1341 413 EXPERIENTIAM
1365 384 1545 414 ALICUJUS
1571 384 1718 415 NOCIVI.

194 494 282 530 Non
304 492 432 530 solum
456 495 587 528 autem
604 491 672 539 qui
690 494 830 528 contra
850 493 973 528 Deum
989 495 1155 537 peccant
1170 491 1362 538 puniendi
1384 498 1478 531 sunt
1491 504 1560 541 per
1574 495 1651 532 hoc
1671 495 1779 542 quod

147 550 173 578 a
190 539 437 593 beatitudine
458 542 649 586 perpetuo
670 538 943 583 excludantur,
960 538 1030 576 sed
1051 539 1169 576 etiam
1185 548 1256 586 per
1275 540 1588 587 experimentum
1607 542 1778 589 alicujus

146 596 299 625 nociv1.

195 636 317 672 Poena
334 633 440 670 enim
462 632 579 670 debet
611 632 963 678 proportionaliter
983 632 1108 678 culpae
1140 633 1397 679 respondere,
1420 637 1600 681 utsupra
1621 634 1669 681 (c.
1694 635 1777 683 144)

148 684 359 718 ostensum
380 684 453 718 est.
473 682 518 717 In
551 679 668 725 culpa
689 683 820 716 autem
855 688 934 716 non
961 679 1093 716 solum
1113 680 1305 718 avertitur
1322 690 1437 718 mens
1455 681 1503 719 ab
1522 682 1663 719 ultimo
1684 682 1777 728 fine,

147 728 219 766 sed
237 728 355 765 etiam
371 727 549 764 indebite
579 726 824 764 convertitur
844 726 885 762 in
903 726 981 763 alia
1002 726 1118 773 quasi
1139 726 1181 763 in
1201 726 1317 765 fines.
1338 729 1425 766 Non
1446 728 1578 765 solum
1596 738 1690 776 ergo
1712 738 1780 775 pu-

146 774 321 813 niendus
342 778 402 812 est
419 775 487 822 qui
511 778 647 820 peccat
668 783 738 820 per
757 773 832 810 hoc
850 773 955 820 quod
972 773 1203 812 excludatur
1221 784 1244 812 a
1263 773 1355 820 fine,
1380 774 1451 812 sed
1472 775 1591 812 etiam
1614 784 1684 821 per
1703 776 1780 814 hoc

147 822 254 870 quod
272 832 320 859 ex
339 822 431 859 aliis
451 821 571 858 rebus
591 822 738 858 sentiat
759 823 1060 858 nocumentum.

193 870 380 914 Amplius,
404 870 534 905 Poenae
566 868 792 906 inferuntur
811 877 883 914 pro
915 868 1059 914 culpis,
1082 871 1123 905 ut
1142 867 1285 906 timore
1314 877 1524 915 poenarum
1544 868 1731 906 homines
1751 878 1776 907 a

146 916 321 963 peccatis
353 916 618 960 retrahantur,
639 919 682 952 ut
708 924 830 961 supra
859 914 907 961 (c.
933 914 1013 961 144)
1045 914 1193 953 dictum
1227 919 1300 953 est.
1322 915 1465 953 Nullus
1498 919 1630 953 autem
1661 916 1775 954 timet

146 963 327 1000 amittere
356 963 397 999 id
428 962 535 1009 quod
564 971 646 999 non
678 961 878 999 desiderat
907 961 1099 1008 adipisci;
1125 962 1193 1010 qui
1225 972 1320 1009 ergo
1353 962 1501 1000 habent
1529 963 1774 1001 voluntatem

146 1019 332 1048 aversam
352 1010 401 1047 ab
435 1009 575 1046 ultimo
595 1009 674 1046 fine
695 1019 776 1047 non
808 1009 950 1046 timent
969 1009 1125 1046 excludi
1149 1009 1198 1046 ab
1226 1009 1311 1046 illo.
1333 1011 1420 1047 Non
1441 1019 1536 1056 ergo
1556 1020 1625 1055 per
1646 1010 1775 1048 solam

147 1057 421 1094 exclusionem
440 1056 489 1094 ab
509 1056 650 1094 ultimo
670 1055 748 1093 fine
766 1056 967 1102 peccando
984 1060 1275 1094 revocarentur.
1291 1058 1452 1103 Oportet
1472 1057 1593 1104 igitur
1608 1066 1775 1104 peccan-

146 1104 255 1142 tibus
276 1104 394 1142 aliam
415 1113 573 1150 poenam
595 1103 788 1149 adhiberi,
809 1113 928 1150 quam
949 1103 1114 1140 timeant
1134 1107 1359 1149 peccantes.

193 1152 294 1196 Item,
317 1151 351 1188 si
373 1151 463 1198 quis
495 1160 541 1188 eo
575 1151 679 1198 quod
715 1154 776 1188 est
793 1151 842 1188 ad
874 1151 993 1187 tinem
1024 1150 1248 1187 inordinate
1277 1151 1414 1196 utitur,
1436 1160 1517 1188 non
1542 1151 1673 1188 solum
1694 1149 1774 1189 fine

147 1198 337 1244 privatur,
359 1198 428 1235 sed
459 1198 578 1235 etiam
599 1198 708 1235 aliud
737 1201 1020 1235 nocumentum
1041 1198 1221 1243 incurrit,
1243 1201 1286 1234 ut
1303 1202 1411 1245 patet
1438 1198 1481 1234 in
1500 1198 1589 1235 cibo
1622 1197 1772 1234 inordi-

147 1248 239 1282 nate
258 1248 478 1291 assumpto,
500 1245 567 1291 qui
589 1254 671 1281 non
691 1244 824 1282 solum
851 1245 1062 1281 sanitatem
1083 1253 1165 1281 non
1186 1243 1313 1290 affert,
1334 1245 1405 1282 sed
1429 1246 1545 1281 etiam
1570 1244 1772 1291 aegritudi-

148 1300 240 1329 nem
262 1292 429 1330 inducit.
451 1293 525 1336 Qui
547 1296 678 1329 autem
700 1292 741 1328 in
776 1291 895 1329 rebus
920 1292 1062 1329 creatis
1096 1291 1213 1328 tinem
1240 1291 1449 1329 constituit
1468 1293 1527 1329 eis
1549 1301 1629 1328 non
1652 1292 1792 1329 utitur.

149 1339 370 1376 secundum
391 1339 496 1386 quod
511 1338 639 1383 debet,
659 1339 866 1375 referendo
880 1339 1033 1375 scilicet
1054 1338 1101 1375 ad
1123 1339 1308 1375 ultimum
1328 1338 1463 1376 finem.
1486 1341 1573 1375 Non
1592 1348 1686 1385 ergo
1707 1347 1772 1376 so-

148 1385 230 1423 lum
254 1386 368 1423 debet
402 1385 533 1431 puniri
567 1395 636 1431 per
655 1386 732 1422 hoc
765 1385 871 1431 quod
901 1385 1146 1422 beatitudine
1180 1389 1324 1431 careat,
1361 1386 1433 1423 sed
1461 1386 1579 1422 etiam
1610 1395 1678 1431 per
1699 1386 1775 1424 hoc

146 1432 255 1480 quod
276 1432 436 1480 aliquod
456 1435 741 1470 nocumentum
763 1432 811 1469 ab
834 1432 934 1478 ipsis
955 1432 1192 1478 experiatur.

193 1481 384 1522 Praeterea,
407 1479 512 1517 sicut
540 1483 645 1517 recte
677 1478 888 1525 agentibus
919 1478 1111 1515 debentur
1131 1479 1249 1523 bona,
1271 1479 1326 1517 ita
1355 1488 1539 1527 perverse
1563 1478 1777 1525 agentibus

148 1525 342 1564 debentur
370 1526 487 1570 mala,
508 1526 582 1564 Sed
601 1526 659 1562 illi
680 1526 747 1573 qui
780 1529 884 1566 recte
904 1529 1027 1572 agunt
1047 1525 1089 1562 in
1108 1524 1187 1562 fine
1209 1526 1256 1563 ab
1287 1527 1346 1566 eis
1366 1527 1520 1564 intento
1553 1525 1781 1572 percipiunt

147 1574 431 1619 perfectionem
459 1577 498 1610 et
528 1573 733 1620 gaudium.
756 1575 783 1609 E
804 1573 1005 1610 contrario
1039 1582 1133 1619 ergo
1153 1573 1318 1611 debetur
1352 1574 1437 1612 haec
1457 1582 1576 1620 poena
1609 1582 1778 1620 peccan-

147 1620 254 1658 tibus
275 1624 318 1657 ut
337 1631 385 1658 ex
401 1620 464 1658 his
482 1620 524 1656 in
557 1620 702 1668 quibus
724 1620 801 1657 sibi
834 1620 953 1657 finem
976 1621 1225 1657 constituunt
1247 1621 1505 1658 afflictionem
1524 1620 1721 1667 accipiant
1741 1623 1780 1657 et

151 1671 451 1705 nocumentum.

195 1715 293 1751 Hinc
314 1714 501 1761 estquod
529 1714 663 1751 divina
696 1715 898 1760 Scriptura
926 1714 1204 1759 peccatoribus
1226 1715 1507 1760 comminatur,
1530 1724 1611 1752 non
1644 1714 1777 1752 solum

147 1762 419 1799 exclusionem
439 1772 461 1798 a
482 1762 623 1808 gloria,
645 1762 715 1798 sed
736 1762 853 1798 etiam
869 1760 1127 1798 afflictionem
1148 1771 1195 1798 ex
1213 1762 1304 1799 aliis
1319 1763 1438 1800 rebus
1455 1774 1464 1806 ;
1486 1762 1775 1799 diciturenim:

145 1809 323 1844 Discedite
342 1820 365 1844 α
382 1819 450 1851 me,
471 1809 666 1849 maledieti,
688 1811 727 1845 in
745 1810 865 1853 iqnem
884 1811 1067 1849 aeternum,
1091 1810 1154 1854 qui
1168 1812 1324 1854 paratus
1344 1813 1396 1845 est
1421 1810 1564 1845 diabolo
1584 1811 1618 1844 et
1638 1809 1776 1853 anqetis.

147 1855 225 1899 ejus
246 1856 406 1899 (inacta,
430 1864 529 1897 xxv,
547 1855 607 1902 41)
626 1868 634 1900 ;
657 1859 695 1892 et
715 1867 723 1891 :
745 1857 851 1891 Pluet
881 1865 990 1901 super
1007 1858 1207 1901 peccatores
1236 1856 1401 1901 laqueos;
1424 1858 1534 1901 iqrzz's,
1557 1858 1590 1891 et
1606 1856 1774 1901 sulphur,

145 1904 182 1936 et
200 1904 354 1946 spiritns
367 1903 624 1948 procellarum,
642 1912 734 1948 pars
752 1903 876 1938 calicis
896 1913 1030 1939 eorum.
1052 1902 1168 1947 (Psal.
1190 1912 1229 1946 x,
1249 1903 1301 1949 7.)

194 1950 267 1985 Per
289 1949 362 1986 hoc
383 1953 513 1985 autem
540 1949 765 1987 excluditur
793 1949 930 1994 opinio
950 1949 1159 1994 Algazelis‚
1181 1949 1249 1995 qui
1270 1950 1406 1995 posuit
1424 1949 1530 1997 quod
1553 1949 1771 1995 peccatori-

145 1994 222 2032 bus
243 1996 327 2033 haec
348 1996 435 2033 sola
452 2005 570 2042 poena
599 1995 784 2034 reddetur
803 1995 909 2042 quod
931 1995 1159 2043 affligentur
1177 2005 1248 2042 pro
1275 1997 1495 2035 amissione
1517 1997 1645 2034 ultimi
1663 1996 1772 2035 finis.

773 2142 941 2185 CAPUT
978 2143 1143 2185 CXLVI.

543 2262 645 2297 QUOD
670 2263 867 2293 JUDIGIBUS
893 2263 1002 2293 LICET
1033 2263 1172 2293 POENAS
1198 2263 1377 2293 INFERRE.

193 2370 293 2415 Quia
311 2380 403 2408 vero
422 2380 561 2417 poenas
579 2373 693 2409 aDeo
712 2371 886 2409 inflictas
905 2371 1030 2418 aliqui
1049 2371 1356 2418 parvipendunt,
1378 2375 1539 2417 propter
1558 2370 1634 2408 hoc
1655 2371 1779 2419 quod,

145 2418 406 2456 sensibilibus
428 2418 563 2463 dediti,
585 2418 718 2456 solum
736 2428 784 2457 ea
800 2428 888 2466 quae
905 2419 1090 2456 videntur
1114 2422 1270 2456 curant.
1293 2418 1385 2455 Ideo
1405 2428 1475 2464 per
1493 2418 1668 2455 divinam
1685 2428 1777 2464 pro-

143 2465 359 2516 videntiam
383 2465 609 2502 ordinatum
631 2469 691 2503 est
711 2469 754 2502 ut
785 2466 827 2503 in
846 2466 963 2503 terris
991 2465 1073 2503 sint
1093 2465 1278 2503 homines
1299 2465 1381 2512 qui,
1402 2475 1473 2511 per
1493 2474 1632 2511 poenas
1652 2465 1779 2503 sensi·

144 2510 244 2549 biles
266 2516 303 2548 et
321 2517 554 2559 praesentes,
578 2513 680 2550 alios
707 2512 756 2550 ad
777 2513 1071 2551 observantiam
1084 2512 1254 2560 justitiae
1273 2516 1446 2560 cogant3
1469 2521 1572 2560 quos
1591 2512 1777 2550 manifes-

142 2562 228 2595 tum
251 2563 310 2596 est
329 2569 411 2597 uon
432 2569 610 2606 peccare,
632 2560 726 2597 dum
747 2560 877 2598 malos
898 2560 1084 2607 puniunt.

192 2606 332 2643 Nullus
355 2607 461 2659 enirn
482 2610 619 2653 peccat
639 2617 689 2644 ex
720 2607 796 2645 hoc
815 2607 921 2654 quod
937 2607 1136 2654 justitiam
1154 2607 1261 2645 facit.
1279 2609 1436 2645 Justum
1457 2610 1590 2644 autem
1610 2609 1671 2642 est
1689 2614 1772 2643 ma·

69 2638 74 2641 ’
143 2650 205 2687 los
226 2654 371 2698 puniri,
387 2663 489 2706 'quia
507 2663 578 2700 per
597 2663 754 2700 poenam
776 2656 893 2700 culpa
923 2654 1143 2699 ordinatur,
1164 2658 1206 2692 ut
1225 2664 1273 2692 ex
1293 2654 1534 2701 supradictis
1555 2653 1603 2701 (c.
1621 2652 1683 2699 79)
1704 2662 1772 2699 pa·

142 2700 209 2734 tet.
234 2701 319 2735 Non
341 2700 463 2746 igitur
477 2700 635 2748 judices
656 2705 823 2748 peccant
843 2701 971 2739 malos
992 2701 1210 2748 puniendo.

174 2745 332 2795 Adhuc,
357 2747 542 2785 homines
574 2748 643 2796 qui
670 2749 709 2785 in
739 2748 857 2785 terris
891 2758 1012 2795 super
1045 2748 1149 2787 alios
1188 2748 1502 2790 constituuntur,
1522 2749 1616 2798 sunt
1655 2747 1772 2794 quasi

143 2790 286 2828 divinae
317 2794 573 2837 providentiae
606 2799 861 2840 executores;
882 2797 986 2833 Deus
1019 2795 1141 2841 enim,
1162 2804 1233 2841 per
1257 2804 1340 2832 suae
1375 2794 1634 2840 providentiae
1668 2794 1773 2831 ordi-

141 2847 246 2882 nem,
270 2848 338 2884 per
370 2841 576 2885 superiora
609 2842 800 2880 inferiora
833 2844 1055 2889 exequitur,
1078 2847 1122 2880 ut
1151 2852 1200 2879 ex
1231 2841 1472 2888 supradictis
1507 2840 1557 2886 (c.
1584 2843 1630 2876 78
1653 2841 1771 2888 et79)

140 2888 260 2932 patet.
282 2884 423 2924 Nullus
443 2891 588 2929 autem,
605 2898 654 2926 ex
673 2889 750 2928 hoc
770 2890 876 2937 quod
897 2890 1105 2937 exequitur
1126 2888 1307 2927 ordinem
1320 2887 1464 2925 divinae
1493 2888 1769 2933 providentiae,
