1894 3223
675 137 762 172 Llss.
792 137 850 180 lv,
878 136 978 172 CAP.
1005 136 1122 173 xxlv.
1641 135 1708 168 535

726 282 893 322 CAPUT·
922 282 1062 322 XXIV.

440 395 542 430 QUOD
573 395 746 424 smmrus
776 394 945 423 saueius
965 394 1166 424 111000οΛ1
1184 395 1213 423 A
1236 394 1350 424 FlLIO.

135 498 303 544 Quidam
322 506 416 535 vero
439 497 544 534 circa
579 497 747 543 Spiritus
780 497 907 533 sancti
940 497 1238 542 processionem
1274 507 1404 534 errare
1437 497 1706 544 inveniuntur,

85 546 262 584 dicentes
280 544 466 591 Spiritum
490 548 669 580 sanctum
693 554 714 580 a
736 543 829 580 Filio
849 553 928 580 non
963 543 1196 589 procedere;
1229 547 1268 580 et
1293 543 1381 580 ideo
1416 546 1706 582 ostendendum

85 597 147 632 est
166 592 354 639 Spiritum
377 595 557 629 sanctum
573 601 594 627 a
616 591 710 627 Filio
732 590 956 636 procedere.

132 639 382 677 Manifestum
404 642 464 675 est
483 638 588 675 enim
610 647 657 674 ex
679 647 792 674 sacra
811 637 1011 683 Scriptura
1031 637 1137 684 quod
1154 638 1322 684 Spiritus
1343 642 1513 676 sanctus
1536 643 1594 675 est
1627 640 1707 684 spi-

85 687 187 725 ritus
205 686 313 730 Filii;
333 686 475 722 dicitur
495 685 599 722 enim
625 697 632 720 :
656 685 696 721 Si
714 686 794 730 quis
816 685 995 730 Spiritum
1014 686 1149 722 Christi
1163 696 1234 721 non
1253 686 1370 726 habet,
1385 687 1527 721 hicnon
1548 690 1598 721 est
1613 687 1706 731 ejus.

86 734 217 781 (Rom.,
238 742 325 773 vni,
343 733 393 776 9.)
414 732 502 776 Sed,
525 741 573 768 ne
597 731 742 778 aliquis
763 735 899 777 posset
930 732 1059 768 dicere
1088 732 1194 778 quod
1224 732 1328 770 alius
1356 733 1406 770 sit
1439 733 1602 778 spiritus
1640 733 1707 780 qui

85 780 263 828 procedit
284 790 306 817 a
327 782 453 822 Patre,
475 783 513 815 et
531 779 632 816 alius
653 779 719 825 qui
741 783 801 815 est
822 779 922 821 Filii,
942 778 1167 815 ostenditur
1186 789 1233 816 ex
1246 780 1379 817 verbis
1392 779 1569 826 eJusdem
1587 784 1708 825 Apos-

87 828 159 865 toli
180 827 287 874 quod
309 827 412 864 idem
434 827 603 872 Spiritus
625 830 788 863 sanctus
809 826 1000 862 sitPatris
1021 830 1058 862 01
1086 826 1194 870 Filii;
1217 835 1308 863 nam
1341 827 1415 864 1100
1442 827 1545 874 quod
1569 827 1706 864 induc-

86 879 169 912 tum
192 879 252 912 est
274 886 282 910 :
300 874 341 911 Si
360 875 441 920 quis
460 874 638 919 Spiritum
654 873 788 910 Christi
807 883 878 908 non
898 873 1015 914 habet,
1039 873 1096 908 hic
1115 884 1185 909 non
1203 874 1361 919 0310103,
1377 874 1583 919 subjunxit
1604 879 1708 919 post-

87 931 205 969 quam
231 921 381 958 dixerat
404 932 411 957 :
434 920 475 957 Si
503 921 662 966 Spiritus
694 922 760 956 Dei
789 920 929 955 habitat
959 922 999 956 in
1028 920 1127 956 vobis
1149 920 1267 965 (ibici,
1291 921 1341 967 9),
1362 924 1436 958 etc.
1459 923 1545 958 Non
1574 926 1706 958 autem

115 973 217 1006 otest
238 968 314 1005 diei
336 967 504 1014 Spiritus
525 971 688 1004 sanctus
707 976 794 1004 esse
817 967 979 1012 spiritus
1013 967 1155 1004 Christi
1176 977 1224 1004 ex
1255 968 1331 1004 1100
1363 969 1451 1005 8010
1485 969 1591 1015 quod
1617 976 1707 1005 eum

86 979 223 1053 Eabuit
246 1019 431 1061 tanquam
457 1014 590 1059 1101110,
608 1014 825 1051 secundum
850 1014 946 1050 illud
970 1015 1096 1050 :Jesus
1118 1015 1243 1059 plenus
1260 1015 1404 1060 Spiritu
1423 1020 1546 1051 sancto
1572 1025 1704 1059 repres-

84 1073 147 1099 sus
168 1066 219 1098 est
239 1073 261 1097 a
279 1062 436 1097 Jordane
457 1061 572 1107 (Luc.,
595 1070 650 1106 lv,
674 1062 728 1106 3);
749 1061 890 1098 dicitur
911 1061 1016 1097 enim
1038 1073 1045 1096 :
1069 1062 1243 1103 Quoniam
1274 1064 1357 1098 estis
1383 1063 1464 1107 filii,
1488 1064 1588 1098 misit
1614 1065 1708 1098 Deus

85 1111 260 1155 spiritum
273 1109 361 1144 Filii
375 1109 433 1144 sui
452 1110 492 1143 in
511 1108 622 1143 corda
640 1111 760 1143 vestra
775 1108 992 1155 clamantem
1010 1120 1021 1142 .-
1042 1108 1149 1143 Abba
1163 1107 1312 1154 (Pater).
1335 1109 1484 1155 (Galat.,
1504 1118 1560 1153 lv,
1583 1109 1632 1154 6.)
1657 1111 1706 1145 Ex

86 1155 163 1193 hoc
178 1164 272 1202 ergo
294 1155 461 1200 Spiritus
483 1158 646 1191 sanctus
668 1163 742 1191 nos
765 1155 857 1190 10011
876 1154 977 1191 111108
998 1155 1065 1191 Dei
1085 1154 1125 1191 in
1146 1159 1337 1201 quantum
1358 1160 1418 1192 est
1438 1156 1598 1201 spiritus
1621 1156 1709 1192 Filii

86 1202 169 1240 Dei.
195 1202 394 1239 Etlicimur
414 1205 546 1238 autem
568 1200 637 1237 filii
658 1201 726 1238 Dei
744 1200 916 1246 adoptivi
946 1210 1015 1246 per
1043 1201 1376 1238 assimilationem
1411 1202 1458 1239 ad
1481 1202 1618 1239 Filium
1640 1203 1709 1239 Dei

89 1249 325 1290 naturalem,
349 1248 567 1286 secundum
588 1243 685 1285 illud
708 1260 715 1284 :
739 1248 830 1291 Quos
846 1249 1029 1293 praescivit
1055 1251 1088 1284 et
1112 1248 1387 1293 praedestinavit
1409 1251 1605 1293 conformes
1630 1251 1710 1295 sieri

88 1297 262 1341 imaqinis
279 1297 367 1332 Filii
385 1297 454 1336 sui,
478 1299 518 1331 ut
535 1297 584 1331 sit
599 1297 675 1341 ipse
693 1296 956 1340 primoqenilus
975 1297 1015 1330 in
1033 1296 1156 1331 mullis
1171 1297 1365 1339 fratribus.
1383 1296 1511 1343 (Rom.,
1529 1306 1617 1340 vlu,
1634 1296 1709 1343 29.)

85 1343 150 1382 Sic
169 1343 289 1391 igitur
309 1346 369 1380 est
389 1342 557 1389 Spiritus
578 1346 742 1379 sanctus
764 1342 927 1388 spiritus
949 1342 1106 1386 Christi,
1128 1343 1168 1378 111
1193 1347 1383 1388 quantum
1409 1347 1469 1380 est
1500 1343 1621 1381 Filius
1644 1344 1710 1380 Dei

87 1390 296 1428 naturalis.
317 1391 404 1427 Non
422 1392 553 1436 potest
572 1393 704 1426 autem
725 1389 945 1427 8000110010
967 1389 1082 1425 aliam
1107 1389 1373 1427 habitudinem
1406 1390 1573 1436 Spiritus
1595 1400 1708 1427 sanc-

87 1441 152 1475 tus
173 1437 250 1474 dici
270 1437 433 1483 spiritus
451 1436 534 1474 Filii
555 1436 623 1473 Dei
644 1436 720 1473 nisi
740 1437 957 1473 8000000111
981 1435 1152 1482 aliquam
1173 1437 1382 1485 originem,
1404 1437 1497 1484 quia
1517 1438 1601 1474 haec
1622 1437 1710 1475 sola

87 1484 292 1522 distinctio
312 1484 352 1520 in
383 1484 528 1520 divinis
560 1483 772 1520 invenitur.
804 1485 973 1520 Necesse
1005 1487 1066 1519 est
1096 1483 1217 1529 igitur
1249 1484 1380 1522 dicere
1408 1484 1514 1531 quod
1542 1484 1710 1530 Spiritus

88 1535 253 1570 sanctus
273 1530 330 1568 sic
351 1531 402 1568 sit
423 1530 507 1567 Filii
527 1531 633 1577 quod
654 1530 701 1566 ab
721 1539 768 1566 eo
791 1530 988 1576 procedat.

134 1579 234 1622 Item,
255 1577 424 1624 Spiritus
452 1581 615 1615 sanctus
645 1586 668 1614 a
694 1577 789 1613 Filio
823 1577 1001 1621 mittitur,
1028 1577 1248 1615 secundum
1274 1577 1374 1615 illud
1397 1590 1404 1614 :
1428 1579 1542 1622 Quum
1573 1579 1711 1615 venerit

91 1626 312 1669 Paracletus,
331 1635 434 1670 quem
455 1634 517 1669 090
545 1626 687 1660 mittum
703 1624 802 1660 vobis
834 1635 855 1659 a
886 1625 1006 1659 Patre.
1031 1624 1187 1670 (Joann.‚
1211 1633 1275 1669 XV,
1294 1625 1370 1672 26.)
1390 1626 1545 1663 Mittens
1580 1629 1711 1663 autem

88 1672 363 1710 auctoritatem
383 1672 556 1718 aliquam
578 1671 755 1720 1111110110
776 1671 959 1708 missum.
983 1672 1142 1717 Oportet
1161 1672 1282 1718 igitur
1310 1672 1439 1710 dicere
1461 1672 1566 1719 quod
1588 1673 1710 1710 Filius

88 1719 232 1757 habeat
249 1718 422 1765 aliquam
437 1718 709 1755 auctoritatem
731 1722 911 1763 respectu
934 1718 1102 1763 Spiritus
1123 1719 1249 1756 sancti
1266 1730 1274 1763 ;
1292 1728 1371 1756 000
1391 1722 1521 1756 autem
1543 1719 1711 1757 dominii

87 1767 150 1803 vel
170 1765 419 1811 majoritatis,
439 1765 507 1803 sed
530 1765 749 1802 secundum
772 1765 899 1802 solam
920 1765 1130 1812 originem.
1149 1766 1211 1803 Sic
1228 1766 1346 1813 igitur
1359 1767 1526 1812 Spiritus
1547 1771 1711 1805 sanctus

87 1815 149 1851 est
167 1823 191 1851 a
210 1812 324 1850 Filio.
340 1831 384 1838 —
402 1812 440 1849 Si
462 1812 551 1859 quis
571 1817 701 1849 autem
723 1811 825 1848 dicat
855 1812 961 1859 quod
997 1813 1113 1850 etiam
1150 1813 1273 1850 Filius
1301 1813 1465 1850 mittitur
1503 1824 1525 1851 a
1563 1814 1711 1859 Spiritu

85 1863 242 1904 sancte,
263 1859 357 1906 quia
376 1858 518 1896 dicitur
538 1859 643 1906 quod
664 1859 857 1896 Dominus
877 1859 972 1895 dixit
992 1859 1032 1895 in
1054 1869 1097 1897 se
1125 1859 1329 1905 impletum
1348 1860 1446 1898 illud
1466 1861 1578 1898 isaia}
1601 1861 1711 1905 :Spi-

84 1908 180 1944 ritus
192 1908 338 1943 Domini
358 1916 466 1952 super
482 1916 559 1949 me3
579 1907 826 1950 euanqelizare
844 1907 1065 1951 pauperibus
1099 1908 1199 1942 misit
1219 1917 1274 1942 me
1306 1907 1421 1952 <Luc.‚
1443 1916 1497 1948 IV,
1523 1908 1593 1954 18),
1617 1916 1710 1944 con-

84 1953 343 1993 siderandum
356 1957 417 1990 est
436 1953 542 2000 quod
564 1953 685 1990 Filius
706 1962 729 1989 a
748 1953 892 1997 Spiritu
921 1957 1059 1990 sancto
1094 1954 1261 1991 mittitur
1281 1954 1501 1991 secundum
1528 1957 1709 1991 naturam

85 2003 346 2046 assumptam.
364 2000 532 2046 Spiritus
553 2002 683 2037 autem
698 2002 860 2037 sanctus
886 2008 966 2036 non
993 2001 1210 2045 assumpsit
1245 2004 1427 2039 naturam
1459 2006 1646 2042 creatam,
1669 2004 1711 2039 ut

85 2048 308 2086 secundum
327 2056 414 2099 eam
441 2047 571 2093 possit
596 2047 674 2084 dici
694 2047 843 2084 missus
864 2057 887 2084 a
908 2047 1006 2084 Filio
1033 2048 1094 2084 vel
1125 2048 1247 2085 Filius
1268 2047 1413 2086 hahere
1434 2049 1710 2086 auctoritatem

86 2098 269 2141 respectu
289 2094 432 2140 ipsius.
453 2094 701 2140 Relinquitur
719 2094 841 2141 igitur
860 2094 980 2140 quod,
998 2097 1180 2141 respectu
1199 2103 1382 2141 personae
1396 2098 1564 2141 10101000,
1587 2096 1710 2133 Filius

85 2149 209 2189 super
227 2139 416 2186 Spiritum
436 2145 618 2177 sanctum
637 2141 911 2178 auctoritatem
932 2140 1087 2179 habeat.

131 2188 316 2234 Amplius,
335 2186 429 2224 dicit
447 2187 569 2224 Filius
599 2187 646 2224 de
667 2187 810 2232 Spiritu
838 2191 977 2225 sancto
996 2199 1004 2225 :
1025 2190 1090 2224 Ille
1119 2199 1174 2224 me
1202 2190 1432 2235 clarificabit,
1455 2192 1542 2235 quia
1563 2190 1606 2226 de
1635 2199 1712 2226 meo

85 2236 250 2281 accipiet,
271 2237 306 2271 et
321 2234 556 2270 annuntiabit
569 2234 683 2270 vobis.
706 2233 865 2279 (Joann.‚
889 2242 971 2278 xvi,
997 2235 1068 2281 14.)
1091 2237 1175 2272 Non
1197 2240 1328 2273 autem
1351 2240 1480 2282 potest
1501 2236 1578 2273 dici
1606 2236 1712 2282 quod

86 2282 256 2328 accipiat
274 2281 315 2319 id
338 2280 444 2328 quod
464 2283 525 2318 est
554 2280 654 2326 Filii,
679 2289 760 2317 non
795 2284 926 2318 tamen
947 2281 1113 2327 accipiat
1144 2292 1167 2319 a
1196 2283 1309 2326 Filio,
1331 2286 1469 2328 utputa
1503 2283 1536 2320 81
1557 2283 1712 2320 dicatur

81 2329 193 2377 quod
213 2328 383 2374 accipiat
413 2327 629 2365 essentiam
662 2327 849 2371 divinam,
874 2337 960 2375 quae
980 2332 1040 2365 est
1074 2329 1174 2373 Filii,
1196 2339 1219 2366 a
1241 2331 1377 2373 Patre;
1398 2330 1500 2366 unde
1523 2334 1560 2366 et
1580 2330 1712 2367 subdi-

85 2378 152 2414 tur
172 2388 184 2412 :
206 2376 338 2412 Omnia
353 2385 581 2421 quaecumque
617 2374 723 2411 habet
759 2375 879 2415 Pater,
900 2385 980 2411 mea
1008 2378 1092 2411 sunt
1100 2388 1111 2419 ;
1128 2379 1322 2422 propterea
1352 2376 1435 2412 dimi
1458 2378 1546 2422 quia
1577 2377 1619 2412 de
1638 2387 1711 2413 meo

24 2450 27 2451 ν
81 2424 239 2468 accipiet
259 2422 379 2469 (ibid.,
403 2422 487 2469 15);
509 2421 544 2459 81
571 2421 678 2459 enim
698 2422 833 2459 omnia
864 2431 951 2469 quae
984 2422 1111 2460 Patris
1144 2426 1295 2460 suntet
1316 2423 1401 2460 Filii
1428 2427 1535 2468 sunt,
1557 2427 1713 2469 oportet

84 2469 194 2517 quod
227 2469 443 2506 auctoritas
475 2468 615 2513 Patris,
637 2468 857 2506 secundum
877 2478 996 2516 quam
1030 2473 1091 2506 est
1109 2470 1348 2516 principium
1374 2470 1545 2516 Spiritus
1566 2471 1709 2516 sancti,

84 2516 139 2554 sit
155 2519 193 2553 01
212 2515 311 2553 Filii.
333 2515 442 2552 Sicut
463 2523 558 2563 ergo
588 2519 628 2552 et
653 2516 822 2562 Spiritus
843 2520 1006 2553 sanctus
1040 2517 1183 2563 accipit
1202 2516 1251 2555 de
1281 2525 1330 2555 eo
1358 2517 1464 2564 quod
1497 2520 1558 2554 est
1586 2517 1711 2555 Patris

83 2572 110 2600 a
130 2564 256 2606 Patre,
274 2562 329 2599 ita
348 2562 488 2608 accipit
508 2563 555 2599 de
575 2571 624 2600 eo
644 2562 750 2609 quod
770 2566 831 2600 081
849 2563 935 2599 Filii
957 2572 980 2599 a
1003 2563 1113 2600 Filio.

132 2610 277 2651 Adhuc,
311 2609 429 2646 etiam
463 2608 597 2646 induci
630 2613 800 2655 possunt
835 2610 1090 2647 auctoritates
1119 2610 1325 2649 doctorum
1361 2612 1558 2658 Ecclesiae,
1593 2612 1710 2650 etiam

81 2655 806 2695 (3110001001.Β101100101Α1110008108
829 2668 836 2692 :
858 2657 1019 2701 Spiritus
1044 2660 1192 2694 sanctus
1211 2669 1235 2694 a
1249 2660 1359 2695 Patre
1385 2662 1419 2695 et
1436 2660 1540 2704 Filio,
1559 2669 1632 2696 non
1650 2661 1711 2704 fa-

84 2706 177 2749 ctus,
198 2714 262 2740 nec
280 2706 433 2743 creatus,
455 2713 518 2738 nec
531 2705 686 2747 qenitus,
707 2704 769 2739 sect
786 2704 990 2748 procedens.
1014 2704 1182 2749 Cyrillus
1209 2706 1328 2743 etiam
1354 2705 1397 2742 in
1431 2706 1599 2752 epistola
1620 2716 1706 2753 sua,

84 2759 205 2798 quam
222 2750 405 2798 Synodus
423 2749 758 2787 Chalcedonensis
794 2750 950 2796 recepit,
973 2750 1065 2786 dicit
1088 2763 1096 2787 :
1118 2751 1279 2796 Spiritus
1297 2754 1461 2789 veritatis
1488 2755 1708 2796 nominatur,

84 2799 121 2833 et
138 2800 191 2834 est
203 2797 364 2843 Spiritus
382 2799 560 2837 veritatis,
583 2799 616 2833 et
629 2798 779 2842 profluit
797 2797 842 2832 ab
861 2807 911 2837 eo,
932 2798 1026 2833 sicut
1045 2798 1197 2843 denique
1215 2801 1249 2835 et
1278 2809 1323 2837 etc
1341 2801 1413 2837 Deo
1437 2802 1560 2837 Patre.
1594 2801 1710 2848 Didy—

85 2851 177 2881 mus
197 2845 314 2882 etiam
336 2844 442 2889 dicit,
463 2844 503 2881 in
522 2843 622 2881 libro
637 2844 684 2880 de
707 2843 850 2889 Spiritu
873 2847 1011 2881 sancto
1031 2856 1040 2881 :
1067 2846 1189 2892 Neque
1207 2847 1298 2892 quid
1316 2850 1368 2884 est
1385 2847 1490 2884 aliud
1512 2848 1628 2885 Filius
1647 2859 1710 2884 εω-

82 2891 198 2937 ceptis
217 2891 273 2928 his
301 2902 380 2938 quae
399 2893 432 2928 ei
465 2891 601 2929 dantur
619 2901 643 2928 ιι
672 2892 810 2935 Ρατνθς
832 2901 943 2938 neque
962 2892 1039 2928 alia
1069 2895 1122 2929 est
1153 2893 1316 2940 Spiritus
1350 2897 1471 2935 saneti
1505 2896 1711 2933 substantia
