1894 3223
127 145 195 181 396
712 135 800 170 ΗΒ.
828 134 893 178 ΙΙΙ,
921 134 1022 169 CAP.
1048 133 1164 169 XCIX.

127 226 257 272 potest
277 225 407 257 tamen
439 217 518 254 alia
537 217 665 253 facere
697 224 816 262 quam
850 223 898 251 ea
923 223 1010 261 quae
1030 214 1255 252 subduntur
1280 214 1366 261 ejus
1394 213 1665 260 providentis,
1687 214 1749 251 vel

128 267 364 315 operationi,
381 265 414 302 si
430 263 611 301 absolute
637 261 914 299 consideretur
933 261 1019 308 ejus
1039 264 1240 307 potestas;
1263 261 1332 298 sed
1354 270 1435 298 non
1468 264 1600 307 potest
1620 261 1750 298 facere

129 317 260 361 aliqua
298 320 385 359 quae
419 311 493 348 suh
528 309 666 347 ordine
694 307 952 355 providentiae
978 308 1108 355 ipsius
1135 308 1184 345 ab
1215 312 1362 345 aeterno
1395 316 1476 345 non
1507 307 1680 352 fuerunt,
1702 316 1750 344 eo

128 362 232 409 quod
253 358 458 396 mutabilis
479 365 568 394 esse
584 365 666 393 non
685 358 831 402 potest.
891 401 899 408 ⁹

174 410 280 444 Hanc
316 409 447 443 autem
486 403 783 441 distinctionem
834 401 994 449 quidam
1031 411 1113 439 non
1148 401 1449 439 considerantes
1488 401 1528 438 in
1569 401 1751 438 diversos

128 463 282 491 errores
294 452 533 490 inciderunt.
552 450 717 494 Quidam
734 449 840 486 enim
858 448 1175 485 immobilitatem
1191 448 1315 485 divini
1330 448 1483 485 ordinis
1496 447 1545 485 ad
1561 457 1624 485 res
1639 447 1750 493 ipsas

128 511 214 548 quae
247 500 376 537 ordini
428 498 653 535 subduntur
694 496 904 533 extendere
944 496 1075 532 conati
1115 499 1222 536 sunt,
1256 495 1433 532 dicentes
1471 495 1575 542 quod
1616 495 1753 532 omnia

127 556 293 585 necesse
310 550 369 583 est
391 555 479 582 esse
501 545 604 581 sicut
625 547 732 588 sunt,
752 543 792 579 in
811 546 963 579 tantum
985 542 1092 586 quod
1111 542 1271 589 quidam
1302 542 1500 586 dixerunt,
1522 541 1628 588 quod
1645 543 1751 578 Deus

128 604 207 631 non
248 597 377 640 potest
399 593 476 629 alia
509 593 637 628 facere
658 599 776 637 quam
798 599 885 637 quae
921 589 1029 633 facit,
1055 592 1193 626 contra
1221 588 1327 636 quod
1348 593 1409 626 est
1436 588 1542 635 quod
1568 588 1750 629 habetur,

128 641 277 684 Matth„
293 649 403 683 XXVI,
424 642 467 676 53
487 650 495 674 ι
514 639 649 675 Αηηοη
665 647 812 683 possum
830 646 959 680 royare
976 637 1121 672 Patrem
1136 646 1265 676 meum,
1287 638 1320 671 et
1340 635 1521 671 emhibebz't
1555 635 1647 671 mihi
1664 636 1752 680 plus

129 699 238 734 quam
272 688 458 722 duodecim
479 686 632 730 leqz‘ones
650 685 858 729 angelorum
873 686 890 718 P
917 682 1083 727 Quidam
1100 686 1231 720 autem
1247 692 1267 719 e
1288 691 1482 719 converso
1508 682 1753 719 mutabilita-

129 740 206 771 tem
229 743 358 770 rerum
381 742 468 780 quae
489 733 632 769 divinae
651 730 908 777 providentiae
939 729 1205 776 subjiciuntur
1220 729 1263 766 in
1281 728 1586 766 mutabilitatem
1607 728 1752 766 divinae

128 781 384 828 providentiae
404 779 707 823 transtulerunt,
724 778 771 814 de
792 779 871 814 Deo
893 777 1106 814 carnaliter
1127 776 1345 814 sentientes
1359 775 1464 823 quod
1478 777 1583 813 Deus
1607 775 1655 812 ad
1668 784 1753 812 mo-

131 829 223 865 dum
241 828 412 865 carnalis
435 827 611 863 hominis
628 825 678 862 sit
710 825 751 861 in
773 834 846 861 sua
863 824 1066 860 voluntate
1083 823 1301 868 mutabilis,
1318 826 1457 860 contra
1470 822 1575 868 quod
1593 821 1752 866 dicitur,

130 878 259 919 Num,
283 883 395 919 XXIII,
421 877 462 910 19
481 886 488 910 ε
505 875 585 911 Non
603 877 654 908 est
673 874 767 908 Deus
788 875 828 907 ut
848 872 962 915 homo,
978 874 1018 906 ut
1036 872 1245 915 mentiatur,
1259 880 1323 906 nec
1343 871 1450 915 quasi
1467 870 1564 915 filius
1584 869 1752 913 hominis,

129 926 169 957 ut
204 925 372 957 mutetur.
399 921 473 957 Alii
505 929 599 957 vero
638 918 950 965 contingentiam
990 918 1132 955 divinae
1164 917 1421 964 providentiae
1460 916 1753 960 subtraxerunt,

131 974 268 1006 contra
300 977 401 1016 quos
435 967 593 1013 dicitur,
609 967 767 1011 Thren.,
788 975 847 1010 111,
867 968 910 1002 37
935 977 943 1001 :
964 964 1052 1008 Quis
1072 968 1123 1001 est
1142 966 1210 1001 iste
1229 966 1293 1010 qui
1312 964 1410 999 davit
1430 965 1582 1010 utfieret
1598 962 1753 1008 aliquid,

111 1018 278 1052 Domino
297 1026 366 1051 non
383 1015 530 1060 jubente
544 1015 563 1050 ?

772 1111 940 1152 CAPUT
975 1110 1114 1152 XCIX.

132 1228 231 1262 QUOD
257 1227 354 1256 DEUS
389 1226 532 1256 POTEST
558 1225 726 1256 OPERARI
763 1224 924 1254 PRAETER
949 1224 1124 1253 ORDINEM
1158 1224 1281 1253 REBUS
1308 1224 1472 1253 INDITUM
1493 1223 1750 1253 PRODUGENDO

569 1278 759 1308 EFFEGTUS
784 1277 936 1311 ABSQUE
961 1276 1097 1306 GAUSIS
1120 1277 1316 1306 PRoxmts.

180 1391 314 1426 Restat
334 1391 464 1424 autem
496 1387 705 1424 ostendere
734 1386 839 1433 quod
857 1389 998 1432 praeter
1036 1385 1215 1422 ordinem
1239 1384 1287 1422 ab
1321 1385 1409 1431 ipso
1437 1385 1557 1421 rebus
1584 1385 1755 1423 inditum

133 1446 248 1483 agere
269 1435 410 1481 possit.
434 1436 500 1471 Est
530 1434 636 1470 enirn
658 1433 756 1471 ordo
777 1433 936 1470 divinus
962 1432 1172 1469 institutus
1191 1432 1232 1468 in
1253 1431 1386 1472 rebus,
1408 1435 1450 1468 ut
1476 1431 1668 1469 inferiora
1687 1441 1758 1478 per

133 1482 339 1528 superiora
357 1484 591 1518 moveantur
608 1491 631 1518 a
650 1481 744 1526 Deo,
760 1484 931 1526 utsupra
940 1479 1040 1526 (cap.
1053 1481 1099 1516 82
1113 1478 1345 1525 etpraeced.)
1361 1478 1506 1515 dictum
1530 1482 1602 1515 est.
1622 1480 1756 1516 Potest.

132 1535 260 1567 auten]
282 1531 386 1566 Deus
406 1531 547 1574 praeter
573 1528 679 1571 hunc
699 1527 878 1565 ordinem
895 1526 1024 1564 facere
1042 1529 1084 1563 ut
1101 1526 1255 1563 scilicet
1274 1525 1360 1572 ipse
1382 1524 1563 1563 effectum
1582 1525 1756 1573 aliquem

132 1578 172 1614 in
208 1575 465 1613 inferioribus
503 1579 700 1622 operetur,
722 1574 823 1611 nihil
858 1573 907 1611 ad
945 1574 1021 1610 hoc
1047 1576 1190 1621 agente
1216 1572 1411 1619 superiori
1439 1576 1593 1619 agente.
1616 1575 1659 1609 In
1680 1573 1758 1610 hoc

132 1624 237 1660 enim
260 1622 390 1660 differt
410 1631 533 1669 agens
554 1622 774 1659 secundum
796 1621 1074 1658 necessitatem
1107 1624 1258 1657 naturae
1292 1620 1340 1657 ab
1367 1623 1508 1667 agente
1534 1619 1757 1657 secundum

131 1671 390 1715 voluntatem,
413 1669 519 1717 quod
539 1669 586 1706 ah
608 1673 749 1716 agente
769 1668 988 1706 secundum
1007 1668 1284 1705 necessitatem
1307 1670 1456 1704 naturae
1484 1665 1649 1705 effectus
1674 1675 1757 1704 non

131 1720 264 1764 potest
281 1718 393 1764 sequi
416 1717 495 1754 nisi
517 1716 735 1754 secundum
756 1715 917 1753 modum
934 1716 1091 1753 virtutis
1111 1715 1274 1752 activae:
1296 1714 1400 1751 unde
1419 1723 1543 1761 agens
1571 1713 1677 1761 quod
1697 1718 1759 1751 est

132 1766 314 1802 maximae
350 1764 507 1801 virtutis
545 1773 626 1800 non
670 1766 800 1809 potest
837 1762 1063 1799 immediate
1103 1762 1320 1808 producere
1358 1760 1542 1798 effectum
1581 1761 1755 1807 aliquem

131 1821 309 1858 parvum,
333 1811 402 1848 sed
422 1811 605 1857 producit
618 1809 801 1847 effectum
815 1819 897 1846 suae
917 1809 1050 1846 virtuti
1080 1809 1438 1855 proportionatum,
1459 1809 1502 1844 in
1523 1817 1603 1855 quo
1623 1812 1756 1844 tamen

133 1859 334 1895 invenitur
353 1857 592 1905 quandoque
607 1858 738 1894 minor
759 1857 883 1893 virtus
905 1865 1021 1903 quarn
1043 1856 1083 1892 in
1100 1865 1222 1893 causa
1235 1867 1244 1899 ;
1259 1858 1298 1892 et
1317 1856 1375 1892 sic
1395 1864 1464 1901 per
1483 1855 1607 1892 multa
1625 1855 1758 1892 media

131 1905 301 1942 tendens
336 1914 357 1941 a
396 1913 519 1941 causa
558 1913 745 1950 suprema
772 1903 954 1949 provenit
982 1903 1128 1949 aliquis
1149 1911 1294 1948 parvus
1327 1901 1505 1939 effectus.
1533 1903 1575 1937 ln
1614 1905 1756 1949 agente

134 1956 265 1988 autem
286 1961 355 1998 per
374 1952 616 1988 voluntatem
631 1959 713 1988 non
732 1954 793 1987 est
807 1950 865 1987 sic
883 1962 891 1994 ;
910 1959 1001 1986 nam
1021 1958 1144 1996 agens
1164 1959 1234 1995 per
1247 1948 1491 1985 voluntatem
1512 1948 1644 1985 statim
1667 1949 1757 1985 sine

134 1999 266 2036 medio
302 2001 434 2044 potest
463 1997 681 2044 producere
717 2005 1007 2044 quemcumque
1047 1995 1228 2033 effectum
1250 1996 1316 2043 qui
1337 2005 1449 2033 suam
1470 2004 1552 2032 non
1593 1996 1758 2033 excedat

132 2046 315 2082 virtutem
339 2057 346 2089 ;
370 2044 510 2081 artifex
549 2044 654 2081 enim
691 2044 1007 2091 perfectissimus
1040 2046 1172 2089 potest
1208 2043 1337 2079 facere
1367 2051 1468 2088 opus
1501 2041 1618 2089 quale
1638 2042 1758 2080 faciat

133 2093 272 2129 artifex
304 2092 572 2137 imperfectus.
588 2093 692 2128 Deus
727 2094 857 2128 autem
896 2093 1082 2136 operatur
1117 2100 1187 2136 per
1219 2090 1478 2133 voluntatem,
1507 2092 1546 2126 et
1577 2098 1659 2127 non
1688 2098 1759 2136 per

132 2139 412 2176 necessitatem
450 2141 614 2183 naturae,
651 2142 695 2175 ut
732 2147 853 2184 supra
891 2137 974 2184 (lib.
1007 2146 1051 2181 11,
1073 2146 1159 2183 cap.
1182 2136 1243 2184 23)
1280 2140 1487 2174 ostensum
1527 2139 1601 2175 est.
1634 2137 1760 2184 Igitur

131 2187 308 2223 minores
328 2185 506 2228 effectus,
529 2185 595 2233 qui
614 2185 715 2223 fiunt
733 2195 802 2231 per
817 2193 961 2222 causas
982 2184 1209 2229 inferiores,
1229 2187 1360 2230 potest
1380 2184 1508 2221 facere
1528 2183 1758 2221 immediate

133 2233 282 2280 absque
298 2232 487 2270 secundis
502 2232 650 2270 causis.

179 2281 323 2322 Adhuc,
362 2280 488 2317 virtus
522 2279 657 2316 divina
694 2282 945 2326 comparatur
987 2278 1037 2316 ad
1076 2287 1218 2316 omnes
1256 2278 1422 2314 virtutes
1454 2277 1617 2322 activas,
1654 2277 1760 2315 sicut

130 2327 255 2364 virtus
282 2326 522 2364 universalis
555 2326 603 2364 ad
630 2326 797 2364 virtutes
827 2325 1102 2372 particulares,
1125 2325 1230 2363 sicut
1246 2334 1316 2371 per
1337 2324 1565 2371 supradicta
1591 2324 1691 2371 (cap.
1711 2327 1755 2362 67

131 2379 168 2411 et
187 2373 286 2422 seq.)
304 2377 422 2420 patet.
447 2374 579 2411 Virtus
613 2377 746 2411 autem
779 2373 906 2410 activa
934 2373 1175 2411 universalis
1204 2372 1254 2409 ad
1274 2372 1553 2418 particularem
1572 2370 1757 2409 effectum

129 2421 428 2467 producendum
467 2420 721 2458 determinari
767 2423 899 2467 potest
944 2420 1177 2466 dupliciter:
1208 2428 1290 2456 uno
1332 2419 1451 2456 modo
1486 2427 1558 2464 per
1592 2427 1757 2456 causam

130 2468 301 2504 mediam
322 2468 615 2515 particularem,
637 2467 742 2505 sicut
759 2468 886 2505 virtus
922 2467 1049 2505 activa
1066 2467 1242 2504 coelestis
1264 2466 1444 2513 corporis
1472 2466 1757 2503 determinatur

132 2515 177 2551 ad
200 2514 382 2552 effectum
401 2515 674 2562 generationis
693 2514 878 2552 humanae
898 2523 969 2561 per
996 2515 1181 2551 virtutem
1211 2512 1506 2560 particularem,
1528 2521 1616 2560 quae
1637 2515 1696 2549 est
1713 2511 1755 2548 in

131 2562 297 2606 semine,
320 2562 424 2599 sicut
443 2562 486 2599 in
521 2561 769 2610 syllogismis
787 2561 914 2599 virtus
931 2560 1220 2608 propositionis
1246 2560 1486 2598 universalis
1518 2558 1755 2596 determina-

130 2611 192 2644 tur
214 2612 261 2645 ad
285 2609 587 2647 conclusionem
613 2609 893 2656 particularem
922 2618 992 2655 per
1011 2608 1326 2654 assumptionem
1358 2606 1656 2654 particularem;
1673 2605 1754 2643 alio

128 2654 248 2691 modo
267 2664 336 2701 per
355 2655 614 2701 intellectum,
635 2656 702 2703 qui
734 2656 1034 2693 determinatam
1056 2656 1224 2693 formam
1254 2650 1528 2701 apprehendit,
1549 2655 1587 2689 et
1603 2660 1690 2704 eam
1711 2652 1754 2688 in

131 2699 315 2738 effectum
334 2702 530 2754 producit.
548 2703 713 2741 Divinus
734 2707 865 2740 autem
883 2702 1112 2740 intellectus
1132 2711 1214 2740 non
1232 2702 1365 2739 solum
1379 2704 1440 2738 est
1455 2699 1754 2751 cognoscnivus

130 2755 213 2784 suae
234 2752 432 2800 essentiae,
454 2759 541 2796 quae
574 2753 635 2788 est
653 2751 767 2797 quasi
796 2749 1035 2787 universalis
1055 2750 1182 2787 virtus
1210 2749 1338 2786 activa
1353 2775 1362 2792 ‚
1385 2755 1512 2793 neque
1530 2749 1646 2798 etiam
1669 2749 1754 2783 tan-

129 2797 213 2846 tum
241 2795 526 2833 universalium
564 2800 601 2833 et
637 2797 854 2843 primarum
887 2806 1113 2842 causarum,
1133 2795 1203 2834 sed
1233 2795 1411 2833 omnium
1438 2792 1752 2839 particularium,

130 2843 233 2877 sicut
272 2850 341 2887 per
373 2842 599 2887 supradicta
618 2843 793 2891 (cap.76)
828 2847 948 2890 patet.
970 2845 1105 2881 Potest
1133 2843 1257 2890 igitur
1286 2840 1504 2888 producere
1528 2839 1755 2878 immediate

131 2896 289 2925 omnem
310 2886 508 2935 effectum,
527 2898 644 2936 quem
662 2891 846 2937 producit
861 2890 1141 2938 quodcumque
1155 2888 1393 2936 particulare
1413 2895 1551 2935 agens.
