1894 3223
127 142 194 178 376
677 134 765 171 LIB.
793 134 857 177 111,
885 133 985 169 GAP.
1013 133 1201 168 LXXXVII.

128 220 334 260 sufficiens
355 216 524 262 alicujus
546 214 724 256 effectus,
751 217 883 259 potest
910 217 1043 250 tamen
1070 213 1254 259 impediri
1282 223 1331 250 ex
1361 220 1562 251 concursu
1581 211 1749 249 alterius

128 275 274 309 causae,
299 268 441 301 utnon
463 265 652 308 sequatur
677 260 856 297 effectus.
877 260 964 297 Alia
989 259 1210 305 propositio
1242 263 1306 298 est
1330 268 1450 307 quam
1477 261 1609 305 negat,
1640 257 1749 305 quod

128 322 206 351 non
231 319 348 349 omne
367 309 473 357 quod
488 312 549 346 est
563 317 815 355 quocumque
837 306 972 351 modo,
993 306 1112 344 habet
1126 315 1290 344 causam
1306 315 1377 352 per
1395 315 1453 350 se,
1468 306 1539 344 sed
1554 305 1686 342 solum
1701 313 1748 342 ea

129 368 215 407 quae
234 361 327 395 sum
345 366 415 402 per
435 365 478 393 se
495 367 506 400 ;
532 364 620 402 quae
640 357 771 391 autem
791 357 884 391 sunt
903 363 972 400 per
993 353 1192 398 accidens,
1209 362 1290 391 non
1308 352 1455 390 habent
1471 353 1644 404 aliquam
1658 360 1751 389 cau-

130 415 212 444 sam
238 417 245 441 :
267 405 371 441 sicut
391 401 498 450 quod
517 403 570 439 sit
597 401 795 438 musicum
827 400 945 437 hahet
965 400 1137 447 aliquam
1170 409 1332 437 causam
1361 400 1403 437 in
1434 400 1595 437 homine
1613 410 1623 444 ;
1641 397 1749 445 quod

131 456 260 491 autem
283 451 403 488 homo
417 450 469 487 sit
490 448 609 486 simul
633 448 747 485 albus
768 451 807 484 et
829 447 1009 484 musicus
1029 456 1110 484 non
1125 447 1240 484 hahet
1253 447 1426 493 aliquam
1438 455 1614 484 causam.
1635 446 1750 490 Quae·

129 507 300 544 cumque
322 498 425 533 enim
448 499 542 533 sunt
565 495 685 532 simul
712 498 871 540 propter
898 494 1071 540 aliquam
1105 502 1282 538 causam,
1310 494 1488 530 ordinem
1519 493 1664 530 habent
1699 492 1750 530 ad

130 545 299 582 invicem
321 553 369 581 ex
388 544 456 580 illa
478 551 620 584 causa;
643 551 730 588 quae
751 545 879 578 autem
897 545 990 578 sunt
1010 550 1079 587 per
1093 540 1278 577 accidens
1298 548 1379 577 non
1401 540 1548 577 habent
1566 540 1747 577 ordinem

131 591 380 629 adinvicem.
402 592 487 626 Non
510 588 632 636 igitur
652 591 747 625 sunt
765 598 814 624 ex
843 588 976 634 aliqua
996 596 1119 624 causa
1150 596 1220 634 per
1249 595 1294 624 se
1323 591 1480 634 agente,
1510 586 1581 624 sed
1616 586 1749 623 solum

129 647 200 684 per
230 637 415 675 accidens
442 637 518 673 hoc
548 635 692 672 evenit.
721 634 874 672 Accidit
908 635 1014 671 enim
1049 634 1206 670 docenti
1237 634 1433 671 musicam
1466 633 1573 680 quod
1611 634 1751 670 doceat

131 685 334 722 hominem
356 683 504 720 album.
526 684 593 719 Est
612 682 718 719 enim
734 685 875 727 praeter
894 681 981 727 ejus
1002 680 1279 725 intentionem,
1310 681 1382 718 sed
1410 680 1582 717 intendit
1607 680 1749 717 docere

132 731 354 777 disciplinae
389 729 701 775 susceptibilem.
731 728 794 766 Sic
826 728 961 775 igitur,
994 727 1200 774 proposito
1230 727 1364 774 aliquo
1391 726 1548 771 effectu,
1570 727 1751 764 dicemus

132 778 238 826 quod
265 777 403 814 habuit
423 777 597 824 aliquam
618 784 781 813 causam
801 785 849 812 ex
868 784 946 821 qua
964 783 1044 811 non
1059 775 1107 811 de
1124 774 1362 811 necessitate
1383 773 1637 820 sequebatur,
1657 774 1753 819 quia

132 828 286 872 poterat
301 823 483 870 impediri
506 833 553 860 ex
570 822 704 869 aliqua
728 822 808 859 alia
825 831 948 859 causa
974 824 1234 873 concurrente
1261 829 1332 867 per
1350 820 1551 865 accidens,
1579 823 1630 871 et,
1659 819 1753 857 licet

132 872 242 909 illam
264 880 425 908 causam
442 873 745 907 concurrentem
775 869 828 906 sit
862 869 1050 906 reducere
1081 868 1124 905 in
1152 867 1327 914 aliquam
1359 875 1522 905 causam
1554 867 1752 911 altiorem,

132 923 264 955 tamen
285 918 416 964 ipsum
431 925 671 954 concursum
700 915 768 963 qui
790 916 967 961 impedit,
989 924 1069 952 non
1089 918 1151 952 est
1170 915 1358 952 reducere
1384 914 1426 950 in
1457 913 1632 961 aliquam
1665 923 1753 951 cau-

133 975 232 1003 sam.
257 966 300 1000 Et
319 965 377 1002 sic
395 973 475 1001 non
490 966 622 1010 potest
638 963 731 1008 dici,
750 963 856 1009 quod
874 962 1202 1009 impedimentum
1229 961 1351 1008 hujus
1376 960 1541 998 effectus
1559 960 1623 997 vel
1643 959 1753 998 illius

133 1011 320 1058 procedat
338 1021 385 1048 ex
403 1010 538 1058 aliquo
556 1009 708 1047 coelesti
728 1009 941 1056 principio.
965 1009 1073 1046 Unde
1090 1017 1172 1046 non
1193 1011 1348 1055 oportet
1361 1008 1511 1061 dicere,
1533 1006 1755 1060 quod-effe·

134 1063 222 1095 ctus
245 1066 456 1104 corporum
474 1056 699 1094 coelestium
719 1066 766 1093 ex
787 1056 1024 1093 necessitate
1046 1055 1280 1102 proveniant
1298 1055 1339 1092 in
1358 1058 1448 1093 istis
1480 1054 1753 1092 inferioribus.

182 1105 280 1142 Hinc
302 1108 362 1142 est
381 1103 486 1151 quod
508 1106 779 1141 Damascenus
799 1103 895 1140 dicit
912 1103 953 1140 in
974 1103 1152 1140 secundo
1170 1102 1273 1140 libro
1292 1104 1343 1139 De
1360 1103 1454 1138 orth.
1470 1102 1570 1146 Fid„
1591 1101 1694 1148 (cap.
1714 1101 1753 1147 7)

162 1152 241 1189 uod
262 1160 429 1197 corpora
449 1150 628 1188 coelestia
644 1159 726 1187 non
746 1153 840 1187 sunt
859 1159 983 1187 causa
1003 1149 1274 1196 generationis
1297 1149 1468 1195 alicujus
1497 1157 1635 1186 eorum
1666 1157 1754 1195 quae

134 1162 248 1242 ssunn
270 1207 398 1244 neque
419 1197 688 1244 corruptionis
704 1206 840 1234 eorum
859 1206 946 1243 quae
966 1199 1286 1241 corrumpuntur,
1307 1196 1401 1242 quia
1429 1195 1583 1247 scilicet
1601 1204 1681 1232 non
1707 1204 1755 1232 ex

135 1244 374 1282 necessitate
396 1254 443 1280 ex
457 1244 516 1281 eis
541 1241 708 1281 effectus
727 1244 978 1289 proveniunt.
993 1243 1225 1280 Aristoteles
1242 1242 1361 1279 etiam
1383 1242 1491 1286 dicit,
1513 1250 1556 1279 in
1575 1241 1753 1279 secundo

133 1294 185 1328 De
204 1301 325 1328 somno
344 1295 377 1327 et
397 1292 526 1335 vigilia
544 1290 643 1337 (cap.
664 1293 686 1327 2
707 1291 782 1327 sub
803 1290 921 1336 init),
944 1290 1050 1337 quod
1070 1299 1205 1327 eorum
1224 1298 1313 1337 quae
1337 1290 1378 1326 in
1405 1289 1641 1335 corporibus
1661 1292 1756 1326 sunt

136 1338 359 1385 signorum,
379 1338 497 1374 etiam
518 1337 756 1381 coelestium,
782 1338 888 1373 velut
916 1346 1106 1383 aquarum
1127 1341 1165 1373 et
1181 1339 1403 1380 ventorum,
1425 1336 1550 1373 multa
1569 1344 1650 1374 non
1667 1345 1754 1373 eve-

135 1385 265 1421 niunt.
285 1385 325 1421 Si
347 1384 453 1420 enim
476 1384 580 1421 alius
600 1384 873 1420 vehementior
893 1384 971 1420 isto
993 1384 1143 1420 accidat
1169 1387 1316 1425 motus,
1337 1393 1360 1420 a
1385 1392 1464 1429 quo
1488 1383 1663 1420 futurum
1696 1386 1756 1420 est

136 1432 312 1477 signum,
335 1439 416 1467 non
437 1429 494 1474 fit,
515 1430 618 1467 sicut
639 1434 677 1466 et
696 1431 821 1466 multa
838 1431 1022 1467 consulta
1038 1430 1155 1474 bene,
1181 1439 1268 1476 quae
1291 1429 1376 1466 fieri
1397 1429 1643 1475 expediebat,
1675 1429 1755 1466 dis-

135 1479 268 1515 soluta
286 1481 380 1514 sun-t
399 1481 558 1523 propter
589 1477 690 1513 alias
717 1477 921 1523 digniores
954 1477 1270 1514 inchoactiones.
1303 1476 1534 1514 Ptolomeus
1564 1476 1684 1514 etiam
1714 1476 1755 1512 in

135 1524 410 1569 Qufstclripartito
431 1524 527 1560 dicit
547 1525 762 1564 :«Rui‘sus‚
786 1533 866 1560 non
885 1525 1082 1561 aestimare
1106 1523 1297 1561 debemus
1317 1523 1422 1570 quod
1437 1523 1646 1569 superiora
1664 1531 1754 1569 pro-

134 1571 281 1608 cedunt
302 1570 600 1615 invariabiliter,
623 1574 728 1607 ntea
748 1580 834 1617 quae
855 1570 990 1608 divina
1015 1570 1281 1617 dispositione
1313 1571 1566 1617 contingunt,
1597 1574 1636 1608 et
1669 1579 1756 1618 quae

134 1617 365 1655 nullatenus
386 1621 480 1654 sunt
498 1617 671 1662 vitanda,
693 1627 766 1654 nec
786 1627 867 1655 non
889 1627 976 1665 quae
992 1618 1184 1655 veraciter
1216 1620 1254 1654 et
1277 1627 1326 1654 ex
1355 1618 1593 1655 necessitate
1621 1626 1758 1664 prove·

135 1664 253 1701 niunt
265 1677 301 1701 2).
316 1666 359 1700 In
375 1664 595 1709 Centiloquz'o
609 1665 727 1701 etiam
743 1664 839 1702 dicit
857 1677 866 1701 :
889 1678 907 1699 ι(
923 1666 1012 1703 Haec
1026 1665 1174 1702 indicia
1190 1674 1277 1711 quae
1291 1664 1361 1702 tibi
1376 1664 1502 1709 trado,
1516 1667 1610 1702 sunt
1628 1663 1758 1701 media

135 1711 239 1749 inter
258 1711 530 1749 necessarium
549 1714 587 1748 et
606 1711 799 1757 possibile
826 1725 861 1748 ».

732 1857 900 1899 CAPUT
934 1858 1161 1899 LXXXVII.

137 1970 239 2005 QUOD
265 1970 396 2000 MOTCS
429 1969 621 1999 COELESTIS
649 1968 834 1998 CORPORIS
868 1967 946 1997 NON
974 1967 1071 1997 SUNT
1095 1967 1229 1997 CAUSAE
1254 1967 1499 1998 ELECTIOXL‘M
1524 1967 1760 1999 NOSTRARIJM

407 2022 459 2050 EX
483 2022 654 2050 VIRTUTE
679 2021 815 2050 AMALAE
839 2020 1052 2056 MOVENTIS,
1072 2020 1123 2049 UT
1150 2019 1301 2054 QUIDAM
1321 2021 1475 2049 DICUNT.

183 2132 249 2167 Est
268 2133 402 2167 tamen
422 2129 718 2174 attendendum,
744 2130 849 2177 quod
868 2129 1069 2166 Avicenna
1099 2130 1296 2176 (Metapa,
1317 2129 1345 2167 l.
1366 2137 1406 2175 x,
1422 2139 1456 2166 c.
1478 2130 1512 2177 1)
1542 2130 1625 2167 vult
1650 2131 1757 2178 quod

134 2181 268 2214 motus
293 2177 515 2214 coelestium
535 2185 747 2222 corporum
769 2177 850 2213 sint
872 2180 1100 2213 nostrarum
1125 2176 1367 2214 electionum
1398 2186 1544 2218 causae,
1568 2185 1649 2214 non
1669 2177 1756 2225 (χῶ-

135 2223 222 2260 dem
246 2233 313 2269 per
334 2224 587 2261 occasionem
608 2227 777 2268 tantum,
800 2223 903 2261 sicut
920 2233 1042 2269 supra
1061 2223 1210 2261 dictum
1231 2228 1291 2261 est
1312 2223 1412 2270 (cap.
1435 2224 1510 2270 85),
1532 2223 1602 2262 sed
1612 2232 1682 2271 per
1699 2234 1756 2262 se.

135 2271 250 2307 Ponit
271 2270 377 2308 enim
409 2279 578 2317 corpora
611 2270 792 2308 coelestia
825 2279 915 2308 esse
951 2271 1151 2315 animata,
1170 2270 1275 2307 unde
1308 2274 1476 2317 oportet,
1507 2279 1597 2308 cum
1622 2275 1758 2308 motus

135 2317 308 2355 coelestis
329 2318 381 2354 sit
402 2317 450 2355 ab
470 2317 604 2355 anima
624 2321 660 2354 et
682 2318 734 2355 sit
756 2321 890 2355 motus
911 2318 1106 2364 corporis,
1127 2317 1247 2365 quod,
1269 2317 1387 2362 sicut,
1407 2317 1449 2354 in
1471 2321 1665 2365 quantum
1698 2323 1759 2356 est

134 2367 266 2400 motus
287 2364 480 2411 corporis,
500 2364 620 2401 habet
637 2365 820 2402 virtutem
844 2364 1136 2402 transmutandi
1151 2373 1332 2411 corpora,
1349 2365 1418 2410 ita,
1430 2364 1472 2402 in
1488 2368 1681 2412 quantum
1699 2369 1758 2403 est

133 2410 181 2447 ab
199 2411 346 2455 anima,
368 2411 510 2449 habeat
528 2411 713 2449 virtutem
741 2411 995 2458 imprimendi
1016 2412 1057 2448 in
1077 2411 1234 2449 animas
1261 2414 1435 2457 nostras,
1468 2416 1507 2449 et
1534 2412 1594 2449 sic
1624 2415 1759 2450 motus

131 2457 308 2509 coelestis
329 2458 382 2495 sit
415 2467 536 2496 causa
554 2461 782 2495 nostrarum
815 2459 1063 2502 voluntatum
1083 2462 1121 2495 et
1138 2458 1393 2496 electionum.
1424 2458 1482 2496 Ad
1510 2457 1615 2506 quod
1639 2459 1754 2496 etiam

133 2504 260 2541 redire
281 2504 435 2542 videtur
448 2505 598 2552 positio
616 2505 852 2543 Albumazar
871 2506 912 2542 in
933 2506 1061 2552 primo
1082 2506 1144 2543 sui
1158 2506 1431 2543 Introductorii.

139 2597 143 2601 ,
181 2551 270 2588 Haec
290 2555 421 2589 autem
438 2552 587 2599 positio
614 2552 862 2590 irrationalis
896 2557 969 2590 est.
998 2554 1165 2590 Omnem
1186 2553 1292 2590 enim
1313 2552 1500 2591 effectum
1519 2551 1588 2599 qui
1603 2555 1667 2589 est
1688 2560 1758 2597 per

134 2600 445 2648 1nstrnmentum
480 2599 643 2646 aliquod
663 2600 713 2637 ab
733 2599 930 2637 efficiente
955 2600 1176 2646 procedens
1197 2603 1352 2646 oportet
1372 2608 1462 2647 esse
1482 2598 1755 2646 proportiona-

134 2646 217 2679 tum
233 2648 515 2691 instrumento,
536 2646 640 2685 sicut
658 2646 777 2684 etiam
799 2648 947 2694 agenti.
971 2649 1057 2684 Non
1075 2647 1181 2684 enim
1195 2647 1374 2694 quolibet
1388 2646 1653 2684 instrumento
1680 2646 1755 2682 uti-

133 2696 222 2726 mur
241 2690 289 2726 ad
309 2693 524 2738 quemlibet
539 2693 736 2731 effectum.
762 2694 870 2731 Unde
892 2694 990 2731 illud
1007 2703 1086 2731 non
1105 2697 1236 2740 potest
1250 2692 1335 2731 fieri
1348 2702 1419 2740 per
1434 2691 1596 2744 aliquod
1611 2691 1757 2729 instru-

133 2739 310 2788 mentum
331 2738 379 2774 ad
400 2741 504 2785 quod
526 2740 637 2777 nullo
656 2740 775 2778 modo
797 2750 841 2778 se
859 2741 1034 2778 extendit
1051 2742 1154 2779 actio
1184 2739 1453 2778 instrumenti.
1482 2742 1593 2776 Actio
1623 2742 1756 2777 autem

127 2790 313 2834 corporis
333 2784 442 2821 nullo
463 2787 582 2823 modo
604 2796 646 2824 se
667 2788 845 2825 extendit
864 2788 913 2825 ad
933 2788 1255 2826 immutationem
1275 2786 1504 2824 intellectus
1523 2789 1562 2823 et
1578 2785 1756 2823 volunta-

124 2834 200 2874 tis,
221 2833 265 2882 ut
283 2832 489 2882 ostensum
512 2837 570 2869 cst
592 2833 691 2880 (cap.
715 2837 760 2872 84
780 2838 817 2872 et
838 2834 912 2881 85),
940 2836 1020 2872 nisi
1040 2835 1139 2872 sorte
1160 2844 1229 2882 per
1257 2833 1458 2878 accidens,
1487 2833 1530 2869 in
1562 2837 1754 2879 quantum

125 2884 174 2912 ex
203 2875 264 2914 liis
280 2881 510 2917 immutatur
530 2888 689 2926 corpus,
712 2881 818 2919 sicut
833 2882 1066 2929 praedictum
1086 2886 1158 2920 est.
1181 2879 1430 2928 Impossibile
1450 2884 1510 2918 est
1530 2888 1625 2927 ergo
1650 2879 1755 2929 quod
