1894 3223
236 0 295 23 ‚⁷:-

6 76 11 83 .

444 161 581 198 BERN.
608 161 766 196 MARIAE
792 160 852 196 DE
878 160 1044 196 RUBEIS
1074 159 1382 195 DISSERTATIO.
1639 160 1724 196 XXV

106 273 266 313 suaque
285 259 789 300 hominibusimmediata
809 258 1063 299 revelatione
1088 258 1444 298 manifestaverit?
1465 260 1725 310 Argumenta

107 327 297 378 intelligo
334 325 476 365 omnia
499 337 508 363 :
531 324 648 363 insita
668 324 763 371 alia,
785 335 880 374 quae
899 335 949 363 ex
981 324 1076 374 ipsis
1108 324 1311 363 doctrinae
1339 323 1529 362 revelatae
1552 323 1724 363 charac-

107 391 267 431 teribus
298 391 540 436 ducuntur-3
563 389 643 428 alia
662 387 859 428 adscititia
882 390 925 427 et
943 393 1148 435 extranea,
1170 399 1265 438 quaa
1298 387 1488 436 depromi
1519 388 1654 426 solent
1677 399 1726 426 ex

107 455 278 496 illorum
299 453 555 501 conditione,
577 452 711 503 quise
739 450 935 491 divinitus
963 451 1184 501 inspiratos
1217 451 1508 502 praeferebant,
1530 463 1579 491 ex
1606 451 1726 491 editis

108 519 337 567 miraculis,
358 529 408 558 ex
446 517 761 568 prophetiarum
804 519 970 562 eventu,
1005 517 1276 556 conversione
1314 516 1483 564 mundi,
1517 516 1727 567 religionis

107 588 348 636 propagatae
388 583 513 622 modo
530 613 540 630 ‚
579 584 896 631 persecutorum
931 581 1097 620 tametsi
1148 581 1377 619 furentium
1419 580 1723 630 imbecillitate,

109 648 344 689 constantia
359 651 607 697 martyrum,
623 656 670 684 ac
686 645 859 695 perenni
873 645 1062 684 omnium
1074 645 1325 684 saeculoi·um
1338 646 1593 685 testimonio.
1606 647 1712 685 Innu

110 724 240 754 merae
260 715 452 764 prostant
472 710 790 762 elegantissimae
811 721 859 749 ac
880 710 1062 750 robustae
1094 709 1298 756 vindiciae,
1321 710 1472 758 quibus
1501 710 1581 749 hoc
1602 722 1725 762 argu·

111 781 301 818 mentum
335 776 410 816 viri
440 776 650 824 illustres,
684 779 843 814 veteres
876 778 918 814 et
959 776 1174 821 recentes,
1208 773 1449 821 illustrant,
1480 774 1522 811 in
1559 786 1727 814 arenam

111 842 411 883 descendentes
431 841 649 880 adversum
671 840 818 878 divinae
837 837 1100 878 revelationis
1114 837 1253 876 hostes
1276 849 1285 875 :
1307 837 1411 875 nihil
1431 848 1528 876 vero
1550 839 1726 889 dictum,

111 905 215 945 nihil
235 905 559 956 praeclarissimis
579 915 726 944 eorum
747 904 790 942 in
810 901 1170 941 dissertationibus
1188 901 1467 951 propositum,
1490 904 1601 952 quod
1628 915 1728 943 nos-

115 973 177 1010 ter
196 970 379 1020 Aquinas
405 981 490 1009 non
522 968 804 1009 delineaverit.
820 968 1009 1006 Perenne
1026 965 1217 1006 omnium
1257 966 1510 1006 saeculorum
1536 968 1726 1007 testimo—

113 1034 230 1073 nium
251 1034 495 1081 memoravi,
517 1036 564 1072 ut
595 1033 691 1071 inde
718 1024 874 1082 pateat,
895 1043 982 1071 non
1002 1031 1138 1070 solum
1170 1030 1241 1081 jus
1259 1030 1463 1080 divinum,
1485 1033 1598 1082 quod
1619 1033 1727 1073 veri-

115 1101 220 1138 tates
238 1097 426 1137 nativum
447 1100 598 1137 creatae
633 1096 784 1136 mentis
804 1096 948 1136 lumen
964 1096 1213 1135 excedentes
1245 1096 1557 1145 complectitur,
1581 1099 1727 1149 genui-

111 1162 176 1203 nis
194 1162 488 1202 traditionibus
521 1160 761 1201 confirmari
794 1159 958 1208 debere,
981 1163 1185 1210 tanquam
1206 1161 1430 1210 aptissimis
1445 1163 1701 1212 argumentis
1714 1177 1726 1213 3

117 1237 263 1268 verum
279 1227 349 1278 jus
377 1227 505 1267 etiam
524 1227 662 1277 ipsum
695 1226 901 1273 naturale,
922 1228 1071 1275 utpote
1088 1236 1111 1263 a
1130 1226 1216 1264 Deo
1237 1226 1376 1275 quoad
1405 1226 1606 1275 plurimas
1622 1228 1729 1267 veri·

114 1295 226 1332 tates
248 1302 321 1342 per
352 1303 438 1331 sese
469 1292 610 1331 nativo
630 1290 780 1330 lumini
812 1288 971 1340 pervias
1002 1290 1249 1337 revelatum,
1271 1291 1516 1330 earumdem
1536 1293 1727 1333 traditio-

114 1367 218 1396 num
240 1356 505 1405 auctoritate,
529 1359 570 1394 et
590 1355 845 1405 populorum
866 1366 1071 1395 consensu
1101 1354 1252 1406 exponi
1271 1358 1315 1394 et
1331 1355 1529 1396 illustrari
1549 1358 1730 1399 maxime

113 1432 233 1472 posse
253 1432 303 1461 ac
321 1420 488 1461 debere.
1531 1458 1536 1463 .

168 1486 235 1526 IV.
252 1487 548 1527 Inconcussam
567 1484 811 1535 hujusmodi
831 1487 1177 1535 argumentorum
1195 1485 1279 1525 vim
1298 1489 1518 1527 attenuare
1537 1488 1732 1529 nituntur

115 1550 235 1601 impii
258 1562 268 1590 :
289 1553 383 1590 tum
398 1550 535 1600 primo
565 1549 806 1598 exemplum
839 1548 1084 1598 objicientes
1115 1548 1227 1588 falsae
1261 1550 1486 1601 religionis,
1505 1552 1569 1591 vel
1589 1554 1732 1593 Genti-

117 1615 238 1665 lium,
259 1615 324 1655 vel
355 1614 618 1662 Mahometis,
640 1614 764 1665 longe
795 1613 963 1663 lateque
995 1616 1234 1664 propagatae
1253 1627 1264 1662 3
1286 1617 1378 1653 tum
1396 1619 1600 1664 praeterea
1621 1629 1732 1668 mys-

116 1680 224 1720 teria
243 1679 339 1719 fidei
359 1682 528 1728 nostrae,
547 1678 675 1717 veluti
707 1677 859 1716 rationi
893 1677 1076 1724 adversa,
1099 1677 1345 1728 caeterisque
1375 1679 1618 1721 veritatibus
1637 1694 1731 1732 quae

117 1744 298 1784 naturali
317 1743 588 1782 innotescunt
606 1741 782 1789 lumine,
806 1740 1016 1781 contraria
1035 1742 1317 1781 traducentes.
1340 1743 1511 1782 Nullum
1532 1756 1618 1784 non
1638 1757 1731 1787 mo-

116 1811 215 1848 vent
246 1807 428 1857 lapidem
457 1805 602 1855 deistae‚
637 1808 684 1844 ut
716 1805 808 1845 haec
839 1808 1088 1857 argumenta
1121 1806 1205 1845 duo
1242 1812 1494 1857 exaggerent
1517 1821 1527 1846 :
1550 1820 1733 1858 quorum

115 1872 217 1921 vim,
239 1871 272 1911 si
305 1882 388 1922 qua
419 1875 497 1919 est,
518 1882 595 1921 pro
615 1870 722 1910 virili
755 1874 887 1921 agunt
917 1869 1135 1908 christiani
1165 1869 1391 1919 scriptores
1418 1872 1663 1923 doctissimi,
1686 1879 1735 1915 ut

116 1935 276 1977 elidant
294 1946 343 1975 ac
376 1935 613 1986 profligent.
635 1933 816 1973 Labores
850 1943 1000 1972 eorum
1035 1943 1084 1971 ac
1115 1934 1438 1983 praetantissima
1475 1936 1588 1976 edita
1607 1948 1736 1988 opera

116 2011 246 2040 nemo
262 1999 360 2040 satis
391 1999 749 2039 commendaverit
765 2012 776 2047 ;
795 1998 867 2038 sed
886 1998 931 2037 in
964 1997 1074 2038 hanc
1093 2008 1273 2039 messem
1293 2000 1622 2050 auspicatissimo
1644 2003 1734 2054 jam

115 2064 270 2105 falcem
288 2074 407 2104 suam
430 2063 599 2102 miserat
617 2063 816 2113 Aquinas.

171 2128 279 2174 Quid
299 2128 413 2167 enim
431 2127 731 2175 Mahometem‚
747 2127 922 2178 ejusque
944 2129 1190 2179 religionem
1208 2129 1398 2170 obtrudis
1410 2130 1431 2170 ἱ)
1456 2145 1475 2169 «
1489 2132 1564 2171 Hic
1578 2133 1658 2172 alia
1670 2133 1736 2173 via

119 2192 320 2244 processit
342 2208 381 2242 »,
402 2192 542 2243 inquit
558 2192 762 2242 Aquinas,
786 2193 939 2232 eodem
959 2193 1003 2231 in
1021 2193 1128 2233 libro
1141 2194 1295 2244 primo,
1312 2195 1546 2246 eodemque
1568 2208 1660 2248 cap.
1682 2199 1733 2245 6;

122 2257 387 2298 «carnalium
404 2257 559 2308 quippe
579 2257 826 2308 voluptatum
841 2258 1057 2309 promissis,
1086 2259 1138 2298 ad
1158 2270 1339 2309 quarum
1364 2260 1619 2301 desiderium
1649 2273 1735 2302 car-

118 2322 225 2362 nalis
244 2321 585 2372 concupiscentia
612 2321 789 2373 infligat,
809 2323 986 2372 populos
1004 2323 1150 2362 illexit.
1172 2323 1378 2376 Praecepta
1409 2325 1536 2364 etiam
1563 2327 1736 2366 tradidit

114 2386 314 2440 promissis
351 2385 583 2438 conformia,
621 2387 828 2437 voluptati
866 2388 1022 2427 carnali
1054 2388 1238 2428 habenas
1269 2388 1473 2436 relaxans,
1507 2389 1658 2439 quibus
1691 2391 1735 2430 in

120 2456 321 2502 promptu
338 2452 400 2489 est
419 2461 443 2489 a
463 2450 698 2490 carnalibus
717 2451 959 2491 hominibus
984 2451 1158 2492 obediri.
1181 2451 1420 2491 Documenta
1436 2453 1564 2493 etiam
1582 2453 1735 2494 verita-

119 2515 174 2555 tis
207 2525 292 2554 non
323 2513 479 2563 attulit,
508 2514 587 2553 nisi
619 2526 713 2565 quae
746 2515 791 2554 de
820 2515 934 2566 facili
958 2527 981 2554 a
1007 2515 1198 2566 quolibet
1229 2517 1498 2557 mediocriter
1530 2518 1733 2569 sapiente,

119 2578 300 2619 naturali
316 2578 482 2630 inqeni0‚
505 2579 702 2630 cognosci
723 2580 896 2630 possint.
920 2579 1027 2625 Quin
1048 2580 1188 2629 potius
1203 2592 1300 2621 vera
1320 2592 1415 2631 quae
1429 2582 1588 2631 docuit,
1605 2583 1737 2623 multis

119 2643 280 2695 fabulis,
301 2647 338 2682 et
360 2642 580 2693 falsissimis
614 2641 798 2682 doctrinis
816 2644 1061 2683 immiscuit.
1094 2643 1223 2697 Siqua
1252 2645 1380 2685 etiam
1407 2657 1494 2686 non
1526 2646 1734 2697 adhibuit,

119 2706 474 2759 supernaturaliter
500 2707 626 2756 facta,
664 2707 814 2758 quibus
843 2708 979 2747 solum
1009 2708 1159 2748 divinae
1189 2709 1451 2760 inspirationi
1485 2713 1736 2752 conveniens

121 2771 411 2811 testimonium
428 2770 666 2820 adhibetur,
690 2771 791 2812 dum
812 2772 1000 2822 operatio
1019 2772 1206 2822 visibilis,
1228 2786 1324 2825 quae
1359 2787 1446 2816 non
1474 2780 1615 2827 potest
1649 2789 1736 2819 esse

122 2836 200 2875 nisi
219 2836 370 2886 divina,
393 2836 574 2877 ostendit
607 2837 822 2876 doctorem
851 2836 1036 2877 veritatis
1066 2838 1328 2879 invisibiliter
1358 2841 1623 2892 inspiratum.
1652 2842 1732 2883 Sed

123 2899 226 2942 dixit
243 2901 340 2942 sein
361 2913 561 2942 armorum
586 2902 762 2954 potentia
794 2901 967 2943 missum
987 2915 996 2941 ε
1017 2913 1113 2954 quae
1143 2903 1259 2955 signa
1288 2904 1416 2946 etiam
1440 2906 1673 2946 latronibus
1692 2910 1736 2946 et
