1894 3223
697 136 784 174 mss.
814 137 861 183 11,
889 136 989 173 cAP.
1016 135 1076 175 ιν.
1620 145 1685 180 109

71 222 177 261 circa
195 223 414 259 creaturam
441 221 548 263 sunt,
568 217 767 254 interdum
788 228 810 254 a
827 217 916 255 fidei
932 218 1092 255 veritate
1107 217 1319 265 abducunt,
1337 222 1557 260 secundum
1579 225 1685 272 quod

69 278 171 308 verae
192 268 259 305 Dei
282 265 502 313 cognitioni
523 268 757 311 repugnant.
781 266 860 302 Hoc
882 270 1011 302 autem
1033 266 1303 313 multipliciter
1322 270 1532 315 contingit.

115 317 238 353 Primo
258 312 431 362 quidem,
460 322 508 349 ex
538 312 613 349 hoc
644 311 1050 364 quodcreaturarum
1087 318 1266 351 naturam
1297 315 1527 362 ignorantes
1549 318 1589 355 in
1610 319 1685 357 hoc

69 365 346 411 pervertuntur
360 359 613 408 quandoque,
635 358 741 411 quod
762 359 814 403 ld,
837 360 940 411 quod
957 369 1043 412 ‘non
1064 364 1192 405 potest
1210 362 1286 399 nisi
1309 363 1356 400 ab
1380 364 1459 401 alio
1482 374 1584 410 csse,
1608 367 1686 411 pri-

69 419 175 449 mam
197 417 359 447 causam
380 412 419 444 et
439 408 560 443 Deum
584 408 846 458 consumunt,
881 407 979 443 nihil
1003 407 1104 444 ultra
1124 412 1339 453 creaturas,
1371 420 1457 457 quae
1488 412 1684 458 videntur,

71 458 344 496 aestimantes;
367 454 472 491 sicut
497 453 657 490 fuerunt
677 452 732 489 1111
756 463 821 499 qul
852 462 996 499 corpus
1014 455 1290 502 quodcumque
1324 458 1445 495 Deum
1467 460 1686 497 aestimave-

70 508 176 548 runt,
195 503 242 540 de
262 501 408 550 quibus
427 500 601 538 dicitur:
626 499 696 536 Secl
716 503 780 536 aut
808 501 938 545 iynem,
974 504 1038 537 aut
1068 503 1251 547 spiritum,
1285 507 1349 539 aut
1379 507 1528 542 citatum
1556 517 1685 551 aerem,

70 555 135 588 aut
153 560 283 596 ,cyrum
298 548 495 643 st2e)llarum,
513 549 578 583 aut
595 548 747 583 nimiam
766 558 913 594 aquam,
936 551 999 584 aut
1015 549 1120 585 solem
1139 552 1171 585 et
1188 551 1356 588 lunam...
1376 552 1456 589 deos
1465 556 1689 599 putaverunt

86 599 136 637 Sa
169 627 176 633 .
211 605 284 634 xm
360 624 369 632 .

72 600 84 647 (
120 608 297 688 Secundo:
315 652 361 680 ex
376 643 452 680 hoc
464 641 569 690 quod
584 641 681 678 illud
697 641 802 688 quod
817 642 884 678 Dci
899 642 1025 680 solius
1039 647 1111 686 est,
1129 645 1320 681 creaturis
1334 645 1532 692 aliquibus
1544 648 1688 686 adscri-

70 693 193 744 bunt3
209 689 315 738 quod
329 690 447 727 etiam
469 699 516 726 ex
528 698 659 726 errore
674 689 777 726 circa
793 693 993 726 creaturas
1007 691 1215 737 contingit.
1231 691 1342 735 Quod
1358 693 1463 730 enim
1477 700 1616 733 natura
1630 695 1686 733 rei

72 740 244 786 aiiquus
263 746 341 774 non
372 737 530 783 patitur,
553 735 587 772 ei
617 745 696 773 non
717 736 956 781 attribuitur,
978 736 1055 773 nisi
1078 737 1170 783 quia
1192 737 1276 783 ejus
1299 742 1439 777 natura
1458 741 1684 788 ignoratum

73 787 179 825 sicut
198 786 232 823 si
254 784 407 822 homini
439 783 718 821 attribueretur
743 783 886 819 hahere
907 786 986 819 tres
1016 783 1151 829 pedes.
1182 784 1293 828 Quod
1315 789 1445 824 autem
1468 789 1594 826 solius
1619 789 1686 826 Dei

74 838 136 872 est
153 836 294 870 natura
313 835 501 868 creaturae
521 839 600 866 non
622 830 792 876 patitur;
815 830 918 867 sicut
938 829 1041 876 quod
1064 830 1192 868 solius
1224 832 1399 870 hominis
1427 838 1486 872 est
1514 844 1591 873 non
1620 846 1688 882 pa-

70 881 170 918 titur
201 879 365 917 alterius
386 878 441 915 rei
467 881 619 929 natura.
654 879 706 913 Ex
727 876 801 912 hoc
823 885 917 923 ergo
947 876 1051 922 quod
1080 881 1221 914 natura
1249 883 1437 917 creaturae
1467 881 1686 928 ignoratur,

71 927 285 974 praedictus
307 934 416 962 error
431 927 639 968 contingit.
663 925 705 959 Et
724 926 861 959 contra
882 923 987 960 hunc
1005 933 1177 961 errorem
1204 925 1349 963 dicitur
1369 939 1378 964 :
1400 929 1686 966 Incommunz'ca-

75 975 144 1011 bile
170 983 294 1010 nomen
314 972 498 1018 lapidibus
517 974 550 1006 et
570 971 679 1014 lionis
699 971 946 1014 imposuerunt
978 969 1096 1017 (Sap.,
1115 979 1198 1017 XIV,
1219 972 1294 1019 21).
1315 975 1359 1010 In
1385 974 1491 1012 hunc
1515 986 1687 1014 errorem

74 1022 261 1060 labuntur
280 1019 347 1066 qui
368 1027 498 1055 rerum
510 1018 767 1060 creationem,
782 1017 842 1053 vel
863 1017 1084 1054 futurorum
1100 1019 1384 1066 cognitionem,
1401 1022 1461 1059 vel
1476 1023 1687 1061 miraculo-

73 1078 160 1107 rum
182 1066 451 1112 operationem
473 1064 563 1101 aliis
586 1063 719 1100 causis
741 1073 858 1109 quam
880 1066 959 1101 Deo
980 1064 1224 1104 adscribunt.
1526 1073 1529 1075 ’

123 1116 241 1151 Tertio
262 1121 368 1157 vero,
398 1122 445 1149 ex
477 1111 552 1148 hoc
584 1110 689 1157 quod
719 1110 862 1148 divinae
888 1111 1020 1148 virtuti
1042 1112 1081 1148 in
1103 1117 1304 1151 creaturas
1339 1116 1516 1161 operanti
1538 1116 1688 1164 aliquid

73 1161 293 1200 detrahitur
311 1168 379 1206 per
399 1160 473 1196 hoc
493 1158 599 1205 quod
620 1161 808 1210 creaturae
827 1161 967 1195 natura
981 1158 1206 1205 ignoratum
1229 1161 1333 1198 sicut
1349 1165 1454 1208 patet
1474 1163 1515 1199 in
1536 1164 1599 1201 his
1620 1163 1687 1210 qui

73 1209 153 1247 duo
179 1216 309 1245 rerum
329 1206 524 1253 principia
543 1208 803 1249 constituunt,
823 1209 861 1242 et
880 1206 946 1252 qui
968 1215 1045 1250 res,
1068 1216 1145 1243 non
1164 1217 1210 1244 ex
1226 1208 1359 1245 divina
1378 1210 1594 1255 voluntate,
1618 1211 1685 1248 sed

74 1266 121 1294 ex
149 1255 384 1293 necessitate
415 1256 577 1296 naturae,
600 1262 622 1289 a
639 1253 719 1289 Deo
734 1252 946 1298 procedere
962 1257 1159 1298 asserunt,
1179 1255 1268 1291 etin
1286 1256 1367 1293 illis
1393 1256 1507 1294 etiam
1531 1258 1598 1304 qui
1625 1267 1688 1295 res

72 1303 134 1340 vel
155 1310 295 1340 omnes
323 1301 385 1338 vei
405 1299 595 1347 quasdam
631 1299 774 1352 divinae
801 1300 1060 1337 Providentiae
1092 1301 1342 1348 subtrahunt,
1366 1307 1433 1340 aut
1460 1313 1547 1341 eam
1568 1314 1689 1350 posse

71 1353 213 1397 praeter
230 1349 393 1386 solitum
413 1356 574 1385 cursum
596 1356 748 1393 Operarl
770 1351 939 1393 negant;
959 1347 1042 1384 haec
1061 1348 1165 1384 enim
1182 1349 1317 1387 omnia
1337 1350 1479 1388 divinae
1499 1352 1692 1399 derogant

69 1396 272 1445 potestati.
304 1396 445 1432 Contra
466 1403 567 1441 quos
588 1394 731 1431 dicitur
756 1406 763 1430 :
792 1394 904 1437 Quasi
922 1395 1016 1430 nihil
1041 1398 1162 1439 posset
1179 1398 1299 1440 facere
1318 1398 1561 1444 Omnipotens,
1593 1401 1691 1435 aesti-

71 1445 223 1482 mabant
243 1453 321 1479 eum
342 1442 439 1489 (soh,
460 1449 558 1486 xxn,
579 1441 658 1487 17);
689 1443 727 1478 et
751 1453 759 1477 :
786 1443 963 1478 Virtutem
992 1443 1085 1478 enim
1104 1443 1260 1479 ostendis
1281 1447 1332 1485 tu,
1356 1447 1420 1490 qui
1437 1456 1508 1482 non
1536 1446 1691 1482 crederis

73 1501 146 1529 esse
163 1492 204 1527 in
221 1492 355 1526 virtute
372 1491 635 1525 consummatus
656 1488 774 1534 (Sap,
792 1497 861 1532 xri,
886 1489 958 1535 17).

120 1538 268 1582 Quarto,
289 1537 410 1573 homo
430 1535 497 1582 qui
525 1544 595 1581 per
612 1534 728 1572 fidem
758 1535 800 1571 in
821 1537 942 1572 Deum
961 1535 1117 1574 ducitur
1137 1536 1239 1575 sicut
1268 1538 1308 1575 in
1341 1538 1523 1577 ultimum
1553 1539 1688 1585 tinem,

74 1595 123 1623 ex
143 1585 218 1622 hoc
238 1583 343 1631 quod
363 1583 374 1619 i
407 1585 519 1634 norat
536 1586 698 1618 naturas
717 1591 846 1634 rerum
868 1586 987 1629 etper
1001 1592 1251 1630 consequens
1267 1586 1433 1631 gradum
1448 1586 1510 1623 sui
1532 1587 1686 1624 ordinis

73 1633 117 1670 in
138 1631 339 1675 universo,
355 1639 378 1667 a
397 1628 556 1681 iquihus
576 1632 766 1681 creaturis
785 1638 827 1666 se
846 1632 955 1675 putat
974 1639 1063 1667 esse
1085 1631 1318 1677 subjectum,
1338 1632 1482 1678 quibus
1504 1634 1687 1680 superior

74 1682 160 1724 cst;
182 1682 225 1716 ut
243 1681 349 1724 patet
378 1677 419 1714 in
443 1676 524 1713 illis
544 1685 611 1722 qui
643 1676 867 1717 voluntates
887 1676 1094 1714 hominum
1128 1679 1246 1715 astris
1279 1684 1522 1724 supponunt,
1548 1684 1688 1718 contra

74 1734 176 1774 quos
194 1725 337 1762 dicitur
356 1736 368 1759 .·
388 1724 422 1761 A
440 1724 555 1768 sionis
572 1723 650 1759 coeli
667 1723 775 1759 nolite
792 1726 956 1765 metuere,
979 1734 1058 1770 quae
1076 1726 1201 1761 timent
1219 1729 1338 1770 qentcs
1367 1727 1396 1773 (J
1401 1736 1536 1771 erem„
1564 1736 1604 1772 X,
1625 1727 1661 1774 2)
1678 1738 1689 1772 ;

74 1777 114 1810 et
131 1773 171 1810 in
193 1772 273 1809 iliis
291 1771 359 1819 qui
380 1770 545 1818 angelos
573 1773 771 1807 creatores
798 1770 1019 1808 animarum
1040 1771 1280 1816 existimant,
1314 1776 1353 1809 et
1385 1773 1540 1810 animas
1561 1774 1689 1812 homi-

73 1829 167 1858 num
190 1827 280 1856 esse
298 1818 499 1857 mortales,
522 1819 561 1854 et
580 1817 614 1854 si
636 1826 714 1863 qua
733 1817 882 1854 similia
901 1818 1108 1855 hominum
1129 1819 1320 1866 derogant
1341 1820 1537 1866 dignitati.

121 1867 306 1912 Sic-ergo
327 1868 433 1911 patet
453 1863 594 1901 falsam
615 1872 704 1901 esse
730 1864 992 1910 quorumdam
1013 1866 1264 1911 sententiam,
1285 1867 1351 1913 qui
1384 1867 1567 1904 dicebant
1587 1867 1688 1904 nihil

72 1914 268 1952 interesse
289 1912 339 1950 ad
358 1911 449 1949 fidei
468 1910 671 1963 veritatem
693 1910 787 1958 quid
807 1911 854 1949 de
872 1912 1063 1950 creaturis
1083 1913 1251 1960 quisque
1271 1914 1450 1957 sentiret,
1472 1914 1688 1952 dummodo

71 1961 179 1998 circa
195 1962 318 1997 Deum
338 1962 442 1996 recte
470 1961 676 2003 sentiatur,
692 1961 736 1996 ut
751 1959 997 2005 Augustinus
1019 1962 1152 1997 narrat
1171 1959 1238 2007 (De
1258 1960 1411 2006 origine
1432 1961 1588 2006 animae‚
1610 1971 1644 2000 c.
1666 1964 1688 1999 4

73 2012 112 2045 et
131 2007 180 2054 5).
200 2009 297 2044 Nam
317 2015 427 2044 error
454 2005 560 2042 circa
578 2008 780 2043 creaturas
799 2005 992 2043 redundat
1014 2006 1054 2043 in
1077 2007 1217 2044 salsam
1236 2007 1283 2044 de
1304 2009 1383 2045 Deo
1403 2008 1626 2053 scientiam,
1647 2012 1686 2046 et

73 2055 281 2092 hominum
300 2056 452 2090 mentes
470 2062 492 2089 a
512 2054 592 2088 Deo
613 2052 785 2096 abducit,
802 2053 843 2089 in
858 2063 973 2100 quem
990 2052 1087 2090 fides
1109 2054 1277 2101 dirigere
1299 2055 1450 2099 nititur,
1470 2055 1562 2092 dum
1578 2056 1687 2101 ipsas

74 2101 312 2148 quibusdam
330 2100 419 2137 aliis
439 2099 573 2151 causis
600 2100 800 2145 supponit.
830 2101 874 2136 Et
894 2100 982 2137 ideo
1006 2101 1085 2137 iilis
1107 2101 1173 2148 qui
1195 2101 1300 2138 circa
1319 2105 1521 2139 creaturas
1542 2107 1687 2147 errant,

72 2156 238 2194 poenas,
262 2147 366 2184 sicut
396 2145 638 2191 infidelibus,
661 2147 862 2192 Scriptura
889 2148 1165 2192 comminatur,
1197 2148 1334 2186 dicens
1365 2161 1375 2185 :
1410 2149 1586 2193 Quoniam
1620 2160 1691 2185 non

73 2195 329 2241 intelteaeerunt
346 2196 454 2241 opera
465 2194 612 2229 Domini
631 2195 664 2229 et
682 2195 722 2229 in
741 2204 845 2239 opere
859 2205 1033 2230 manuum
1051 2195 1142 2239 ejtcs,
1164 2194 1324 2231 destrues
1343 2196 1424 2232 illos
1444 2199 1477 2232 et
1493 2206 1565 2232 non
1580 2196 1691 2242 aedifi-

69 2245 173 2281 cabis
185 2254 244 2281 eos
265 2246 382 2291 (Psal,
413 2248 541 2290 XXVII,
563 2239 618 2285 5);
641 2243 678 2276 et
699 2252 707 2277 :
729 2242 811 2278 Haec
829 2243 1089 2286 coqitaverunt,
1114 2244 1148 2277 et
1169 2245 1384 2278 erraverunt
1403 2243 1519 2289 (Sap,
1541 2252 1583 2286 Π,
1603 2245 1663 2290 21)
1682 2255 1688 2287 ;

70 2296 108 2331 et
120 2294 375 2343 subjungitur
405 2299 415 2325 z
435 2288 507 2325 Nec
517 2287 776 2332 judicaverunt
796 2288 960 2324 honorem
980 2291 1186 2325 animarum
1204 2292 1414 2326 sanctarum
1429 2289 1539 2336 (inid.
1559 2290 1634 2337 22).

743 2416 911 2458 CAPUT
955 2417 1021 2458 IV.

67 2525 168 2562 QUOL'
198 2523 339 2556 ALITER
363 2522 601 2551 CONSIDERAT
618 2523 670 2553 DE
693 2523 904 2552 GREATURIS
923 2523 1199 2560 PHILOSOPHUS,
1219 2523 1268 2553 ET
1292 2523 1431 2553 ALITER
1449 2523 1686 2555 THEOLOGUS.

122 2613 373 2653 Manifestum
392 2616 452 2650 est
472 2616 616 2656 autem,
639 2622 686 2649 ex
705 2613 917 2658 praedictis,
943 2612 1049 2660 quod
1070 2613 1430 2651 considerationem
1452 2614 1556 2652 circa
1577 2625 1686 2653 crea-

67 2663 186 2698 turas
206 2660 324 2698 habet
342 2659 523 2697 doctrina
542 2658 633 2696 fidei
654 2659 895 2711 christianae,
917 2659 961 2711 in
977 2663 1167 2706 quantum
1180 2660 1221 2696 in
1242 2660 1300 2698 eis
1320 2661 1487 2698 resultat
1507 2662 1686 2708 quaedam

70 2707 147 2745 ’Dei
167 2707 401 2750 similitudo,
423 2709 461 2743 et
479 2706 520 2743 in
542 2708 733 2757 quantum
756 2715 865 2743 error
883 2714 926 2742 in
950 2706 1050 2752 ipsis
1079 2706 1232 2744 inducit
1261 2707 1302 2744 in
1335 2707 1560 2745 divinorum
1589 2718 1692 2746 erro-

73 2762 186 2799 ·rem3
207 2757 244 2791 et
278 2753 338 2792 sic
357 2753 434 2791 alia
469 2753 622 2790 ratione
643 2752 908 2799 subjiciuntur
923 2753 1117 2799 praedictae
1151 2753 1340 2792 doctrinae
1360 2758 1399 2791 et
1427 2755 1690 2801 philosophiae

73 2800 275 2838 humanae.
317 2802 415 2838 Nam
447 2799 704 2846 philosophia
741 2799 916 2836 humana
951 2809 1019 2837 eas
1057 2800 1283 2838 considerat
1322 2801 1544 2839 secundum
1583 2802 1689 2848 quod

77 2845 307 2893 hujusmodi
328 2850 435 2892 sunt,
458 2847 561 2884 unde
577 2850 615 2884 et
633 2846 851 2885 secundum
871 2846 1027 2884 diversa
1047 2856 1177 2884 rerum
1199 2857 1347 2895 genera
1367 2848 1534 2886 diversae
1559 2853 1690 2894 partes

77 2893 342 2942 philosophiae
361 2893 638 2940 inveniuntur;
656 2892 755 2933 fides
786 2896 920 2932 autem
951 2893 1169 2932 christiana
1197 2903 1269 2933 eas
1284 2894 1529 2942 considerat,
1553 2895 1692 2933 nonin
