1894 3223
195 105 260 141 152
792 99 880 135 LIB.
907 99 953 142 II,
982 98 1082 134 CAP.
1108 98 1213 134 XLII.

194 184 358 222 rentiam
393 181 486 219 honi
518 184 557 217 et
588 179 682 216 mali
702 179 745 216 in
772 179 892 217 rebus
921 179 1121 215 inventam
1153 178 1338 224 ponenda
1364 177 1561 223 principia
1592 177 1808 215 contraria.

239 231 419 274 Amplius,
443 227 548 273 quod
579 225 744 263 omnino
780 235 862 264 non
887 229 962 270 est,
998 234 1071 262 nec
1108 225 1272 270 honum,
1305 234 1379 261 nec
1408 224 1558 261 malum
1588 227 1648 261 est
1668 235 1677 268 ;
1699 223 1808 270 quod

194 282 322 315 autem
356 278 429 318 est,
451 275 489 310 in
512 275 703 320 quantum
736 275 810 318 est,
831 273 980 310 bonum
999 275 1072 317 θεῖ,
1093 276 1137 309 ut
1166 275 1373 309 ostensum
1407 274 1480 308 θεῖ.
1503 272 1664 316 Oportet
1683 270 1808 317 igitur

193 323 340 360 malum
355 331 443 358 esse
460 319 623 366 aliquid,
643 319 684 356 in
698 323 888 366 quantum
909 323 1066 356 estnon
1082 328 1168 356 ens.
1184 319 1265 356 Hoc
1277 321 1409 355 autem
1427 320 1488 355 est
1505 326 1577 355 ens
1591 317 1803 363 privatum.

193 370 333 408 Malum
355 368 489 414 igitur,
513 367 555 403 in
574 369 767 413 quantum
782 365 1025 412 hujusmodi,
1043 369 1104 402 est
1127 374 1198 403 ens
1217 366 1426 411 privatum,
1449 368 1487 401 θῖ
1503 364 1635 410 ipsum
1656 363 1808 401 malum

194 420 253 453 est
277 416 362 460 ipsa
386 414 565 460 privatio.
592 413 762 450 privatio
778 418 907 450 autem
929 421 1009 450 non
1031 412 1148 449 hahet
1167 421 1330 449 causam
1350 420 1419 458 per
1433 420 1477 449 se
1497 415 1695 458 agentem,
1714 411 1812 494 quia

194 471 311 499 omne
333 469 456 507 agens
482 460 563 507 agit
582 459 624 496 in
645 463 837 506 quantum
872 460 988 496 habet
1023 459 1209 503 formam3
1231 463 1270 496 θῖ
1289 459 1348 496 sic
1368 461 1525 504 oportet
1543 467 1612 504 per
1631 466 1674 495 se
1695 467 1715 494 e
1733 457 1811 495 fec-

193 514 276 546 tum
297 508 452 554 agentis
485 516 575 544 esse
596 507 747 543 habens
780 507 962 551 formam,
984 514 1074 543 cum
1109 513 1233 552 agens
1252 509 1343 552 agat
1362 505 1439 542 sibi
1469 505 1614 549 simile,
1636 504 1715 541 nisi
1738 513 1810 550 per

194 555 392 593 accidens.
417 553 666 600 Relinquitur
687 553 807 600 igitur
825 553 931 600 quod
951 553 1100 589 malum
1123 561 1203 588 non
1224 552 1342 589 habet
1362 561 1524 590 causam
1546 561 1616 598 per
1631 560 1674 589 se
1695 559 1812 598 agen-

194 607 288 646 tem,
310 602 379 638 sed
412 601 551 637 incidit
566 610 635 646 per
654 600 839 637 accidens
862 600 902 636 in
938 599 1145 636 effectibus
1176 607 1387 636 causarum
1425 608 1494 645 per
1512 607 1556 636 se
1589 599 1807 646 agentium.

196 651 282 686 Non
305 651 365 684 est
385 647 507 694 igitur
523 657 645 684 unum
666 647 851 693 primum,
865 650 903 683 θῖ
917 655 986 692 per
999 655 1042 683 εθ
1063 645 1259 687 malorum
1278 645 1532 691 principium,
1548 645 1618 683 sed
1637 645 1808 691 primum

196 695 375 733 omnium
409 694 646 740 principium
668 697 728 731 est
746 703 870 730 unum
897 694 1069 739 primum
1100 692 1265 737 bonum,
1285 692 1328 728 in
1347 692 1462 738 cujus
1483 691 1689 729 effectibus
1707 701 1804 728 con-

197 742 377 788 sequitur
394 741 540 778 malum
562 750 632 788 per
651 741 851 778 accidens.

243 789 341 826 Hinc
361 791 422 826 θεῖ
441 788 546 835 quod
578 788 704 832 Isaiae,
718 796 808 832 va,
830 790 864 832 6,
884 790 921 830 7,
943 786 1087 823 dicitur
1107 797 1115 822 ε
1137 788 1213 831 qu
1231 787 1416 826 Dominus,
1436 788 1469 821 et
1489 795 1560 821 non
1579 785 1672 822 alter
1690 786 1811 831 Deus,

195 837 357 879 formans
374 836 484 871 lucem
502 838 535 870 et
553 845 677 870 creans
697 835 880 876 tenebras,-
899 835 1038 877 faciens
1047 843 1186 878 pacem,
1204 835 1237 868 ct
1250 843 1374 868 creans
1392 833 1626 877 malum.qu
1636 833 1812 869 Dominus

195 884 333 926 faciens
353 883 438 918 hcec.
451 884 492 918 Et
507 881 639 925 Eccli„
661 890 715 926 XI,
737 884 792 925 14,
813 892 823 917 τ
841 883 982 916 Bonaec
994 882 1104 921 mala,
1119 882 1196 915 vita
1206 883 1239 915 et
1256 890 1364 920 mors,
1380 881 1580 924 paupertas
1595 882 1629 914 et
1646 879 1811 914 honestas

196 940 218 965 α
237 931 307 965 Deo
327 932 423 965 sunt.
442 931 485 965 Et
502 929 542 965 in
563 929 716 972 codem,
733 936 875 970 XXXIII,
900 931 941 964 15
963 939 970 963 :
988 928 1121 964 Contra
1150 927 1285 962 malam
1316 927 1445 961 bonum
1474 928 1525 961 est
1545 927 1622 962 :sic
1641 928 1673 961 et
1688 928 1813 961 contra

194 977 314 1011 virum
329 976 470 1022 justum
479 978 666 1021 peccator,-
689 977 723 1010 et
738 976 790 1011 sic
809 976 948 1010 intuere
967 976 1006 1010 in
1026 975 1147 1010 omnia
1162 984 1270 1019 opera
1280 974 1476 1014 Altissz‘mz',
1498 973 1568 1009 duo
1587 975 1711 1008 contra
1726 973 1811 1012 duo,

197 1033 308 1058 ullum
328 1026 452 1058 ΟΟΊῑΐΓίι
471 1033 596 1058 unum.

243 1069 394 1106 Dicitur
414 1072 543 1106 autem
564 1071 668 1106 Deus
701 1069 829 1106 facere
851 1069 968 1113 mala,
989 1068 1050 1104 vel
1072 1076 1220 1112 creare,
1241 1067 1282 1103 in
1301 1070 1492 1114 quantum
1515 1069 1622 1103 creat
1641 1075 1701 1110 ea,
1724 1076 1811 1112 quae

197 1116 416 1153 secundum
439 1126 479 1152 se
501 1116 605 1152 hona
619 1119 725 1161 sunt,
747 1119 924 1152 ettamen
944 1115 1034 1152 aliis
1052 1118 1146 1151 sunt
1166 1114 1329 1158 nociva3
1351 1114 1456 1150 sicut
1473 1113 1606 1158 lupus,
1629 1113 1814 1160 quamvis

196 1163 238 1199 in
259 1172 332 1200 sua
353 1163 483 1208 specie
504 1163 701 1209 quoddam
722 1163 869 1199 honum
892 1166 1041 1199 naturae
1063 1162 1128 1205 sit,
1149 1164 1281 1197 tamen
1301 1161 1363 1197 ovi
1386 1163 1447 1196 est
1464 1161 1594 1196 malus
1616 1171 1624 1196 ε
1648 1163 1686 1196 et
1705 1160 1815 1196 simi-

196 1209 286 1246 liter
309 1210 415 1256 ignis
437 1219 561 1256 aquae,
577 1209 618 1246 in
633 1212 822 1256 quantum
841 1213 901 1246 est
921 1209 1006 1255 eJus
1027 1208 1275 1253 corruptivus
1298 1211 1360 1243 :et
1375 1217 1442 1252 per
1454 1207 1626 1244 similem
1648 1206 1811 1243 modum

197 1261 257 1293 est
280 1266 402 1293 causa
430 1256 624 1293 malorum
645 1258 685 1292 in
703 1256 889 1293 omnibus
908 1265 994 1302 quae
1010 1264 1134 1300 poenae
1155 1255 1352 1291 dicuntur.
1379 1253 1486 1290 Unde
1507 1254 1651 1290 dicitur
1670 1256 1805 1298 Amos,

194 1311 252 1348 ΙΙΙ,
274 1305 293 1340 6
314 1316 321 1339 ;
344 1304 448 1340 Βίθεῖ
476 1304 612 1338 matum
627 1304 668 1338 in
686 1305 830 1338 civitate
862 1303 957 1348 quod
973 1305 1067 1338 Deus
1085 1312 1156 1337 non
1172 1302 1308 1345 fecerit.
1332 1302 1376 1336 Et
1401 1301 1477 1337 hoc
1499 1305 1559 1337 θεῖ
1593 1300 1699 1346 quod
1722 1302 1812 1336 Gre-

196 1350 333 1397 gorius
366 1350 480 1387 dicit:
508 1363 527 1383 «
549 1350 671 1386 Etiam
706 1350 809 1386 mala
830 1359 916 1395 quae
941 1350 1050 1386 nulla
1072 1358 1146 1385 sua
1166 1351 1307 1384 natura
1327 1347 1564 1390 subsistunt,
1587 1350 1816 1396 creantur-a

196 1397 379 1444 Domino.
406 1396 478 1433 Sed
501 1406 634 1433 creare
669 1397 774 1433 mala
805 1396 960 1440 dicitur,
984 1405 1072 1432 cum
1105 1403 1169 1431 res
1199 1395 1240 1430 in
1272 1403 1315 1431 se
1343 1394 1471 1431 bonas
1502 1397 1657 1431 creatas
1692 1390 1811 1430 nobis

195 1443 299 1480 male
321 1443 530 1490 agentibus
551 1443 592 1479 in
610 1443 812 1489 flagellum
833 1443 977 1484 format
1003 1455 1038 1479 ».

244 1492 316 1527 Per
335 1490 410 1527 hoc
430 1494 561 1526 autem
581 1490 802 1526 excluditur
822 1499 930 1526 error
947 1489 1176 1535 ponentium
1212 1489 1339 1535 prima
1370 1488 1566 1535 principia
1593 1487 1810 1532 contraria,

195 1537 264 1584 qui
286 1546 395 1574 error
413 1537 541 1583 primo
562 1537 709 1583 incepit
730 1537 777 1573 ah
800 1537 1045 1582 Empedocle.
1069 1536 1206 1573 Posuit
1226 1537 1330 1573 enim
1352 1536 1431 1573 duo
1462 1535 1589 1581 prima
1611 1534 1810 1580 principia

196 1584 367 1631 agentia,
401 1584 615 1621 amicitiam
639 1588 676 1620 et
695 1584 802 1620 litem
825 1595 833 1619 :
856 1593 1024 1630 quorum
1042 1583 1257 1620 amicitiam
1279 1583 1377 1620 dixit
1396 1591 1486 1620 esse
1503 1590 1663 1619 causam
1684 1590 1807 1628 gene·

196 1631 378 1674 rationis,
399 1631 506 1667 litem
540 1640 631 1667 vero
664 1631 944 1676 corruptionis.
963 1633 1015 1667 Ex
1036 1639 1114 1677 quo
1145 1630 1312 1673 videtur,
1332 1633 1375 1667 ut
1390 1629 1622 1667 Aristoteles
1653 1628 1748 1664 dicit
1771 1628 1812 1664 in

196 1678 324 1724 primo
357 1679 532 1723 Metaph„
555 1677 638 1714 haec
673 1678 765 1717 duo,
788 1678 935 1714 honum
963 1681 999 1714 et
1031 1677 1193 1720 malurn,
1231 1678 1357 1723 prima
1388 1676 1584 1723 principia
1609 1675 1811 1712 contraria

194 1725 395 1770 posuisse.
417 1725 552 1761 Posuit
572 1728 702 1761 autem
724 1725 967 1770 Pythagoras
989 1725 1066 1761 duo
1094 1724 1301 1770 principia,
1323 1724 1471 1760 honum
1493 1727 1529 1759 et
1558 1722 1720 1764 malum,
1742 1721 1814 1758 sed

196 1780 279 1808 non
306 1781 374 1817 per
404 1772 564 1808 modum
608 1771 894 1816 principiorum
924 1772 1140 1818 agentium,
1173 1771 1241 1807 sed
1274 1780 1340 1816 per
1379 1770 1541 1807 modum
1581 1769 1811 1805 formalium

196 1818 496 1864 principiorum.
519 1818 688 1854 Ponehat
726 1817 831 1854 enim
873 1819 956 1854 haec
989 1818 1067 1854 duo
1099 1826 1187 1854 esse
1214 1826 1375 1863 genera,
1397 1817 1472 1854 suh
1501 1815 1647 1862 quihus
1680 1815 1816 1855 omnia

197 1865 275 1901 alia
295 1865 734 1910 comprehenderentur,
753 1867 796 1901 ut
816 1868 919 1910 patet
937 1874 1006 1910 per
1035 1865 1322 1910 Philosophum
1342 1864 1384 1900 in
1404 1864 1532 1909 primo
1552 1862 1714 1907 Metaph.

246 1913 325 1948 Hos
352 1915 481 1948 autem
524 1911 894 1958 antiquissimorum
928 1911 1256 1957 philosophorum
1286 1919 1456 1955 errores,
1487 1909 1553 1956 qui
1590 1909 1708 1946 etiam
1742 1917 1813 1954 per

196 1958 438 2003 posteriores
459 1958 722 2004 philosophos
743 1957 1092 1995 suntsufficienter
1107 1958 1272 1997 exclusi,
1294 1957 1455 2004 quidam
1472 1955 1648 2002 perversi
1667 1964 1814 1993 sensus

196 2005 381 2042 homines
405 2005 592 2041 doctrinae
614 2004 840 2041 christianae
861 2005 1075 2051 adiungere
1094 2008 1448 2050 praesumpserunt,
1470 2011 1640 2049 quorum
1661 2002 1815 2048 primus

197 2052 273 2089 fuit
303 2052 491 2096 Marcion,
522 2061 545 2088 a
578 2061 656 2098 quo
687 2052 930 2089 Marcionitae
950 2055 1045 2089 sunt
1070 2052 1177 2096 dicti,
1206 2051 1273 2097 qui
1299 2050 1374 2089 sub
1407 2049 1569 2088 nomine
1596 2049 1816 2086 christiano

193 2088 381 2136 ‘haeresim
420 2098 608 2151 condidit,
630 2098 816 2144 opinatus
852 2099 930 2136 duo
963 2099 1038 2136 sihi
1071 2099 1235 2136 adversa
1273 2097 1492 2144 principia3
1532 2105 1650 2143 quem
1688 2095 1815 2148 secuti

197 2145 580 2229 {uffltdcerdtomann
610 2149 648 2182 et
676 2146 931 2193 postmodum
951 2145 1170 2191 Manichaei,
1201 2144 1270 2192 qui
1301 2145 1409 2183 hunc
1440 2152 1614 2182 errorem
1643 2151 1816 2180 maxime

225 2201 236 2229 1
273 2202 294 2230 u
327 2201 422 2229 erun
444 2220 452 2229 .

835 2332 1002 2374 CAPUT
1055 2332 1175 2374 XLII.

334 2452 434 2487 QUOD
460 2452 585 2482 GtUSA
607 2452 729 2482 PRIMA
752 2452 1031 2482 DISTINGTIONIS
1056 2452 1190 2482 RERUM
1214 2451 1293 2481 NON
1321 2451 1393 2481 EST
1414 2449 1669 2481 SECUNDORIJM

836 2510 1037 2541 AGENTIUM
1061 2511 1176 2540 ORDO.

242 2615 293 2650 Ex
315 2613 464 2650 eisdem
495 2614 612 2651 etiam
646 2614 803 2652 ostendi
834 2617 965 2661 potest
993 2614 1098 2662 quod
1121 2622 1253 2651 rerum
1285 2611 1489 2650 distinctio
1519 2618 1599 2647 non
1624 2612 1813 2647 causatur

195 2670 242 2697 ex
260 2660 397 2696 ordine
432 2662 697 2698 secundorum
727 2663 943 2708 agentium,
967 2662 1071 2699 sicut
1101 2660 1261 2708 quidam
1293 2660 1424 2697 dicere
1454 2657 1664 2694 voluerunt
1703 2656 1808 2704 quod

194 2708 314 2750 Deus,
347 2716 436 2743 cum
469 2707 521 2743 sit
551 2717 654 2744 unus
686 2711 725 2745 et
750 2708 932 2754 simplex,
963 2708 1056 2745 facit
1087 2711 1240 2745 tantum
1274 2714 1397 2744 unum
1430 2703 1714 2750 effectum,qui
1750 2707 1811 2740 est

196 2753 421 2791 substantia
453 2753 582 2798 primo
611 2758 768 2800 creata;
791 2765 892 2802 quae,
926 2755 1020 2802 quia
1041 2753 1285 2801 simplicitati
1306 2752 1441 2798 primae
1462 2759 1592 2788 causae
1611 2750 1808 2798 adaequari

192 2803 274 2837 tion
309 2802 449 2846 potest,
469 2809 557 2836 cum
588 2809 667 2837 non
700 2802 753 2838 sit
785 2806 895 2839 actus
923 2811 1061 2848 purus,
1095 2801 1164 2839 sed
1195 2800 1339 2837 haheat
1367 2797 1515 2845 aliquid
1551 2797 1597 2834 de
1630 2798 1808 2844 potentia

192 2847 425 2893 admixtum,
446 2846 562 2884 habet
581 2847 752 2894 aliquam
771 2848 1116 2895 multiplicitatem,
1142 2850 1182 2885 ut
1196 2857 1243 2884 ex
1266 2855 1311 2884 ea
1327 2845 1417 2883 ideo
1437 2844 1644 2892 pluralitas
1671 2845 1807 2892 aliqua
