1894 3223
701 92 793 135 ΠΒ.
817 93 867 141 11,
893 92 995 138 GAP.
1023 92 1144 132 LXIII.
1669 95 1735 131 187

113 185 259 214 comm.
290 175 350 221 41)
380 174 488 222 quod
520 175 628 221 ignis
659 182 741 212 non
776 176 839 212 est
868 181 991 212 causa
1021 172 1239 220 augmenti,
1270 171 1341 211 sed
1373 180 1574 210 concausa
1599 171 1735 219 aliquo

113 223 256 267 mod03
277 222 510 269 principalis
530 225 662 259 autem
687 229 809 258 causa
837 223 898 257 est
929 221 1076 265 anima,
1108 220 1157 257 ad
1188 228 1306 267 quam
1339 223 1590 265 comparatur
1627 221 1737 256 calor

115 270 220 307 sicut
241 270 547 307 instrumentum
569 269 618 306 ad
635 267 841 305 artificem.
861 269 947 304 Non
966 267 1088 314 igitur
1109 270 1240 314 potest
1253 267 1386 304 anima
1399 266 1631 312 vegetabilis
1646 275 1735 312 pro-

113 317 204 401 {luci
227 326 274 354 ex
292 316 576 399 comlmlixtioiie
597 315 910 359 elementorum3
935 314 1060 352 multo
1080 314 1203 361 igitur
1222 315 1356 351 minus
1375 322 1521 351 sensus
1552 317 1590 350 et
1620 314 1736 350 intel-

132 368 243 401 ectus
291 372 372 400 ossi
406 373 415 399 i
437 372 485 400 is.

160 373 502 456 ltemfintelligere
523 413 584 446 est
603 408 784 456 quaedam
806 408 984 453 operatio
1005 408 1046 445 in
1063 417 1141 455 qua
1160 407 1411 455 impossibile
1431 411 1493 445 est
1513 407 1736 445 eommuni-

113 467 202 495 care
224 457 383 504 aliquod
405 465 600 504 organum
620 464 869 502 corporeum.
891 457 978 492 llaec
1003 459 1133 493 autem
1155 456 1332 501 operatio
1355 455 1582 492 attribuitur
1594 454 1738 492 animae

112 504 174 541 vel
192 505 309 541 etiarn
331 504 507 548 homini;
529 503 674 541 dicitur
693 503 798 540 enim
820 503 926 549 quod
947 503 1080 540 anima
1112 503 1298 549 intelligit
1317 503 1378 540 vel
1411 502 1530 539 homo
1563 511 1632 547 per
1652 501 1738 538 ani·

112 561 234 589 mam.
256 552 417 597 Oportet
435 551 557 597 igitur
576 550 736 597 aliquod
755 550 993 595 principium
1016 550 1056 586 in
1093 549 1254 587 homine
1287 558 1376 586 esse
1402 558 1426 585 a
1460 558 1625 595 corpore
1655 557 1735 585 non

113 598 356 644 dependens,
373 598 479 645 quod
499 598 552 635 sit
570 597 810 644 principium
830 597 922 633 talis
949 597 1207 643 operationis.
1241 596 1477 642 Praeparmi0
1510 600 1641 632 autem
1675 604 1736 633 se-

114 655 242 692 queus
263 645 587 682 commixtionem
613 645 899 682 elementorum
923 653 946 680 a
965 653 1130 690 corpore
1158 644 1352 689 dependet
1383 641 1605 680 m‘anifeste.
1649 643 1737 679 Non

112 696 175 729 est
194 693 315 739 igitur
345 693 577 739 praeparatio
609 692 686 728 tale
714 691 952 738 principium
975 691 1090 737 quale
1126 691 1351 727 intellectus
1379 690 1601 735 possibilis.
1636 689 1737 726 Dicit

113 740 220 776 enim
236 740 467 777 Aristoteles
489 739 552 785 (De
565 741 702 782 anima,
723 747 781 782 111,
799 742 892 774 text.
912 747 1055 775 coinm.
1079 737 1113 784 5)
1133 738 1239 784 quod
1272 736 1497 774 intellectus
1528 736 1737 782 possibilis

119 791 179 823 est
197 796 275 833 quo
293 787 427 823 anima
446 787 632 832 opinatur
651 790 689 822 et
708 785 906 830 intelligit.
929 786 1014 821 Non
1035 788 1094 821 est
1116 784 1237 829 igitur
1269 783 1494 821 intellectus
1527 783 1735 829 possibilis

117 835 367 879 pra-paratio.
396 834 434 870 Si
456 837 587 870 autem
609 832 884 878 dicaturquod
916 831 1153 877 principium
1186 831 1380 876 praedictae
1413 831 1657 877 operationis
1695 830 1738 867 in

115 881 234 918 nobis
254 885 315 918 est
335 881 489 926 species
510 879 776 926 intelligibilis
797 880 899 915 sacta
918 880 959 914 in
978 882 1067 915 actu
1089 878 1136 914 ab
1155 878 1355 914 intellectu
1375 881 1529 923 agente,
1553 878 1628 914 lioc
1655 885 1735 914 non

115 927 270 964 videtur
289 927 498 971 sut'ticere;
522 927 628 974 quia,
653 935 774 973 quum
794 926 913 962 homo
935 925 981 962 de
1002 925 1178 971 potentia
1197 925 1442 971 intelligente
1463 925 1528 961 fiat
1561 929 1650 961 actu
1676 925 1736 961 in-

112 975 312 1021 telligens,
334 978 487 1020 oportet
507 974 611 1020 quod
639 982 720 1010 non
747 972 879 1009 solum
906 972 1102 1018 intelligat
1130 981 1198 1018 per
1235 972 1407 1018 speciem
1447 971 1736 1018 intelligibilem

112 1030 314 1068 perquam
335 1021 378 1057 sit
397 1025 486 1058 actu
504 1021 747 1066 intelligens,
764 1019 832 1056 sed
846 1028 914 1065 per
932 1019 1104 1065 aliquam
1121 1021 1337 1064 potentiam
1354 1019 1633 1056 intellectivam
1649 1028 1737 1065 quae

112 1068 166 1105 sit
186 1067 381 1114 praedictae
401 1067 645 1114 operationis
665 1067 918 1112 principium,
939 1066 1043 1103 sicut
1065 1070 1103 1102 et
1123 1067 1164 1102 in
1183 1075 1305 1103 sensu
1323 1065 1479 1103 accidit.
1500 1067 1587 1102 Haec
1605 1070 1735 1102 autem

112 1115 290 1161 potentia
309 1115 358 1152 ab
375 1115 584 1152 Aristotele
600 1114 761 1160 ponitur
780 1114 1004 1150 intellectus
1027 1113 1248 1159 possibilis.
1267 1113 1495 1150 Intellectus
1509 1113 1632 1159 igitur
1646 1122 1737 1158 pos-

111 1161 243 1199 sibilis
262 1166 419 1199 estnon
442 1161 669 1208 dependens
691 1170 714 1197 a
733 1170 911 1206 corpore.
934 1163 1139 1204 Praeterea,
1162 1161 1317 1206 species
1352 1168 1432 1196 non
1453 1163 1511 1196 est
1549 1160 1737 1206 intelligi-

110 1207 207 1246 hilis
233 1213 337 1253 actu,
359 1209 437 1246 nisi
457 1209 677 1246 secundum
698 1208 803 1254 quod
826 1211 886 1245 est
905 1208 1095 1253 depurata
1113 1207 1161 1244 ab
1176 1217 1266 1244 esse
1281 1207 1489 1244 materiali.
1507 1209 1588 1244 Hoc
1603 1211 1734 1245 autem

111 1264 194 1293 non
214 1259 344 1302 potest
363 1256 540 1293 accidere
561 1256 655 1293 dum
677 1255 793 1292 fuerit
814 1255 854 1291 in
877 1255 1012 1302 aliqua
1030 1255 1206 1301 potentia
1225 1255 1434 1300 materiali,
1463 1266 1551 1302 quae
1583 1257 1738 1294 scilicet

111 1302 172 1340 sic
190 1307 352 1341 causata
373 1313 422 1340 ex
438 1303 645 1350 principiis
663 1302 951 1347 materialibus,
964 1302 1023 1338 vel
1044 1311 1130 1348 quae
1148 1303 1201 1339 sit
1220 1306 1332 1340 actus
1345 1304 1562 1341 materialis
1578 1304 1734 1351 organi.

114 1350 274 1396 Oportet
293 1351 415 1397 igitur
438 1351 532 1397 poni
553 1351 727 1397 aliquam
748 1350 965 1396 potentiam
984 1349 1265 1387 intellectivam
1291 1350 1334 1386 in
1355 1351 1472 1388 nobis
1493 1351 1734 1389 immateria-

116 1395 210 1441 lem,
232 1406 319 1444 quae
337 1402 398 1434 est
414 1397 639 1434 intellectus
659 1397 880 1443 possibilis.

161 1444 306 1495 Adhuc,
329 1445 555 1482 intellectus
574 1444 782 1490 possibilis
804 1444 851 1480 ab
874 1443 1083 1481 Aristotele
1102 1444 1169 1490 (De
1188 1446 1326 1490 anima,
1344 1454 1404 1490 111,
1424 1449 1518 1483 text.
1540 1456 1683 1484 comni.
1702 1447 1735 1494 1)

113 1489 260 1543 dicitur
278 1500 371 1543 pars
390 1492 547 1528 animae.
568 1491 710 1528 Anima
727 1494 857 1527 autem
877 1500 957 1527 non
977 1495 1038 1528 est
1057 1492 1305 1537 praeparatio,
1328 1492 1399 1530 sed
1419 1497 1554 1537 actus;
1588 1496 1738 1540 praepa-

112 1540 215 1576 ratio
235 1546 341 1575 enim
361 1538 533 1576 estordo
553 1538 739 1584 potentiae
759 1538 807 1574 ad
827 1541 978 1581 actum;
1001 1539 1181 1584 sequitur
1210 1542 1341 1576 tamen
1371 1539 1420 1576 ad
1452 1544 1582 1578 actum
1604 1541 1738 1587 aliqua

112 1585 349 1631 praeparatio
370 1585 419 1622 ad
439 1585 669 1622 ulteriorem
691 1588 835 1629 actum,
859 1585 963 1621 sicut
983 1584 1031 1621 ad
1060 1589 1191 1622 actum
1222 1585 1529 1632 diaphaneitatis
1559 1589 1739 1635 sequitur

115 1631 214 1716 orgo
235 1631 283 1715 a?
304 1635 434 1716 aetnae}
456 1633 572 1670 lucis.
596 1631 823 1669 Intellectus
844 1632 967 1678 igitur
988 1631 1195 1678 possibilis
1216 1641 1298 1670 non
1311 1633 1474 1680 estipsa
1488 1635 1736 1681 praeparatio,

116 1686 159 1716 se
208 1688 253 1716 ac
274 1688 320 1717 us
340 1688 404 1726 qui
438 1688 515 1716 am.

161 1727 344 1771 Amplius,
366 1726 486 1763 hoino
509 1726 769 1773 consequitur
784 1726 958 1772 speciem
989 1729 1028 1763 et
1047 1730 1228 1764 naturam
1264 1727 1479 1765 humanam
1515 1729 1734 1767 secundum

112 1776 264 1819 partem
285 1772 428 1810 animae
451 1772 527 1810 sibi
549 1773 763 1819 propriam,
786 1782 872 1819 quae
891 1772 1049 1820 quidem
1067 1776 1128 1810 est
1146 1774 1372 1812 intellectus
1393 1775 1614 1820 possibilis.
1632 1777 1736 1813 Nihil

113 1823 246 1857 autem
265 1820 524 1866 consequitur
543 1820 715 1866 speciem
738 1823 776 1857 et
797 1824 977 1857 naturam
1000 1820 1220 1857 secundum
1237 1821 1343 1867 quod
1381 1826 1442 1859 est
1471 1823 1513 1859 in
1545 1824 1736 1868 potentia,

113 1866 184 1904 sed
205 1867 426 1919 secundum
446 1867 551 1914 quod
571 1870 631 1904 est
650 1871 753 1904 actu.
771 1867 900 1910 Quum
920 1867 1042 1914 igitur
1060 1869 1294 1914 praeparatio
1309 1868 1409 1906 nihil
1425 1869 1477 1906 sit
1496 1869 1603 1907 aliud
1619 1879 1737 1918 quam

114 1913 214 1965 ordo
234 1917 421 1959 potentiae
439 1914 488 1952 ad
508 1917 653 1954 actum,
676 1914 926 1960 impossibile
942 1917 1020 1951 'est
1037 1914 1142 1961 quod
1175 1915 1401 1952 intellectus
1419 1916 1626 1962 possibilis
1655 1926 1738 1956 non

113 1963 168 1998 sit
184 1960 294 1999 aliud
313 1969 432 2008 quam
451 1961 687 2008 praeparatio
709 1961 891 2008 quaedam
912 1961 951 1997 in
972 1964 1115 1998 natura
1131 1961 1307 1999 humana
1319 1963 1510 2002 existens.

755 2109 925 2151 CAPUT
960 2109 1098 2151 LXIII.

362 2227 464 2262 QUOD
488 2227 616 2259 ANIMA
638 2228 718 2259 NON
736 2230 798 2260 SIT
816 2230 1048 2267 COMPLEXIO,
1075 2230 1128 2260 UT
1144 2231 1283 2260 POSUIT
1307 2231 1496 2262 GALENUS.

162 2336 362 2388 Praedictae
373 2341 514 2390 ,autern
533 2339 716 2391 opinioni
735 2339 944 2377 Alexandri
959 2340 1008 2378 de
1024 2340 1228 2378 intellectu
1244 2339 1427 2386 possibili
1443 2340 1666 2387 propinqua
1678 2344 1739 2380 est

118 2383 256 2421 Galeni
277 2384 420 2435 medici
433 2393 568 2430 opinio
581 2386 628 2422 de
641 2386 773 2424 anima
792 2398 800 2431 ;
818 2387 914 2423 dicit
926 2387 1032 2424 enim
1047 2388 1219 2424 animam
1239 2396 1328 2424 esse
1341 2388 1668 2433 complexionem.
1681 2388 1738 2426 Ad

116 2429 196 2467 hoc
211 2434 344 2482 autem
367 2430 577 2483 dicendum
595 2436 729 2470 motus
747 2436 808 2470 est
827 2442 895 2479 per
910 2434 986 2470 hoc
1005 2434 1112 2480 quod
1144 2433 1325 2470 videmus
1357 2443 1405 2470 ex
1436 2433 1603 2471 diversis
1634 2443 1738 2472 com-

112 2476 371 2529 plexionibus
388 2486 545 2514 causari
564 2478 606 2514 in
626 2479 742 2516 nobis
762 2479 940 2517 diversas
960 2481 1172 2527 passiones
1186 2489 1274 2526 quae
1287 2480 1499 2518 attribuun'
1512 2490 1556 2517 ur
1569 2481 1734 2527 animae3

113 2523 289 2571 aliquam
310 2532 416 2561 enim
437 2524 979 2578 complexionem-babentes,
1002 2530 1045 2563 ut
1060 2527 1316 2572 cholericam,
1337 2526 1385 2564 de
1416 2527 1524 2564 facili
1557 2528 1736 2566 irascun-

111 2573 191 2615 tur,
213 2571 492 2623 melancholici
515 2580 609 2608 vero
628 2572 675 2608 de
693 2572 800 2610 facili
822 2573 1042 2610 tristantur.
1065 2573 1173 2610 Unde
1202 2577 1241 2610 et
1266 2582 1337 2619 per
1367 2574 1526 2611 easdem
1560 2576 1735 2613 rationes

112 2616 199 2656 haec
220 2626 356 2701 (ἰριωο
377 2617 592 2670 improbari
611 2622 754 2665 potest,
774 2628 845 2665 per
863 2628 964 2666 quas
985 2619 1206 2666 improbata
1225 2624 1287 2658 est
1304 2620 1441 2668 opinio
1473 2621 1682 2660 Alexandri
1700 2627 1737 2659 et

113 2672 186 2711 per
206 2674 228 2701 a
246 2673 361 2712 iquas
378 2674 573 2712 proprias.

163 2712 376 2764 ostensum
395 2713 580 2764 esttenim
600 2721 722 2758 supra
746 2712 851 2759 quod
869 2713 1046 2759 operatio
1067 2714 1210 2753 animae
1228 2714 1461 2762 vegetabilis
1489 2719 1528 2754 et
1558 2716 1736 2763 cognitio

114 2762 309 2810 sensitiva
329 2759 481 2811 excedit
500 2762 684 2796 virtutem
707 2759 940 2806 qualitatum
960 2761 1175 2799 activarum
1193 2765 1232 2799 et
1252 2762 1525 2808 passivarum3
1547 2767 1585 2800 et
1609 2763 1736 2802 multo

116 2811 246 2856 magis
267 2808 444 2859 operatio
464 2806 704 2844 intellectus.
726 2807 952 2852 Coniplexio
973 2811 1101 2845 autem
1118 2812 1306 2848 causatur
1320 2819 1369 2847 ex
1394 2810 1651 2856 qualitatibus
1672 2820 1736 2848 ac-

113 2853 207 2889 tivis
223 2854 263 2891 et
277 2861 464 2900 passivis.
484 2854 572 2892 Non
592 2856 724 2902 potest
739 2854 862 2901 igitur
889 2855 1112 2903 complexio
1141 2864 1231 2895 esse
1265 2856 1506 2906 principium
1541 2857 1735 2905 operatio-
