1894 3223
401 186 623 236 siucrl
672 183 908 232 TuonAE
960 180 1297 237 Aoumiris

102 381 220 452 DE
268 377 712 450 VERITATE
765 373 1286 446 CATHOLICAE
1337 372 1388 442 F
1396 369 1582 442 IDEI

511 595 791 653 CONTRA
847 592 1190 651 GENTILES

453 993 771 1046 LIBER
839 987 1255 1043 PRIMUS

652 1278 818 1320 CAPUT
847 1278 1063 1319 PRIMUM.

531 1398 630 1434 QUOD
669 1398 726 1427 SlT
763 1396 943 1427 OFFICIUM
979 1394 1192 1425 SAPIENTtS.

106 1516 301 1552 Veritatem
320 1515 554 1551 meditabitur
573 1517 840 1558 mammeam,
863 1516 895 1549 et
915 1513 1104 1548 labi'amcct
1118 1511 1389 1546 detestabuntur
1404 1510 1555 1555 impium
1571 1509 1674 1556 (Pro-

54 1563 180 1607 verh.,
200 1571 289 1607 vni,
309 1562 362 1609 7).
383 1562 646 1599 Multitudinis
667 1570 780 1606 usus,
836 1570 923 1597 uem
945 1560 985 1595 in
1008 1560 1126 1596 rebus
1149 1557 1404 1594 nominandis
1426 1557 1672 1603 sequendum

57 1609 327 1655 Philosophus
360 1611 496 1646 censet
527 1608 769 1654 (Top.‚11‚c.
797 1611 809 1643 1
836 1636 844 1651 ‚
879 1606 1144 1644 communiter
1175 1605 1359 1649 obtinuit,
1396 1608 1439 1640 ut
1472 1604 1673 1649 sapientes

56 1656 238 1693 dicantur
257 1657 322 1703 qui
344 1665 407 1693 res
428 1656 574 1692 directe
595 1655 778 1692 ordinant
802 1658 839 1690 et
859 1663 926 1691 cas
950 1654 1050 1690 bene
1072 1652 1307 1699 gubernant.
1329 1651 1452 1694 Unde,
1476 1651 1578 1686 inter
1598 1650 1677 1688 alia

56 1712 143 1749 qnae
165 1703 347 1740 homines
378 1702 425 1739 de
457 1703 635 1748 sapiente
667 1701 911 1747 concipiunt,
934 1710 957 1737 a
979 1699 1222 1745 Pliilosopho
1243 1698 1404 1745 ponitur
1429 1697 1674 1744 metaphys„

55 1759 237 1796 protem„
253 1760 286 1787 c.
302 1750 338 1796 2)
354 1750 458 1795 quod
475 1749 666 1795 sapientis
682 1753 741 1786 est
754 1748 950 1785 ordinare.
965 1747 1149 1784 Omnium
1168 1750 1298 1782 autem
1325 1745 1674 1792 gubernandorum

56 1800 94 1833 ct
114 1796 427 1833 ordinandorum
461 1796 507 1833 ad
544 1796 677 1840 finem,
709 1795 1012 1842 gubernationis
1043 1797 1081 1830 et
1118 1793 1270 1830 ordinis
1302 1792 1481 1839 regulam
1517 1801 1564 1828 ex
1597 1791 1675 1828 fine

57 1843 162 1880 sumi
185 1852 351 1880 necesse
381 1847 454 1880 est.
485 1845 591 1880 Tunc
628 1843 732 1879 enini
768 1851 1016 1888 unaquaeque
1037 1849 1100 1877 res
1123 1840 1270 1886 optime
1291 1839 1529 1885 disponitur,
1552 1848 1675 1885 quum

57 1890 105 1927 ad
128 1899 246 1927 suum
280 1890 398 1927 finem
432 1890 714 1927 convenienter
746 1889 964 1926 ordinatur.
1002 1888 1109 1925 Finis
1148 1887 1254 1923 enim
1275 1885 1592 1932 uniuscujusque
1614 1889 1674 1922 est

56 1937 221 1975 honum.
245 1937 351 1974 Unde
375 1937 570 1982 videmus,
592 1938 633 1973 in
656 1936 819 1977 artibus,
854 1944 974 1972 unam
1005 1935 1167 1971 alterius
1198 1943 1287 1971 esse
1318 1933 1617 1978 gubernativam
1638 1935 1677 1969 et

59 1984 173 2031 quasi
195 1984 427 2030 principem,
448 1984 495 2021 ad
517 1994 633 2031 quam
657 1983 826 2029 pertinet
855 1983 940 2029 eJus
971 1981 1077 2019 finis.
1106 1982 1215 2019 Sicut
1235 1980 1485 2018 medicinalis
1506 1989 1570 2016 ars
1590 1980 1676 2027 pig-

58 2032 263 2068 mentariae
284 2032 541 2077 principatui-3
564 2035 601 2067 et
621 2040 708 2068 eam
742 2030 899 2067 ordinat
931 2033 1091 2076 propter
1119 2029 1194 2066 hoc
1228 2028 1334 2075 quod
1370 2027 1536 2067 sanitas,
1571 2028 1678 2064 circa

59 2087 178 2125 quam
208 2079 458 2115 medicinalis
489 2081 682 2123 versatur,
711 2077 803 2114 finis
837 2081 897 2114 est
930 2077 1109 2114 omnium
1139 2076 1448 2123 pigmentorum,
1475 2083 1562 2121 quae
1594 2077 1677 2111 arte

57 2125 324 2172 pigmentoria
351 2125 630 2163 conficiuntur.
656 2127 699 2161 Et
719 2124 849 2162 simile
886 2127 1047 2170 apparet
1079 2123 1121 2159 in
1152 2127 1234 2160 arte
1269 2121 1563 2169 gubernatoria,
1593 2129 1677 2159 res-

59 2176 175 2219 pectu
193 2173 437 2209 navifactivae
458 2185 466 2217 ;
486 2177 523 2209 et
536 2173 577 2208 in
595 2172 772 2216 militari,
789 2175 969 2217 respectu
987 2170 1183 2217 equestris
1204 2173 1242 2206 et
1259 2169 1391 2207 omnis
1411 2169 1543 2206 bellici
1564 2178 1678 2215 appa-

60 2222 185 2256 ratus.
208 2220 301 2263 Quae
322 2219 481 2266 quidem
500 2223 618 2265 artes,
640 2219 731 2256 aliis
752 2219 1036 2265 principantes,
1060 2217 1378 2254 architectonicae
1401 2215 1675 2261 nominantur,

60 2266 175 2312 quasi
196 2266 435 2313 principales
456 2270 580 2311 artes;
601 2266 704 2303 unde
726 2270 763 2302 et
780 2274 914 2302 earum
934 2264 1119 2306 artifices,
1140 2265 1206 2311 qui
1224 2264 1516 2300 architectones
1534 2272 1676 2300 vocan-

59 2318 136 2357 tur,
154 2322 300 2350 nomen
322 2314 398 2351 sibi
418 2313 621 2350 vindicant
641 2313 879 2359 sapientum.
902 2312 1003 2356 Quia
1021 2320 1113 2348 vero
1135 2311 1311 2358 praedicti
1333 2310 1519 2355 artifices,
1537 2310 1676 2356 singu-

62 2359 204 2397 larium
236 2361 496 2407 quarumdam
526 2370 656 2397 rerum
692 2359 792 2397 fines
824 2362 1134 2406 pertractantes,
1173 2358 1222 2395 ad
1255 2358 1374 2394 finem
1409 2357 1676 2394 universalem

61 2407 239 2443 omnium
271 2416 351 2443 non
383 2408 625 2453 pertingunt,
647 2407 833 2444 dicuntur
853 2406 1011 2453 quidem
1034 2405 1234 2451 sapientes
1255 2405 1374 2451 huJ'us
1394 2407 1456 2441 vet
1476 2404 1584 2440 illius
1604 2403 1676 2449 rei,

62 2453 281 2490 Secundum
303 2463 419 2500 quem
440 2455 601 2491 modum
620 2454 763 2491 dicitur
780 2466 788 2490 ε
814 2455 858 2490 Ut
874 2454 1018 2498 sapiens
1038 2453 1256 2488 architecton
1275 2452 1551 2495 fundamentum
1567 2451 1679 2495 posui

63 2500 93 2546 (Ι
114 2501 216 2544 Cor„
234 2509 294 2544 111,
317 2500 388 2546 10).
410 2502 560 2537 Nomen
589 2504 720 2538 autem
755 2500 989 2546 simpliciter
1020 2499 1211 2544 sapientis
1245 2498 1303 2534 illi
1336 2497 1409 2534 soli
1437 2500 1676 2542 reservatur,
1699 2507 1705 2547 i

62 2547 177 2593 quus
199 2547 465 2584 consideratio
498 2547 603 2584 circa
619 2547 739 2584 finem
759 2547 935 2584 universi
953 2550 1146 2589 versatur,
1169 2545 1236 2591 qui
1258 2545 1376 2581 etiam
1399 2548 1459 2581 est
1478 2543 1677 2581 universi·
1703 2549 1709 2604 l

62 2594 155 2631 tatis
181 2593 435 2640 principium.
470 2594 577 2630 Unde
612 2594 831 2631 secundum
864 2592 1152 2638 Philosophum
1186 2591 1268 2638 (ubi
1301 2590 1450 2638 supra),
1481 2591 1677 2638 sapientis
1706 2605 1711 2626 l

64 2643 125 2677 est
143 2650 286 2678 causas
307 2641 525 2677 altissimas
546 2641 812 2678 considerare.

112 2687 219 2725 Finis
234 2690 364 2725 autem
380 2688 544 2724 ultimus
557 2688 871 2734 uniuscujusque
884 2686 937 2723 rei
955 2686 1092 2734 estqui
1105 2685 1323 2723 intenditur
1337 2695 1360 2723 a
1374 2685 1503 2732 primo
1516 2689 1678 2724 auctore

64 2734 125 2770 vel
147 2738 297 2772 motore
316 2735 458 2781 ipsius.
481 2735 635 2771 Primus
656 2738 785 2770 autem
803 2738 941 2770 auctor
960 2737 996 2769 et
1016 2733 1334 2770 motoruniversi
1356 2737 1417 2770 est
1434 2733 1677 2779 intellectus,

66 2785 107 2818 ut
124 2781 227 2818 infra
245 2783 476 2819 ostendetur
496 2782 535 2828 (l.
557 2791 598 2822 H,
617 2791 650 2817 c.
669 2784 714 2818 23
732 2785 769 2817 et
787 2781 862 2827 24).
882 2782 1040 2826 Oportet
1055 2789 1149 2827 ergo
1169 2780 1350 2817 ultimum
1366 2780 1485 2817 finem
1501 2781 1679 2818 universi

66 2837 155 2866 esse
183 2828 331 2866 bonum
361 2829 612 2872 intellectus;
635 2828 698 2864 liic
720 2831 849 2864 autem
870 2831 930 2864 est
948 2827 1106 2864 veritas.
1131 2829 1292 2873 Oportet
1320 2827 1442 2874 igitur
1471 2828 1676 2864 veritatem

67 2884 156 2912 esse
185 2875 367 2913 ultimum
400 2876 519 2912 tinem
547 2875 671 2912 totius
703 2874 902 2915 universi.
935 2877 974 2911 et
1003 2874 1109 2911 circa
1140 2874 1226 2920 ejus
1262 2874 1382 2911 finem
1419 2876 1456 2910 et
1493 2874 1679 2911 conside¹

67 2922 257 2960 rationem
286 2922 556 2973 principem&
588 2922 823 2968 sapientiam
850 2920 1047 2958 insistere.
1075 2923 1117 2957 Et
1141 2921 1244 2962 ideo,
1264 2921 1314 2958 ad
1345 2921 1523 2959 veritatis
1548 2921 1676 2958 mani-

1474 2984 1490 3014 t
