1894 3223
125 126 194 165 448
685 116 779 155 LlB.
809 116 870 154 ΠΙ,
900 115 1001 152 ΟΑΡ.
1025 115 1183 151 CXXXV.

127 203 304 251 regulam
325 199 490 237 rationis
513 210 522 234 ;
543 197 646 234 unde
679 195 917 243 quandoque
935 194 1131 242 contingit
1149 194 1255 242 qnod
1271 193 1372 232 illud
1402 193 1508 240 quod
1540 195 1602 245 est
1619 197 1746 245 eatre-

129 259 237 288 mum
256 246 475 284 secundum
489 243 747 291 quantitatem
763 242 818 278 rei
831 241 1053 286 exterioris,
1071 241 1291 279 secundum
1307 241 1486 288 regulam
1503 244 1674 277 ratioms
1687 242 1750 278 est

131 296 318 334 medium.
339 294 473 338 Neque
487 290 592 328 enim
605 292 666 327 est
675 289 821 335 aliquis
837 288 904 335 qui
923 287 970 326 ad
985 287 1136 335 majora
1153 287 1290 326 tendat
1309 297 1428 335 quarn
1446 286 1744 334 magnanimus,

131 344 190 378 vel
211 341 277 387 qni
297 340 338 376 in
358 337 583 384 sumptibus
601 335 858 383 magnificum
878 334 1153 382 magnitudine
1172 338 1345 385 superet.
1366 335 1534 373 Medium
1556 342 1651 381 ergo
1669 337 1747 371 ter·

132 389 305 425 minatur
325 394 404 422 non
426 384 644 431 quantitate
657 385 854 428 sumptus,
868 385 935 420 aut
949 381 1119 428 alicujus
1138 381 1382 426 hujusmodi,
1405 381 1474 419 sed
1492 382 1532 417 in
1554 383 1748 428 quantum

133 443 212 471 non
233 432 479 470 transcendit
497 431 672 478 regulam
703 428 884 473 rationis,
907 438 980 467 nec
1000 428 1049 466 ab
1068 437 1117 465 ea
1137 427 1296 473 deficit3
1322 437 1411 480 quae
1431 428 1595 480 quidem
1612 427 1754 480 regula

133 490 214 518 non
232 479 362 517 solum
382 478 541 516 metitur
571 476 829 524 quantitatem
851 475 906 512 rei
925 485 1012 522 quae
1041 475 1081 512 in
1109 482 1229 512 usum
1246 478 1367 520 vemt,
1386 475 1459 512 sed
1480 475 1753 513 conditionem

133 535 328 574 personae,
347 528 384 562 et
404 524 665 561 intentionem
698 523 797 569 eJus‚
832 522 1165 568 opportunitatem
1194 521 1270 558 loci
1300 525 1339 558 et
1365 522 1568 567 temporis,
1602 525 1640 558 et
1671 521 1753 558 alia

136 572 364 619 hujusmodi
391 581 477 619 quae
507 572 547 607 in
569 571 722 607 actibus
743 570 928 606 virtutum
963 569 1230 615 requiruntur.
1252 568 1490 620 Non-igitur
1518 568 1663 615 aliquis
1686 577 1756 614 per

135 620 397 657 voluntariam
427 621 696 664 paupertatem
731 617 995 654 contrariatur
1026 615 1175 658 virtuti,
1203 623 1383 661 quamvls
1410 615 1546 651 omnia
1582 616 1752 652 deserat.

136 670 213 704 Nec
235 667 310 703 hoc
329 665 584 711 prodigaliter
600 665 705 709 facit,
724 672 813 700 cum
830 663 905 700 boc
922 663 1040 699 faciat
1058 661 1192 698 debito
1213 661 1304 705 fine,
1327 665 1363 698 et
1383 662 1472 698 aliis
1490 661 1634 698 debitis
1656 670 1751 699 con·

137 713 355 751 ditionibus
377 711 556 749 servatis.
581 712 675 748 Plus
706 710 811 747 enim
834 713 894 746 est
913 709 1090 756 seipsum
1123 708 1239 761 morti
1261 717 1472 760 exponere,
1495 708 1601 760 quod
1622 712 1754 745 tamen

138 760 283 807 aliquis
298 768 366 805 per
379 759 562 795 virtutem
578 757 824 795 fortitudinis
839 760 1038 802 operatur,
1061 754 1216 805 debitas
1237 758 1560 806 mrcumstantias
1577 763 1755 800 servans,

139 815 255 854 quam
277 806 412 843 omnia
431 815 504 842 sua
523 805 745 852 relinquere
765 804 896 840 debito
919 803 1010 839 fine.
1039 805 1081 839 Et
1101 802 1158 839 sic
1179 802 1346 838 solvitur
1365 804 1465 838 ratio
1489 804 1615 853 sexta.
1723 847 1731 854 ⁹

185 853 298 897 Quod
316 857 445 890 autem
467 861 514 889 ex
533 851 664 889 verbis
683 851 907 888 Salomonis
936 850 1150 893 inducitur,
1170 857 1255 886 non
1275 852 1336 886 est
1353 851 1612 885 contrarlum.
1626 848 1754 900 Man17

140 901 283 937 festum
303 904 362 936 est
376 900 481 936 enim
496 898 603 946 quod
620 897 1002 945 Salomonioquitur
1018 897 1066 934 de
1081 899 1218 933 coacta
1231 898 1475 942 paupertate,
1495 904 1583 942 quae
1595 893 1757 933 furandi

140 948 243 985 solet
263 956 351 984 esse
372 946 545 984 occasio.

757 1080 925 1122 CAPUT
953 1077 1141 1121 CXXXV.

206 1197 364 1228 SOLUTIO
388 1197 520 1227 EORUM
543 1198 632 1231 QUAE
657 1197 956 1226 OBJICOEBANTUR
981 1196 1132 1226 CONTRA
1153 1195 1347 1226 DIVERSOS
1369 1195 1498 1225 MODOS
1523 1196 1692 1226 VIVENDI

410 1255 543 1284 EORUM
568 1254 634 1288 QUI
657 1255 862 1284 ASSUMUNT
886 1255 1167 1284 VOLUNTAMAM
1189 1254 1488 1285 PAUPERTATEM.

193 1367 284 1402 Post
303 1364 386 1402 haec
406 1368 535 1400 autem
548 1362 884 1402 considerandum
905 1367 966 1401 est
985 1363 1033 1400 de
1049 1363 1183 1400 modis
1203 1363 1348 1410 quibus
1369 1366 1525 1409 oportet
1542 1363 1672 1400 vivere
1685 1371 1758 1400 eos

147 1412 213 1458 qui
236 1414 504 1457 paupertatem
523 1410 787 1448 voluntariam
819 1414 1034 1447 sectantur.
1056 1412 1100 1447 Et
1116 1410 1278 1456 quidem
1297 1410 1449 1455 primus
1467 1409 1626 1454 modus,
1648 1410 1758 1446 scili-

145 1462 206 1494 cet
226 1458 331 1504 quod
352 1457 398 1493 de
420 1457 545 1502 pretio
564 1457 870 1503 possessionum
902 1457 1149 1493 venditarum
1171 1465 1312 1493 omnes
1328 1456 1596 1493 communiter
1613 1456 1760 1502 vivant,

146 1504 351 1542 sufficiens
376 1508 448 1548 est,
469 1512 549 1540 non
573 1508 700 1541 tamen
731 1503 779 1540 ad
797 1504 959 1549 longum
981 1507 1156 1548 tempus3
1179 1507 1219 1540 et
1237 1503 1328 1540 ideo
1347 1503 1519 1549 apostoli
1552 1503 1658 1540 hunc
1674 1511 1762 1541 mo·

146 1552 238 1588 dum
271 1550 425 1587 vivendi
452 1549 636 1587 fidelibus
664 1551 703 1585 in
733 1552 952 1587 Jerusalem
985 1550 1258 1593 instituebant,
1282 1550 1378 1597 quia
1404 1549 1673 1596 praevidebant
1689 1559 1760 1596 per

146 1598 330 1644 Spiritum
351 1601 532 1634 sanctum
555 1597 657 1644 quod
695 1606 775 1634 non
803 1597 871 1634 diu
902 1598 941 1633 in
972 1597 1190 1634 Jerusalem
1223 1597 1344 1634 simul
1375 1596 1613 1634 commorari
1644 1596 1762 1635 debe-

147 1648 246 1689 rent,
267 1648 350 1681 tum
372 1648 530 1690 propter
546 1645 845 1689 persecutiones
867 1648 903 1680 et
935 1644 1102 1689 injurias
1123 1644 1182 1681 eis
1203 1644 1431 1681 inferendas
1452 1653 1476 1681 a
1492 1643 1654 1688 Judaeis‚
1675 1647 1763 1682 tum

148 1692 264 1728 etiam
284 1695 441 1737 propter
463 1691 674 1728 instantem
696 1691 1005 1728 destructionem
1037 1691 1208 1728 civitatis
1226 1695 1267 1728 et
1293 1691 1439 1738 gentis.
1458 1690 1570 1727 Unde
1587 1699 1669 1727 non
1689 1691 1766 1729 fuit

147 1738 418 1776 necessarium
439 1738 517 1775 nisi
538 1738 588 1775 ad
609 1738 809 1775 modicum
828 1742 903 1775 tem
937 1748 983 1775 us
1003 1737 1187 1775 fidelibus
1208 1738 1428 1783 providere.
1450 1739 1495 1775 Et
1513 1742 1672 1783 propter
1687 1738 1764 1775 hoc

145 1788 399 1822 transeuntes
421 1785 469 1821 ad
490 1788 642 1832 gentes,
665 1785 707 1822 in
734 1785 879 1831 quibus
930 1785 1095 1821 rmanda
1111 1789 1147 1820 et
1168 1785 1426 1830 perduratura
1457 1789 1539 1821 erat
1572 1785 1762 1829 Ecclesia,

148 1832 253 1869 hunc
271 1832 432 1869 modum
450 1831 605 1868 vivendi
627 1841 707 1868 non
734 1832 921 1878 leguntur
940 1832 1180 1868 instituisse.

195 1880 281 1915 Non
302 1882 360 1915 est
382 1882 511 1915 autem
536 1882 673 1915 contra
706 1879 810 1916 hunc
838 1879 997 1915 modum
1030 1877 1186 1914 vivendi
1204 1878 1314 1915 fraus
1335 1887 1424 1924 qnae
1444 1881 1574 1923 potest
1591 1886 1662 1923 per
1682 1877 1763 1915 dis-

149 1929 381 1971 pensatores
402 1925 593 1961 committi
613 1937 623 1961 :
646 1926 721 1962 hoc
756 1925 863 1962 enim
885 1931 945 1961 est
969 1934 1180 1962 commune
1199 1925 1241 1961 in
1261 1925 1371 1961 omni
1391 1923 1510 1961 modo
1530 1923 1701 1969 vivendi,
1722 1925 1766 1962 in

149 1971 293 2017 quibus
312 1972 433 2018 aliqui
456 1972 503 2008 ad
524 1971 693 2008 invicem
713 1973 944 2015 convivunt;
979 1972 1019 2007 in
1041 1972 1116 2008 hoc
1137 1974 1267 2007 autem
1303 1974 1412 2008 tanto
1443 1971 1592 2014 minus,
1614 1974 1764 2018 quanto

150 2018 351 2056 difficilius
372 2019 602 2063 contingere
622 2018 776 2056 videtur
795 2018 900 2065 quod
927 2018 1210 2064 perfectionem
1235 2018 1325 2055 vitae
1353 2021 1553 2055 sectantes
1585 2018 1765 2055 fraudem

150 2065 409 2102 committant.
430 2065 646 2102 Adhibetur
678 2065 796 2102 etiam
827 2070 963 2102 contra
998 2065 1073 2102 hoc
1101 2064 1320 2101 remedium
1346 2074 1417 2110 per
1447 2064 1652 2109 providam
1671 2064 1766 2102 fide·

150 2112 244 2149 lium
264 2112 585 2158 dispensatorum
618 2112 909 2150 institutionem
931 2123 941 2148 :
965 2111 1068 2149 unde
1089 2111 1163 2149 sub
1196 2111 1391 2157 apostolis
1421 2111 1535 2148 electi
1567 2114 1662 2149 sunt
1683 2112 1766 2149 Ste-

150 2159 320 2206 phanus,
337 2162 377 2195 et
396 2159 462 2196 alii
481 2159 549 2206 qui
570 2158 619 2196 ad
637 2159 714 2197 hoc
730 2158 907 2196 officium
926 2158 1060 2196 idonei
1081 2159 1379 2204 reputabantur.

197 2207 261 2242 Est
279 2210 409 2242 autem
431 2209 469 2242 et
489 2206 690 2243 secundus
708 2206 853 2243 modus
881 2206 1036 2242 vivendi
1071 2205 1314 2243 conveniens
1332 2208 1603 2252 paupertatem
1622 2204 1766 2243 volun·

150 2253 288 2288 tariam
307 2252 617 2297 assumentibus,
637 2256 679 2290 ut
708 2253 862 2290 scilicet
894 2252 941 2290 de
967 2252 1296 2299 possessionibus
1313 2252 1595 2290 communibus
1613 2252 1761 2290 vivam.

149 2301 228 2336 Nec
248 2309 315 2345 per
335 2300 440 2336 huuc
459 2299 622 2337 modum
651 2299 801 2346 aliquid
821 2300 973 2345 deperit
1001 2299 1259 2345 perfectionis
1278 2299 1328 2337 ad
1348 2308 1467 2347 quam
1488 2299 1657 2336 tendunt
1672 2307 1768 2346 pau-

149 2350 337 2392 pertatem
358 2350 623 2385 assumentes.
643 2347 778 2384 Potest
793 2347 899 2384 enim
933 2346 1017 2384 fieri
1038 2356 1108 2393 per
1138 2346 1258 2384 unius
1289 2355 1443 2391 eorum,
1463 2346 1524 2383 vel
1544 2353 1765 2392 paucorum

150 2393 460 2430 sollicitudinem
474 2397 516 2430 ut
531 2393 812 2439 possessiones
828 2393 948 2432 modo
962 2393 1095 2431 debito
1114 2397 1395 2440 procurentur3
1408 2393 1517 2431 etsie
1532 2393 1600 2430 alii
1614 2393 1767 2440 absque

149 2440 424 2486 temporalium
455 2440 726 2479 sollicitudine
756 2444 1023 2485 remanentes,
1044 2441 1167 2478 libere
1198 2443 1370 2487 possunt
1397 2439 1677 2486 spiritualibus
1695 2448 1763 2476 va·

150 2496 252 2538 care,
273 2487 378 2534 quod
396 2491 454 2525 est
473 2487 628 2525 fructus
646 2487 880 2525 voluntariae
896 2487 1153 2535 paupertatis.
1174 2488 1254 2525 Nec
1271 2487 1393 2526 etiam
1413 2487 1496 2525 illis
1517 2487 1668 2533 deperit
1695 2485 1767 2523 ali-

150 2533 244 2579 quid
266 2533 312 2570 de
332 2535 575 2580 perfectione
603 2534 692 2572 vitae
721 2535 789 2582 qui
820 2534 922 2572 hanc
954 2535 1266 2573 sollicitudinem
1294 2543 1369 2581 pro
1397 2534 1490 2572 aliis
1523 2536 1763 2571 assumunt:

150 2580 255 2631 qnod
276 2582 380 2618 enim
402 2581 581 2618 amittere
603 2581 784 2619 videntur
803 2582 845 2618 in
865 2581 1021 2619 defectu
1046 2582 1208 2629 quietis,
1228 2585 1466 2629 recuperant
1495 2581 1537 2618 in
1572 2579 1764 2626 obsequio

151 2628 341 2671 caritatis,
362 2628 405 2664 in
425 2637 504 2675 quo
525 2628 644 2666 etiam
664 2629 854 2675 perfectio
873 2629 962 2666 vitae
982 2629 1182 2666 consistit.

196 2674 275 2724 Nec
291 2674 409 2711 etiam
429 2684 498 2721 per
517 2675 624 2713 hunc
651 2675 818 2713 modum
837 2675 994 2713 vivendi
1014 2675 1229 2714 concordia
1251 2674 1408 2713 tollitur
1425 2673 1640 2725 occasione
1655 2681 1765 2710 com-

151 2727 330 2756 munium
349 2722 668 2766 possessionum.
687 2723 801 2760 Tales
833 2722 940 2760 enim
961 2722 1105 2760 debent
1129 2725 1400 2769 paupertatem
1418 2720 1684 2758 voluntariam
1705 2728 1767 2757 as·

152 2773 306 2816 sumere
323 2767 390 2812 qui
405 2769 639 2815 temporalia
650 2773 925 2814 contemnunt,
941 2773 979 2807 et
994 2769 1092 2808 tales
1102 2778 1174 2816 pro
1185 2767 1470 2816 temporalibus
1481 2766 1763 2819 communibus

152 2811 379 2864 discordare
405 2822 485 2851 non
515 2820 704 2862 possunt;
733 2817 954 2864 praesertim
973 2825 1064 2854 cum
1097 2826 1146 2854 ex
1172 2814 1458 2862 temporalibus
1490 2813 1593 2850 mhil
1624 2817 1766 2859 praeter

136 2862 432 2897 >necessitatem
456 2861 544 2899 vitae
562 2862 733 2900 debeant
748 2868 975 2911 expectare3
998 2867 1036 2901 et
1052 2871 1145 2902 cum
1160 2862 1464 2909 dispensatores
1479 2864 1661 2907 oporteat
1676 2869 1767 2899 esse
