1894 3223
183 111 228 146 78
764 104 853 141 LIB.
879 104 928 148 ΙΙ,
955 104 1057 140 CAP.
1086 104 1171 141 le.

160 190 304 229 animae
334 186 601 234 operationes,
624 185 729 223 sicut
758 188 866 232 patet
896 185 939 222 in
975 185 1216 223 animalibus
1237 195 1324 233 quae
1358 184 1493 223 decisa
1518 185 1668 232 vivunt,
1690 186 1786 235 quia

161 236 298 275 eadem
329 242 422 281 pars
454 233 573 270 babet.
603 236 770 276 motum,
805 235 842 269 et
876 241 1055 277 sensum,
1088 235 1127 269 et
1157 233 1373 279 appetitum
1401 241 1480 280 quo
1500 237 1724 279 moveatur;
1745 237 1786 272 et

161 282 346 321 similiter
376 279 514 317 eadem
547 287 640 324 pars
668 279 814 325 plantae
844 279 979 316 decisa
1009 279 1196 324 nutritur,
1226 283 1408 327 augetur,
1431 283 1469 316 et
1495 280 1714 326 germinat3
1736 290 1786 319 ex

160 337 239 376 quo
260 330 434 380 apparet,
455 326 561 373 quod
590 325 756 363 diversae
785 329 917 371 partes
947 325 1090 363 animae
1122 326 1164 363 in
1185 335 1266 364 una
1285 330 1322 363 et
1353 326 1490 363 eadem
1509 331 1618 373 parte
1640 336 1782 373 corpo-

160 384 217 413 ris
236 378 330 411 sint.
362 375 448 410 Non
477 372 600 420 igitur
619 377 714 410 sunt
734 372 899 410 diversae
916 373 1060 410 animae
1078 373 1120 410 in
1150 373 1282 419 nobiS,
1305 373 1474 411 diversis
1497 374 1676 420 partibus
1697 382 1786 411 cor·
1838 406 1841 409 ,

190 421 272 459 oris
292 419 504 458 attributae.

160 431 184 470 p
207 467 389 513 Amplius,
413 466 551 503 divisae
568 466 674 504 vires
694 475 782 513 quae
804 475 883 504 non
906 465 1134 504 radicantur
1152 467 1195 504 in
1212 476 1293 505 uno
1321 467 1534 514 principio,
1562 476 1644 504 non
1665 467 1788 513 impe-

161 514 274 553 diunt
296 523 339 551 se
359 514 531 550 invicem
562 513 606 551 in
626 513 797 560 agendo,
818 514 896 551 nisi
916 514 1016 551 forte
1035 523 1170 551 earum
1204 515 1383 552 actiones
1404 518 1540 552 essent
1561 516 1784 558 contrariae,

160 561 267 610 quod
287 560 329 597 in
349 560 555 606 proposito
576 568 656 597 non
676 561 885 606 contingit.
912 560 1099 597 Videmus
1129 564 1261 598 autem
1279 561 1386 608 quod
1418 562 1585 599 diversae
1605 561 1785 598 actiones

161 608 305 646 animae
326 607 549 654 impediunt
571 616 630 644 se.
652 608 747 644 Cum
768 608 875 644 enim
901 616 979 644 una
999 610 1060 644 est
1080 607 1251 652 intensa,
1272 609 1395 646 altera
1420 608 1646 646 remittitur.
1663 610 1786 654 Opor-

161 659 217 692 tet
237 655 359 701 igitur
379 655 484 701 quod
506 654 592 691 istae
613 654 806 698 actiones,
828 657 866 691 et
881 655 986 691 vires
1006 663 1094 701 quae
1116 659 1209 691 sunt
1228 664 1362 692 earum
1377 656 1559 702 proxima
1573 655 1785 701 principia,

160 701 401 740 reducantur
421 702 463 738 in
486 710 609 739 unum
632 701 887 748 principium.
911 703 991 738 Hoc
1012 704 1143 738 autem
1164 702 1404 748 principium
1444 711 1525 739 non
1545 705 1677 747 potest
1695 711 1786 739 esse

161 757 308 795 corpus
329 760 337 792 ;
359 752 443 785 tum
463 748 558 795 quia
585 748 719 795 aliqua
737 749 840 786 actio
862 752 922 785 est
942 748 983 785 in
1003 758 1082 795 qua
1101 756 1183 785 non
1204 749 1473 785 communicat
1489 758 1649 794 corpus,
1671 749 1782 786 scili-

161 799 224 834 cet
243 795 487 842 intelligere3
508 799 591 833 tum
613 796 720 842 quia,
743 796 776 832 si
798 795 1037 841 principium
1058 795 1198 832 harum
1218 795 1364 832 virium
1385 800 1424 832 et
1451 795 1652 832 actionum
1676 798 1787 832 esset

165 850 326 889 corpus,
347 842 389 878 in
410 846 602 889 quantum
618 842 862 888 hujusmodi,
885 842 1179 879 invenireturin
1201 843 1388 880 omnibus
1405 842 1640 888 corporibus
1655 854 1664 887 ;
1681 842 1786 889 quod

161 893 267 936 patet
285 897 373 926 esse
395 888 554 926 falsum.
578 891 622 926 Et
654 890 712 926 sic
736 890 974 936 relinquitur
1006 889 1111 936 quod
1144 890 1197 926 sit
1231 889 1471 936 principium
1494 898 1632 926 earum
1657 889 1788 927 forma

163 936 296 982 aliqua
315 945 394 973 una
411 946 481 982 per
499 945 617 983 quarn
639 936 713 973 hoc
734 946 878 982 corpus
899 941 959 974 est
986 937 1063 973 tale
1102 945 1260 982 corpus,
1282 946 1369 984 quae
1387 940 1447 974 est
1471 936 1618 973 anima.
1642 937 1778 973 Relin-

163 984 297 1031 quitur
316 983 440 1030 igitur
468 983 573 1030 quod
601 992 741 1020 omnes
766 984 944 1021 actiones
965 984 1107 1021 animae
1140 993 1228 1030 quae
1254 988 1348 1021 sunt
1380 984 1420 1020 in
1455 983 1574 1020 nobis
1614 983 1662 1020 ab
1699 983 1788 1030 ipsa

164 1039 248 1068 una
265 1030 485 1076 procedunt
506 1041 515 1075 ;
537 1033 574 1066 et
595 1031 652 1068 sic
676 1039 755 1067 non
781 1035 874 1068 sunt
894 1031 935 1067 in
953 1031 1071 1068 nobis
1093 1031 1229 1076 plures
1250 1031 1409 1068 animae.

211 1077 310 1114 Huic
330 1077 448 1114 etiam
469 1081 664 1114 consonat
683 1077 789 1124 quod
810 1078 954 1115 dicitur
973 1078 1013 1114 in
1044 1078 1145 1115 libro
1171 1080 1223 1114 De
1251 1079 1499 1113 ecclesiasticis
1528 1077 1756 1123 dogmatibus
1773 1089 1786 1114 ε

166 1137 186 1157 κ
206 1125 341 1170 Neque
356 1124 454 1161 duas
477 1124 633 1161 animas
652 1133 741 1161 esse
762 1125 961 1162 credimus
982 1125 1021 1161 in
1044 1134 1125 1161 uno
1147 1125 1322 1169 homine,
1339 1124 1638 1166 sicut-Iacobus,
1661 1129 1699 1161 et
1719 1124 1788 1162 alii

164 1170 434 1216 disputatores
463 1171 649 1217 Syrorum
677 1171 856 1208 scribunt
879 1181 997 1208 unam
1030 1172 1258 1215 animalem,
1288 1181 1366 1218 qua
1394 1172 1594 1208 animatur
1625 1180 1788 1217 corpus,

167 1220 206 1254 et
241 1226 328 1264 quae
355 1217 534 1254 immixta
562 1218 614 1254 sit
633 1219 835 1265 sanguini,
858 1223 895 1255 et
915 1219 1077 1255 alteram
1105 1218 1365 1264 spiritualem,
1388 1228 1475 1265 quae
1496 1218 1691 1255 rationem
1713 1219 1786 1256 mi-

166 1264 323 1301 nistrat.
347 1265 421 1301 sed
455 1264 625 1302 dicimus
657 1274 777 1301 unam
798 1265 1055 1311 eamdemque
1077 1274 1166 1302 esse
1187 1265 1359 1302 animam
1380 1265 1420 1302 in
1442 1265 1603 1302 homine
1629 1275 1716 1312 quae
1750 1268 1790 1304 et

169 1319 317 1358 corpus
339 1320 412 1348 sua
433 1312 622 1348 societate
642 1312 826 1357 vivificet,
848 1317 883 1349 et
905 1313 1163 1358 semetipsum
1191 1321 1265 1349 sua
1283 1313 1436 1349 ratione
1456 1312 1642 1359 disponat
1663 1327 1695 1350 υ,

825 1446 994 1489 CAPUT
1022 1447 1125 1489 LIX.

219 1572 321 1607 QUOD
339 1572 594 1602 INTELLEGTUS
617 1573 826 1603 POSSIBILIS
851 1572 1014 1602 HOMINIS
1039 1571 1120 1603 NON
1144 1573 1215 1602 EST
1240 1573 1479 1602 SUBSTANTIA
1511 1573 1726 1603 SEPARATA.

211 1691 385 1727 Fuerunt
404 1693 536 1727 autem
556 1693 595 1727 et
621 1690 689 1727 alii
723 1690 803 1727 alia
835 1690 1118 1728 adinventione
1155 1693 1312 1727 utentes
1341 1689 1382 1725 in
1403 1689 1642 1727 sustinendo
1681 1689 1788 1736 quod

163 1736 390 1774 substantia
410 1736 692 1774 intellectualis
712 1746 793 1774 non
813 1738 942 1783 possit
962 1737 1067 1774 uniri
1091 1738 1248 1783 corpori
1279 1739 1322 1773 ut
1339 1737 1479 1773 forma.
1501 1736 1645 1773 Dicunt
1665 1737 1788 1782 enim,

163 1783 270 1829 quod
301 1783 542 1827 intellectus,
559 1784 676 1820 etiam
708 1793 825 1830 quem
857 1784 1090 1821 Aristoteles
1125 1783 1360 1830 possibilem
1395 1787 1510 1832 vocat
1545 1783 1610 1830 (De
1648 1785 1788 1828 anima,

160 1836 220 1874 111,
234 1832 335 1912 1text.
359 1838 502 1867 comm.
521 1830 572 1877 5),
593 1834 653 1867 est
669 1831 849 1877 quaedam
871 1831 1097 1868 substantia
1112 1834 1307 1877 separata,
1330 1838 1410 1867 non
1431 1829 1646 1876 conjuncta
1667 1830 1789 1868 nobis

163 1880 209 1914 ut
251 1885 374 1913 orma.

210 1924 255 1960 Et
275 1923 350 1960 boc
371 1923 606 1961 confirmare
627 1923 820 1962 nituntur.
843 1924 989 1969 Primo,
1012 1933 1061 1961 ex
1095 1924 1227 1962 verbis
1247 1922 1486 1967 Aristotelis,
1508 1923 1575 1970 qui
1608 1922 1717 1968 dicit,
1739 1924 1789 1962 de

162 1968 240 2008 hoc
260 1970 463 2007 intellectu
484 1971 667 2018 loquens,
698 1971 804 2018 quod
825 1975 886 2008 est
905 1975 1127 2017 separatus,
1149 1975 1187 2008 et
1218 1980 1297 2008 non
1331 1970 1535 2007 immixtus
1557 1971 1728 2016 corpori,
1750 1974 1789 2008 et

162 2017 347 2070 simpleir,
377 2021 416 2054 et
444 2017 707 2064 impassibilis
730 2030 739 2063 ;
773 2027 861 2066 quae
897 2027 978 2055 non
999 2022 1168 2065 possent
1187 2018 1265 2055 dici
1302 2017 1350 2054 de
1374 2026 1435 2062 eo,
1457 2017 1492 2054 si
1519 2022 1626 2054 esset
1658 2018 1789 2056 forma

163 2072 358 2109 corporis.

208 2112 311 2155 Item,
328 2119 399 2156 per
418 2111 800 2149 demonstrationem
822 2112 1015 2158 ejusdem,
1038 2123 1116 2160 qua
1135 2112 1276 2159 probat
1296 2112 1416 2159 quod,
1439 2112 1534 2158 quia
1559 2111 1788 2149 intellectus

160 2157 368 2205 possibilis
395 2158 535 2204 recipit
567 2167 708 2196 omnes
727 2159 883 2205 species
904 2169 1036 2197 rerum
1058 2160 1311 2197 sensibilium
1333 2162 1376 2196 ut
1394 2159 1434 2195 in
1450 2159 1628 2205 potentia
1647 2158 1695 2195 ad
1716 2167 1787 2196 eas

162 2204 355 2249 existens,
377 2208 532 2250 oportet
552 2206 657 2252 quod
675 2206 863 2244 omnibus
884 2211 1028 2251 careat,
1053 2207 1158 2244 sieut
1184 2207 1348 2253 pupilla,
1364 2215 1451 2253 quae
1477 2206 1618 2252 recipit
1645 2214 1788 2243 omnes

161 2251 318 2297 species
339 2251 533 2297 colorum,
555 2256 662 2290 caret
682 2253 791 2289 omni
813 2253 945 2291 colore
963 2266 972 2298 ;
996 2254 1152 2292 sienim
1174 2254 1335 2291 haberet
1354 2253 1400 2290 de
1421 2262 1464 2290 se
1486 2253 1660 2300 aliquem
1680 2252 1788 2289 colo-

161 2306 260 2343 rem,
283 2298 350 2335 ille
371 2299 483 2336 color
502 2299 731 2344 prohiberet
749 2299 872 2337 videri
892 2301 994 2338 alios
1016 2301 1187 2344 colores,
1208 2301 1302 2348 quin
1338 2300 1420 2337 imo
1452 2300 1554 2336 nihil
1586 2300 1789 2336 videretur

160 2345 241 2382 nisi
269 2345 343 2382 sub
362 2345 433 2383 illo
454 2347 602 2383 colore.
624 2348 668 2383 Et
688 2346 873 2384 similiter
891 2348 1142 2395 contingeret
1159 2348 1206 2384 de
1227 2347 1431 2385 intellectu
1458 2346 1660 2393 possibili,
1683 2346 1789 2384 siha·

159 2390 271 2429 beret
290 2392 338 2429 de
374 2401 416 2429 se
444 2393 618 2441 aliquam
649 2394 817 2431 sormam
848 2403 919 2431 seu
956 2399 1138 2432 naturam
1170 2395 1217 2432 de
1250 2394 1370 2432 rebus
1405 2393 1681 2432 sensibilibus.
1705 2394 1788 2430 Hoc

163 2442 294 2476 autem
316 2443 513 2492 oporteret
533 2449 638 2486 esse,
660 2441 695 2478 si
713 2445 820 2478 esset
839 2441 987 2478 mixtus
1011 2442 1130 2479 alicui
1151 2442 1323 2488 corpori,
1347 2443 1384 2478 et
1406 2441 1592 2478 similiter
1623 2440 1658 2478 si
1679 2442 1788 2476 esset

161 2485 290 2523 forma
309 2486 480 2533 alicujus
499 2487 680 2534 corporis
699 2499 708 2525 z
733 2488 841 2535 quia,
864 2497 955 2526 cum
975 2498 1023 2526 ex
1042 2488 1172 2527 forma
1186 2492 1224 2526 et
1237 2489 1404 2526 materia
1424 2487 1493 2525 fiat
1514 2495 1652 2526 unum,
1672 2494 1787 2531 opor-

160 2534 215 2584 tet
229 2532 338 2584 quod
359 2533 488 2585 forma
506 2535 716 2582 participet
734 2535 885 2582 aliquid
906 2535 954 2572 de
978 2539 1120 2573 natura
1139 2536 1226 2583 ejus
1245 2535 1360 2582 cujus
1385 2538 1446 2572 est
1474 2534 1616 2571 fornia.
1638 2535 1788 2578 Impos-

161 2577 277 2615 sibile
298 2582 356 2616 est
375 2581 499 2627 igitur
527 2581 772 2619 intellectum
802 2582 1038 2628 possibilem
1070 2592 1160 2621 esse
1194 2582 1361 2620 mixtum
1395 2581 1565 2627 corpori,
1597 2582 1666 2616 aut
1693 2586 1786 2616 esse

161 2627 306 2669 actum,
329 2634 405 2678 seu·
422 2627 589 2665 formam
610 2629 780 2676 alicujus
803 2630 997 2675 corporis.
1541 2673 1548 2679 ,

207 2672 352 2723 Armua,
373 2681 407 2709 si
432 2678 538 2725 esset
560 2675 688 2713 forma
717 2676 887 2722 alicujus
920 2676 1101 2722 corporis
1121 2675 1354 2719 materialis,
1377 2677 1484 2726 esset
1515 2671 1693 2719 ejusdem
1715 2681 1785 2720 ge·

162 2726 270 2755 neris
303 2723 476 2771 receptio
509 2721 630 2768 huJus
665 2723 894 2760 intellectus
926 2727 964 2760 et
993 2724 1167 2770 receptio
1200 2722 1376 2760 materiae
1404 2728 1554 2766 primae.
1601 2719 1641 2756 ld
1677 2721 1785 2758 enim

162 2764 268 2817 quod
289 2767 350 2801 est
368 2766 538 2817 alicujus
557 2769 737 2814 corporis
758 2769 887 2807 forma
909 2778 988 2807 non
1011 2770 1151 2816 recipit
1180 2767 1330 2816 aliquid
1365 2766 1516 2820 absque
1549 2775 1623 2803 sua
1659 2771 1787 2819 mate·

161 2820 234 2849 ria.
253 2812 414 2848 Materia
433 2816 564 2850 autem
582 2816 710 2860 prima
727 2817 866 2862 recipit
884 2817 1033 2854 formas
1053 2815 1332 2855 individuales,
1361 2821 1443 2850 imo
1469 2822 1539 2859 per
1570 2813 1646 2850 hoc
1678 2813 1783 2851 indi·

163 2858 377 2896 viduantur
405 2859 512 2903 quod
545 2864 639 2898 sunt
669 2861 711 2898 in
747 2863 925 2900 materia.
957 2863 1186 2900 Intellectus
1209 2861 1332 2908 igitur
1350 2859 1560 2907 possibilis
1587 2860 1779 2906 reciperet
