1894 3223
641 91 728 128 [ΑΒ.
755 91 820 136 111,
848 91 950 128 CAP.
975 92 1111 129 XLVII.
1622 97 1689 132 3¹5

66 171 213 254 sibilis,
236 169 526 265 scilicet)quod
563 170 617 208 sit
650 170 854 207 immixtus
886 174 925 207 et
955 171 1286 218 incorruptibilis,
1308 175 1351 209 ut
1381 181 1431 210 ex
1467 174 1690 220 praemissis

83 219 107 256 li
144 247 150 255 .
180 228 222 261 11,
247 228 291 255 ca
323 221 396 255 ,62
438 222 556 264 patet.

67 220 79 265 (
115 266 178 301 Sic
200 227 320 311 igitugij·
340 265 559 301 secundum
587 264 846 301 intentionem
868 265 1079 310 Augustini
1110 274 1224 303 mens
1244 269 1384 304 nostra
1408 275 1478 313 per
1514 268 1689 314 seipsam

68 313 178 348 novit
217 312 404 358 seipsam,
427 313 468 348 in
490 315 679 358 quantum
702 311 749 348 de
771 320 812 348 36
840 313 1048 358 cognoscit
1068 313 1172 359 quod
1200 317 1283 350 est:
1305 323 1352 350 ex
1369 313 1444 350 hoc
1475 314 1580 352 enim
1599 315 1688 361 ipso

67 359 172 405 quod
194 359 360 405 percipit
380 368 422 396 se
456 368 587 406 agere,
605 358 770 404 percipit
806 368 848 395 se
870 368 972 396 esse.
990 360 1079 406 Agit
1100 364 1230 397 autem
1266 369 1336 406 per
1367 362 1554 407 seipsam
1579 362 1688 401 Unde

65 415 137 453 per
166 406 338 452 seipsam
358 406 407 443 de
428 415 470 443 se
491 406 699 451 cognoscit
721 405 826 451 quod
849 409 920 442 est.

113 452 174 489 Sic
195 462 290 499 ergo
311 456 349 489 et
369 453 415 489 de
436 453 673 490 substantiis
692 453 885 498 separatis
904 453 1037 489 anima
1074 454 1355 500 cognoscendo
1385 455 1575 502 seipsam,
1597 465 1688 503 cog—

66 499 197 536 noscit
218 500 313 546 quia
331 503 438 544 sunt,
462 509 541 537 non
563 504 693 537 autern
708 500 799 546 quid
819 504 926 544 sunt,
943 500 1047 547 quod
1069 505 1130 537 est
1149 510 1284 538 earum
1305 501 1551 540 substantias
1569 503 1687 541 intel-

66 546 205 593 ligere.
226 548 319 584 Cum
357 547 461 583 enim
483 547 531 584 de
561 547 796 584 substantiis
817 547 1010 593 separatis
1049 547 1125 585 1166
1151 548 1257 595 (1666
1288 549 1369 584 sint
1399 549 1689 589 intellectuales

97 593 246 630 uaedam
281 594 514 631 substantiae
553 603 861 640 cognoscamus,
898 594 958 630 vel
987 604 1055 640 per
1086 595 1481 647 demonstrationem,
1521 598 1582 634 vel
1620 606 1690 644 per

65 603 199 685 Fidem,
240 645 380 678 neutro
420 642 538 678 modo
580 642 680 678 hanc
713 642 984 687 cognitionem
1021 641 1199 687 accipere
1227 651 1453 689 possemus,
1497 644 1574 681 nisi
1611 644 1688 683 hoc

66 687 198 733 ipsum
232 688 337 735 quod
361 692 422 725 est
443 697 531 725 esse
552 688 831 731 intellectuale,
857 688 988 724 anima
1018 692 1158 725 nostra
1177 698 1225 725 ex
1258 690 1392 735 seipsa
1411 694 1686 738 cognosceret.

66 734 175 771 Unde
205 739 242 771 et
264 735 432 772 scientia
467 736 514 772 de
537 736 738 772 intellectu
760 735 901 771 animae
923 738 1078 780 oportet
1109 736 1165 772 uti
1189 739 1232 773 ut
1251 737 1448 784 principio
1479 738 1526 775 ad
1548 739 1689 776 omnia

67 791 154 828 quae
173 781 220 818 de
242 782 477 818 substantiis
499 783 691 828 separatis
713 782 1010 828 cognoscimus.

117 830 201 865 Non
238 833 366 866 autern
400 834 554 875 oportet
580 830 699 876 quod,
722 829 755 866 si
780 839 849 875 per
877 829 1065 866 scientias
1087 830 1352 876 speculativas
1379 832 1585 878 possimus
1605 842 1689 878 per-

69 876 204 911 venire
225 876 273 912 ad
309 876 515 913 sciendum
538 876 585 912 de
613 877 746 912 anima
771 875 865 922 quid
898 880 971 920 est,
994 876 1096 923 quod
1137 886 1354 922 possumus
1391 879 1439 916 ad
1477 879 1687 917 sciendum

67 922 255 969 quicquid
279 927 339 959 est
359 923 405 959 de
427 923 663 960 substantiis
684 923 877 969 separatis
898 933 966 968 per
980 923 1209 969 hujusmodi
1232 925 1442 962 scientiam
1464 927 1686 972 pervenire.

67 970 163 1006 Nam
189 969 409 1015 intelligere
449 973 627 1006 nostrum
648 979 716 1015 per
751 970 856 1016 quod
896 970 1147 1015 pervenimus
1184 971 1232 1008 ad
1258 972 1465 1010 sciendum
1484 973 1531 1010 de
1552 974 1687 1011 anima

67 1021 205 1053 nostra
219 1016 312 1062 quid
330 1020 403 1060 est,
421 1017 586 1053 multum
603 1020 661 1053 est
674 1020 868 1053 remotum
890 1016 936 1053 ab
953 1017 1216 1063 intelligentia
1227 1019 1460 1056 substantiae
1478 1025 1683 1066 separatae.

68 1064 202 1100 Potest
218 1067 348 1099 tamen
370 1072 440 1109 per
466 1063 540 1100 lioc
561 1063 665 1109 quod
688 1063 812 1100 scitur
831 1063 877 1099 de
895 1064 1028 1100 anima
1054 1067 1191 1100 nostra
1211 1065 1304 1111 quid
1326 1070 1399 1110 est,
1422 1067 1617 1112 perveniri
1639 1067 1688 1104 ad

67 1109 274 1146 sciendum
301 1109 462 1156 aliquod
498 1119 625 1157 genus
659 1114 852 1146 remotum
894 1110 1207 1148 substantiarum
1248 1117 1533 1158 separatarum.
1573 1114 1688 1159 Quod

66 1165 148 1193 non
165 1160 224 1193 est
244 1166 380 1193 earum
408 1157 654 1194 substantias
681 1158 913 1203 intelligere.

113 1203 224 1240 Sicut
254 1207 385 1241 autem
407 1204 454 1240 de
475 1205 608 1241 anima
637 1205 787 1241 scimus
810 1205 903 1250 quia
938 1208 999 1241 est
1019 1214 1089 1250 per
1106 1206 1294 1251 seipsam,
1316 1207 1357 1243 in
1378 1210 1570 1254 quantum
1597 1208 1685 1255 ejus

66 1254 178 1288 actus
210 1251 477 1297 percipimus3
517 1252 608 1298 quid
642 1255 771 1288 autem
804 1252 854 1288 sit
895 1252 1135 1298 inquii-imus
1174 1263 1221 1289 ex
1260 1254 1414 1292 actibus
1440 1258 1479 1292 et
1521 1255 1688 1303 objectis

67 1305 139 1350 per
157 1298 354 1345 principia
391 1299 649 1335 scientiarum
688 1298 1020 1344 speculativarum
1041 1311 1052 1342 3
1076 1300 1128 1336 ita
1167 1301 1283 1337 etiam
1318 1301 1365 1338 de
1394 1301 1458 1339 his
1478 1311 1565 1348 quae
1594 1306 1690 1340 sunt

65 1353 107 1381 in
149 1345 283 1382 anima
319 1349 470 1390 nostra,
502 1346 654 1382 scilicet
692 1346 880 1391 potentiis
915 1349 952 1382 et
980 1346 1194 1391 habitibus,
1224 1348 1374 1385 scimus
1405 1349 1563 1395 quidem
1594 1350 1689 1396 quia

66 1395 173 1431 sunt,
198 1392 237 1428 in
259 1397 449 1438 quantum
472 1396 583 1430 actus
604 1394 858 1439 percipimus.
882 1393 980 1436 Quid
1017 1402 1109 1430 vero
1130 1394 1223 1440 sint,
1246 1405 1292 1431 ex
1325 1396 1502 1441 ipsorum
1525 1399 1685 1434 actuum

65 1438 253 1486 qualitate
269 1439 508 1477 invenimus.

686 1551 862 1609 ,CAPUT
894 1552 1049 1594 XLVII.

182 1648 283 1698 QUol)
316 1665 394 1694 NON
419 1664 614 1694 POSSUMUS
641 1665 683 1694 IN
708 1665 787 1695 HAG
812 1666 908 1696 VITA
933 1667 1074 1696 VIDERE
1099 1667 1206 1697 DEUM
1230 1668 1304 1698 PER
1334 1668 1565 1702 ESSENTIAM.

109 1765 149 1804 Si
175 1769 308 1804 autem
328 1766 429 1805 alias
459 1767 705 1805 substantias
732 1773 935 1815 separatas
967 1769 1008 1806 in
1039 1769 1113 1806 hac
1131 1770 1211 1808 vita
1246 1771 1467 1819 intelligere
1489 1783 1570 1812 non
1587 1784 1684 1821 pos-

61 1823 203 1852 sumus
224 1817 382 1860 propter
398 1816 770 1852 connaturalitatem
786 1816 1011 1853 intellectus
1033 1817 1159 1853 nostri
1176 1818 1224 1855 ad
1244 1819 1536 1865 phantasmata,
1557 1823 1683 1861 multo

62 1862 198 1898 minus
219 1861 262 1897 in
282 1861 356 1898 hac
374 1861 454 1899 vita
474 1862 646 1899 divinam
669 1863 885 1900 essentiam
905 1863 1038 1901 videre
1067 1873 1300 1912 possumus,
1327 1876 1415 1914 quae
1438 1869 1684 1908 transcendit

62 1917 205 1946 omnes
225 1908 471 1946 substantias
494 1913 712 1955 separatas.

107 1955 232 2002 Hujus
269 1959 402 1992 autem
438 1956 600 2003 signum
632 1957 724 1994 hinc
757 1957 875 1994 etiam
906 1957 1031 2004 accipi
1065 1963 1208 2005 potest,
1236 1960 1331 2007 quia
1365 1965 1514 2008 quanto
1553 1964 1683 2011 magis

59 2010 174 2039 meris
194 2006 332 2039 nostra
353 2003 402 2039 ad
435 2003 740 2048 contemplanda
772 2005 995 2050 spiritualia
1029 2005 1217 2052 elevatur,
1238 2011 1349 2045 tanto
1380 2009 1510 2056 magis
1531 2010 1682 2048 abstra-

60 2049 169 2086 hitur
188 2058 211 2085 a
230 2049 505 2086 sensibilibus.
527 2050 695 2088 Ultimus
727 2056 858 2088 autem
885 2053 1080 2090 terminus
1112 2064 1191 2101 quo
1224 2056 1506 2102 contemplatio
1540 2058 1685 2103 pertin·

58 2105 153 2142 gere
180 2099 323 2141 potest,
346 2099 406 2148 est
436 2096 570 2134 divina
603 2097 839 2135 substantia.
860 2099 968 2136 Unde
995 2104 1148 2146 oportet
1181 2105 1350 2139 mentem
1385 2113 1472 2149 quae
1507 2104 1681 2142 divinam

58 2142 323 2180 substantiam
350 2142 469 2188 videt,
487 2144 661 2181 totaliter
681 2154 704 2182 a
723 2146 998 2190 corporalibus
1029 2148 1218 2187 sensibus
1253 2158 1343 2187 6336
1373 2151 1598 2189 absolutam
1618 2152 1679 2190 vel

58 2198 130 2238 per
149 2192 331 2235 mortem,
351 2190 413 2226 vel
433 2199 503 2236 per
522 2191 695 2238 aliquem
715 2196 885 2238 raptum.

59 2283 83 2319 h
108 2237 286 2318 Hinctest
312 2236 421 2318 11(1606
433 2237 578 2275 dicitur
595 2248 640 2276 ex
658 2248 829 2285 persona
853 2239 938 2285 Dei,
964 2240 1101 2287 Emod„
1119 2249 1263 2288 xxxin,
1284 2246 1331 2282 20
1349 2255 1358 2280 ε
1376 2245 1459 2282 Non
1474 2244 1612 2282 videbit
1628 2255 1684 2282 me

86 2292 162 2319 omo
181 2293 198 2318 θ
230 2293 309 2318 υῖυθ
330 2312 338 2320 .

106 2329 220 2374 Quod
240 2334 369 2367 autem
391 2330 433 2367 in
453 2340 568 2368 sacra
599 2331 802 2378 Scriptura
820 2333 943 2381 aliqui
972 2335 1096 2372 Deum
1124 2335 1274 2373 vidisse
1305 2336 1505 2382 dicuntur,
1527 2342 1683 2385 oportet

56 2376 228 2424 intelligi
265 2377 340 2414 hoc
371 2377 496 2414 fuisse
525 2387 596 2424 per
624 2379 798 2426 aliquam
832 2381 1109 2427 imaginariam
1132 2383 1344 2428 visionem,
1363 2393 1435 2421 366
1455 2385 1573 2422 etiam
1594 2394 1682 2424 cor-

54 2424 247 2471 poralem,
269 2428 386 2470 prout
405 2425 559 2463 scilicet
584 2434 653 2471 per
680 2426 836 2474 aliquas
857 2437 1070 2474 corporeas
1090 2430 1259 2475 species,
1281 2431 1343 2466 vel
1363 2432 1536 2469 exterius
1561 2442 1681 2480 appa-

55 2474 204 2516 rentes,
227 2471 287 2508 vel
308 2471 476 2509 interius
508 2472 699 2511 formatas
731 2474 773 2510 in
804 2475 1089 2521 imaginatione
1121 2476 1263 2513 divinae
1283 2477 1440 2515 virtutis
1468 2480 1682 2525 praesentia

55 2517 378 2563 demonstratur3
400 2519 461 2556 vel
494 2519 612 2556 etiam
642 2520 862 2559 secundum
882 2522 988 2568 quod
1016 2523 1160 2569 aliquae
1193 2523 1422 2569 spirituales
1445 2526 1680 2566 substantiae

57 2572 129 2612 per
146 2564 312 2603 effe'ctus
339 2565 514 2613 aliquam
533 2567 804 2614 cognitionem
825 2568 871 2605 de
890 2571 969 2606 Deo
987 2569 1278 2616 intelligibilem
1299 2577 1570 2618 perceperunt.

105 2612 384 2650 Difficultatem
406 2617 537 2650 autem
569 2613 739 2651 afferunt
768 2615 948 2662 quaedam
968 2616 1087 2653 verba
1106 2618 1316 2664 Augustini
1338 2629 1385 2656 ex
1405 2620 1550 2666 quibus
1570 2621 1677 2659 vide-

57 2661 124 2696 tur
141 2659 248 2706 quod
266 2659 307 2696 in
328 2660 401 2697 hac
420 2661 500 2698 vita
518 2661 723 2707 possimus
737 2662 956 2708 intelligere
971 2663 1102 2709 ipsum
1118 2665 1254 2701 Deum.
1267 2665 1366 2702 Dicit
1386 2667 1492 2704 enim
1511 2667 1550 2704 in
1571 2677 1679 2706 nono

58 2703 127 2742 lib.
149 2708 199 2742 De
228 2708 331 2744 Trin.
354 2707 453 2754 (cap.
473 2708 510 2755 7)
532 2708 637 2755 quod
671 2709 745 2745 «in
765 2713 912 2746 aeterna
927 2711 1088 2748 veritate
1110 2720 1157 2748 ex
1177 2721 1250 2758 qua
1293 2714 1428 2751 omnia
1457 2716 1680 2762 corporalia

60 2751 286 2803 factasunt,
309 2754 476 2792 formam
509 2755 728 2792 secundum
765 2766 881 2803 quam
916 2765 1070 2802 sumus,
1092 2761 1131 2794 et
1159 2760 1378 2797 secundum
1406 2771 1524 2808 quam
1554 2763 1615 2798 vel
1636 2763 1679 2800 in

60 2797 270 2852 6611131161
290 2801 332 2838 in
352 2802 587 2848 corporibus
607 2812 699 2840 vera
717 2806 754 2839 et
774 2807 880 2840 recta
899 2804 1052 2841 ratione
1067 2805 1160 2852 quid
1176 2815 1398 2852 operamur,
1421 2809 1510 2845 visu
1530 2810 1675 2846 mentis

55 2852 341 2894 -aonspmimus,
364 2852 480 2892 atque
517 2849 610 2888 inde
645 2855 877 2894 conceptam
894 2860 1026 2890 rerum
1056 2860 1236 2892 veracem
1262 2855 1444 2894 notitiam
1480 2856 1582 2899 apud
1601 2864 1677 2894 nos
