1894 3223
133 135 204 172 240
756 128 845 166 LIB.
874 128 920 172 11,
947 126 1048 164 CAP.
1074 127 1144 164 XC.

184 213 297 259 Quod
313 215 445 249 autem
465 209 719 257 operationes
738 208 882 245 animae
901 207 1087 245 videntur
1104 207 1296 255 proficere
1316 207 1360 246 in
1379 216 1571 255 processu
1597 216 1764 255 genera·

139 261 263 299 tionis
298 260 483 296 humanae
519 256 624 294 sicut
656 254 870 302 proficiunt
896 255 1076 301 corporis
1102 258 1248 301 partes,
1269 264 1352 293 non
1384 254 1560 293 ostendit
1588 255 1763 293 animam

140 309 354 352 humanam
386 308 426 340 et
457 311 604 350 corpus
636 301 741 340 idem
762 301 1002 348 principium
1031 301 1191 348 habere,
1213 302 1318 340 sicut
1336 311 1444 340 nona
1461 302 1562 340 ratio
1581 302 1766 349 procede·

138 354 227 397 ba't;
250 352 321 389 sed
355 350 532 388 ostendit
562 349 671 397 quod
709 349 923 396 dispositio
961 349 1133 396 partium
1166 349 1347 398 corporis
1377 353 1437 388 est
1461 349 1690 387 necessaria
1717 349 1766 387 ad

139 400 283 438 animae
305 398 593 445 operationem.

186 445 299 490 Quod
342 448 474 482 autem
507 443 663 481 decimo
697 442 898 490 objicitur,
916 452 1062 490 corpus
1095 444 1238 481 animae
1274 443 1516 491 configurari
1551 447 1590 480 et
1619 443 1669 481 ob
1691 443 1767 481 hoc

138 493 313 530 animam
346 491 424 529 sihi
444 500 591 537 corpus
613 490 746 528 simile
767 499 1002 536 praeparare,
1024 492 1166 536 partim
1189 490 1348 537 quidem
1370 494 1431 529 est
1449 500 1601 534 verum,
1622 491 1766 537 partim

141 543 273 577 autem
295 538 456 577 falsum.
478 538 518 576 Si
540 537 648 575 enim
674 537 921 583 intelligatur
938 537 985 574 de
1005 538 1139 575 anima
1159 538 1402 584 generantis,
1423 542 1485 575 est
1502 547 1639 575 verum
1662 537 1769 584 quod

140 587 311 630 dicitur3
332 585 477 623 falsum
512 587 660 629 autem,
681 584 717 621 si
749 584 997 630 intelligatur
1028 584 1075 621 de
1096 585 1230 622 anima
1249 585 1441 631 generati.
1457 586 1545 622 Non
1565 585 1672 622 enim
1691 584 1769 621 vir-

139 637 220 670 tute
242 633 386 670 animae
410 632 587 679 generati
619 631 813 669 formatur
841 640 988 676 corpus
1020 634 1213 678 quantum
1246 631 1294 668 ad
1315 632 1465 677 primas
1485 636 1523 669 et
1543 632 1768 679 praecipuas

141 683 285 727 partes,
305 679 375 716 sed
406 680 550 717 virtute
581 679 724 716 animae
745 678 989 726 generantis,
1017 682 1060 714 ut
1096 687 1217 723 supra
1235 678 1444 724 probatum
1479 682 1551 717 est.
1576 679 1769 716 Similiter

142 728 260 764 etiam
286 727 419 764 omnis
454 726 620 764 materia
649 734 732 763 suae
767 726 904 763 formae
932 724 1230 771 configuratur;
1270 734 1352 762 non
1381 729 1515 763 tamen
1548 726 1632 763 haec
1672 734 1766 763 eon-

143 773 326 822 figuratio
346 773 390 811 fit
409 784 458 811 ex
480 773 638 811 actione
658 772 851 820 generati,
874 771 945 810 sed
964 781 1012 808 ex
1032 772 1188 809 actione
1212 771 1349 809 formae
1370 773 1612 819 generantis.

190 821 303 865 Quod
325 825 455 859 autem
478 820 691 858 undecimo
705 819 891 866 objicitur
910 819 959 856 de
978 819 1144 856 seminis
1158 819 1239 856 vita
1254 818 1297 855 in
1315 819 1512 866 principio
1534 819 1768 878 decisionis,

144 871 253 916 patet
271 868 431 915 quidem
457 877 505 904 ex
537 867 655 905 dictis
688 876 770 904 non
791 875 881 904 esse
900 866 1034 903 vivum
1055 866 1134 904 nisi
1154 866 1196 903 in
1216 867 1420 912 potentia3
1441 866 1545 904 unde
1566 870 1663 904 tuuc
1684 875 1770 903 ani·

145 924 252 953 mam
274 919 362 952 actu
385 924 466 952 non
487 915 619 961 habet,
639 914 710 952 sed
729 914 886 951 virtute.
905 915 950 952 In
970 922 1164 960 processu
1194 916 1326 950 autem
1359 913 1632 961 generationis
1653 913 1772 951 habet

143 963 321 1000 animam
340 961 604 1009 vegetabilem
625 965 664 999 et
683 961 929 1002 sensibilem,
949 970 997 998 ex
1009 960 1153 999 virtute
1174 960 1365 1007 seminis;
1384 970 1472 1008 quae
1493 970 1574 999 non
1593 963 1768 1002 manent,

145 1009 218 1048 sed
240 1013 464 1054 transeunt,
487 1009 621 1047 anima
639 1008 824 1047 rationali
843 1008 1095 1046 succedente.

189 1059 327 1104 Neque
346 1057 479 1101 etiam,
502 1056 538 1094 si
571 1056 757 1094 formatio
788 1055 968 1102 corporis
989 1055 1163 1093 animam
1180 1055 1396 1092 humanam
1416 1054 1615 1101 praecedit,
1638 1054 1771 1102 sequi-

144 1106 209 1140 tur
241 1103 348 1151 quod
381 1104 516 1140 anima
547 1103 599 1140 sit
634 1107 795 1150 propter
823 1111 983 1149 corpus,
1013 1106 1055 1139 ut
1084 1101 1320 1139 duodecima
1350 1103 1450 1139 ratio
1477 1102 1683 1139 inserebat.
1705 1103 1772 1140 Est

144 1150 252 1187 enim
275 1150 427 1197 aliquid
448 1153 610 1197 propter
642 1150 810 1187 alterum
838 1149 1049 1196 dupliciter
1070 1161 1079 1186 ε
1102 1158 1182 1186 uno
1203 1149 1323 1186 modo
1344 1153 1503 1195 propter
1523 1149 1609 1195 ejus
1631 1158 1769 1195 opera-

146 1197 299 1234 tionem
334 1197 418 1235 sive
453 1197 796 1234 conservationem
823 1197 885 1233 vel
917 1196 1109 1243 quidquid
1130 1195 1359 1242 hujusmodi
1386 1200 1446 1234 est
1465 1196 1572 1243 quod
1592 1196 1772 1243 sequitur

146 1244 197 1281 ad
219 1253 326 1289 esse,
348 1248 386 1281 et
406 1244 636 1290 hujusmodi
669 1247 763 1281 sunt
789 1244 1012 1290 posteriora
1033 1252 1079 1280 eo
1097 1246 1257 1289 propter
1275 1242 1379 1290 quod
1402 1247 1509 1288 sunt,
1531 1243 1635 1280 sicut
1651 1243 1771 1295 vesti-

149 1295 287 1329 menta
319 1295 413 1328 sunt
449 1294 610 1338 propter
638 1291 855 1335 hominem,
889 1294 927 1328 et
958 1291 1224 1328 instrumenta
1253 1293 1414 1337 propter
1449 1290 1664 1335 artificem;
1692 1290 1771 1327 alio

148 1338 271 1375 modo
293 1341 353 1376 est
373 1338 523 1384 aliquid
543 1341 702 1384 propter
722 1338 903 1382 alterum,
923 1337 961 1374 id
978 1340 1039 1375 est
1056 1341 1215 1384 propter
1230 1346 1319 1375 esse
1339 1337 1439 1384 ejus,
1458 1341 1496 1374 et
1514 1338 1572 1375 sic
1593 1337 1698 1384 quod
1712 1339 1773 1374 est

148 1389 313 1431 propter
331 1385 498 1422 alterum
519 1390 580 1423 est
599 1385 710 1431 prius
729 1388 908 1431 tempore
937 1388 975 1421 et
1002 1388 1144 1422 natura
1162 1384 1377 1430 posterius.
1403 1386 1483 1422 Hoc
1501 1388 1629 1422 autem
1652 1384 1771 1421 modo

147 1441 298 1478 corpus
319 1436 379 1469 est
400 1435 560 1478 propter
581 1432 769 1477 animam,
792 1433 896 1469 sicut
915 1431 1034 1469 etiarn
1055 1431 1188 1469 omnis
1207 1431 1374 1469 materia
1401 1435 1561 1478 propter
1588 1432 1770 1469 formam.

147 1479 277 1516 Secus
300 1482 431 1516 autem
453 1483 573 1524 esset,
598 1479 633 1516 si
654 1489 702 1516 ex
736 1479 871 1516 anima
902 1482 940 1515 et
966 1487 1132 1525 corpore
1163 1487 1245 1515 non
1273 1478 1384 1515 fieret
1406 1487 1529 1516 unum
1551 1478 1772 1516 secundum

148 1534 255 1572 esse,
278 1526 382 1565 sicut
403 1526 541 1564 dicunt
560 1526 628 1574 qui
645 1530 801 1573 ponunt
822 1525 996 1563 animam
1018 1534 1099 1563 non
1120 1534 1210 1563 esse
1230 1525 1410 1572 corporis
1430 1525 1611 1563 formam.

819 1672 989 1714 CAPUT
1015 1671 1098 1713 XC.

147 1786 250 1820 QUOD
265 1787 380 1818 NULLI
398 1787 480 1817 ALII
511 1786 676 1818 CORPORI
702 1786 783 1817 NISI
817 1786 981 1816 HUMANO
1013 1786 1157 1816 UNITUR
1188 1786 1432 1816 SUBSTANTIA
1448 1786 1771 1817 INTELLECTUALIS

846 1845 897 1876 UT
920 1845 1067 1875 FORMA-

193 1947 296 1992 Quia
326 1956 419 1985 vero
450 1950 659 1984 ostensum
689 1950 750 1986 est
787 1947 837 1994 (c.
859 1947 918 1995 57)
957 1947 1222 1985 substantiam
1249 1947 1423 1995 aliquam
1462 1947 1770 1986 intellectualem

146 1994 254 2032 uniri
273 1994 430 2040 corpori
451 1997 494 2031 ut
515 1994 698 2039 formam,
716 1993 870 2031 scilicet
900 1994 1073 2032 animam
1095 1995 1324 2036 humanam,
1348 1994 1629 2042 inquirendum
1648 1999 1772 2033 restat

146 2045 277 2079 utrum
301 2041 420 2078 alicui
443 2041 555 2078 alteri
573 2041 729 2087 corpori
750 2041 885 2089 aliqua
901 2041 1125 2079 substantia
1145 2041 1427 2080 intellectualis
1449 2046 1491 2079 ut
1510 2042 1637 2080 forma
1657 2043 1769 2080 unia-

144 2092 222 2125 tur.
245 2090 289 2124 Et
308 2088 467 2135 quidem
487 2088 536 2125 de
553 2088 789 2134 corporibus
810 2088 1056 2133 coelestibus,
1075 2089 1182 2135 quod
1203 2089 1284 2126 sint
1303 2089 1478 2126 animata
1499 2089 1632 2126 anima
1652 2089 1768 2127 intel-

146 2135 321 2179 lectuali,
338 2135 524 2181 superius
542 2138 601 2173 est
623 2138 831 2173 ostensum
853 2135 903 2182 (c.
921 2136 983 2182 70)
999 2136 1094 2182 quid
1112 2135 1159 2173 de
1181 2135 1257 2174 hoc
1275 2136 1509 2174 Aristoteles
1530 2137 1715 2181 senserit,
1732 2140 1772 2174 et

147 2182 255 2228 quod
290 2183 540 2229 Augustinus
561 2183 638 2234 boc
673 2182 747 2220 sub
769 2182 890 2220 dubio
919 2183 1093 2230 reliquit,
1113 2183 1219 2221 unde
1243 2192 1420 2230 praesens
1438 2183 1647 2231 inquisitio
1667 2184 1773 2222 circa

146 2238 313 2274 corpora
339 2230 597 2266 elementaria
616 2230 765 2267 versari
797 2229 926 2267 debet.
952 2230 1066 2274 Quod
1087 2233 1218 2268 autem
1239 2231 1340 2268 nulli
1361 2230 1518 2277 corpori
1536 2231 1769 2269 elementari

145 2275 372 2314 substantia
391 2276 675 2315 intellectualis
705 2276 867 2314 uniatur
894 2280 938 2315 ut
969 2278 1109 2322 forma,
1143 2277 1222 2315 nisi
1257 2278 1448 2322 humano,
1475 2277 1678 2315 evidenter
1703 2287 1771 2325 ap-

143 2327 267 2370 paret.

191 2370 231 2407 Si
252 2369 358 2407 enim
378 2370 492 2408 alteri
519 2370 677 2417 corpori
709 2371 884 2417 uniatur,
905 2374 974 2409 aut
1010 2371 1148 2409 unitur
1166 2371 1323 2418 corpori
1349 2371 1473 2409 mixto
1494 2374 1562 2409 aut
1579 2371 1767 2418 simplici.

190 2418 277 2454 Non
295 2421 428 2455 autem
446 2420 576 2464 potest
593 2417 697 2456 uniri
717 2418 874 2464 corpori
890 2418 1028 2464 mixto,
1042 2419 1136 2466 quia
1151 2422 1306 2465 oportet
1321 2418 1422 2456 illud
1436 2427 1582 2465 corpus
1597 2418 1769 2456 maxime

144 2472 234 2515 esse
255 2464 421 2511 aequalis
442 2464 732 2512 complexionis
768 2466 989 2503 secundum
1009 2475 1128 2504 suum
1148 2475 1291 2514 genus,
1315 2465 1420 2504 inter
1438 2470 1581 2504 caetera
1602 2474 1671 2503 cor
1699 2473 1770 2502 ora

143 2515 281 2556 mixta,
302 2520 425 2558 quum
454 2512 661 2550 videamus
686 2521 855 2558 corpora
885 2512 1007 2550 mixta
1038 2516 1149 2551 tanto
1181 2512 1401 2551 nobiliores
1436 2512 1587 2550 formas
1623 2512 1672 2549 ha
1704 2521 1768 2548 ere

145 2561 294 2602 quanto
314 2558 444 2605 magis
472 2558 522 2597 ad
548 2562 904 2605 temperamentum
925 2559 1224 2598 commixtionis
1241 2560 1501 2606 perveniunt3
1525 2563 1563 2596 et
1582 2559 1640 2596 sic
1661 2558 1768 2604 quod

144 2602 263 2640 habet
290 2604 457 2642 formam
489 2605 799 2652 nobilissimam,
820 2610 954 2653 utpote
987 2607 1254 2644 substantiam
1289 2606 1617 2657 intellectualem·
1650 2606 1684 2641 si
1715 2605 1768 2642 sit

144 2657 289 2694 corpus
327 2652 508 2698 mixtum,
537 2656 705 2699 oportet·
729 2662 820 2691 esse
855 2655 1261 2700 temperatissimum;
1284 2653 1389 2691 unde
1427 2652 1545 2689 etiam
1582 2651 1766 2689 vldemus

143 2696 249 2740 quod
282 2697 456 2737 molities
488 2700 620 2738 carnis
652 2704 691 2737 et
723 2700 882 2738 bonitas
909 2704 1054 2745 tactus,
1074 2711 1161 2748 quae
1185 2700 1453 2748 aequalitatem
1474 2698 1765 2744 complexionis

144 2741 432 2794 demonstrant,
470 2750 565 2783 sunt
597 2747 715 2794 signa
750 2747 844 2785 boni
882 2747 1121 2786 intellectus.
1170 2746 1397 2793 complexio
1426 2748 1564 2797 ,autem
1594 2746 1766 2783 maxime

143 2789 309 2835 aequalis
327 2794 386 2842 est
409 2792 630 2843 complexio
651 2794 830 2840 eorporis
849 2794 1026 2832 humani.
1049 2795 1210 2841 Oportet
1231 2793 1366 2840 igitur,
1399 2800 1443 2844 si·
1464 2791 1691 2830 substantia
1710 2793 1768 2830 in-

144 2836 378 2874 tellectualis
410 2843 571 2875 uniatur
601 2840 719 2877 alicui
748 2841 905 2886 corpori
927 2841 1063 2886 mixto,
1086 2840 1192 2889 quod
1210 2839 1308 2878 illud
1338 2839 1391 2876 sit
1410 2839 1587 2885 ejusdem
1611 2843 1763 2877 naturae

144 2891 234 2920 cum
272 2892 438 2930 corpore
478 2884 667 2923 humano.
690 2889 830 2925 Forma
861 2888 980 2925 etiam
1013 2888 1100 2935 ejus
1131 2890 1240 2926 esset
1275 2885 1456 2934 ejusdem
1492 2890 1642 2924 naturae
1673 2895 1765 2925 cum
