1894 3223
109 139 181 175 312*
705 131 794 167 ΗΒ.
822 130 886 172 111,
913 129 1014 166 CAP.
1038 130 1139 172 XLV.

111 221 197 256 Non
230 220 290 253 est
319 223 414 261 ergo
432 212 624 258 possibile
645 211 752 258 quod
773 211 912 248 ultima
942 211 1119 249 hominis
1150 211 1321 250 felicitas
1349 212 1391 249 in
1425 213 1729 251 continuatione

110 264 296 312 praedicta
314 260 523 298 consistat.
1315 271 1318 273 >
1694 266 1697 269 ’

158 313 266 347 Patet
298 311 428 344 autem
460 305 565 353 quod
598 314 671 342 nec
689 305 934 350 Aristoteles,
955 305 1070 352 cujus
1101 307 1339 343 sententiam
1373 307 1486 354 sequi
1525 310 1723 343 conantur

110 355 285 404 praedicti
308 352 551 400 philosophi,
574 352 615 388 in
644 352 714 388 tali
743 352 1043 389 continuatione
1073 353 1253 390 ultimam
1286 353 1512 390 felicitatem
1546 353 1723 390 hominis

111 403 296 449 opinatus
317 405 378 437 est
394 409 495 437 esse.
516 399 659 436 Probat
672 398 778 435 enim
793 399 834 435 in
848 399 978 446 primo
991 401 1076 436 Eth.
1099 399 1198 446 (cap.
1220 400 1278 447 17)
1294 401 1398 447 quod
1411 400 1581 437 felicitas
1597 400 1726 438 homi-

110 450 176 487 nis
195 452 254 485 est
286 447 463 494 operatio
484 447 614 492 ipsius
634 446 855 483 secundum
873 446 1057 483 virtutem
1077 447 1305 492 perfectam.
1328 447 1436 485 Unde
1456 456 1623 485 necesse
1651 447 1727 484 tuit

110 496 216 543 quod
238 495 284 531 de
303 494 515 531 virtutibus
533 493 824 537 determinaret,
846 502 947 539 quas
967 493 1102 530 divisit
1121 493 1163 530 in
1182 493 1347 531 virtutes
1365 495 1537 531 morales
1556 499 1594 531 et
1609 494 1727 530 intel·

109 542 314 585 lectuales.
338 541 518 578 Ostendit
537 544 666 577 autem
686 540 727 576 in
745 540 900 577 decimo
921 541 1048 586 capite
1063 540 1238 587 ejusdem
1253 540 1342 577 libri
1357 541 1464 587 quod
1483 541 1625 578 ultima
1643 541 1728 577 seli-

111 590 210 626 011113
226 588 401 625 hominis
415 592 473 625 est
489 588 528 623 in
546 587 830 633 speculatione.
850 587 954 623 Unde
971 591 1089 632 patet,
1103 587 1207 634 quod
1222 596 1301 624 non
1319 589 1434 624 estin
1451 591 1539 624 actu
1556 588 1727 633 alicujus

109 636 266 672 virtutis
286 635 463 679 moralis,
481 644 552 671 nec
572 634 804 680 prudentiae,
821 643 893 670 nec
913 635 1023 678 artis,
1044 643 1130 680 quae
1151 637 1283 670 tamen
1305 638 1396 671 sunt
1421 634 1725 672 intellectuales.

111 683 362 729 Relinquitur
381 682 487 728 quod
508 682 560 718 sit
579 681 756 726 operatio
788 681 1007 718 secundum
1040 680 1289 726 sapientiam,
1312 690 1399 728 quae
1433 684 1493 718 est
1526 682 1725 727 praecipua

110 730 215 766 inter
227 738 289 766 res
305 729 486 766 residuas
503 728 803 771 intellectuales,
816 737 902 774 quae
918 731 1011 764 sunt
1026 728 1233 773 sapientia,
1250 728 1419 764 scientia
1433 731 1471 764 et
1485 727 1726 771 intellectus,

111 780 155 813 ut
175 776 349 814 ostendit
362 776 403 812 in
422 780 533 812 sexto
553 776 637 810 Ech.
660 775 759 821 (cap.
779 774 829 820 4).
855 774 960 811 Unde
982 775 1021 809 in
1044 774 1197 811 decimo
1220 775 1306 811 Eth.
1330 774 1428 820 (cap.
1447 774 1482 820 8)
1505 774 1726 820 sapientem

111 823 262 860 indicat
299 832 388 860 esse
426 822 596 859 felicem.
627 822 830 867 Sapientia
867 826 997 858 autem
1038 821 1258 858 secundum
1298 821 1431 867 ipsum
1469 824 1530 858 est
1561 829 1643 858 una
1679 821 1727 858 de

113 870 293 907 scientiis
314 870 582 915 speculativis,
605 872 723 914 caput
740 869 922 913 aliarum,
945 872 986 904 ut
1001 868 1145 905 dicitur
1160 869 1199 905 in
1217 871 1329 906 sexto
1343 869 1429 905 Eth.
1446 867 1547 914 (cap.
1568 867 1618 914 8),
1636 868 1728 904 etin

111 917 308 963 principio
328 917 501 963 Metapa„
525 916 731 952 scientiam
752 925 868 962 quam
895 915 936 951 in
957 915 1026 952 illo
1053 915 1154 952 libro
1185 915 1338 952 tradere
1369 914 1552 959 intendit,
1574 914 1732 960 sapien-

112 964 208 1001 tiam
230 964 423 1000 nominat.
445 966 552 999 Patet
570 972 664 1009 ergo
687 963 792 1009 quod
812 963 948 1008 opinio
965 963 1187 1000 Aristotelis
1209 963 1281 999 fuit
1300 962 1406 1008 quod
1439 961 1579 998 ultima
1606 961 1732 998 felici-

112 1014 189 1055 tas,
223 1020 340 1057 quam
375 1011 495 1047 homo
529 1010 568 1045 in
601 1010 682 1045 vita
708 1010 786 1046 ista
820 1009 1023 1056 acquirere
1055 1013 1199 1055 potest,
1235 1009 1288 1046 sit
1319 1009 1497 1056 cognitio
1530 1008 1578 1045 de
1612 1008 1733 1045 rebus

115 1057 424 1104 divinis,qualis
441 1066 511 1103 per
542 1056 732 1094 scientias
765 1057 1029 1103 speculativas
1062 1056 1198 1093 haberi
1232 1060 1376 1102 potest.
1399 1056 1467 1092 lile
1503 1058 1632 1092 autem
1667 1064 1735 1101 po-

116 1104 259 1141 sterior
279 1104 423 1141 modus
444 1103 713 1150 cognoscendi
734 1112 798 1141 res
817 1103 973 1140 divinas
993 1112 1074 1139 non
1096 1113 1165 1149 per
1185 1103 1286 1140 viam
1306 1103 1563 1140 scientiarum
1593 1111 1732 1148 specu-

115 1151 340 1195 lativarum,
375 1150 443 1188 sed
473 1150 646 1196 quodam
677 1150 948 1198 generationis
977 1150 1115 1187 ordine
1145 1150 1331 1195 naturali,
1361 1154 1423 1187 est
1451 1149 1646 1188 confictus
1687 1148 1735 1185 ab

116 1197 411 1244 expositoribus
431 1196 686 1244 quibusdam.

769 1346 937 1386 CAPUT
964 1345 1081 1386 XLV.

152 1467 254 1502 QUOD
280 1466 358 1495 NON
383 1465 578 1494 POSSUMUS
604 1463 644 1492 IN
669 1464 746 1493 HAG
771 1465 868 1493 VITA
894 1465 1146 1495 INTELLIGERE
1173 1465 1433 1495 SUBSTANTIAS
1461 1465 1702 1496 SEPARATAS.

165 1575 266 1619 Quia
305 1583 401 1621 ergo
442 1574 663 1612 secundum
700 1573 842 1611 modos
877 1573 1087 1620 praedictos
1132 1573 1366 1611 substantiae
1414 1577 1604 1620 separatae
1650 1583 1730 1612 non

114 1624 288 1669 possunt
307 1622 497 1668 cognosci
519 1631 542 1659 a
562 1621 678 1658 nobis
699 1621 740 1656 in
761 1621 841 1657 vita
860 1621 950 1666 ista,
970 1621 1254 1667 inquirendum
1275 1625 1398 1658 restat
1432 1627 1564 1657 utrum
1595 1621 1730 1668 aliquo

117 1670 237 1707 modo
259 1670 299 1706 in
330 1671 410 1705 vita
441 1669 518 1705 ista
552 1668 797 1705 substantias
825 1668 935 1713 ipsas
967 1668 1190 1715 intelligere
1217 1668 1435 1714 possimus.
1455 1668 1569 1713 Quod
1602 1672 1735 1705 autem

117 1717 194 1753 hoc
215 1716 267 1754 sit
286 1715 478 1762 possibile
499 1716 637 1752 nititur
658 1715 865 1752 ostendere
883 1715 1124 1752 Themistius
1147 1715 1214 1761 (De
1236 1715 1381 1755 anima,
1407 1715 1473 1752 lib.
1494 1724 1553 1759 m,
1573 1725 1659 1761 cap.
1675 1715 1734 1762 50)

116 1772 188 1809 per
207 1763 338 1800 locum
361 1773 383 1800 a
406 1763 565 1800 minori.
586 1762 823 1799 substantiae
844 1763 949 1798 enim
972 1766 1162 1807 separatae
1184 1767 1277 1799 sunt
1295 1762 1424 1808 magis
1458 1762 1736 1808 intelligibiles

118 1819 237 1857 quarn
271 1810 504 1847 materialia.
529 1811 615 1846 Haec
646 1809 750 1845 enim
783 1813 875 1845 sunt
907 1809 1177 1855 intelligibilia
1208 1810 1250 1845 in
1280 1813 1470 1855 quantum
1506 1813 1600 1845 sunt
1633 1809 1735 1846 facta

118 1857 319 1894 intellecta
339 1857 379 1892 in
399 1860 486 1892 actu
506 1866 574 1902 per
593 1856 837 1892 intellectum
858 1860 1037 1901 agentem
1063 1868 1071 1891 :
1093 1856 1158 1892 illa
1185 1865 1278 1891 vero
1311 1859 1405 1892 sunt
1436 1855 1655 1892 secundum
1691 1865 1734 1893 se

117 1903 207 1948 ipsa
242 1903 521 1949 intelligibilia.
544 1903 580 1940 Si
610 1912 705 1949 ergo
740 1902 966 1939 intellectus
997 1909 1133 1939 noster
1162 1901 1459 1947 comprehendit
1494 1902 1579 1939 haec
1610 1906 1734 1939 mate·

118 1950 247 1995 maiia,
267 1951 392 1986 multo
414 1950 542 1995 magis
565 1954 680 1986 natus
700 1953 760 1985 est
779 1949 999 1995 intelligere
1021 1949 1111 1985 illas
1133 1950 1378 1986 snbstantias
1401 1953 1618 1995 separatas.

64 2008 67 2011 ·
167 1998 257 2034 Haec
277 2000 407 2033 autem
430 1998 529 2033 ratio
549 1996 769 2033 secundum
788 1996 964 2033 diversas
985 1997 1197 2041 opiniones
1231 1996 1277 2032 de
1309 1996 1511 2033 intellectu
1545 1995 1732 2041 possibili

120 2043 384 2081 diversimode
401 2043 615 2089 judic-anda
635 2047 708 2080 est.
728 2043 764 2079 Si
785 2043 890 2079 enim
918 2043 1144 2080 intellectus
1176 2043 1382 2089 possibilis
1405 2052 1486 2080 non
1520 2043 1573 2080 sit
1609 2043 1737 2081 virtus

119 2100 143 2127 a
162 2091 327 2127 materia
347 2090 587 2135 dependens,
611 2095 647 2126 et
669 2090 721 2127 sit
739 2091 878 2126 iterum
900 2090 1120 2127 secundnm
1143 2099 1231 2127 esse
1264 2100 1285 2126 a
1315 2099 1481 2136 corpore
1513 2094 1736 2137 separatus,

119 2140 163 2174 ut
181 2140 370 2174 Averroes
390 2137 515 2183 ponit,
538 2138 716 2184 sequitur
749 2137 853 2183 quod
883 2137 1038 2174 nullum
1071 2137 1343 2174 necessarium
1381 2137 1561 2174 ordinem
1593 2136 1643 2174 ad
1671 2145 1736 2175 res

119 2185 345 2221 materiales
366 2184 521 2221 habeat.
544 2185 651 2221 Unde
674 2194 761 2230 quae
783 2187 876 2221 sunt
895 2185 1024 2231 magis
1057 2184 1326 2231 intelligibilia
1356 2184 1397 2220 in
1438 2184 1597 2230 seipsis,
1621 2188 1736 2221 erunt

120 2230 198 2268 sibi
219 2232 348 2278 magis
370 2231 651 2277 intelligibilia.
675 2231 749 2268 Sed
770 2235 865 2268 tunc
886 2232 998 2277 sequi
1020 2231 1174 2268 videtur
1193 2232 1313 2278 quod,
1334 2240 1423 2268 cum
1445 2240 1521 2268 nos
1537 2241 1562 2268 a
1592 2231 1737 2277 princi-

118 2277 185 2323 pio
216 2288 285 2324 per
316 2278 557 2315 intellectum
588 2278 822 2324 possibilem
854 2279 1140 2325 intelligamus,
1175 2288 1199 2315 a
1230 2278 1427 2324 principio
1462 2278 1736 2325 intelligamus

120 2325 366 2362 substantias
397 2329 613 2372 separatas.
636 2326 748 2370 Quod
782 2328 888 2371 patet
918 2334 1007 2363 esse
1042 2326 1201 2363 salsum.
1221 2325 1297 2362 Sed
1337 2326 1413 2363 hoc
1445 2325 1735 2363 inconveniens

120 2372 265 2409 evitare
284 2375 476 2410 Averroes
497 2373 649 2417 nititur,
672 2373 891 2410 secundum
926 2382 973 2410 ea
1003 2382 1090 2420 quae
1124 2373 1170 2409 de
1204 2373 1291 2419 eJ‘us
1323 2372 1514 2419 opinione
1547 2372 1738 2418 praedicta

119 2423 226 2456 sunt.
250 2420 343 2463 Quae
363 2423 468 2466 patet
487 2429 577 2457 esse
599 2420 701 2456 falsa
721 2429 767 2456 ex
787 2419 1021 2465 praemissis.
1040 2420 1077 2456 Si
1111 2423 1241 2456 autem
1271 2420 1498 2457 intellectus
1526 2418 1736 2465 possibilis

119 2474 200 2503 non
222 2471 282 2503 est
303 2476 326 2503 a
345 2476 509 2512 corpore
531 2470 737 2512 separatus
759 2467 978 2504 secundum
1009 2476 1112 2511 esse,
1133 2476 1181 2503 ex
1211 2467 1287 2503 hoc
1315 2467 1405 2513 ipso
1435 2467 1541 2513 quod
1574 2469 1635 2503 est
1664 2465 1733 2501 tali

118 2514 275 2558 corpori
310 2514 446 2550 unitus
479 2514 698 2551 secundum
734 2523 837 2558 esse,
859 2513 978 2551 habet
1008 2514 1218 2560 quemdam
1248 2513 1520 2551 necessarium
1553 2512 1732 2549 ordinem

120 2559 168 2595 ad
186 2560 420 2605 materialia,
441 2564 484 2597 ut
514 2561 592 2598 nisi
622 2570 692 2606 per
726 2561 795 2598 illa
827 2561 874 2597 ad
909 2561 1078 2598 aliorum
1110 2561 1381 2607 cognitionem
1416 2559 1621 2606 pervenire
1651 2566 1732 2594 non

118 2606 261 2657 possit.
283 2608 390 2644 Unde
412 2616 492 2644 non
511 2608 702 2655 sequitur,
725 2608 759 2645 si
781 2608 1014 2645 substantiae
1036 2612 1225 2654 separatae
1243 2608 1322 2644 sint
1343 2608 1384 2644 in
1423 2605 1568 2652 seipsis
1602 2605 1732 2656 magis

119 2652 416 2699 intelligibiles,
455 2655 560 2702 quod
595 2659 754 2701 propter
790 2655 867 2692 hoc
902 2655 983 2692 sint
1017 2655 1147 2701 magis
1189 2653 1463 2701 intelligibiles
1511 2651 1731 2688 intellectui

119 2702 272 2735 nostro.
296 2701 339 2735 Et
368 2701 443 2737 hoc
478 2702 750 2739 demonstrant
778 2702 898 2739 verba
916 2703 1140 2739 Aristotelis
1173 2702 1213 2738 in
1241 2700 1417 2738 secundo
1437 2699 1597 2744 Metapa.
1621 2697 1728 2745 (text.

119 2746 337 2798 commui).
357 2747 457 2782 Dicit
477 2749 582 2784 enim
602 2749 748 2786 ibidem
768 2749 874 2796 quod
891 2749 1104 2786 difficultas
1125 2746 1371 2795 intelligendi
1393 2754 1457 2783 res
1477 2745 1567 2798 illas
1587 2746 1732 2797 accidit

119 2801 166 2830 ex
187 2793 304 2830 nobis
324 2801 403 2829 non
425 2803 473 2829 ex
496 2795 590 2831 illis.
612 2797 709 2833 Nam
733 2797 957 2833 intellectus
979 2800 1115 2833 noster
1135 2805 1177 2833 se
1198 2795 1316 2831 habet
1334 2793 1383 2830 ad
1401 2792 1731 2830 manifestissima

119 2849 264 2884 rerum,
288 2839 392 2877 sicut
412 2848 454 2876 se
476 2840 592 2877 habet
625 2843 766 2879 oculus
800 2843 1093 2889 vespertilionis
1124 2842 1172 2878 ad
1202 2841 1330 2878 lucem
1363 2839 1476 2876 solis.
1498 2839 1605 2875 Unde
1638 2847 1729 2876 cum

120 2896 189 2933 per
218 2886 438 2924 materialia
466 2887 665 2925 intellecta
696 2898 777 2926 non
808 2890 966 2935 possint
991 2889 1160 2935 intelligi
1193 2887 1426 2926 substautiae
1457 2890 1661 2932 separatae,
1686 2889 1733 2923 ut
