1894 3223
200 68 268 104 ¹50
801 61 888 97 LIB.
916 61 963 104 11,
991 61 1092 97 CAP.
1119 61 1206 96 XLI.

200 147 324 185 multa
343 145 549 192 possibilis
569 147 648 187 est,-
676 152 724 179 ex
755 141 900 188 quibus
929 141 964 178 si
1000 150 1123 178 unum
1155 144 1306 178 tantum
1338 140 1557 186 proveniat,
1592 140 1681 185 hoc,
1704 144 1747 178 ut
1772 141 1814 179 in

198 192 468 241 paucioribus,
489 190 726 235 contingens
748 196 912 225 necesse
933 191 994 225 est
1009 197 1111 226 esse.
1134 188 1367 234 Hujusmodi
1385 190 1517 224 autem
1543 191 1604 224 est
1623 187 1729 233 quod
1749 197 1814 224 ca-

200 240 365 278 sualiter
396 237 545 281 evenit,
576 239 614 272 et
638 235 835 280 praecipue
867 234 1024 272 sublata
1056 235 1276 272 intentione
1308 234 1477 281 agentis.
1509 236 1722 271 ostensum
1755 237 1819 279 est,

201 290 330 325 autem
352 284 401 330 (e.
423 283 482 329 39)
503 281 609 329 quod
640 290 772 318 rerum
803 281 1006 322 distinctio
1038 290 1117 319 non
1140 285 1200 318 est
1222 291 1245 318 a
1278 290 1401 325 casu3
1435 280 1672 327 relinquitur
1693 281 1816 327 igitur

201 332 305 380 quod
327 339 408 367 non
427 330 479 367 sit
499 331 658 375 propter
671 328 845 365 materiae
864 327 1131 365 diversitatem
1147 328 1252 365 sicut
1270 330 1429 374 propter
1448 326 1616 373 primam
1637 336 1813 365 causam.

247 378 392 422 Adhuc,
411 385 457 413 ea
475 385 562 423 quae
576 377 670 412 sunt
700 384 747 412 ex
766 375 986 412 intentione
1007 375 1176 421 agentis,
1197 383 1279 412 non
1310 377 1404 412 sunt
1424 377 1583 420 propter
1610 374 1816 411 materiam

201 426 306 463 sicut
325 427 483 471 propter
503 422 669 469 primam
691 431 874 466 causam;
896 430 1018 459 causa
1038 422 1143 458 enim
1176 430 1300 468 agens
1320 421 1428 467 prior
1460 424 1520 458 est
1539 421 1581 457 in
1613 421 1816 458 causando

200 480 319 518 quam
340 469 518 513 materia,
535 469 629 516 quia
644 468 809 505 materia
828 477 906 505 non
924 468 967 505 fit
986 471 1076 505 actu
1108 477 1243 513 causa,
1278 468 1356 505 nisi
1387 467 1608 506 secundum
1629 467 1735 514 quod
1755 470 1818 505 est

199 521 307 555 mota
323 517 371 554 ab
393 520 547 563 agente.
570 514 690 556 Unde,
713 515 748 552 si
769 514 914 562 aliquis
942 514 1106 552 effectus
1126 515 1385 562 consequitur
1409 514 1714 561 dispositionem
1733 523 1816 551 ina·

199 565 308 601 teriae
326 567 364 600 et
383 562 643 600 intentionem
665 561 834 608 agentis,
855 569 937 598 non
953 565 1012 598 est
1031 571 1080 598 ex
1096 562 1261 598 materia
1279 561 1384 599 sicut
1405 571 1452 598 ex
1474 570 1596 598 causa
1614 561 1760 607 prima;
1781 563 1821 598 et

198 614 359 657 propter
379 610 455 647 hoc
472 609 654 646 videmus
672 608 777 655 quod
797 617 843 645 ea
862 617 949 655 quae
969 607 1210 645 reducuntur
1228 608 1270 645 in
1299 608 1505 646 materiam
1535 608 1637 645 sicut
1664 609 1705 644 in
1727 617 1817 645 cau·

201 667 288 696 sam
309 657 489 703 primam,
512 659 607 693 sunt
622 659 761 702 praeter
778 654 1039 692 intentionem
1062 654 1232 701 agentis,
1251 654 1353 692 sicut
1371 658 1551 692 monstra
1573 659 1611 691 et
1630 654 1709 691 alia
1728 664 1818 700 pec·

200 709 289 742 cata
308 708 472 748 naturae,
493 703 621 740 forma
640 706 771 739 autem
789 705 851 739 est
870 711 917 739 ex
944 701 1164 738 intentione
1184 702 1354 747 agentis,
1375 701 1481 748 quod
1510 711 1558 738 ex
1590 702 1666 738 hoc
1685 705 1788 747 patet
1807 713 1818 744 ;

201 760 326 797 agens
344 751 449 787 enim
471 750 554 796 agit
572 749 648 786 sibi
668 748 799 786 simile
817 748 1036 786 secundum
1070 748 1256 792 formam3
1279 751 1317 784 et
1342 747 1376 785 si
1407 747 1621 794 aliquando
1642 747 1812 789 deficiat,

201 798 278 835 hoc
298 801 358 835 est
375 807 399 834 a
415 805 510 833 casu
529 799 688 842 propter
707 795 927 832 materiam.
950 796 1099 832 Formae
1129 794 1252 841 igitur
1285 803 1366 831 non
1394 798 1616 840 sequuntur
1645 794 1817 840 disposi-

200 846 352 881 tionem
381 843 556 880 materiae
585 843 690 880 sicut
721 842 888 888 primam
922 850 1098 881 causam,
1128 841 1198 878 sed
1229 841 1359 888 magis
1381 850 1402 877 e
1422 850 1616 878 converso
1645 841 1820 879 materiae

201 892 261 929 sic
293 891 572 936 disponuntur,
594 893 637 926 ut
667 889 748 926 sint
766 889 866 926 tales
888 889 1036 925 formae.
1063 888 1272 925 Distinctio
1292 891 1423 925 autem
1442 897 1573 924 rerum
1595 888 1818 925 secundum

203 938 377 984 speciem
403 940 464 974 est
482 946 551 983 per
570 936 732 973 formas.
754 936 963 973 Distinctio
985 935 1106 982 igitur
1126 944 1257 972 rerum
1279 943 1360 972 non
1379 938 1440 972 est
1458 938 1618 981 propter
1644 934 1820 972 materiae

201 985 470 1022 diversitatem
490 984 595 1021 sicut
613 987 771 1029 propter
788 983 954 1029 primam
976 991 1153 1019 causam.

247 1033 429 1077 Amplius,
453 1030 656 1067 distinctio
675 1039 806 1066 rerum
828 1039 905 1066 non
926 1030 1058 1075 potest
1071 1028 1278 1074 provenire
1294 1039 1342 1066 ex
1361 1029 1529 1066 materia
1547 1028 1626 1066 nisi
1657 1028 1699 1065 in
1732 1028 1815 1066 illis

202 1088 290 1126 quae
305 1088 351 1115 ex
371 1077 536 1114 materia
556 1077 831 1123 praeexistente
851 1076 963 1113 fiunt.
985 1076 1104 1113 Multa
1123 1079 1254 1112 autem
1275 1079 1370 1112 sunt
1383 1076 1432 1113 ab
1445 1076 1614 1112 invicem
1632 1074 1820 1113 distincta

201 1125 244 1162 in
272 1125 390 1161 rebus
422 1133 510 1171 quae
541 1132 620 1160 non
655 1126 824 1169 possunt
841 1133 888 1160 ex
907 1123 1181 1169 praeexistente
1200 1123 1366 1159 materia
1384 1122 1484 1167 fieri,
1505 1122 1609 1160 sicut
1628 1125 1734 1167 patet
1768 1121 1817 1159 de

202 1172 437 1218 corporibus
467 1169 711 1214 coelestibuS,
740 1179 827 1216 quae
859 1178 940 1206 non
975 1169 1122 1206 habent
1150 1169 1406 1213 contrarium,
1440 1172 1484 1206 ut
1516 1178 1654 1206 eorum
1686 1172 1819 1206 motus

206 1219 393 1256 ostendit.
409 1219 496 1255 Non
511 1217 633 1264 igitur
651 1219 782 1264 potest
801 1225 890 1254 esse
904 1216 1031 1263 prima
1051 1224 1173 1253 causa
1185 1215 1456 1253 distinctionis
1467 1224 1598 1253 rerum
1611 1216 1820 1253 diversitas

202 1265 392 1302 materiae.

248 1313 348 1352 Item,
369 1321 627 1358 quaecumque
648 1310 835 1347 habentia
858 1310 919 1347 sui
937 1319 1026 1347 esse
1044 1319 1204 1347 causam
1227 1310 1541 1356 distinguuntur,
1567 1309 1713 1346 habent
1732 1318 1822 1346 cau·

203 1368 289 1396 sam
310 1367 392 1395 suae
413 1358 682 1394 distinctionis
700 1369 707 1401 ;
726 1357 1035 1403 unumquodque
1056 1356 1162 1394 enim
1182 1356 1402 1394 secundum
1427 1357 1501 1393 hoc
1522 1355 1565 1392 fit
1584 1365 1656 1393 ens
1677 1365 1819 1393 secun-

203 1406 296 1442 dum
328 1405 432 1452 quod
462 1404 505 1441 fit
531 1413 653 1441 unum
685 1404 727 1440 in
759 1413 801 1441 se
833 1403 1064 1447 indivisum,
1096 1406 1134 1439 et
1153 1403 1201 1440 ab
1223 1403 1313 1440 aliis
1342 1403 1589 1440 distinctum.
1611 1402 1700 1447 Sed,
1723 1403 1757 1439 si
1779 1403 1821 1439 in

203 1452 369 1489 materia
402 1451 465 1488 sui
498 1450 725 1487 diversitate
754 1454 814 1487 est
842 1459 963 1488 causa
997 1449 1268 1487 distinctionis
1301 1459 1446 1494 rerum,
1481 1452 1636 1494 oportet
1673 1458 1823 1495 ponere

204 1499 392 1535 materias
426 1498 466 1534 in
494 1506 536 1534 se
568 1506 658 1535 esse
691 1497 928 1540 distinctas;
961 1499 1119 1533 constat
1150 1500 1279 1533 autem
1307 1496 1414 1543 quod
1447 1496 1613 1533 materia
1637 1495 1824 1542 quaelibet

204 1545 321 1582 habet
341 1554 430 1582 esse
451 1544 499 1581 ab
520 1544 613 1586 alio,
635 1553 704 1589 per
722 1544 798 1581 hoc
820 1543 926 1591 quod
946 1552 1068 1589 supra
1087 1545 1294 1580 ostensum
1312 1547 1386 1587 est,
1413 1552 1532 1580 omne
1563 1543 1669 1590 quod
1698 1543 1824 1589 quali·

202 1596 431 1638 tercumque
459 1595 532 1634 est,
566 1601 589 1628 a
617 1592 697 1627 Deo
727 1600 829 1628 esse.
863 1592 962 1637 Ergo
982 1589 1085 1626 aliud
1104 1593 1165 1627 est
1183 1598 1305 1628 causa
1334 1590 1604 1628 distinctionis
1625 1589 1816 1627 materiis.

203 1641 290 1675 Non
320 1639 441 1686 igitur
467 1639 593 1684 prima
619 1646 742 1675 causa
768 1637 1039 1675 distinctionis
1064 1645 1196 1674 rerum
1221 1641 1354 1682 potest
1378 1646 1468 1675 esse
1497 1636 1707 1674 diversitas
1733 1646 1819 1673 ma·

202 1687 325 1723 teriae.

249 1733 395 1777 Adhuc,
425 1741 516 1769 cum
546 1732 678 1769 omnis
709 1731 935 1769 intellectus
968 1734 1060 1777 agat
1090 1734 1250 1777 propter
1275 1731 1439 1775 bonum,
1459 1739 1540 1768 non
1567 1730 1650 1777 agit
1677 1730 1822 1767 melius

203 1783 362 1825 propter
398 1778 531 1822 vilius,
565 1778 635 1815 sed
664 1788 685 1815 e
708 1787 916 1815 converso.
941 1779 982 1813 Et
997 1778 1182 1814 similiter
1202 1781 1262 1815 est
1282 1778 1329 1814 de
1351 1781 1505 1814 natura.
1526 1778 1666 1814 Omnis
1688 1782 1821 1814 autem

201 1835 266 1862 res
287 1825 464 1871 procedit
478 1835 500 1862 a
515 1827 593 1861 Deo
609 1834 677 1870 per
691 1824 934 1862 intellectum
954 1828 1150 1870 agentem,
1169 1828 1212 1861 ut
1226 1834 1274 1861 ex
1288 1823 1527 1869 supradictis
1541 1825 1589 1869 (c.
1612 1823 1673 1870 23)
1700 1827 1819 1869 patet.

202 1873 301 1909 Sunt
321 1872 442 1918 igitur
455 1881 478 1908 a
498 1873 576 1908 Deo
594 1871 736 1908 viliora
752 1874 911 1917 propter
931 1871 1108 1914 meliora,
1125 1874 1163 1908 et
1183 1879 1264 1908 non
1277 1880 1297 1907 e
1311 1879 1519 1907 converso.
1534 1872 1675 1907 Forma
1689 1874 1819 1907 autem

201 1919 377 1956 nobilior
404 1922 465 1955 est
493 1918 669 1962 materia,
688 1927 777 1955 cum
799 1919 850 1955 sit
870 1917 1057 1963 perfectio
1087 1921 1125 1954 et
1154 1921 1265 1954 actus
1286 1918 1386 1963 ejus.
1410 1918 1511 1963 Ergo
1533 1925 1614 1954 non
1633 1917 1824 1963 producit

201 1967 311 2003 solas
326 1966 473 2003 formas
489 1974 620 2001 rerum
636 1968 794 2011 propter
807 1964 906 2001 tales
922 1964 1107 2001 materias
1121 1967 1159 2002 et
1175 1964 1304 2011 magis
1316 1964 1416 2001 tales
1430 1964 1615 2001 materias
1633 1963 1821 2010 produxit

201 2017 245 2050 ut
259 2013 339 2050 sint
360 2012 456 2049 tales
479 2012 627 2049 formae.
644 2013 728 2048 Non
751 2011 870 2057 igitur
891 2011 1093 2048 distinctio
1112 2011 1334 2056 specierum
1352 2011 1394 2047 in
1415 2010 1547 2055 rebus,
1565 2020 1653 2056 quae
1675 2014 1736 2048 est
1755 2019 1817 2047 se-

200 2059 375 2097 cundum
395 2059 576 2103 formam,
597 2061 658 2095 est
675 2062 833 2104 propter
850 2058 1068 2102 materiam,
1089 2057 1160 2095 sed
1180 2057 1310 2105 magis
1341 2057 1518 2095 materiae
1551 2061 1646 2094 sunt
1677 2060 1820 2094 creatae

201 2105 382 2150 diversae,
401 2109 443 2142 ut
457 2105 624 2143 diversis
642 2105 780 2142 formis
793 2105 1044 2142 conveniant.

248 2154 321 2189 Per
341 2153 416 2190 hoc
433 2155 565 2189 autem
585 2152 806 2189 excluditur
824 2151 960 2197 opinio
980 2154 1223 2198 Anaxagorae
1243 2151 1432 2198 ponentis
1450 2150 1606 2188 infinita
1627 2150 1823 2197 principia

200 2199 421 2237 materialia
441 2208 463 2236 a
483 2199 679 2245 principio
699 2198 858 2246 quidem
874 2198 1088 2236 commixta
1103 2198 1145 2235 in
1161 2207 1241 2236 uno
1257 2198 1443 2243 confuso,
1463 2206 1551 2244 quae
1568 2197 1821 2243 postmodum

200 2246 426 2283 intellectus
444 2245 665 2292 separando
688 2254 819 2282 rerum
838 2245 1137 2283 distinctionem
1159 2245 1368 2282 constituit
1386 2256 1395 2288 ;
1420 2247 1459 2281 et
1478 2248 1822 2291 quorumcumque

201 2293 370 2330 aliorum
403 2292 636 2338 ponentium
662 2291 819 2330 diversa
843 2292 1040 2339 principia
1059 2292 1282 2331 materialia
1301 2291 1351 2330 ad
1371 2291 1668 2330 distinctionem
1689 2299 1819 2329 rerum

202 2339 459 2377 causandam.
479 2339 544 2386 (De
557 2342 712 2387 pot.,-;q.
732 2346 778 2378 111
796 2339 871 2386 tit„
891 2341 964 2378 art.
986 2338 1062 2386 ¹6.)

859 2487 1028 2529 CAPUT
1063 2486 1166 2529 XLI.

249 2605 349 2639 QUOD
373 2606 591 2637 DISTINCTIO
616 2606 748 2637 RERUM
777 2606 858 2636 NON
881 2606 953 2636 EST
984 2606 1158 2637 PROPTER
1176 2604 1525 2636 CONTRARIETATEM
1555 2603 1770 2633 AGENTIUM.

251 2712 544 2763 Expraemissis
564 2713 681 2750 etiam
701 2714 857 2752 ostendi
876 2718 1007 2761 potest
1027 2715 1132 2762 quod
1149 2723 1271 2752 causa
1293 2712 1566 2751 distinctionis
1588 2722 1719 2750 rerum
1736 2722 1818 2751 non

203 2761 264 2794 est
282 2758 503 2809 dirersitas,
525 2763 593 2795 aut
609 2761 726 2797 etiam
760 2762 1020 2799 contrarietas
1035 2761 1250 2809 agentium.
1273 2761 1312 2797 Si
1333 2760 1438 2797 enim
1471 2759 1615 2796 diversi
1637 2765 1816 2806 agentes,

201 2812 249 2841 ex
269 2804 413 2851 quibus
445 2806 624 2852 procedit
650 2816 782 2846 rerum
816 2808 1039 2854 diversitas,
1060 2810 1155 2848 sunt
1184 2806 1357 2846 ordinati
1374 2805 1423 2845 ad
1455 2806 1637 2852 invicem,
1661 2811 1819 2854 oportet
