1894 3223
122 100 145 133 4
742 98 829 133 LIB.
855 98 884 142 1,
912 98 1010 149 CAR.
1039 98 1095 134 lV.

124 178 218 224 quid
237 181 308 222 est,
330 181 367 214 ot
386 178 519 214 omnia
538 177 743 223 cognoscit
759 187 844 223 quae
874 177 921 215 de
949 179 1081 224 seipso
1102 177 1369 224 intelligibilia
1393 181 1507 223 sunt;
1529 188 1609 216 non
1641 188 1709 216 au-

124 229 201 261 tem
223 225 388 261 naturali
407 224 631 271 cognitione
652 223 816 270 angelus
836 224 883 261 de
900 227 977 262 Deo
996 225 1201 272 cognoscit
1226 225 1318 271 quid
1340 228 1412 269 est,
1433 225 1526 272 quia
1557 229 1594 262 et
1626 226 1713 271 ipsa

124 272 347 308 substantia
374 271 517 317 angeli,
547 280 615 316 per
645 279 762 315 quam
793 271 835 306 in
863 272 931 308 Dei
961 272 1227 318 cognitionem
1258 271 1426 315 ducitur,
1458 276 1518 308 est
1551 271 1714 309 effectus

124 327 255 355 causae
286 318 466 354 virtutem
496 326 574 353 non
594 316 819 362 adaequans.
842 318 949 354 Unde
981 328 1060 354 non
1091 318 1236 361 omnia,
1260 327 1347 364 quae
1381 318 1423 354 in
1455 319 1588 364 seipso
1611 321 1714 355 Deus

124 364 324 410 intelligit,
347 364 510 410 angelus
524 363 691 399 naturali
710 364 934 411 cognitione
955 374 1091 410 capere
1109 368 1263 410 potest;
1285 373 1358 400 nec
1385 364 1430 401 ad
1462 365 1607 408 omnia,
1629 374 1714 411 quae

125 411 291 457 angelus
311 410 477 447 naturali
513 418 585 445 sua
611 409 751 446 virtute
779 410 977 455 intelligit,
1013 412 1184 447 humana
1212 410 1311 447 ratio
1346 410 1491 447 sufficit
1511 412 1713 456 capienda.

125 459 231 495 Sicut
249 458 368 503 igitur
382 456 550 492 maxime
570 456 749 493 amentiae
766 460 869 494 esset
887 447 1022 501 idiota,
1051 457 1116 503 qui
1138 467 1183 494 ea
1211 465 1296 504 quae
1317 466 1339 493 a
1365 457 1602 503 philosopho
1624 467 1712 503 pro·

124 509 326 551 ponuntur
347 503 447 539 salsa
467 511 553 539 esse
574 506 779 547 assereret,
796 507 952 549 propter
971 504 1045 540 hoc
1062 504 1166 550 quod
1186 513 1231 540 ea
1248 512 1384 548 capere
1400 513 1476 540 non
1493 508 1638 550 potest,
1663 505 1717 541 ita

126 555 164 588 et
181 550 303 587 multo
323 549 492 594 amplius
509 549 640 586 nimiae
657 549 832 586 stultitiae
852 553 956 587 esset
974 550 1106 595 homo,
1129 550 1161 587 si
1182 560 1240 594 ea,
1270 559 1356 596 quae
1391 550 1578 587 divinitus
1600 560 1716 596 ange·

125 596 493 648 lorum-ministerio
507 596 740 641 revelantur,
756 596 856 633 falsa
875 605 964 634 esse
983 597 1263 642 suspicaretur,
1280 606 1328 632 ex
1343 596 1417 633 hoc
1436 597 1540 643 quod
1560 598 1712 634 ratione

125 647 356 689 investigari
376 651 455 679 non
469 646 649 688 possunt.

172 690 315 734 Adhuc,
336 689 439 726 idem
459 689 666 726 manifeste
686 693 844 735 apparet
863 699 910 726 ex
929 688 1094 732 defectu,
1120 699 1235 735 quem
1255 690 1296 726 in
1323 688 1440 727 rebus
1472 698 1716 736 cognoscen-

126 735 188 773 dis
208 736 381 783 quotidie
401 737 632 782 experimur.
655 738 792 773 Rerum
830 737 934 772 enim
966 736 1213 773 sensibilium
1242 737 1430 781 plurimas
1458 737 1716 782 proprietates

125 783 369 830 ignoramus,
391 792 601 829 earumque
631 784 924 828 proprietatum,
945 792 1042 829 quas
1072 792 1192 819 sensu
1224 783 1566 829 apprehendimus,
1597 783 1716 819 ratio-

125 839 217 867 nem
237 830 404 876 perfecte
424 830 464 866 in
484 830 664 876 pluribus
697 831 871 866 invenire
892 839 971 867 non
1001 839 1226 875 possumus.
1248 831 1366 867 Multo
1398 829 1519 876 igitur
1548 829 1716 874 amplius

124 877 235 914 illius
271 877 611 914 excellentissima)
646 877 890 919 substantiae,
921 876 1246 922 transcendentis,
1284 876 1418 914 omnia
1452 875 1719 921 intelligibilia

124 923 300 960 humana
319 925 417 960 ratio
436 923 671 970 investigare
695 932 773 960 non
795 923 952 960 sufficit.
976 924 1071 960 Huic
1101 923 1217 960 etiam
1240 929 1433 960 consonat
1453 922 1601 958 dictum
1628 922 1717 958 Phi-

122 969 295 1016 losophi,
315 970 382 1016 qui
402 970 556 1013 asserit,
577 970 681 1016 quod
705 984 722 1002 «
740 970 961 1007 intellectus
981 974 1115 1007 noster
1147 971 1203 1007 sic
1224 979 1266 1007 se
1302 970 1418 1007 habet
1437 969 1484 1006 ad
1504 970 1629 1014 prima
1654 976 1718 1005 en-

123 1017 235 1056 tium,
255 1026 341 1063 quae
361 1020 452 1053 sunt
473 1016 796 1054 manifestissima
822 1017 862 1052 in
881 1021 1031 1059 natura,
1057 1017 1159 1054 sicut
1178 1017 1317 1055 oculus
1337 1015 1646 1062 verspertilionis
1666 1013 1716 1053 ad

124 1063 251 1101 solem
270 1076 289 1096 »
312 1063 553 1109 (Metaphys.,
574 1072 615 1107 11,
636 1068 727 1100 text.
759 1072 902 1100 comm.
926 1063 973 1110 1).
1641 1108 1647 1114 η

170 1110 267 1147 Huic
287 1110 403 1146 etiam
422 1110 573 1146 veritati
593 1119 707 1147 sacra
724 1111 922 1156 Scriptura
933 1110 1202 1147 testimonium
1219 1110 1405 1155 perhibet.
1422 1109 1570 1146 Dicitur
1585 1116 1715 1145 enim:

119 1156 289 1192 Forsitan
315 1158 467 1201 vestigia
484 1158 550 1193 Dei
565 1157 846 1203 comprehendes,
875 1160 908 1192 et
940 1167 1051 1202 usqne
1081 1157 1130 1193 ad
1156 1158 1354 1202 perfectum
1369 1158 1640 1201 omnipotentem
1661 1164 1716 1190 re-

117 1205 235 1248 peries
248 1205 266 1239 t>
285 1203 313 1250 (J
319 1203 382 1248 ob,
395 1212 464 1247 ΧΙΙ,
483 1203 540 1250 7);
562 1207 600 1240 et
615 1232 622 1239 .
639 1206 727 1239 Ecce
740 1206 830 1240 Deus
844 1213 1007 1248 magnus,
1025 1205 1168 1240 vincens
1185 1206 1370 1240 scientiam
1388 1207 1547 1239 nostrum
1561 1202 1712 1248 (XXXVI,

120 1252 196 1295 26),
217 1254 254 1287 et
275 1262 283 1286 :
304 1253 362 1286 Em
379 1253 483 1295 parte
501 1252 738 1294 cognoscimus
759 1250 787 1297 (I
806 1252 906 1294 Cor.,
930 1259 1012 1291 xm,
1035 1251 1083 1297 9).
1111 1252 1197 1287 Non
1232 1251 1351 1297 igitur
1381 1259 1496 1287 omne
1532 1249 1633 1296 quod
1669 1249 1716 1285 de

122 1296 202 1333 Deo
222 1297 378 1342 dicitur,
394 1298 572 1343 quamvis
592 1297 984 1343 rationeinvestigari
1006 1306 1085 1334 non
1105 1297 1244 1343 possit,
1268 1298 1398 1334 statim
1430 1297 1544 1343 quasi
1572 1296 1715 1333 falsum

122 1346 181 1426 {st
201 1343 476 1437 abjicierBdum,
499 1346 541 1380 ut
564 1344 765 1381 Manichaei
786 1348 823 1380 et
845 1345 978 1390 plures
1008 1343 1225 1381 infidelium
1257 1347 1492 1390 putaverunt
1518 1343 1570 1389 (S.
1599 1345 1714 1389 Aug„

156 1393 225 1427 etr.
244 1398 288 1436 1.,
317 1393 358 1427 14
381 1418 390 1428 .
612 1400 613 1403 ¹

787 1501 953 1544 CAPUT
977 1501 1042 1542 IV.

142 1614 244 1651 QUOD
266 1615 407 1646 DIVINA
428 1615 695 1647 NATURALITER
725 1614 1214 1692 COGNITANGOssgglNIENTER
1245 1615 1455 1646 HOMINIBUS
1487 1616 1691 1646 CREDENDA

770 1664 889 1694 PROPO
908 1663 968 1693 'UN
1049 1682 1057 1691 .

165 1764 318 1812 Duplici
352 1765 471 1813 igitur
504 1765 665 1803 veritate
697 1764 919 1803 divinorum
955 1764 1263 1812 intelligibilium
1296 1765 1523 1809 exsistente,
1558 1774 1637 1802 una
1661 1765 1711 1803 ad

119 1821 238 1859 quam
257 1812 420 1850 rationis
440 1813 645 1860 inquisitio
671 1813 892 1859 pertingere
923 1815 1064 1858 potest,
1084 1812 1205 1848 altera
1238 1821 1324 1859 quae
1355 1822 1471 1849 omne
1505 1813 1710 1858 ingenium

119 1859 302 1942 humana}
317 1860 481 1900 rationis
498 1859 662 1906 excedit,
675 1863 837 1907 utraque
849 1859 1126 1898 convenienter
1138 1858 1332 1897 divinitus
1349 1859 1499 1897 homini
1515 1860 1709 1896 credenda

147 1915 190 1943 ro
220 1914 285 1943 oni
305 1915 363 1943 ur.

118 1914 144 1952 p
164 1916 245 1989 Higc
264 1956 394 1990 autem
413 1951 460 1989 de
479 1951 548 1989 illa
578 1953 704 2000 primo
735 1951 1021 1990 ostendendum
1048 1956 1121 1997 est,
1142 1959 1228 1999 quae
1256 1951 1506 1998 inquisitioni
1541 1952 1708 1991 rationis

117 1999 251 2045 pervia
268 2009 356 2037 esse
376 2002 520 2044 potest;
539 2007 587 2037 ne
606 2001 704 2037 sorte
722 2000 839 2036 alicui
862 2000 1048 2043 videatur,
1068 2009 1115 2036 ex
1134 2008 1212 2046 quo
1233 2000 1382 2036 ratione
1404 1999 1538 2036 haberi
1562 2004 1704 2046 potest,

116 2045 263 2083 frustra
281 2046 320 2083 id
340 2047 626 2092 supernaturali
647 2047 904 2092 inspiratione
926 2047 1163 2084 credendum
1183 2046 1368 2083 traditum
1393 2055 1497 2084 esse.

164 2093 426 2139 Sequerentur
449 2096 578 2130 tamen
603 2094 677 2131 tria
699 2093 1030 2139 inconvenientia,
1057 2093 1091 2131 si
1131 2093 1359 2141 hujusmodi
1385 2093 1528 2132 veritas
1558 2093 1706 2132 solum-

116 2139 234 2176 modo
254 2139 396 2177 rationi
414 2139 648 2186 inquirenda
666 2141 962 2187 relinqueretur.

162 2186 288 2222 Unum
315 2190 387 2231 est,
407 2187 511 2233 quod
530 2188 667 2233 paucis
687 2187 912 2225 hominibus
932 2186 1000 2224 Dei
1028 2186 1203 2233 cognitio
1223 2186 1384 2224 inesset.
1399 2189 1430 2224 A
1449 2187 1574 2225 fructu
1598 2187 1703 2224 enim

115 2232 304 2316 ῗῑμέἰίοεὲθ
338 2234 630 2286 inquisitionis,
652 2234 718 2283 qui
747 2237 808 2272 est
833 2234 1005 2272 veritatis
1035 2234 1233 2279 inventio,
1253 2234 1412 2280 plurimi
1441 2234 1708 2281 impediuntur

132 2287 162 2314 ri
193 2288 240 2316 us
288 2289 469 2317 ecausis.

161 2325 326 2369 Quidam
346 2327 540 2374 siquidem
564 2326 830 2373 impediuntur
853 2331 1011 2373 propter
1034 2326 1320 2373 complexionis
1346 2327 1707 2373 indispositionem,

114 2379 161 2408 ex
175 2381 252 2418 qua
265 2373 377 2410 multi
399 2374 627 2412 naturaliter
643 2379 736 2412 sunt
751 2374 976 2420 indispositi
997 2374 1043 2412 ad
1077 2375 1294 2411 sciendum.
1312 2375 1419 2412 Unde
1442 2375 1550 2411 nullo
1570 2375 1701 2411 studio

113 2417 162 2469 ad
189 2419 262 2456 hoc
282 2421 502 2468 pertingere
522 2425 698 2468 possent,
720 2425 763 2458 ut
779 2431 976 2458 summum
1003 2421 1165 2468 gradum
1185 2422 1366 2459 humanae
1387 2421 1628 2469 cognitionis
1650 2425 1706 2458 at-

112 2466 321 2511 tingerent,
342 2468 407 2514 qui
426 2469 467 2504 in
486 2469 764 2515 cognoscendo
786 2470 906 2505 Deum
926 2468 1123 2505 consistit.

115 2555 122 2561 ,
159 2511 325 2554 Quidam
339 2524 430 2552 vero
445 2515 713 2561 impediuntur
731 2515 965 2553 necessitate
986 2516 1040 2552 rei
1063 2514 1281 2552 familiaris.
1305 2515 1463 2560 Oportet
1478 2514 1581 2551 enim
1601 2522 1704 2558 esse,

111 2559 213 2593 inter
233 2560 428 2606 homiues,
455 2563 611 2608 aliquos
642 2562 709 2609 qui
745 2562 1027 2608 temporalibus
1059 2562 1383 2599 administrandis
1412 2561 1611 2604 insistant,
1634 2561 1702 2606 qui

112 2606 262 2643 tantum
284 2610 438 2652 tempus
470 2609 510 2644 in
532 2609 612 2645 otio
633 2610 943 2655 contemplativae
978 2609 1249 2655 inquisitionis
1270 2618 1347 2645 non
1382 2611 1545 2653 possent
1566 2615 1707 2651 expcn-

113 2648 216 2697 dere,
239 2657 281 2705 ut
300 2654 347 2690 ad
363 2663 559 2691 summum
580 2655 781 2701 fastigium
802 2657 983 2693 humanae
1003 2656 1275 2703 inquisitionis
1294 2656 1572 2701 pertingerent,
1594 2653 1704 2690 scili-

113 2699 173 2732 cct
190 2701 255 2735 Dei
279 2701 559 2746 cognitionem.

165 2746 328 2789 Quidam
349 2750 477 2783 autem
493 2747 759 2792 impediuntur
779 2749 948 2794 pigritia.
969 2749 1024 2786 Ad
1044 2748 1312 2795 cognitionem
1333 2747 1437 2783 enim
1458 2755 1594 2783 corum
1616 2755 1703 2792 quae

111 2794 158 2831 de
185 2795 264 2830 Deo
289 2793 388 2829 ratio
410 2793 645 2840 investigare
669 2796 944 2839 potcst,mult.a
968 2804 1289 2841 praecognosccrc
1305 2797 1469 2839 oportet,
1486 2801 1607 2839 quum
1624 2794 1704 2829 iere

109 2839 232 2883 totius
260 2840 522 2889 philosophice
548 2840 812 2878 consideratio
844 2843 892 2880 ad
913 2843 979 2879 Dei
1001 2842 1264 2890 cognitionem
1303 2840 1517 2877 ordinetur.
1540 2841 1702 2886 Propter
