1894 3223
161 193 230 227 380
764 187 851 222 LIB.
882 186 940 228 IV,
967 186 1069 221 CAP.
1097 186 1189 222 LIII.

162 269 368 315 dependet,
391 276 438 304 eo
456 267 562 314 quod
583 270 695 303 actus
716 265 952 313 generativae
972 265 1128 303 virtutis
1147 275 1228 304 non
1248 266 1381 304 obedit
1397 267 1540 305 rationi
1561 267 1622 304 vel
1639 267 1785 304 volun-

161 318 244 358 tati,
270 318 311 351 ut
343 318 482 351 octava
513 313 611 350 ratio
641 313 902 358 procedebat3
935 312 1004 350 sed
1035 312 1172 349 vitium
1204 313 1410 360 originalis
1440 315 1580 360 culpae,
1619 324 1704 361 quae
1739 315 1789 351 ad

161 368 341 400 naturam
369 361 551 406 pertinet,
585 359 682 396 nihil
707 359 888 406 prohibet
918 359 960 396 in
990 363 1080 396 actu
1105 361 1342 406 generativae
1375 362 1562 407 potenti-te
1601 361 1786 406 inveniri,

161 418 282 456 quum
312 411 350 444 et
366 411 478 445 actus
497 407 731 455 generativae
748 406 934 452 potentiae
955 406 1158 443 naturales
1177 406 1370 444 dicantur.

211 455 324 499 Quod
359 464 452 491 vero
483 463 591 491 nono
624 454 811 500 objicitur
842 453 889 490 de
911 453 1017 490 sacili
1039 453 1138 490 solvi
1160 457 1291 499 potest
1321 454 1541 491 secundum
1562 456 1786 500 praemissa.

163 505 236 540 Per
257 506 462 548 peccatum
495 502 599 538 enim
622 510 701 537 non
724 500 878 537 tollitur
900 500 1052 537 homini
1072 500 1222 537 bonum
1249 504 1398 537 naturae
1422 501 1526 547 quod
1546 502 1591 537 acl
1615 502 1787 547 speciem

162 554 313 586 naturae
335 549 526 594 pertinen
547 548 617 585 sed
637 548 785 585 bonum
820 550 971 584 naturae
992 547 1096 593 quod
1119 556 1188 592 per
1208 547 1374 593 gratiam
1397 548 1694 593 superadditum
1714 549 1791 585 fuit

159 596 291 643 potuit
308 605 377 641 per
397 599 603 640 peccatum
625 594 742 640 primi
764 594 941 640 parentis
963 594 1122 636 auferri,
1147 598 1187 630 ut
1209 603 1329 639 supra
1349 594 1498 630 dictum
1514 598 1585 631 est.

210 645 321 679 Patet
350 644 470 679 etiam
500 651 548 679 ex
580 642 731 678 eisdem
764 641 812 677 de
842 641 948 677 sacili
983 641 1132 677 solutio
1162 640 1210 677 ad
1237 641 1430 678 decimam
1451 641 1659 685 rationem,
1681 643 1787 689 quia,

162 699 283 737 quum
302 689 466 734 privatio
481 693 518 726 et
540 689 717 726 desectus
738 687 813 724 sibi
834 687 1003 724 invicem
1023 687 1374 733 correspondeant,
1402 697 1449 724 ea
1468 688 1618 725 ratione
1637 689 1676 724 in
1697 699 1786 734 pec-

161 741 248 774 cato
282 736 465 782 originali
501 736 570 772 tilii
603 735 832 781 parentibus
865 734 1102 775 similantur,
1126 743 1204 781 qua
1223 735 1339 772 etiam
1360 735 1523 779 donum,
1552 744 1576 772 a
1594 735 1788 781 principio

163 787 314 820 naturae
341 783 576 830 praestitum,
604 783 746 819 suisset
771 792 793 818 a
822 781 1052 828 parentibus
1077 781 1115 817 in
1147 785 1329 827 posteros
1364 786 1624 828 propagatum
1647 794 1655 826 ;
1679 783 1786 828 quia,

161 831 251 867 licet
281 830 328 867 ad
362 830 556 867 rationem
590 829 739 875 speciei
771 838 852 866 non
874 829 1098 874 pertineret,
1120 832 1252 865 tamen
1273 837 1321 866 ex
1351 828 1483 866 divina
1510 829 1635 876 gratia
1656 828 1789 866 datum

160 879 235 914 tuit
254 878 382 923 primo
410 877 563 914 homini
585 880 628 913 ut
649 876 697 913 ab
725 885 772 913 eo
794 876 835 912 in
856 879 979 912 totam
1000 875 1174 921 speciem
1196 875 1451 912 derivandum
1470 888 1477 919 ;
1498 875 1679 912 similiter
1698 885 1791 922 pec—

161 929 292 962 catum
313 933 382 970 per
402 923 508 970 quod
530 923 629 961 illud
649 923 799 960 bonum
819 922 993 968 privatur
1010 923 1049 958 in
1071 925 1191 959 totam
1211 923 1382 968 speciem
1405 922 1615 960 derivatur.

211 970 556 1008 Considerandum
579 974 641 1007 est
663 970 777 1007 etiam
800 969 921 1016 quod,
944 969 1036 1005 licet
1049 969 1190 1016 aliquis
1210 979 1279 1015 per
1308 970 1443 1017 gratiae
1465 973 1713 1007 sacramenta
1732 968 1791 1006 sic

163 1019 212 1055 ab
244 1018 430 1064 originali
462 1021 623 1063 peccato
658 1017 872 1054 mundetur
892 1020 935 1053 ut
955 1016 990 1052 ei
1010 1025 1090 1052 non
1116 1017 1331 1062 imputetur
1349 1016 1396 1053 ad
1417 1017 1587 1062 culpam,
1607 1016 1713 1063 quod
1732 1019 1793 1053 est

162 1065 428 1111 personaliter
446 1065 577 1110 ipsum
599 1074 622 1101 a
641 1068 804 1110 peccato
828 1063 1012 1110 originali
1034 1062 1202 1104 liberari,
1225 1072 1306 1100 non
1326 1067 1458 1100 tamen
1481 1064 1649 1101 totaliter
1669 1072 1792 1100 sana-

163 1116 242 1155 tur,
266 1116 303 1148 et
323 1112 412 1148 ideo
444 1112 663 1149 secundum
685 1115 816 1148 actum
837 1116 986 1147 naturae
1013 1115 1217 1156 peccatum
1241 1110 1432 1157 originale
1452 1110 1731 1148 transmittitur
1749 1110 1793 1148 in

160 1163 358 1205 posteros.
381 1159 445 1195 Sic
469 1159 602 1205 igitur,
625 1159 663 1194 in
695 1158 856 1195 homine
877 1160 1106 1204 generante,
1128 1158 1169 1193 in
1201 1162 1392 1204 quantum
1411 1162 1471 1195 est
1495 1166 1666 1204 persona
1685 1165 1791 1204 quae-

163 1206 266 1249 dam,
287 1214 367 1242 non
388 1208 449 1242 est
469 1205 667 1252 originale
688 1208 908 1250 peccatum,
932 1208 970 1241 et
989 1204 1186 1251 contingit
1206 1204 1323 1241 etiam
1344 1205 1385 1241 in
1405 1209 1492 1241 actu
1522 1203 1792 1251 generationis

161 1253 317 1289 nullum
351 1261 440 1290 esse
472 1252 628 1289 actuale
657 1254 876 1297 peccatum,
909 1254 953 1288 ut
984 1250 1194 1288 undecima
1227 1251 1326 1288 ratio
1354 1252 1623 1297 proponebat3
1645 1251 1729 1296 sed,
1748 1250 1790 1288 in

162 1303 354 1346 quantum
382 1299 504 1336 homo
533 1307 733 1346 generans
764 1301 824 1335 est
859 1297 1039 1334 naturale
1061 1298 1334 1345 generationis
1356 1298 1606 1344 principium,
1627 1297 1790 1334 infectio

162 1346 374 1398 originalis
388 1347 554 1392 peccati,
576 1345 683 1392 quod
704 1349 885 1382 naturam
915 1345 1089 1391 respicit,
1112 1346 1153 1381 in
1188 1354 1235 1382 eo
1255 1348 1389 1382 manet
1407 1350 1445 1381 et
1465 1346 1505 1381 in
1524 1349 1612 1381 actu
1631 1354 1791 1392 genera-

161 1397 282 1430 tionis
300 1401 443 1438 ipsius.

208 1439 420 1476 Sciendum
453 1439 573 1476 etiam
601 1438 788 1485 estquod
808 1442 1013 1484 peccatum
1042 1438 1195 1476 actuale
1214 1438 1328 1484 primi
1349 1438 1526 1475 hominis
1548 1439 1587 1474 in
1609 1443 1790 1475 naturam

159 1486 356 1531 transivit,
385 1486 477 1533 quia
503 1489 645 1523 natura
672 1486 714 1522 in
744 1495 791 1522 eo
822 1488 916 1528 erat,
938 1484 1132 1522 beneficio
1169 1489 1319 1522 naturae
1338 1484 1529 1530 praestito,
1550 1485 1679 1522 adhuc
1703 1494 1790 1531 per-

160 1534 285 1575 fect-iu
307 1532 389 1573 sed,
412 1542 481 1579 per
497 1537 700 1579 peccatum
720 1533 846 1579 ipsius
866 1535 1006 1568 natura
1027 1532 1101 1568 hoc
1119 1531 1314 1568 beneficio
1336 1532 1538 1578 destituta,
1557 1535 1669 1569 actus
1700 1532 1788 1578 ejus

160 1580 390 1626 simpliciter
424 1579 616 1617 naturalis
644 1579 731 1617 suit.
768 1579 873 1616 Unde
906 1588 986 1615 non
1019 1578 1145 1625 potuit
1173 1578 1404 1617 satisfacere
1434 1588 1505 1625 pro
1541 1582 1624 1617 tota
1649 1582 1791 1616 natura

160 1636 287 1673 neque
319 1626 469 1664 bonnm
487 1631 636 1663 natur-ce
655 1628 896 1674 reintegrare
911 1636 979 1672 per
995 1635 1110 1662 suum
1131 1630 1262 1662 actum
1280 1638 1288 1669 ;
1309 1626 1379 1663 sed
1400 1627 1530 1664 solum
1561 1626 1789 1663 satisfacere

160 1675 412 1720 aliquatenus
430 1675 558 1720 potuit
578 1684 647 1719 pro
669 1683 716 1711 eo
737 1674 843 1721 quod
861 1673 908 1710 ad
930 1673 1058 1719 ipsius
1080 1682 1290 1719 personam
1311 1673 1525 1720 spectabat.
1548 1675 1601 1710 Ex
1620 1681 1697 1720 quo
1721 1683 1788 1719 pa-

159 1724 214 1758 tet
236 1721 383 1758 solutio
405 1721 451 1758 ad
474 1721 750 1758 duodecimam
771 1721 979 1758 rationem.

207 1768 393 1805 Similiter
417 1773 549 1805 autem
580 1772 619 1804 et
649 1768 697 1805 ad
718 1769 871 1806 tertiam
904 1767 1111 1811 decimam,
1134 1767 1227 1814 quia
1246 1771 1407 1813 peccata
1429 1768 1697 1815 posteriorum
1718 1776 1786 1813 pa-

158 1819 314 1852 rentum
334 1815 541 1852 inveniunt
562 1819 743 1852 naturam
764 1815 994 1852 destitutam
1015 1813 1207 1852 beneficio
1229 1814 1414 1860 primitus
1438 1814 1515 1860 ipsi
1529 1819 1679 1852 naturae
1691 1823 1786 1851 con-

159 1871 297 1905 cesso3
321 1862 425 1898 unde
446 1872 493 1898 ex
513 1861 570 1899 eis
585 1871 666 1899 non
687 1862 865 1909 sequitur
885 1861 1030 1908 aliquis
1049 1861 1228 1899 defectus
1245 1861 1312 1908 qui
1332 1865 1576 1908 propagetur
1595 1861 1633 1897 in
1656 1864 1786 1907 poste-

158 1917 239 1951 ros,
262 1909 332 1945 sed
353 1909 485 1946 solum
503 1909 571 1956 qui
590 1918 804 1954 personam
823 1908 1022 1954 peccantis
1037 1907 1200 1944 inficiat.

204 1955 267 1991 Sic
287 1955 408 2001 igitur
438 1965 519 1992 non
550 1960 610 1992 est
643 1955 927 1993 inconveniens
958 1964 1086 2001 neque
1108 1957 1246 1991 contra
1264 1955 1459 1991 rationem
1484 1958 1689 2000 peccatum
1708 1956 1786 1992 ori-

158 2001 290 2048 ginale
320 2003 361 2038 in
393 2002 622 2039 hominihus
653 2011 757 2046 esse,
791 2006 834 2041 ut
867 2001 1170 2048 pelagianorum
1192 2000 1358 2039 haeresis
1391 2001 1672 2046 confundatur,
1698 2011 1785 2049 quae

158 2052 362 2094 peccatum
381 2049 577 2096 originale
598 2049 768 2096 negavit.

828 2166 996 2207 CAPUT
1015 2166 1117 2207 LIII.

312 2275 502 2304 RATIONES
523 2275 660 2309 QUIBUS
679 2276 851 2305 VIDETUR
869 2275 1036 2305 PROBARI
1054 2276 1155 2309 QUOD
1172 2275 1251 2306 NON
1269 2276 1358 2305 FUIT
1377 2276 1620 2305 CONVENIENS

785 2330 893 2357 DEL'M
919 2329 1146 2358 INCARNARI.

202 2424 302 2475 Quia
329 2433 422 2461 vero
442 2424 728 2462 incarnationis
761 2425 859 2463 sides
881 2426 929 2463 ab
951 2425 1186 2464 infidelibus
1207 2426 1377 2464 stultitia
1397 2431 1616 2473 reputatur,
1639 2437 1783 2465 secun-

155 2469 247 2506 dum
278 2471 376 2508 illud
409 2472 587 2517 Apostoli
610 2483 618 2508 :
652 2473 796 2508 Placuit
823 2475 894 2509 Deo
926 2483 991 2519 per
1018 2474 1214 2509 stultitiam
1238 2473 1510 2519 praedz'catiom's
1528 2475 1645 2510 salros
1663 2476 1784 2518 facere

153 2517 333 2570 credentes
355 2517 388 2565 (I
405 2519 498 2559 Cor„
520 2527 547 2562 1,
577 2519 650 2565 21),
674 2519 839 2556 stultum
862 2524 995 2556 autem
1016 2520 1171 2558 videtur
1191 2520 1341 2568 aliquid
1370 2520 1589 2567 praedicari,
1612 2530 1692 2558 non
1714 2530 1780 2559 so-

154 2562 236 2615 luni
255 2574 347 2610 quia
366 2568 427 2617 est
443 2565 706 2618 impossibile,
727 2567 797 2604 sed
828 2567 946 2604 etiam
966 2567 1061 2614 quia
1083 2571 1142 2604 est
1162 2567 1367 2612 indecens,
1392 2568 1584 2605 insistunt
1600 2568 1782 2607 infideles

156 2610 203 2645 ad
226 2616 514 2663 incarnationis
536 2614 896 2659 impugnationem,
919 2623 998 2650 non
1021 2614 1152 2651 solum
1173 2614 1347 2651 nitentes
1369 2615 1579 2651 ostendere
1600 2624 1689 2652 csse
1710 2615 1781 2652 im—

151 2657 343 2707 possibile
374 2658 480 2711 quod
501 2659 600 2697 fides
630 2661 828 2698 catholica
858 2661 1059 2707 praedicat,
1082 2661 1152 2698 sed
1190 2661 1310 2699 etiam
1338 2662 1606 2709 incongruum
1631 2671 1720 2699 esse
1741 2666 1782 2699 et

153 2702 326 2740 divinam
340 2704 564 2756 ‚bonitatem
587 2716 667 2743 non
692 2707 844 2745 decere.

202 2751 267 2785 Est
285 2760 388 2788 enim
413 2752 551 2803 divinae
578 2753 742 2791 bonitati
774 2755 1018 2792 conveniens
1048 2759 1091 2792 ut
1110 2755 1247 2792 omnia
1266 2764 1384 2793 suum
1405 2755 1585 2792 ordinem
1602 2758 1776 2792 teneant.

152 2796 221 2847 Est
242 2800 372 2848 autem
394 2798 458 2835 hic
479 2801 576 2837 ordo
593 2810 724 2837 rerum
741 2805 785 2838 ut
800 2804 905 2839 Deus
926 2802 976 2839 sit
990 2811 1110 2848 super
1129 2802 1266 2839 omnia
1284 2803 1493 2843 exaltatus,
1510 2802 1630 2838 hoino
1647 2806 1779 2838 nutent

150 2847 253 2879 inter
272 2843 430 2881 infimas
450 2851 653 2884 creaturas
670 2849 934 2885 contineatur.
954 2851 1041 2886 Non
1062 2849 1185 2895 igitur
1205 2849 1317 2886 decet
1337 2849 1508 2886 divinam
1529 2849 1778 2895 majestatem

150 2888 504 2942 liuinanaeiiaturae
525 2894 641 2929 uniri.

196 2937 296 2982 item,
318 2946 351 2975 si
373 2939 615 2976 conveniens
637 2941 845 2978 t'uitDeuni
866 2942 1068 2978 hominem
1091 2941 1189 2986 sieri,
1211 2942 1387 2987 oportuit
1407 2942 1483 2979 hoc
1508 2951 1598 2979 esse
1621 2946 1779 2989 propter
