1894 3223
681 88 769 123 Ltss.
799 89 843 131 11,
872 87 972 140 QP.
1000 87 1126 124 LXXV.
1640 88 1705 123 207

88 170 254 208 ultimus
275 170 314 205 in
336 168 474 205 ordIne
495 168 805 215 intelligibilium
825 168 1138 206 substantiarum
1156 180 1164 213 ;
1185 177 1272 215 quae
1291 167 1465 214 quidem,
1487 168 1706 205 secundum

93 217 239 264 ipsum,
263 219 356 252 sunt
377 215 525 261 plures.

134 265 213 300 Nec
234 266 364 308 potest
383 262 460 299 dici
484 262 580 309 quin
603 261 744 308 aliqua}
772 262 1022 307 superiorum
1045 261 1357 299 substantiarum
1378 261 1548 298 habeant
1569 261 1708 309 cogni-

88 310 238 347 tionem
260 319 396 347 eorum
429 318 516 356 quae
550 308 776 346 intellectus
812 309 1018 355 possibilis
1050 309 1271 356 cognoscit.
1293 310 1335 346 In
1358 309 1580 346 motoribus
1602 309 1708 345 enirn

89 357 260 401 orbium,
282 360 325 393 ut
345 357 429 402 ipse
451 356 569 393 etiam
592 355 698 400 dicit,
721 360 813 393 sunl
836 356 970 393 formae
1002 365 1139 393 eorum
1169 365 1255 403 quae
1277 360 1492 393 causantur
1512 362 1579 402 pei·
1600 355 1708 393 orbis

90 408 257 441 motum.
278 403 414 440 Adhuc
433 403 555 449 igitur
574 403 806 447 remanebit,
829 403 919 440 licet
936 404 1160 440 intellectus
1181 403 1387 449 possibilis
1407 403 1587 448 situnus‚
1604 403 1706 450 quod

90 451 229 488 formae
249 450 525 497 intelligibiles
545 450 857 496 multiplicentur
877 450 915 486 iu
939 451 1105 487 diversis
1128 451 1406 488 intellectibus.

135 498 240 535 Licet
262 502 392 534 autem
415 497 633 534 dixerimus
651 497 756 544 quod
777 497 932 544 species
954 497 1218 544 intelligibilis
1238 498 1277 534 in
1298 497 1501 535 intellectu
1523 497 1708 544 possibili

88 548 247 591 recepta
265 553 342 582 non
379 544 430 581 sit
458 544 562 592 quod
593 545 842 591 intelligitur,
872 545 939 581 sed
960 554 1037 591 quo
1060 544 1306 590 intelligitur,
1327 554 1406 581 non
1429 549 1560 581 tamen
1579 553 1708 581 remo-

90 595 200 628 vetur
238 591 349 638 quin,
383 600 452 637 per
483 591 736 628 reflexionem
770 592 1006 638 quamdam,
1039 592 1262 628 intellectus
1299 592 1476 637 seipsum
1515 592 1710 638 intelligat

88 642 127 676 et
157 647 274 676 suum
306 638 528 685 intelligere
558 642 596 676 et
627 639 798 685 speciem
830 649 907 686 qua
940 639 1137 675 iutellicrit.
1173 640 1294 675 Suum
1322 640 1451 675 autem
1488 639 1709 687 intelligere

89 685 277 732 intelligit
298 685 506 732 dupliciter
531 697 539 722 :
568 694 649 723 uno
680 686 814 730 modo,
842 687 882 722 in
917 666 1143 731 particulari
1163 697 1171 729 3
1194 685 1379 731 intelligit
1413 685 1516 722 enim
1541 695 1582 722 se
1603 694 1709 723 nunc

88 732 336 779 intelligere;
377 733 455 770 alio
496 732 636 773 modo,
677 733 717 769 in
765 733 979 769 universali
998 761 1006 777 ,
1049 732 1266 769 secundum
1305 732 1408 778 quod
1450 733 1710 769 ratiocinatur

88 779 136 817 de
163 780 292 826 ipsius
316 783 429 816 actus
469 783 622 816 natura.
662 780 769 816 Unde
797 783 833 816 et
867 780 1108 816 intellectum
1137 782 1174 815 et
1205 778 1377 824 speciem
1416 778 1707 826 intelligibilem

89 826 280 873 intelligit
317 826 454 863 eodem
491 827 610 863 modo
644 826 852 872 dupliciter
885 838 893 862 :
924 829 961 862 et
992 825 1246 872 percipiendo
1287 834 1329 862 se
1368 834 1456 863 0880
1489 829 1527 862 01
1567 827 1709 863 habere

91 874 263 920 speciem
288 873 593 921 intelligibilem,
628 873 733 926 quod
767 877 826 910 est
857 882 1100 919 cognoscere
1119 873 1158 908 in
1187 872 1438 918 particulari;
1462 877 1498 909 et
1526 873 1709 910 conside-

88 921 214 958 rando
247 929 359 958 suam
391 924 429 957 et
460 921 606 967 speciei
640 919 905 966 lntelligibilis
944 924 1140 964 naturam,
1168 919 1273 966 quod
1305 924 1363 956 est
1400 929 1641 966 cognoscere
1669 920 1710 956 in

91 968 330 1012 universali3
366 972 404 1003 et
432 967 651 1005 secundum
692 968 768 1004 1100
797 967 844 1004 (10
877 967 1077 1003 intellectu
1115 970 1152 1003 et
1179 966 1423 1014 intelligibili
1457 970 1645 1004 tractatur
1668 967 1708 1003 in

93 1015 289 1052 scientiis.

140 1063 213 1098 Per
231 1062 315 1098 haec
336 1064 466 1097 autem
487 1070 574 1107 quae
593 1061 695 1098 dicta
719 1064 812 1098 sunt
830 1063 868 1098 et
887 1060 1012 1097 tertiae
1033 1060 1200 1097 rationis
1222 1064 1383 1106 apparet
1418 1060 1578 1098 solutio.
1597 1061 1709 1105 Quod

90 1108 197 1146 enim
210 1107 305 1144 dicit
321 1107 640 1155 (commentator)
653 1108 859 1145 scientiam
874 1110 913 1144 in
928 1108 1125 1154 discipulo
1139 1107 1227 1143 etin
1239 1108 1430 1154 magistro
1444 1117 1532 1145 esse
1543 1117 1707 1144 numero

90 1163 227 1199 unam,
254 1155 397 1201 partim
419 1155 577 1201 quidem
597 1165 688 1192 vere
705 1155 863 1199 dicitur,
885 1155 1026 1201 partim
1048 1158 1178 1191 autem
1201 1163 1282 1191 non
1301 1166 1309 1199 ;
1333 1158 1391 1191 est
1413 1155 1518 1191 enim
1541 1163 1706 1191 numero

89 1211 171 1240 una
190 1205 383 1249 quantum
405 1202 451 1238 ad
473 1202 513 1239 id
533 1203 640 1249 quod
661 1203 799 1247 scitur,
832 1211 910 1239 non
944 1206 1076 1239 tamen
1094 1205 1284 1248 quantum
1315 1201 1362 1238 ad
1393 1202 1546 1248 species
1567 1202 1709 1237 intelli-

90 1249 235 1296 gibiles
251 1248 396 1296 quibus
413 1249 550 1291 scitur,
586 1259 713 1296 neque
745 1252 936 1296 quantum
966 1249 1015 1286 ad
1048 1249 1179 1295 ipsum
1202 1248 1378 1286 scientiae
1404 1249 1595 1286 habitum.
1622 1251 1706 1285 Non

91 1300 226 1333 tamen
243 1299 399 1342 oportet
419 1296 525 1343 quod
545 1297 683 1334 eodem
699 1297 818 1334 modo
840 1297 1030 1344 magister
1050 1300 1185 1333 causet
1214 1296 1422 1333 scientiam
1443 1297 1484 1332 in
1512 1296 1707 1341 discipulo

94 1343 199 1380 sicut
218 1342 326 1390 ignis
347 1346 510 1390 generat
537 1344 668 1391 ignem
689 1356 697 1388 ;
721 1353 799 1381 non
831 1344 936 1380 enim
957 1344 1061 1380 idem
1089 1347 1147 1380 est
1167 1343 1310 1380 modus
1331 1352 1467 1380 eorum
1489 1353 1575 1390 quae
1597 1353 1619 1380 a
1644 1352 1709 1379 na-

93 1394 182 1427 tura
199 1394 438 1437 generantur
457 1394 495 1427 et
515 1400 651 1428 eorum
673 1401 759 1438 quae
780 1391 827 1429 ab
849 1395 943 1428 arte.
963 1391 1073 1438 Ignis
1091 1390 1249 1437 quidem
1271 1395 1432 1436 generat
1447 1391 1579 1437 ignem
1600 1394 1710 1426 natu-

94 1437 229 1473 raliter
249 1437 474 1475 reducendo
494 1439 697 1475 materiam
734 1439 780 1474 de
813 1439 989 1483 potentia
1009 1438 1049 1474 in
1083 1442 1212 1474 actum
1235 1446 1318 1474 suae
1339 1437 1496 1482 sormae;
1520 1438 1710 1484 magister

91 1493 184 1520 vero
203 1488 340 1520 causat
363 1484 571 1522 scientiam
591 1485 633 1521 in
654 1485 850 1531 discipulo
883 1495 951 1530 per
970 1484 1131 1521 modum
1150 1484 1271 1528 artis;
1295 1483 1342 1521 ad
1374 1485 1449 1520 hoc
1469 1485 1574 1521 enim
1596 1484 1709 1521 datur

93 1539 157 1567 ars
191 1530 513 1575 demonstrativa,
547 1541 665 1578 quam
698 1532 927 1568 Aristoteles
948 1531 1128 1578 (Poster.‚
1149 1540 1176 1575 1,
1203 1534 1295 1567 text.
1330 1539 1473 1568 comm.
1495 1531 1529 1577 5)
1564 1531 1707 1576 tradit;

96 1577 383 1614 demonstratio
403 1578 506 1614 enim
524 1582 583 1615 est
603 1579 862 1625 syllogismus
883 1578 1032 1615 faciens
1060 1578 1176 1615 scire.

137 1624 347 1662 Sciendum
368 1628 501 1662 tamen
521 1626 640 1672 quod,
663 1626 881 1663 secundum
903 1625 1008 1672 quod
1030 1625 1260 1662 Aristoteles
1275 1624 1503 1673 (Metaphys.
1519 1634 1590 1670 vn,
1613 1628 1706 1663 text.

94 1679 238 1709 comm.
260 1672 319 1718 29)
341 1671 468 1717 docet,
499 1673 642 1709 artium
677 1673 856 1720 quaedam
886 1677 978 1709 sunt
1012 1673 1050 1708 in
1084 1682 1249 1718 quarum
1276 1673 1440 1709 materia
1459 1681 1540 1709 non
1559 1676 1619 1710 est
1642 1673 1710 1710 ali-

92 1718 198 1765 quod
214 1719 452 1764 principium
485 1728 608 1765 agens
640 1719 689 1756 ad
710 1719 892 1756 effectum
926 1720 1022 1755 artis
1054 1719 1367 1764 producendum,
1396 1720 1499 1756 sicut
1530 1723 1635 1766 patet
1667 1720 1708 1757 in

92 1764 346 1809 aedificativa;
370 1774 450 1802 non
466 1767 570 1802 enim
593 1770 652 1803 est
669 1767 710 1803 in
731 1766 853 1814 lignis
875 1770 912 1803 et
932 1766 1129 1812 lapidibus
1152 1766 1284 1812 aliqua
1307 1766 1368 1803 vis
1395 1767 1522 1803 activa
1544 1775 1707 1804 movens

89 1812 138 1850 ad
159 1812 302 1849 domus
323 1812 663 1857 constitutionem,
684 1813 755 1850 sed
787 1812 964 1860 aptitudo
995 1813 1155 1859 passiva
1175 1817 1341 1850 tantum.
1367 1814 1508 1860 Aliqua
1537 1823 1630 1850 vero
1649 1817 1707 1851 est

90 1867 155 1896 ars
175 1859 217 1896 in
237 1859 351 1905 quus
372 1860 536 1897 materia
555 1864 616 1897 est
649 1860 810 1908 aliquod
844 1860 1012 1897 activum
1050 1860 1290 1906 principium
1311 1869 1475 1898 movens
1496 1860 1545 1897 ad
1563 1860 1707 1906 produ-

90 1905 261 1944 cendum
285 1905 467 1944 effectum
484 1907 595 1951 artis,
612 1907 716 1944 sicut
734 1910 840 1953 patet
859 1907 900 1944 in
917 1907 1151 1944 medicativa
1168 1919 1177 1952 ;
1199 1916 1291 1944 nam
1313 1907 1354 1944 in
1367 1916 1531 1953 corpore
1548 1907 1706 1945 intirmo

89 1956 151 1991 est
171 1953 333 2000 aliquod
367 1954 537 1991 activum
574 1954 813 2000 principium
852 1955 899 1991 ad
936 1954 1161 1991 sanitatem.
1180 1956 1224 1991 Et
1260 1954 1350 1991 ideo
1389 1953 1572 1991 effectum
1612 1955 1707 1992 artis

119 1999 208 2036 rimi
228 2001 388 2047 generis
416 2010 498 2038 nun
529 2011 620 2038 uam
657 2001 840 2048 producit
868 2005 1032 2045 natura3
1055 2001 1125 2038 sed
1156 2010 1313 2048 semper
1347 2001 1385 2036 'it
1417 2001 1465 2038 ab
1486 2005 1582 2046 arte,
1605 2002 1708 2038 sicut

118 2055 235 2083 omns
254 2047 386 2099 omnis
407 2052 467 2085 est
487 2057 510 2085 a
556 2052 651 2086 arte.
674 2047 845 2086 Effectus
866 2052 995 2085 autem
1012 2048 1178 2085 secundi
1203 2049 1362 2095 generis
1385 2048 1426 2085 fit
1446 2053 1483 2085 et
1502 2048 1551 2086 ab
1571 2051 1652 2085 arte
1671 2052 1708 2085 et

89 2101 124 2144 a⁴
136 2096 277 2130 natura
293 2102 380 2130 sine
401 2098 482 2131 arte
498 2106 508 2140 3
527 2095 640 2132 multi
661 2095 782 2140 enim,
805 2105 873 2142 per
893 2094 1163 2141 operationem
1184 2099 1349 2140 naturae,
1371 2096 1458 2133 sine
1481 2098 1563 2132 arte
1584 2095 1707 2132 medi-

91 2148 205 2185 cinae,
227 2143 491 2178 sanantur.1n
506 2141 569 2179 his
591 2145 721 2179 autem
738 2152 825 2190 quae
843 2145 1013 2189 possunt
1032 2141 1117 2178 fieri
1139 2145 1175 2179 et
1194 2145 1276 2179 arte
1298 2146 1335 2179 et
1355 2146 1509 2187 natura,
1532 2151 1596 2179 ars
1618 2143 1706 2179 imi-

90 2189 195 2223 tatur
213 2190 419 2232 naturam;
442 2188 477 2225 si
497 2189 588 2236 quis
627 2189 732 2226 enim
772 2199 819 2226 ex
851 2189 996 2236 frigida
1023 2198 1145 2226 causa
1176 2189 1410 2234 infirmetur,
1444 2192 1586 2226 natura
1617 2198 1706 2226 eum

91 2233 359 2286 calefaciendo
380 2238 518 2280 sanat;
539 2235 642 2272 unde
663 2240 701 2273 01
718 2236 910 2281 medicus,
932 2236 966 2273 si
983 2245 1074 2273 eum
1095 2245 1232 2273 curare
1258 2236 1410 2277 debeat,
1433 2236 1706 2273 calefaciendo

91 2283 225 2332 sanat..
240 2281 338 2333 Huic
358 2285 489 2319 autem
521 2283 594 2319 arti
627 2283 772 2320 similis
792 2287 853 2320 est
884 2292 950 2320 ars
970 2283 1137 2320 docendi
1158 2295 1167 2327 3
1189 2283 1231 2319 in
1249 2292 1296 2320 eo
1325 2283 1432 2320 enim
1455 2283 1522 2330 qui
1545 2283 1707 2319 docetur

90 2330 405 2379 est-princlplum
427 2328 598 2366 activum
616 2329 666 2366 ad
682 2330 905 2373 scientiam,
935 2330 1090 2366 80111001
1108 2329 1346 2372 1111011001118,
1366 2333 1404 2366 01
1423 2338 1468 2366 ea
1488 2338 1574 2375 quae
1593 2333 1706 2365 natu-

90 2373 226 2410 raliter
244 2374 535 2421 intelliguntur,
551 2376 705 2414 80111001
724 2377 853 2423 prima
885 2377 1104 2423 principia3
1127 2379 1165 2413 01
1184 2376 1274 2413 ideo
1296 2376 1464 2412 scientia
1485 2375 1707 2421 acquiritur

90 2420 303 2466 dupliciter
323 2425 388 2457 :et
417 2422 505 2459 81110
529 2422 708 2460 doctrina
734 2433 804 2469 per
835 2423 1121 2468 inventionem,
1149 2426 1186 2458 et
1205 2432 1274 2468 per
1298 2422 1531 2459 doctrinam.
1554 2423 1708 2459 Docens

89 2467 212 2514 igitur
224 2467 298 2504 hoc
319 2467 437 2505 modo
457 2468 597 2514 incipit
616 2469 757 2506 docere
776 2470 880 2507 sicut
899 2469 1107 2506 inveniens
1127 2469 1266 2514 incipit
1287 2469 1478 2513 invenire,
1501 2467 1705 2506 offerendo

89 2514 243 2552 80111001
262 2515 571 2552 considerationi
594 2515 779 2562 discipuli
809 2516 1005 2562 principia
1022 2515 1071 2553 ab
1092 2523 1140 2552 eo
1169 2519 1288 2559 nota3
1315 2515 1409 2562 quia
1434 2515 1566 2552 omnis
1590 2515 1707 2553 disci-

90 2561 200 2608 plina
224 2565 259 2597 et
284 2562 415 2599 omnis
437 2562 604 2599 scientia
624 2572 672 2599 ex
704 2563 993 2609 praeexsistenti
1020 2562 1063 2598 fit
1093 2562 1336 2608 cognitione,
1360 2565 1398 2598 et
1424 2562 1492 2598 illa
1511 2562 1706 2608 principia

91 2609 135 2646 in
155 2608 439 2646 conclusiones
460 2609 705 2654 deducendo,
722 2613 760 2646 et
787 2608 1043 2655 proponendo
1065 2609 1242 2654 exempla
1263 2608 1473 2645 sensibilia
1493 2618 1540 2646 ex
1559 2609 1705 2656 quibus

89 2655 131 2692 in
152 2655 285 2692 anima
304 2655 489 2702 discipuli
508 2656 727 2693 formentur
753 2656 1028 2701 phantasmata
1059 2655 1285 2692 necessaria
1304 2655 1350 2692 ad
1386 2655 1702 2703 intelligendum.

91 2703 136 2740 Et
155 2702 248 2749 quia
268 2703 438 2740 exterior
467 2703 644 2750 operatio
671 2702 851 2740 docentis
883 2702 984 2738 nihil
1018 2705 1246 2747 operaretur
1278 2702 1356 2740 11181
1380 2702 1538 2740 adesset
1560 2703 1705 2748 princi-

90 2748 201 2832 pium
219 2749 477 2788 intrinsecum
499 2749 690 2794 scientiae,
720 2749 825 2796 quod
846 2749 949 2786 inest
981 2748 1097 2785 nobis
1129 2748 1332 2790 divinitus,
1354 2749 1444 2786 ideo
1466 2750 1568 2795 apud
1591 2749 1703 2786 theo·

108 2803 208 2842 ogos
243 2797 386 2834 dicitur
421 2797 526 2845 quod
560 2797 680 2834 homo
718 2796 832 2833 docet
865 2795 1131 2833 ministerium
1168 2796 1404 2841 exhibendo,
1426 2798 1531 2833 Deus
1567 2801 1701 2833 autem

94 2843 261 2881 interius
281 2845 481 2890 operando
499 2856 509 2889 ;
530 2843 634 2882 sicut
653 2846 691 2880 et
707 2843 886 2881 medicus
907 2843 1050 2880 dicitur
1071 2846 1220 2880 naturae
1244 2843 1425 2881 minister
1445 2843 1488 2880 in
1504 2842 1700 2881 sanando,
