1894 3223
653 139 741 174 Llss.
770 139 826 178 Ν.
856 138 956 175 CAP.
984 138 1116 174 xxvii.
1624 137 1688 173 541

75 231 181 268 esse,
202 231 274 260 nec
307 220 394 267 ejus
425 219 525 256 velle
547 223 608 256 est
640 219 726 265 ejus
759 229 848 256 esse
868 223 936 256 aut
966 218 1212 265 intelliger03
1234 221 1273 256 et
1291 221 1450 264 propter
1469 216 1544 254 hoc
1571 215 1687 253 etiam

76 278 190 308 mens
210 267 411 306 intellecta
434 270 470 303 et
491 275 606 304 mens
623 270 754 304 amata
769 275 848 303 non
870 269 964 303 sunt
984 274 1176 311 personae,
1196 273 1319 312 quum
1340 273 1421 302 non
1440 263 1522 301 sint
1540 263 1692 301 subsis-

77 320 229 360 tentes;
253 323 366 351 mens
386 313 500 350 etiam
533 314 620 359 ipsa
651 313 690 350 in
711 322 785 350 sua
813 317 952 349 natura
980 313 1154 349 existens
1176 320 1256 349 non
1276 314 1337 349 est
1361 319 1547 358 persona,
1567 319 1690 362 quum

77 372 156 401 non
177 362 229 400 sit
244 364 369 398 totum
390 360 496 408 quod
528 360 725 404 subsistit,
749 360 816 397 sed
850 369 941 405 pars
962 359 1232 403 subsistentis,
1255 358 1408 396 scilicet
1433 358 1622 395 hominis.
1645 359 1689 395 In

76 413 206 447 mente
236 409 358 455 igitur
386 411 523 444 nostra
554 407 753 444 invenitur
783 407 1002 444 similitudo
1036 406 1235 442 Trinitatis
1256 405 1398 443 divinae
1428 408 1618 452 quantum
1640 404 1691 442 ad

76 455 370 504 processionem
405 464 492 502 quae
526 454 762 500 multiplicat
792 454 1034 497 Trinitatem,
1057 462 1178 500 quum
1207 462 1255 489 ex
1286 452 1402 489 dictis
1435 452 1690 490 manifestum

76 503 128 541 sit
148 511 237 540 esse
258 502 298 538 in
319 502 452 539 divina
472 506 613 539 natura
647 503 767 538 Deum
793 501 1028 547 ingenitum,
1050 500 1116 546 qui
1185 503 1198 535 t
1219 499 1340 536 totius
1369 499 1510 536 divinae
1530 507 1690 546 proces-

75 549 202 588 sionis
229 549 481 595 principium,
501 549 652 586 scilicet
683 550 852 591 Patrem,
875 551 913 584 et
939 549 1060 583 Deum
1092 547 1269 593 genitum
1299 555 1366 592 per
1398 546 1558 583 modum
1581 545 1689 583 verbi

75 596 114 634 in
134 596 334 633 intellectu
357 595 549 641 concepti,
573 595 724 632 scilicet
747 595 898 638 Filium,
919 597 957 630 et
980 595 1100 630 Deum
1120 602 1188 639 per
1206 593 1364 630 modum
1388 593 1536 639 amoris
1552 601 1688 639 proce·

76 643 248 687 dentem,
269 643 419 680 scilicet
447 643 632 688 Spiritum
664 645 873 685 sanctum,
897 641 1062 678 ulterius
1096 644 1226 677 autem
1257 640 1360 676 intra
1383 639 1553 676 divinam
1575 643 1688 676 natu-

76 699 158 728 ram
181 691 291 727 nulla
322 690 525 736 processio
546 689 757 731 invenitur,
781 688 849 725 sed
882 687 1013 725 solum
1053 687 1255 733 processio
1275 687 1315 723 in
1337 687 1550 723 exteriores
1572 686 1688 723 eil'ec·

75 741 153 774 tus.
173 739 216 774 In
239 737 313 774 hoc
334 741 465 774 autem
496 736 627 773 delicit
646 745 670 773 a
689 735 1037 782 repraesentatione
1058 734 1201 772 divinae
1220 733 1421 771 Trinitatis
1448 733 1551 780 quod
1573 735 1690 770 Pater

76 788 115 821 et
136 784 258 821 Filius
290 787 329 821 et
359 784 526 829 Spiritus
558 786 720 820 sanctus
753 782 983 819 suntunius
1004 785 1167 825 naturae,
1191 783 1229 818 et
1258 780 1443 827 singulus
1472 781 1611 816 horum
1631 784 1691 817 cst

75 839 248 877 persona
276 832 461 877 perfecta,
484 839 530 867 eo
552 830 657 877 quod
692 830 912 877 intelligere
934 832 971 865 et
992 828 1091 865 velle
1114 831 1207 865 sunt
1227 828 1358 875 ipsum
1389 836 1477 864 esse
1497 827 1688 872 divinum,

77 882 120 915 ut
154 882 359 915 ostensum
395 882 465 914 est.
489 879 533 914 Et
563 880 721 924 propter
752 876 827 913 hoc
847 876 906 912 sic
941 875 1215 912 consideratur
1248 874 1378 912 divina
1402 874 1621 911 similitudo
1648 874 1690 911 in

74 924 238 962 homine
271 925 371 962 sicut
404 924 624 962 similitudo
659 924 837 961 Herculis
858 923 897 959 in
932 922 1074 968 lapide,
1096 925 1286 969 quantum
1305 921 1352 958 ad
1376 921 1690 967 repraesentatio-

77 981 167 1009 nem
189 972 338 1016 formae,
361 981 441 1008 non
471 975 660 1018 quantum
682 971 729 1007 ad
760 969 1074 1007 convenientiam
1107 972 1281 1013 naturae;
1305 968 1407 1005 unde
1439 972 1477 1004 et
1498 969 1537 1003 in
1559 971 1690 1005 mente

76 1018 252 1056 hominis
283 1019 426 1055 dicitur
453 1027 541 1055 esse
563 1019 695 1064 imago
715 1018 796 1062 Dei,
834 1017 1053 1053 secundum
1076 1016 1173 1053 illud
1196 1027 1205 1052 ε
1225 1017 1415 1052 Faciamus
1435 1016 1609 1051 hominem
1642 1014 1691 1051 ad

75 1067 270 1110 imayinem
289 1069 322 1100 et
339 1065 613 1101 similitudinem
630 1067 803 1100 nostram.
823 1063 939 1109 (Gom,
961 1073 988 1107 1,
1009 1064 1084 1107 26.)

126 1113 325 1148 invenitur
358 1113 474 1148 etiam
495 1111 535 1147 in
555 1111 643 1148 aliis
664 1111 782 1148 rebus
813 1111 955 1147 divinae
975 1109 1176 1147 Trinitatis
1196 1109 1430 1150 similitudo,
1453 1113 1569 1155 prout
1589 1118 1691 1156 quae·

77 1157 173 1195 libet
193 1159 312 1195 resin
334 1167 407 1195 sua
425 1158 648 1195 substantia
674 1167 754 1194 una
774 1161 848 1201 est,
872 1161 910 1193 ct
938 1157 1069 1202 specie
1102 1156 1272 1203 quadam
1304 1156 1509 1199 formatur,
1533 1159 1570 1192 et
1590 1156 1691 1192 ordi-

78 1214 168 1242 nem
190 1205 360 1252 aliquem
384 1205 513 1242 habet.
536 1205 646 1242 Sicut
669 1208 798 1241 autem
821 1214 867 1240 ex
897 1203 1013 1240 dictis
1043 1206 1146 1249 patet
1177 1202 1386 1248 conceptio
1406 1202 1631 1240 intellectus
1650 1203 1690 1239 in

75 1261 167 1289 esse
191 1252 433 1299 intelligibili
455 1256 515 1288 est
532 1252 636 1288 sicut
656 1251 697 1288 in
719 1252 901 1288 formatio
935 1251 1081 1296 speciei
1103 1251 1143 1287 in
1165 1258 1254 1287 esse
1280 1249 1465 1294 naturali,
1489 1257 1600 1286 amor
1619 1259 1688 1286 au-

76 1302 153 1336 tem
178 1303 237 1337 est
269 1299 373 1337 sicut
391 1299 598 1336 inclinatio
619 1298 678 1335 vel
707 1298 804 1335 ordo
822 1299 860 1334 in
884 1307 923 1334 re
955 1297 1124 1334 naturali
1143 1309 1151 1341 ;
1173 1296 1277 1333 unde
1298 1300 1335 1333 et
1354 1297 1510 1343 species
1531 1299 1690 1333 natura·

76 1345 173 1383 lium
195 1355 324 1383 rerum
347 1356 370 1383 a
390 1347 551 1383 remotis
572 1349 827 1391 repraesentat
845 1345 1001 1388 Filium,
1017 1345 1114 1381 ordo
1135 1347 1266 1380 autem
1281 1343 1468 1389 Spiritum
1490 1346 1687 1381 sanctum.

77 1394 123 1429 Et
141 1393 244 1437 ideo,
271 1397 427 1439 propter
447 1396 637 1430 remotam
653 1392 1043 1439 repraesentationem
1060 1395 1097 1428 et
1116 1391 1327 1428 obscuram
1345 1390 1386 1428 in
1407 1390 1691 1428 irrationabili·

77 1439 153 1477 hus
183 1440 316 1485 rebus,
338 1440 482 1476 dicitur
509 1440 551 1476 in
583 1440 641 1476 eis
671 1448 760 1476 esse
789 1439 991 1476 Trinitatis
1019 1438 1247 1485 vestigium,
1270 1446 1351 1475 non
1376 1437 1525 1483 imago,
1554 1446 1695 1474 secun-

76 1486 171 1524 dum
192 1486 288 1524 illud
313 1499 320 1523 :
341 1488 508 1523 Forsitan
530 1487 685 1531 vestiqia
707 1487 779 1522 mei
805 1486 1088 1531 comprehendes,
1111 1488 1145 1521 et
1162 1484 1336 1530 usquead
1349 1486 1549 1530 perfectum
1569 1485 1692 1520 Omni·

76 1536 254 1579 potentem
272 1535 455 1579 reperies?
475 1532 580 1580 (Job.‚
601 1541 655 1577 xi,
674 1533 728 1580 7.)

126 1582 170 1617 Et
191 1580 274 1618 haec
297 1581 344 1618 de
367 1580 501 1618 divina
515 1580 703 1618 Trinitate
726 1579 776 1617 ad
795 1588 972 1626 praesens
991 1579 1096 1616 dicta
1113 1577 1329 1616 sufficiant.

690 1708 875 1769 'CAPUT
908 1727 1067 1769 xxvn.

149 1848 200 1877 DE
224 1847 514 1878 INGARNATIONE
539 1846 672 1883 VERBI,
699 1847 903 1876 SECUNDUM
937 1846 1204 1876 TRADITIONEM
1229 1847 1362 1877 SACRAE
1388 1847 1619 1883 SCRIPTURAE.

127 1957 320 2002 Quoniam
347 1960 476 1994 autem
495 1965 629 2004 supra,
650 1964 773 2003 quum
789 1955 837 1994 de
851 1956 983 1993 divina
996 1955 1251 2003 generatione
1266 1959 1461 2003 ageretur,
1475 1956 1619 1994 dictum
1636 1959 1698 1994 est

80 2005 149 2042 Dei
171 2004 266 2041 Filio
289 2003 453 2041 Domino
467 2006 560 2041 ,iesu
575 2003 729 2041 Christo
747 2003 928 2051 quaedam
944 2003 1163 2041 secundum
1182 2002 1356 2041 divinam
1377 2006 1574 2048 naturam,
1595 2013 1700 2051 quee-

79 2051 170 2088 dam
189 2051 408 2089 secundum
437 2051 651 2088 humanam
691 2051 917 2095 convenire,
939 2059 1057 2098 quam
1076 2059 1124 2088 ex
1155 2053 1331 2097 tempore
1352 2050 1595 2089 assumendo
1627 2050 1697 2088 Dei

81 2101 256 2136 aeternus
277 2097 399 2135 Filius
412 2097 762 2141 voluitincarnari,
784 2097 830 2134 de
859 2097 946 2143 ipso
969 2106 1075 2135 nunc
1091 2097 1380 2135 incarnationis
1403 2097 1591 2145 mysterio
1612 2107 1696 2135 res·

80 2148 138 2181 tat
153 2143 380 2181 dicendum.
403 2144 514 2187 Quod
533 2143 692 2190 quidem
709 2144 811 2180 inter
830 2143 961 2181 divina
975 2153 1096 2190 opera
1110 2145 1280 2182 maxime
1303 2145 1496 2182 rationem
1518 2145 1697 2190 excedit;

83 2190 183 2228 nihil
204 2190 308 2227 enirn
331 2190 554 2227 mirabilius
575 2190 789 2236 excogitari
807 2194 937 2236 potest
951 2190 1139 2228 divinitus
1160 2191 1305 2228 sactum
1321 2200 1439 2239 quam
1461 2192 1565 2236 quod
1580 2200 1698 2230 verus

85 2239 190 2275 Deus
211 2237 278 2274 Dei
301 2237 423 2274 Filius
441 2236 551 2274 fieret
582 2237 702 2274 homo
733 2246 864 2274 verus.
890 2239 944 2281 Et,
964 2237 1059 2284 quia
1074 2237 1176 2274 inter
1195 2238 1331 2274 omnia
1351 2237 1697 2276 mirabilissimum

82 2288 157 2336 est,
179 2284 437 2336 consequitur
456 2283 560 2331 quod
578 2284 627 2320 ad
647 2283 766 2330 hujus
785 2284 954 2320 maxime
975 2283 1167 2321 mirabilis
1186 2284 1304 2322 fidem
1326 2284 1460 2321 omnia
1480 2284 1559 2321 alia
1579 2285 1696 2322 mira·

83 2331 181 2368 bilia
200 2331 445 2374 ordinentur,
465 2339 586 2377 quum
603 2330 643 2368 id
662 2330 767 2378 quod
780 2334 840 2368 est
859 2331 900 2367 in
921 2339 1163 2378 unoquoque
1178 2340 1322 2377 genere
1337 2331 1553 2368 maximum
1575 2340 1697 2369 causa

84 2378 252 2414 aliorum
274 2387 361 2414 esse
382 2377 572 2415 videatur.

133 2426 239 2461 Hanc
259 2428 396 2476 autem·
409 2425 478 2462 Dei
497 2424 812 2462 incarnationem
832 2424 1069 2468 mirabilem,
1091 2425 1324 2463 auctoritate
1345 2424 1481 2463 divina
1500 2425 1694 2471 tradente,

85 2470 333 2508 confitemur.
355 2471 504 2508 Dicitur
535 2471 641 2507 enim
665 2483 672 2507 :
694 2473 741 2507 Et
763 2472 918 2508 Verbum
947 2481 1028 2507 caro
1047 2473 1187 2515 factum
1204 2474 1267 2513 est,
1289 2474 1322 2508 et
1341 2471 1520 2508 habitavit
1538 2473 1577 2507 in
1596 2473 1699 2510 nobis

83 2519 230 2562 Joann„
251 2527 278 2559 1,
303 2517 385 2564 15);
407 2521 445 2554 et
473 2518 684 2564 Apostolus
717 2518 825 2562 dicit,
844 2518 890 2555 de
921 2518 1019 2554 Filio
1052 2519 1119 2554 Dei
1156 2519 1325 2566 loquens
1351 2530 1358 2554 :
1381 2519 1496 2563 Quum
1521 2520 1560 2554 in
1579 2520 1700 2563 forma

84 2565 151 2603 Dei
180 2567 368 2608 esset‚n0n
395 2566 565 2610 rapinam
596 2564 797 2601 arbitratus
827 2568 879 2601 est
908 2575 980 2601 esse
997 2575 1033 2602 se
1059 2566 1231 2611 aequatem
1263 2567 1360 2609 Deo;
1381 2566 1443 2602 sed
1472 2567 1699 2612 semetipsum

66 2612 302 2653 ‘eminanivit,
322 2612 479 2656 formam
498 2613 594 2647 servi
618 2613 810 2658 accipiens,
829 2613 871 2648 in
887 2611 1162 2648 similitudinem
1181 2613 1364 2649 hominum
1379 2614 1499 2657 factus
1519 2616 1553 2650 et
1570 2613 1698 2650 habitu

83 2659 250 2695 inventus
280 2661 321 2694 ut
351 2658 464 2694 homo.
489 2657 614 2704 (Phth,
636 2667 680 2703 11,
701 2660 736 2703 6,
752 2657 806 2704 7.)
828 2659 908 2696 Hoc
938 2659 1056 2695 etiam
1095 2658 1222 2705 ipsius
1250 2660 1407 2701 Domini
1437 2661 1530 2697 Jesu
1550 2660 1697 2700 Christi

84 2705 205 2743 verba
224 2704 434 2742 manifeste
466 2704 695 2750 ostendunt,
714 2714 835 2752 quum
855 2705 902 2741 de
923 2713 966 2742 se
999 2706 1237 2754 quandoque
1266 2706 1452 2754 loquatur
1471 2707 1639 2745 humilia
1658 2710 1698 2746 et

68 2751 274 2797 humana,
297 2755 340 2789 ut
377 2755 437 2789 est
469 2751 567 2788 illud
590 2763 599 2788 ε
619 2753 729 2788 Pater
758 2751 880 2797 major
893 2762 947 2787 me
960 2756 1011 2788 est
1035 2752 1192 2798 (Joann.,
1214 2761 1299 2797 xxv,
1318 2753 1393 2800 28),
1410 2756 1472 2791 et:
1497 2755 1628 2791 Cl'm‘stis
1646 2757 1700 2792 est

87 2800 212 2835 anima
227 2809 306 2836 mea
325 2809 436 2845 usque
454 2798 504 2834 ad
522 2801 668 2834 mortem
698 2798 857 2845 (Matth.,
879 2806 991 2843 xxvi,
1015 2799 1088 2845 38),
1104 2808 1192 2847 quae
1214 2799 1250 2837 ei
1269 2800 1489 2838 secundum
1509 2801 1697 2840 humani-

87 2848 207 2883 tatem
227 2849 473 2892 assumptam
493 2845 756 2889 conveniunt3
808 2845 1016 2892 nandoque
1037 2855 1129 2883 vero
1147 2845 1335 2885 sublimia
1350 2850 1389 2884 et
1403 2847 1551 2893 divina,
1572 2851 1617 2885 ut
1635 2850 1699 2886 est

87 2890 186 2929 illud
207 2903 217 2930 ε
236 2894 312 2938 qu
331 2895 365 2928 et
378 2894 488 2929 Pater
502 2902 613 2929 unum
638 2902 760 2929 samus
794 2894 939 2938 Joann„
956 2900 996 2938 x,
1016 2892 1090 2939 30),
1111 2896 1151 2930 et
1171 2893 1326 2931 :Omnia
1343 2904 1573 2941 quaecuquae
1590 2895 1699 2932 habet
