1894 3223
628 145 714 180 LIB.
745 145 801 188 lv,
829 145 930 181 CAP.
960 145 1128 180 LXXXIV.
1614 147 1689 181 629·

69 222 267 266 videntur,
305 222 563 269 spiritualiter
606 223 871 270 intelligendae
907 229 1012 261 sunt.
1049 225 1238 271 Proponit
1257 225 1360 262 enim
1400 225 1517 263 nobis
1553 226 1684 264 divina

69 270 271 316 Scriptura
291 269 559 316 intelligibilia
579 271 653 307 sub
674 272 933 307 similitudine
956 271 1222 315 sensibilium,
1241 276 1279 308 ut
1307 272 1465 309 animus
1486 277 1620 310 noster
1639 283 1686 310 ex

71 316 136 354 his
153 325 240 363 quae
259 317 381 359 novit,
403 317 529 353 discat
560 318 763 363 incognita
781 327 938 354 amare:
958 322 995 354 et
1015 319 1231 355 secundum
1255 319 1359 356 hunc
1389 320 1548 356 niodum
1582 321 1690 358 dele—

71 364 191 400 ctatio
211 373 298 409 quae
331 363 369 399 in
401 365 732 410 contemplatione
753 365 969 410 sapientise,
992 370 1028 400 ct
1049 366 1268 411 assumptio
1295 367 1470 403 veritatis
1501 367 1686 414 intelligi-

73 410 168 447 bilis
206 409 244 445 in
277 410 516 447 intellectum
553 415 746 452 nostrum,
786 421 852 456 per
890 421 1005 447 usum
1043 413 1220 448 ciborum
1260 412 1298 448 in
1337 422 1449 449 sacra
1489 415 1689 458 Scriptura

72 457 279 494 consuevit
298 457 512 503 designari,
529 458 745 495 secundum
762 457 872 501 illud,
891 459 1229 505 l‘1·0v.,1x‚2‚quod
1245 459 1290 495 de
1305 460 1499 505 sapientia
1519 461 1685 498 dicitur:

73 505 220 540 Miscuit
239 506 375 544 vinum,
388 509 419 539 et
434 507 624 550 proposuit
641 515 799 539 mensam
812 515 913 539 suam
921 532 988 540 .....
999 509 1030 539 ct
1044 507 1297 550 insipientibus
1315 508 1430 541 locuta
1450 511 1500 542 est
1519 520 1528 542 :
1550 510 1685 552 Venite,

72 551 240 586 comedite
265 562 398 596 panem
427 562 555 595 meum,
575 555 608 587 et
642 552 749 586 bibite
772 553 897 586 vinum
934 552 1028 596 quod
1058 553 1329 595 miscztivobi33
1358 557 1395 589 ct
1414 554 1627 599 Eccli.,xv‚
1651 558 1686 599 3,

71 598 242 634 dicitur:
266 599 406 634 cibabit
439 599 539 633 illum
570 600 743 634 Dominus
769 608 865 644 pane
898 600 994 642 vitae‚
1015 601 1048 633 et
1076 600 1286 643 intellectus,
1308 603 1340 634 et
1371 610 1467 645 aqua
1501 603 1690 646 sapientia?

70 645 245 680 salutaris
268 646 411 690 potabit
443 646 559 681 illum.
591 647 642 681 De
674 645 761 691 ipsa
792 645 908 681 etiam
943 645 1137 690 sapientia
1169 646 1324 690 dicitur,
1360 648 1486 686 l‘rov„
1518 657 1576 690 111,
1612 651 1684 684 18:

70 692 225 736 Liqnum
261 694 345 728 vitae
374 695 426 727 est
457 693 512 727 his
543 693 605 738 qut
625 692 931 737 apprehenderint
961 702 1064 734 eam3
1083 696 1115 727 et
1142 695 1205 738 qui
1233 696 1385 728 tenuerit
1418 705 1507 734 cam,
1550 696 1684 730 beatus.

71 740 155 774 Non
193 739 313 784 igitur
347 739 539 785 praedictae
561 739 814 776 auctoritates
847 743 994 785 cogunt
1016 739 1145 776 dicere
1175 740 1278 786 quod
1309 745 1562 788 resurgentes
1586 742 1690 778 cibis

71 789 245 822 utantur.

120 834 196 869 Hoc
234 837 364 868 tamen
400 833 503 879 quod
542 833 787 879 propositum
818 836 879 869 est
911 832 959 869 de
990 833 1121 870 verbis
1154 834 1324 877 Domini,
1362 844 1448 881 quae
1478 834 1684 879 habentur,

70 879 218 923 Matth.,
234 887 343 921 xxvi,
362 883 490 925 potest
510 884 547 916 et
567 881 679 917 aliter
699 879 881 926 intelligi,
906 883 949 915 ut
976 880 1168 916 reseratur
1186 881 1231 916 ad
1255 881 1329 917 hoc
1357 882 1459 928 quod
1479 882 1562 927 ipse
1596 892 1686 919 cum

72 925 281 972 discipulis
300 931 389 972 post
410 928 740 964 resurrectionem
763 925 933 963 comedit
955 931 992 962 et
1011 927 1109 963 bibit
1132 936 1276 963 novum
1296 929 1454 974 quidem
1473 931 1623 973 vinum,
1646 929 1686 966 id

73 977 134 1010 est
154 982 257 1010 novo
278 973 409 1013 modo.
433 973 585 1011 scilicet
613 983 693 1011 non
719 977 882 1019 propter,
908 974 1201 1018 necessitatem,
1225 974 1294 1011 sed
1325 980 1483 1021 propter
1512 985 1686 1012 resurre-

78 1020 227 1057 ctionis
264 1020 667 1064 demonstrationem3
690 1025 727 1056 et
752 1020 859 1063 dicit,
880 1021 920 1054 in
947 1031 1056 1065 regno
1086 1022 1207 1056 Patris
1226 1023 1307 1061 mei,
1327 1023 1422 1068 quia
1451 1023 1491 1058 in
1513 1032 1686 1059 resurre-

71 1067 203 1104 ctione
230 1068 372 1104 Christi
396 1076 560 1114 regnum
582 1067 890 1104 immortalitatis
911 1066 1174 1104 demonstrari
1197 1068 1358 1113 incepit.

119 1114 230 1157 Quod
253 1123 346 1151 vero
367 1114 406 1150 in
423 1115 657 1161 Apocalypsi
680 1114 824 1150 dicitur
841 1114 888 1150 de
910 1114 1018 1150 mille
1040 1115 1170 1158 annis,
1193 1118 1230 1150 et
1249 1116 1375 1160 prima
1396 1116 1693 1153 resurrectione

71 1161 618 1208 martyrum,1ntelligendum
632 1161 811 1207 estquod
832 1161 960 1206 prima
981 1161 1218 1198 resurrectio
1239 1166 1299 1198 est
1319 1162 1553 1206 animarum,
1574 1166 1688 1208 prout

71 1216 95 1244 a
110 1208 284 1253 peccatis
304 1211 529 1254 resurgunt,
552 1208 768 1245 secundum
801 1207 898 1244 illud
918 1208 1108 1253 Apostoli,
1131 1208 1288 1254 Ephes.‚
1310 1217 1350 1252 v,
1375 1212 1417 1245 14
1445 1221 1453 1244 :
1475 1211 1640 1254 Emsurqe
1665 1220 1688 1246 a

71 1256 236 1294 mortuis,
252 1257 286 1290 et
298 1254 521 1290 illuminabit
537 1257 570 1290 te
580 1255 756 1291 Christus.
776 1256 846 1291 Per
862 1254 970 1291 mille
989 1259 1119 1292 autem
1142 1255 1377 1302 intelligitur
1393 1259 1519 1292 totum
1534 1261 1697 1303 tempus>

71 1301 268 1346 Ecclesiae,
292 1301 332 1338 in
364 1310 444 1349 quo
475 1306 668 1349 martyres
701 1305 868 1348 regnant
897 1311 986 1338 cum
1011 1302 1179 1346 Christo,
1202 1306 1239 1338 et
1271 1303 1337 1338 alii
1373 1304 1514 1348 sancti,
1536 1306 1613 1339 tam
1648 1304 1688 1340 in

70 1348 256 1394 praesenti
277 1348 464 1393 Ecclesia,
486 1358 572 1395 quae
598 1357 763 1396 regnum
787 1349 851 1384 Dei
875 1349 1030 1393 dicitur,
1054 1358 1171 1395 quam
1192 1350 1308 1386 etiam
1330 1350 1370 1386 in
1392 1350 1542 1386 coelesti
1566 1351 1691 1396 patria

72 1399 262 1441 quantum
285 1395 333 1432 ad
355 1395 509 1432 animas
531 1408 539 1431 :
562 1396 810 1432 millenarius
836 1396 941 1432 enim
964 1405 1152 1432 numerus
1170 1397 1451 1442 perfectionem
1475 1397 1688 1443 significat,

71 1442 167 1488 quia
185 1446 245 1478 est
265 1451 456 1479 numerus
476 1442 654 1487 cubicus,
675 1443 714 1479 id
733 1447 792 1479 est
806 1442 933 1489 figura
953 1443 1096 1487 solida,
1115 1447 1152 1478 et
1172 1443 1282 1480 radix
1304 1444 1389 1489 ejus
1408 1448 1467 1481 est
1486 1444 1688 1487 denarius,

72 1489 139 1535 qui
175 1489 275 1526 solet
311 1489 428 1526 etiam
465 1489 747 1535 perfectionem
781 1490 952 1537 signare.
989 1490 1052 1526 Sic
1088 1499 1182 1537 ergo
1214 1491 1470 1527 manifestum
1507 1490 1549 1526 fit
1583 1491 1688 1537 quod

70 1539 324 1583 resurgentes
346 1545 425 1573 non
439 1536 634 1573 vacabunt
652 1536 752 1573 cibis
773 1540 810 1572 et
824 1536 997 1582 potibus,
1019 1546 1146 1583 neque
1166 1538 1345 1574 venereis
1366 1538 1533 1574 actibus.

117 1584 172 1619 Ex
203 1592 282 1630 quo
314 1583 454 1620 ultimo
485 1583 619 1620 haberi
657 1587 787 1630 potest
818 1584 923 1630 quod
949 1593 1089 1620 omnes
1131 1585 1413 1630 occupationes
1447 1585 1582 1621 activae
1601 1585 1694 1622 vitae<

71 1629 300 1674 cessabunt,
321 1630 600 1676 quae-ordinari
621 1630 803 1667 videntur
822 1631 869 1666 ad
893 1639 1009 1667 usum
1029 1630 1208 1667 ciborum
1239 1635 1277 1668 et
1295 1641 1567 1676 venereorum‚
1583 1635 1621 1668 et
1640 1632 1689 1668 ad

70 1676 150 1714 alia
178 1686 265 1724 quae
289 1681 382 1714 sunt.
414 1677 640 1714 necessaria
672 1677 916 1723 corruptibili
939 1678 1039 1714 vitae.
1062 1677 1154 1714 Sola
1170 1687 1265 1725 ergo
1286 1679 1493 1724 occupatio
1514 1682 1688 1716 contem-

69 1723 226 1770 plativae
261 1724 350 1761 vitre
376 1724 418 1760 in
455 1724 755 1772 resurgentibus
787 1724 1033 1768 remanebit3
1064 1728 1223 1770 propter
1251 1725 1371 1772 quod,
1404 1727 1508 1770 Luc.‚
1551 1734 1590 1770 x,
1629 1728 1692 1770 43,

71 1771 216 1808 dicitur
234 1770 282 1807 de
310 1771 430 1808 Maria
448 1771 752 1817 contemplante,
774 1772 878 1854 guod
898 1773 1069 1817 optimam
1093 1774 1234 1817 partem
1257 1773 1374 1817 eleqtt,
1399 1783 1477 1818 quae
1497 1783 1567 1807 non
1586 1773 1690 1816 aufe-

69 1820 173 1853 retur
202 1818 247 1853 ab
263 1828 318 1854 ea.
340 1818 434 1854 Inde
454 1821 514 1855 est
542 1818 659 1854 etiam
694 1827 772 1865 quo
820 1818 975 1862 dicitur,
993 1818 1079 1864 Job,
1101 1828 1186 1864 cap.
1203 1827 1277 1863 vn,
1299 1822 1319 1855 9
1342 1831 1350 1855 ε
1373 1819 1441 1862 Qui
1471 1819 1693 1855 descenderit

70 1864 121 1900 ad
139 1865 287 1909 inferos,
307 1874 378 1900 non
396 1865 572 1906 ascendet,
593 1875 656 1900 nec
671 1868 868 1900 revertetur
887 1866 987 1900 ultra
1006 1867 1046 1900 in
1076 1865 1220 1901 domum
1242 1876 1358 1906 suam,
1379 1877 1491 1912 neque
1510 1870 1691 1910 coqnoscet

69 1921 149 1947 eum
167 1911 324 1957 amplius
344 1912 440 1948 locus
464 1912 566 1957 eJ'u33
599 1912 640 1948 in
661 1912 806 1958 quibus
825 1912 957 1949 verbis
972 1912 1089 1949 talem
1108 1913 1442 1949 resurrectionem
1461 1913 1532 1950 Job
1554 1915 1689 1959 negat,

72 1958 228 2005 qualem
262 1958 422 2005 quidam
464 1963 698 2005 posuerunt,
729 1959 905 1996 dicentes
938 1959 1044 2006 quod
1075 1963 1167 2006 post
1201 1959 1531 1997 resurrectionem
1569 1959 1689 1996 homo

72 2005 218 2042 redibit
246 2006 294 2042 ad
329 2005 483 2042 similes
515 2007 797 2052 occupationes
829 2015 929 2052 quas
960 2015 1066 2043 nunc
1104 2006 1235 2053 habet,
1274 2010 1317 2043 ut
1343 2007 1497 2044 scilicet
1524 2005 1690 2043 aedificat

71 2051 213 2089 domos
233 2055 270 2088 et
289 2051 369 2089 alia
389 2052 617 2098 hujusmodi
636 2056 815 2089 exerceat
828 2053 972 2089 officia.

677 2199 844 2240 CAPUT
870 2200 1080 2241 LXXXIV.

154 2319 255 2354 QUOD
288 2319 464 2348 CORPORA
493 2319 764 2347 RESURGENTIA
791 2319 919 2348 ERUNT
949 2319 1122 2348 EJUSDEM
1150 2319 1316 2349 NATURAE
1347 2320 1454 2349 SICUT
1482 2321 1606 2350 PRIUS.

125 2427 343 2470 Occasione
363 2430 494 2464 autem
511 2426 807 2473 praemissorum
821 2426 979 2473 quidam
1002 2427 1107 2464 circa
1125 2427 1376 2465 conditiones
1394 2429 1688 2476 resurgentium

73 2478 314 2511 erraverunt.
353 2474 454 2518 Quia
503 2474 609 2510 enim
644 2481 788 2519 corpus
824 2483 872 2510 ex
905 2474 1116 2511 contrariis
1153 2474 1418 2520 compositum
1454 2475 1608 2512 videtur
1642 2485 1689 2512 ex

71 2521 310 2558 necessitate
329 2520 544 2567 corrumpi,
573 2521 732 2557 fuerunt
763 2519 884 2566 aliqui
916 2521 982 2567 qui
1012 2521 1194 2557 dixerunt
1225 2522 1407 2558 homines
1435 2526 1688 2569 resurgentes

71 2567 302 2613 hujusmodi
323 2575 490 2613 corpora
517 2576 563 2603 ex
590 2566 800 2604 contrariis
819 2567 1040 2613 composita
1067 2576 1147 2604 non
1167 2568 1310 2605 habere
1334 2579 1344 2604 z
1365 2576 1532 2614 quorum
1566 2569 1688 2616 aliqui

14 2632 28 2641 „
43 2616 50 2630 ’·
70 2617 293 2661 posuerunt
307 2622 474 2659 corpora
498 2615 636 2650 nostra
663 2622 744 2650 non
762 2613 805 2650 in
828 2617 971 2650 natura
988 2614 1208 2659 corporalis
1228 2623 1449 2660 resurgere,
1471 2615 1541 2651 sed
1562 2619 1688 2653 trans-

17 2666 20 2670 “
70 2661 216 2698 mutari
236 2661 277 2697 in
304 2660 498 2706 spiritum,
518 2660 616 2697 moti
637 2669 685 2696 ex
712 2668 759 2696 eo
791 2660 897 2707 quod
916 2661 1131 2705 Apostolus
1150 2661 1257 2705 dicit,
1281 2661 1501 2706 1C0rinth.,
1523 2670 1592 2707 xv,
1607 2665 1654 2700 44
1676 2674 1686 2698 :

31 2744 35 2752 ,
71 2707 282 2744 seminatur
300 2717 427 2753 corpus
448 2708 618 2751 animale,
640 2709 763 2751 surqet
787 2708 991 2752 spirituale.
1009 2707 1082 2744 Alii
1100 2716 1192 2743 vero
1209 2717 1258 2744 ex
1288 2708 1426 2745 eodem
1445 2708 1564 2745 verbo
1595 2712 1689 2746 sunt

73 2754 171 2791 moti
206 2758 249 2791 ut
269 2754 444 2791 dicerent
474 2753 579 2799 quod
599 2762 766 2799 corpora
793 2757 930 2790 nostra
958 2754 997 2789 in
1018 2754 1305 2791 resurrectione
1325 2758 1439 2791 erunt
1458 2755 1632 2800 subtilia,
1651 2759 1689 2791 et

22 2839 28 2848 .
73 2801 156 2838 aeri
174 2805 212 2837 et
228 2801 354 2838 ventis
380 2800 538 2837 similia.
556 2802 653 2836 Nam
687 2803 726 2836 et
745 2800 908 2845 spiritus
927 2809 994 2837 aer
1011 2800 1166 2841 dicitur,
1189 2803 1233 2837 ut
1250 2801 1310 2838 sic
1329 2801 1548 2847 spiritualia
1573 2811 1689 2838 aerea

72 2846 361 2894 intelligantur.
380 2847 453 2884 Alii
475 2856 568 2884 vero
589 2846 770 2883 dixerunt
786 2847 891 2892 quod
920 2847 958 2883 in
989 2847 1279 2884 resurrectione
1308 2848 1448 2886 animae
1486 2852 1689 2885 resument

72 2902 241 2941 corpora
259 2903 341 2931 non
371 2893 528 2942 quidem
554 2897 725 2939 terrena,
742 2893 812 2931 sed
832 2893 1021 2935 coelestia,
1043 2895 1293 2932 occasionem
1312 2895 1550 2942 accipientes
1573 2905 1620 2931 ex
1639 2903 1686 2931 eo
