1894 3223
135 118 203 152 572
704 114 793 149 LIB.
822 113 879 157 lv,
909 113 1011 148 CAP.
1037 113 1189 148 XLVIII.

133 198 356 235 moventem
373 205 383 238 ;
401 203 489 240 quae
509 192 667 239 quidem
689 192 800 229 nulla
816 191 892 228 alia
911 201 1001 228 esse
1020 191 1149 237 potuit
1167 190 1245 229 nisi
1259 199 1371 228 amor
1384 189 1454 227 Dei
1473 188 1754 241 aid-hominem,

135 244 248 289 cujus
269 245 449 278 naturam
470 239 546 276 sibi
564 239 688 275 voluit
706 240 748 275 in
772 239 919 275 unitate
939 246 1121 284 personae
1155 237 1356 285 copulare.
1376 238 1420 274 In
1453 236 1600 288 divinis
1622 239 1755 272 autem

136 289 304 335 Spiritus
342 290 505 324 sanctus
544 289 605 323 est
649 286 717 332 qui
754 285 933 332 procedit
970 289 1014 321 ut
1060 293 1192 329 amor,
1230 287 1274 321 ut
1309 293 1430 330 supra
1481 283 1628 335 dictum
1680 286 1755 320 est.

137 334 384 373 Conveniens
404 332 524 380 igitur
542 332 616 370 fuit
634 337 677 370 ut
694 332 984 370 incarnationis
1001 341 1103 378 opus
1123 330 1284 377 Spiritui
1301 333 1439 368 sancto
1458 329 1707 367 attribuatur.
1730 375 1738 382 ·

181 381 288 418 Solet
319 380 437 417 etiam
469 379 512 416 in
542 388 658 417 sacra
688 380 890 425 Scriptura
919 379 1052 417 omnis
1084 378 1210 426 gratia
1229 377 1389 424 Spiritui
1419 380 1558 415 sancto
1579 375 1754 417 attribui,

137 429 231 476 quia
257 427 361 474 quod
393 429 515 474 gratis
548 426 664 464 datur
688 436 737 464 ex
765 435 900 463 amore
920 425 1107 463 donantis
1126 424 1281 461 videtur
1304 433 1394 461 esse
1420 424 1623 461 collatum.
1641 422 1758 460 Nulla

136 478 268 513 autem
286 473 413 520 major
447 475 508 511 est
537 473 664 521 gratia
681 472 836 511 homini
867 473 1012 510 collata
1043 480 1161 519 quam
1182 470 1289 518 quod
1309 472 1388 507 Deo
1421 471 1460 506 in
1486 479 1658 516 persona
1674 469 1771 510 uni-.

139 525 260 560 retur.
289 520 575 558 Convenienter
592 519 714 568 igitur
734 520 811 558 hoc
827 529 930 566 opus
949 519 1111 566 Spiritui
1131 521 1270 556 sancto
1283 517 1569 564 appropriatur.

770 666 938 707 CAPUT
964 665 1119 707 XLVII.

220 787 319 821 QUOD
343 786 526 815 CHRISTUS
550 785 629 815 NON
652 785 743 814 FUIT
766 785 892 814 FILIUS
917 785 1090 814 SPIRITUS
1114 783 1251 814 SANCTI
1277 784 1482 814 SECUNDUM
1505 782 1675 814 CARNEM.

188 895 374 940 Quamvis
386 896 516 930 autem
535 893 712 930 Christus
734 893 781 929 de
803 893 947 939 Spiritu
968 896 1106 930 sancto
1127 896 1165 929 et
1177 892 1333 939 Virgine
1351 896 1569 938 conceptus
1590 892 1758 938 dicatur,

140 951 221 980 non
242 944 372 988 potest
391 945 523 977 tamen
544 940 620 977 dici
639 940 806 986 Spiritus
834 945 997 977 sanctus
1030 942 1139 985 pater
1166 939 1310 977 Christi
1345 940 1565 977 secundum
1594 949 1758 987 genera-

139 989 289 1026 tionem
312 989 539 1031 humanam,
562 987 666 1025 sicut
685 988 802 1034 Virgo
824 987 968 1024 dicitur
983 989 1109 1023 mater
1128 986 1228 1033 eJus.

189 1036 357 1081 Spiritus
377 1034 481 1071 enim
502 1037 665 1072 sanctus
686 1043 766 1071 non
787 1034 972 1080 produxit
1001 1033 1218 1071 humanam
1248 1036 1428 1070 naturam
1461 1033 1500 1070 in
1532 1033 1687 1071 Christo
1713 1045 1761 1071 ex

143 1092 215 1120 sua
244 1082 478 1125 substantia,
501 1081 570 1118 sed
603 1081 690 1118 sola
718 1090 790 1118 sua
810 1081 949 1118 virtute
968 1083 1153 1127 operatus
1173 1083 1233 1118 est
1264 1080 1313 1117 ad
1341 1081 1426 1127 ejiis
1444 1081 1758 1125 productionem.

142 1131 228 1167 Non
250 1130 369 1176 igitur
388 1133 518 1174 potest
535 1128 611 1165 dici
627 1128 794 1174 Spiritus
816 1131 978 1165 sanctus
999 1132 1109 1175 pater
1129 1127 1272 1165 Christi
1303 1128 1522 1164 secundum
1543 1128 1758 1166 humanam

172 1177 456 1213 enerationem.

143 1185 168 1224 g
191 1225 302 1260 Esset
335 1223 453 1259 ctiam
485 1221 726 1259 inductivum
758 1222 798 1258 in
831 1231 1003 1258 errorem
1038 1221 1071 1258 si
1100 1221 1279 1258 Christus
1301 1221 1468 1267 Spiritus
1492 1221 1620 1259 sancti
1653 1221 1760 1259 filius

144 1270 350 1308 diceretur.
374 1268 619 1307 Manifestum
651 1273 711 1305 est
740 1268 843 1305 enim
873 1269 979 1315 quod
999 1268 1166 1305 Verbum
1198 1269 1265 1304 Dei
1295 1269 1514 1306 secundum
1550 1268 1626 1306 hoc
1644 1268 1762 1306 habet

144 1325 354 1361 personam
390 1316 614 1353 distinctam
653 1316 758 1362 quod
791 1319 850 1352 est
889 1316 1011 1353 Filius
1049 1315 1117 1353 Dei
1145 1315 1282 1353 Patris,
1312 1315 1350 1352 Si
1385 1315 1504 1362 igitur
1540 1316 1760 1353 secundum

142 1363 357 1400 humanam
376 1367 556 1400 naturam
576 1362 745 1408 Spiritus
768 1363 894 1399 sancti
916 1362 1024 1399 filius
1045 1363 1254 1406 diceretur,
1277 1362 1435 1399 daretur
1463 1362 1633 1408 intelligi
1654 1363 1761 1410 quod

145 1410 322 1447 Christus
349 1413 455 1447 esset
482 1409 560 1447 duo
581 1409 678 1452 filii;
701 1419 790 1446 nam
811 1409 979 1445 Verbum
999 1409 1067 1446 Dei
1086 1409 1254 1455 Spiritus
1275 1409 1401 1446 sancti
1433 1408 1539 1446 filius
1558 1418 1647 1446 esse
1681 1419 1758 1447 non

144 1461 286 1503 potest.
320 1459 363 1493 Et
395 1457 466 1501 sic,
496 1465 618 1503 quum
653 1455 859 1493 filiationis
891 1465 1036 1492 nomen
1069 1456 1117 1493 ad
1138 1465 1349 1501 personam
1378 1456 1585 1501 pertineat,
1610 1464 1693 1493 non
1713 1457 1762 1493 ad

144 1507 339 1547 naturam,
361 1505 592 1550 sequeretur
611 1503 717 1549 quod
737 1503 776 1539 in
797 1503 951 1547 Christo
972 1506 1106 1540 essent
1127 1503 1430 1548 duaepersonae;
1453 1503 1558 1549 quod
1574 1508 1634 1539 est
1651 1502 1763 1540 afide

144 1551 338 1587 catholica
358 1551 554 1594 alienum3
576 1550 860 1586 inconveniens
881 1551 983 1586 enim
1002 1553 1107 1587 esset
1125 1550 1393 1587 utauctoritas
1413 1550 1539 1586 Patris
1558 1553 1595 1586 et
1615 1558 1762 1587 nomen

144 1598 191 1635 ad
215 1607 424 1643 personam
453 1597 569 1634 aliam
601 1598 906 1642 transferretur3
929 1597 1034 1644 quod
1067 1597 1324 1644 contingeret,
1347 1597 1381 1635 si
1408 1596 1574 1643 Spiritus
1595 1601 1760 1635 sanctus

144 1648 253 1690 pater
269 1645 409 1681 Christi
425 1644 631 1681 diceretur.

768 1791 933 1832 CAPUT
961 1791 1136 1832 XLVIII.

404 1911 503 1944 QUOD
530 1911 607 1940 NON
628 1911 699 1940 EST
723 1911 921 1940 DICENDUM
945 1914 952 1938 :
978 1911 1162 1940 CHRISTUS
1190 1910 1261 1939 EST
1286 1911 1502 1940 GREATURA.

193 2018 361 2055 Ulterius
402 2018 519 2054 etiam
557 2018 812 2055 maniFestum
860 2020 920 2054 est
960 2017 1088 2064 quod,
1135 2017 1316 2064 quamvis
1352 2017 1528 2053 humana
1566 2020 1706 2054 natura
1741 2028 1766 2055 a

144 2065 269 2102 Verbo
299 2068 504 2111 assumpta
529 2064 581 2102 sit
600 2065 733 2111 aliqua
753 2067 944 2105 creatura,
968 2074 1047 2101 non
1069 2069 1201 2101 tamen
1221 2067 1352 2111 potest
1374 2063 1607 2110 simpliciter
1638 2072 1764 2102 enun-

145 2112 235 2149 tiari
250 2111 445 2149 Christum
464 2121 552 2150 esse
574 2116 809 2149 creaturam.

194 2159 320 2195 Creari
343 2159 446 2195 enim
467 2162 527 2196 est
555 2158 639 2196 fieri
660 2159 873 2206 quoddam.
899 2159 1027 2202 Quum
1050 2162 1181 2195 autem
1216 2157 1298 2194 fieri
1332 2158 1563 2195 terminetur
1592 2159 1637 2196 ad
1673 2167 1764 2196 esse

146 2206 391 2251 simpliciter,
410 2205 495 2252 ejus
528 2208 589 2243 est
620 2205 708 2259 fieri
732 2207 835 2253 quod
870 2206 987 2242 habet
1007 2214 1096 2242 esse
1117 2205 1357 2245 subsistens,
1379 2209 1416 2242 et
1451 2205 1681 2252 hujusmodi
1702 2209 1764 2244 est

113 2259 116 2261 ’
144 2252 389 2290 individuum
426 2253 663 2299 completum
698 2263 736 2289 in
769 2262 912 2301 genere
950 2252 1206 2297 substantiae3
1241 2252 1347 2299 quod
1365 2252 1524 2299 quidem
1553 2253 1592 2289 in
1623 2256 1789 2290 natura·

143 2300 399 2337 intellectuali
422 2300 563 2337 dicitur
595 2309 767 2346 persona
797 2303 863 2337 aut
897 2300 1014 2337 etiam
1046 2299 1290 2347 hypostasis.
1312 2301 1462 2337 Formae
1482 2309 1575 2336 vero
1596 2304 1634 2337 et
1659 2300 1762 2337 acci-

145 2347 277 2384 dentia
310 2351 347 2383 et
380 2347 498 2384 etiam
518 2351 649 2393 partes
670 2357 751 2384 non
772 2347 956 2384 dicuntur
973 2346 1056 2384 fieri
1086 2347 1163 2384 nisi
1200 2347 1417 2384 secundum
1449 2347 1557 2394 quid,
1580 2356 1701 2394 quum
1724 2350 1764 2383 ct
1786 2354 1789 2356 ·

144 2403 231 2431 esse
266 2403 345 2431 11011
375 2393 546 2431 habeant
571 2394 611 2431 in
632 2404 675 2432 se
706 2395 943 2439 subsistens,
967 2394 1034 2431 sed
1057 2394 1280 2431 subsistant
1300 2394 1340 2430 in
1371 2394 1474 2438 ali0;
1497 2394 1614 2439 unde,
1636 2403 1762 2440 quum

144 2441 287 2487 aliquis
322 2441 365 2478 fit
394 2441 522 2486 albus,
557 2450 637 2479 non
676 2442 818 2479 dicitur
847 2441 930 2478 fieri
965 2441 1209 2487 simpliciter„
1243 2441 1313 2478 sed
1345 2440 1563 2478 secundum
1591 2441 1697 2488 quid.
1720 2442 1766 2477 In

144 2488 299 2526 Christo
320 2492 450 2525 autem
469 2497 550 2526 non
565 2491 626 2527 est
643 2489 721 2526 alia
739 2488 967 2536 hypostasis
987 2489 1048 2525 vel
1068 2497 1240 2534 persona
1261 2488 1340 2525 nisi
1358 2488 1469 2524 Verbi
1492 2488 1573 2531 Dei,
1596 2498 1684 2536 quae
1704 2490 1768 2525 est

144 2534 332 2581 increata,
353 2539 395 2573 ut
423 2545 470 2572 ex
502 2536 719 2583 praemissis
750 2537 1006 2573 manifestum
1036 2539 1108 2573 est.
1131 2537 1217 2572 Non
1242 2535 1364 2582 igitur
1383 2535 1614 2580 simpliciter
1632 2538 1764 2581 potest

145 2583 341 2620 enuntiari
393 2583 497 2630 quod
547 2583 723 2621 Christus
769 2584 820 2621 sit
868 2587 1072 2627 creatura,
1116 2582 1208 2620 licet
1250 2591 1341 2620 cum
1389 2581 1587 2619 additione
1633 2581 1762 2628 possit

145 2628 217 2664 lior¹
243 2629 334 2673 dici⁷
355 2634 397 2667 ut
415 2630 568 2668 dicatur
592 2634 773 2669 creatura
792 2631 1011 2668 secundum
1035 2629 1142 2677 quod
1163 2630 1282 2667 homo
1302 2629 1363 2667 vel
1385 2629 1604 2666 secundum
1622 2628 1764 2668 huma-

146 2684 234 2711 nam
256 2680 451 2714 naturam.

190 2722 293 2774 Licet
322 2728 452 2761 antem
473 2724 521 2762 de
550 2724 743 2772 subjecto,
765 2725 870 2772 quod
905 2728 964 2762 est
984 2724 1233 2762 individuum
1263 2724 1305 2761 in
1335 2733 1480 2771 genere
1513 2721 1760 2773 substantiae,

144 2777 221 2804 non
245 2770 477 2815 simpliciter
496 2771 649 2809 dicatur
665 2771 749 2809 fieri
768 2772 872 2815 Quod
907 2775 967 2809 est
996 2771 1195 2818 proprium
1229 2770 1329 2818 ejus,
1350 2775 1508 2817 propter
1539 2768 1758 2806 accidentia

143 2820 200 2851 vei
225 2819 367 2860 partes,
391 2818 460 2853 scd
483 2818 613 2856 solum
645 2819 864 2856 secundum
886 2818 993 2865 quid,
1020 2821 1152 2855 tamen
1172 2817 1402 2864 simpliciter
1419 2815 1684 2863 praedicantur
1713 2814 1762 2852 de
1792 2849 1795 2853 .

143 2863 320 2907 subJecto
339 2873 597 2911 quaecumque
619 2870 919 2913 consequuntur
939 2866 1170 2904 naturaliter
1185 2865 1234 2902 ad
1251 2864 1466 2903 accidentia
1482 2863 1541 2900 vel
1561 2862 1609 2900 ad
1626 2864 1762 2910 partes
