1894 3223
120 125 187 159 392
700 121 787 155 LIB.
816 120 880 163 111,
909 120 1009 155 CAP.
1036 121 1170 156 XCVII.

78 236 81 237 γ
167 203 303 239 Valent
323 201 443 245 igitur
461 199 662 236 orationes
683 208 765 236 non
783 199 897 245 quasi
920 199 1099 236 ordinem
1121 203 1275 239 aeternae
1302 202 1581 248 dispositionis
1599 201 1744 239 immu-

119 254 262 292 tantes,
285 248 353 283 sed
376 247 487 292 quasi
511 246 585 282 sub
606 245 673 282 tali
693 245 831 282 ordine
850 250 886 282 et
907 245 1003 291 ipsae
1025 248 1254 285 existentes.
1277 249 1381 285 Nihil
1404 253 1534 285 autem
1558 249 1743 295 prohibet

120 305 189 342 per
210 294 432 330 orationum
455 292 672 329 efficaciam
694 293 866 339 aliquem
889 293 1165 338 particularem
1188 295 1367 332 ordinem
1389 296 1558 342 aliqu'us
1581 296 1740 332 inferio-

125 343 179 378 ris
204 349 333 376 causae
352 339 567 384 immutari,
589 340 669 376 Deo
687 339 869 391 faciente,
889 340 958 392 qui
975 349 1114 378 omnes
1135 343 1432 389 supergreditur
1452 351 1608 380 causas.
1636 342 1745 379 Unde

121 388 194 424 suh
217 386 326 422 nulla
347 386 585 423 necessitate
603 386 756 423 ordinis
778 386 949 432 ancujus
970 397 1101 425 causae
1133 389 1371 433 continetur,
1390 389 1459 427 sed
1493 400 1512 426 e
1548 398 1746 427 converso

122 434 253 471 omnis
275 433 495 470 necessitas
516 432 669 470 ordinis
690 433 894 470 inferioris
914 443 1045 471 causae
1063 435 1289 472 continetur
1320 436 1394 473 sub
1425 436 1514 483 ipso
1546 436 1662 483 quasi
1693 436 1742 473 ab

121 490 167 517 eo
190 480 410 516 institutus.
432 482 473 516 In
493 483 683 525 quantum
699 488 793 527 ergo
807 489 877 526 per
890 481 1109 518 orationem
1127 482 1357 519 immutatur
1371 483 1519 530 aliquid
1536 484 1582 520 de
1600 483 1739 520 ordine

121 527 355 564 inferiorum
382 535 591 564 causarum
621 527 804 564 instituto
832 536 853 564 a
886 528 965 564 Deo
996 532 1155 574 propter
1186 530 1386 566 orationes
1408 532 1578 576 piorum,
1600 530 1746 567 dicitur

121 575 225 610 Deus
246 574 435 617 converti,
457 574 517 610 vel
536 574 740 619 poenitere,
763 583 840 611 non
877 575 982 620 quod
1017 579 1162 611 aeterna
1191 576 1277 622 ejus
1312 577 1523 622 dispositio
1556 581 1742 621 mutetur,

122 621 191 657 sed
217 621 309 666 quia
330 624 505 657 mutatur
523 621 669 667 aliquis
693 620 778 666 ejus
799 619 977 658 effectus.
1001 621 1105 659 Unde
1127 625 1166 659 et
1185 623 1396 669 Gregorius
1418 624 1512 660 dicit
1536 624 1642 670 quod
1663 633 1744 660 non

121 670 246 704 mutat
267 668 370 703 Deus
392 667 623 707 consilium,
647 668 720 704 etsi
742 667 979 714 quandoque
1001 672 1126 706 mutet
1160 670 1412 713 sententiam,
1435 679 1515 707 non
1549 672 1587 706 in
1618 680 1745 718 quan-

120 718 204 750 tum
225 714 334 750 illam
354 723 440 760 quae
461 715 645 760 exprimit
681 714 985 760 dispositionem
1018 719 1219 760 aeternam‚
1253 716 1323 753 sed
1355 717 1464 753 iliam
1507 718 1745 754 sententiam

123 769 210 807 quae
232 761 413 806 exprimit
442 761 621 798 ordinem
643 761 876 799 inferiorum
913 772 1138 807 causarum,
1162 763 1381 800 secundum
1409 773 1527 809 quam
1559 764 1746 801 Ezechias

123 811 205 844 erat
228 808 459 852 moriturus,
482 808 542 845 vel
564 817 663 855 gens
685 808 818 856 aliqua
836 819 907 855 pro
925 810 1098 855 peccatis
1120 810 1205 847 suis
1237 810 1452 857 punienda.
1477 809 1583 847 Talis
1614 814 1747 847 autem

125 854 332 891 sententiae
353 855 575 892 immutatio
594 855 738 892 dicitur
758 857 1068 902 transsumptiva
1088 856 1290 894 locutione
1310 857 1553 903 poenitentia,
1569 857 1610 893 in
1626 866 1748 904 quan-

122 905 203 938 tum
227 902 330 938 Deus
349 902 397 939 ad
419 902 718 939 similitudinem
747 904 977 948 poenitentis
1007 912 1049 941 se
1071 903 1202 946 hahet,
1225 903 1339 951 cujus
1369 907 1430 941 est
1461 908 1612 941 mutare
1640 904 1747 951 quod

123 948 286 992 fecerat3
309 957 378 994 per
399 958 515 995 quem
536 949 698 995 modum
719 949 863 988 dicitur
883 951 1001 988 etiarn
1035 951 1303 998 metaphorice
1324 951 1457 997 irasci,
1479 951 1521 988 in
1553 955 1747 999 quantum

123 995 326 1041 puniendo
349 995 442 1032 facit
459 996 669 1034 irascentis
690 996 889 1036 effectum.

758 1141 926 1185 CAPUT
962 1144 1119 1186 XCVII.

360 1263 541 1298 QUOMODO
567 1263 781 1293 DISPOSITIO
811 1264 1083 1293 PROVIDENTIAE
1109 1264 1267 1293 HABEAT
1290 1264 1502 1294 RATIONEM.

173 1373 225 1409 Ex
248 1372 313 1409 his
331 1375 461 1408 autem
483 1380 570 1418 quae
599 1371 806 1417 praemissa
827 1375 920 1408 sunt
944 1371 1154 1410 manifeste
1174 1372 1296 1409 videri
1314 1377 1444 1419 potest
1462 1374 1566 1419 quod
1591 1383 1637 1411 ea
1657 1384 1747 1421 quae

125 1423 217 1457 suut
238 1428 306 1464 per
325 1418 496 1455 divinam
520 1417 808 1464 providentiam
831 1418 1076 1464 dispensata,
1095 1422 1317 1465 sequuntur
1338 1419 1511 1466 aliquam
1534 1421 1745 1459 rationem.

126 1467 338 1503 ostensum
360 1468 420 1502 est
440 1465 545 1501 enim
567 1463 668 1511 (cap.
689 1464 748 1512 91)
769 1464 875 1511 quod
905 1467 1010 1502 Deus
1041 1474 1111 1512 per
1146 1474 1259 1502 suam
1293 1466 1581 1512 providentiam
1611 1469 1748 1505 omnia

125 1513 281 1549 ordinat
300 1512 342 1548 in
367 1511 540 1549 divinam
561 1511 779 1549 bonitatem
805 1511 910 1549 sicut
929 1512 970 1549 in
990 1511 1131 1557 fiuem3
1152 1521 1231 1550 non
1253 1516 1384 1550 autem
1405 1513 1480 1550 hoc
1500 1514 1620 1551 modo
1639 1515 1747 1562 quod

125 1569 207 1596 suae
228 1559 395 1596 bonitati
416 1558 566 1606 aliquid
587 1567 659 1605 per
676 1567 722 1595 ea
755 1568 842 1606 quae
859 1558 972 1601 fiunt,
999 1563 1213 1604 accrescat,
1237 1560 1307 1597 sed
1340 1564 1382 1597 ut
1418 1561 1641 1598 similitudo
1663 1571 1745 1599 suae

122 1606 328 1650 bonitatis,
349 1609 539 1652 quantum
560 1605 753 1652 possibile
770 1609 844 1651 est,
869 1606 1120 1652 imprimatur
1137 1607 1179 1644 in
1196 1607 1331 1652 rebus,
1353 1608 1454 1651 Quia
1472 1617 1565 1645 vero
1584 1617 1744 1646 omnem

124 1657 295 1690 creatam
319 1653 583 1690 substantiam
605 1662 627 1689 a
645 1653 886 1698 perfectione
908 1653 1051 1691 divinae
1070 1653 1261 1691 bonitatis
1293 1654 1457 1691 deficere
1478 1664 1644 1693 necesse
1667 1660 1743 1701 est,

124 1704 166 1736 ut
186 1700 399 1746 perfectius
418 1700 560 1737 divinae
579 1699 771 1737 honitatis
790 1700 1011 1738 similitudo
1033 1701 1151 1738 rebus
1172 1702 1546 1747 communicaretur,
1570 1703 1747 1748 oportuit

124 1756 212 1784 esse
235 1747 501 1784 diversitatem
523 1747 563 1783 in
584 1747 717 1792 rebus,
736 1751 779 1784 ut
799 1748 905 1794 quod
926 1748 1097 1794 perfecte
1119 1748 1167 1785 ab
1188 1757 1269 1786 uno
1303 1749 1437 1795 aliquo
1469 1750 1744 1795 repraesentari

123 1803 204 1830 non
237 1797 366 1839 potest
395 1802 466 1841 per
485 1793 640 1831 diversa
660 1794 924 1832 diversimode
952 1795 1177 1841 perfectiori
1213 1795 1332 1832 modo
1362 1799 1741 1841 repraesentaretur:

123 1849 215 1877 nam
232 1844 269 1876 et
289 1841 424 1886 homo,
443 1850 532 1878 cum
553 1841 698 1878 mentis
719 1845 954 1887 conceptum
974 1850 1055 1879 uno
1084 1842 1212 1879 vocali
1232 1842 1352 1880 verbo
1379 1842 1484 1879 videt
1499 1843 1744 1880 sufficienter

123 1887 289 1933 exprimi
311 1896 391 1924 non
411 1896 545 1933 posse,
566 1887 686 1925 verba
717 1888 981 1925 diversimode
1010 1889 1244 1935 multiplicat
1277 1889 1325 1926 ad
1357 1889 1653 1935 exprimendam
1674 1899 1746 1936 per

123 1934 281 1971 diversa
301 1942 383 1971 suae
400 1934 546 1971 mentis
567 1935 882 1980 conceptionem.
904 1937 948 1971 Et
980 1935 1020 1971 in
1055 1935 1130 1973 hoc
1163 1936 1281 1973 etiam
1312 1935 1454 1973 divinae
1485 1936 1745 1983 perfectionis

123 1980 340 2017 eminentia
359 1980 604 2018 considerari
625 1985 768 2027 potest,
790 1982 895 2029 quod
915 1982 1089 2028 perfecta
1107 1982 1281 2027 bonitas,
1297 1992 1384 2030 quae
1406 1983 1446 2019 in
1465 1984 1545 2020 Deo
1561 1984 1745 2022 estunite

123 2031 159 2064 et
178 2027 425 2073 simpliciter,
446 2027 486 2064 in
504 2028 697 2065 creaturis
713 2037 800 2065 esse
823 2037 902 2065 non
921 2032 1050 2075 potest
1080 2029 1158 2067 nisi
1186 2029 1406 2067 secundum
1433 2029 1594 2067 modum
1617 2030 1743 2068 diver-

123 2083 227 2118 sum,
249 2077 287 2111 et
305 2083 374 2121 per
384 2074 511 2120 plura.
537 2076 612 2112 Res
633 2079 763 2112 autem
784 2075 939 2121 perhoc
960 2076 1125 2114 diversae
1146 2079 1253 2122 sunt,
1274 2077 1381 2124 quod
1418 2076 1567 2114 formas
1596 2077 1746 2116 habent

123 2121 315 2166 diversas,
337 2131 359 2158 a
378 2120 523 2167 quibus
542 2122 715 2168 speciem
742 2123 978 2159 sortiuntur.
1012 2123 1075 2162 Sic
1108 2124 1231 2171 igitur
1261 2133 1310 2160 ex
1340 2123 1418 2160 fine
1452 2124 1623 2162 sumitur
1641 2125 1742 2162 ratio

124 2168 365 2205 diversitatis
386 2168 602 2206 formarum
620 2169 662 2206 in
683 2168 816 2207 rebus.

169 2217 219 2251 Ex
241 2215 465 2252 diversitate
486 2219 617 2253 autem
638 2216 854 2254 formarum
875 2217 1048 2254 sumitur
1066 2217 1167 2256 ratio
1189 2217 1342 2255 ordinis
1360 2227 1505 2255 rerum.
1520 2219 1616 2256 Cum
1635 2227 1743 2257 enim

121 2261 248 2299 fornia
268 2262 321 2299 sit
342 2262 562 2300 secundum
583 2271 701 2311 quam
718 2272 782 2302 res
800 2263 919 2302 habet
937 2273 1046 2310 esse3
1069 2272 1133 2302 res
1148 2268 1279 2302 autem
1301 2264 1499 2312 quaelibet,
1520 2266 1742 2304 secundum

121 2309 226 2355 quod
248 2309 366 2346 habet
386 2318 489 2355 esse,
509 2309 672 2348 accedat
690 2310 737 2348 ad
755 2311 1058 2349 similitudinem
1077 2311 1160 2357 Dei,
1182 2312 1249 2360 qui
1271 2316 1330 2349 est
1359 2312 1491 2357 ipsum
1512 2321 1630 2350 suum
1651 2321 1742 2351 esse

120 2355 312 2401 simplex,
334 2365 499 2395 necesse
515 2361 576 2394 est
595 2358 701 2404 quod
722 2358 850 2395 forma
869 2358 970 2395 nihil
992 2359 1044 2396 sit
1074 2358 1182 2396 aliud
1213 2368 1332 2406 quam
1365 2359 1499 2396 divina
1519 2359 1741 2398 similitudo

119 2403 353 2450 participata
373 2403 415 2440 in
435 2403 568 2442 rebus.
591 2405 699 2442 Unde
720 2405 1002 2443 convenienter
1018 2405 1250 2444 Aristoteles
1271 2406 1313 2443 in
1338 2406 1467 2452 primo
1486 2406 1599 2452 Phys.
1630 2406 1738 2454 (text.

120 2458 264 2487 comm.
284 2450 356 2497 81),
375 2450 421 2488 de
442 2451 570 2489 forma
596 2451 780 2500 loquens,
799 2452 894 2490 dicit
915 2452 1021 2500 quod
1048 2456 1110 2491 est
1127 2452 1306 2490 divinum
1327 2453 1542 2501 quoddam,
1564 2457 1602 2491 et
1627 2463 1741 2501 appe·

120 2496 244 2534 tibile.
267 2497 494 2536 Similitudo
516 2501 648 2536 autem
668 2498 717 2537 ad
735 2508 859 2537 unum
894 2500 1064 2546 simplex
1095 2500 1361 2546 considerata,
1379 2500 1636 2539 diversificari
1657 2509 1740 2538 non

121 2547 252 2588 potest
268 2544 347 2582 nisi
366 2544 586 2583 secundum
608 2546 714 2593 quod
732 2546 861 2593 magis
878 2547 940 2584 vel
961 2548 1096 2585 minus
1117 2547 1338 2585 similitudo
1354 2550 1416 2585 est
1426 2547 1661 2599 propinqua,
1676 2546 1738 2584 vel

120 2594 286 2628 remota.
317 2592 473 2636 Quanto
511 2596 643 2631 autem
676 2593 826 2640 aliquid
849 2594 989 2640 propin
1022 2594 1114 2631 uius
1144 2594 1193 2632 ad
1219 2593 1394 2632 divinam
1433 2594 1736 2632 similitudmem

117 2637 282 2688 accedit,
306 2638 444 2686 (tanto)
465 2639 680 2686 perfectius
700 2644 761 2678 est
781 2652 791 2678 :
809 2641 914 2678 unde
934 2641 976 2678 in
1017 2641 1141 2679 ormis
1161 2640 1385 2680 differentia
1404 2650 1493 2679 esse
1509 2649 1589 2677 non
1607 2644 1738 2687 potest

118 2691 196 2719 nisi
217 2686 436 2736 secundum
454 2686 561 2733 quod
580 2695 661 2724 una
679 2687 892 2734 perfectior
910 2688 1044 2726 existit
1063 2697 1182 2736 quam
1202 2689 1281 2726 alia
1299 2701 1312 2724 .-
1332 2691 1492 2736 propter
1507 2686 1612 2734 quod
1629 2688 1735 2725 Aris-

117 2729 260 2766 toteles
291 2739 331 2766 1n
353 2736 491 2770 octavo
513 2734 673 2780 Metapa.
694 2734 802 2782 (text.
821 2743 966 2773 comm.
989 2735 1047 2783 10)
1081 2735 1348 2780 definitiones,
1368 2744 1438 2781 per
1469 2743 1568 2786 quas
1595 2738 1740 2786 natura

119 2785 250 2813 rerum
266 2780 304 2813 et
318 2777 454 2816 formae
469 2780 502 2817 si
536 2780 962 2826 nificantur,assimilat
978 2783 1221 2829 numeris,in
1236 2782 1381 2830 quibus
1396 2790 1550 2828 species
1562 2785 1736 2818 variatur

116 2832 185 2876 per
200 2823 442 2876 additionem
463 2789 532 2878 ve?
543 2827 876 2880 substractionem
896 2830 1074 2875 unitatis,
1091 2833 1134 2867 ut
1153 2839 1201 2867 ex
1220 2829 1296 2867 hoc
1310 2828 1606 2881 deturintelligi
1628 2829 1736 2881 quo-d

117 2872 333 2909 formarum
355 2871 563 2911 diversitas
581 2873 781 2914 diversum
812 2876 978 2926 gradum
1003 2876 1265 2916 perfeetionis
1295 2878 1471 2922 requirit.
1500 2876 1543 2912 Et
1557 2875 1632 2913 hoc
1654 2885 1734 2913 evi·
