1838 3227
0 0 234 60 ww
307 0 310 2 ’

55 43 76 66 ν’,
112 38 137 57 *2⁸
163 45 169 59 a
244 37 246 41 ’

387 166 524 201 BERN.
553 165 710 201 MARIAE
738 165 796 201 DE
823 165 987 201 RUBElS
1015 165 1329 202 DlSSERTATlO.
1597 166 1669 202 XXI

49 265 165 317 quod
203 263 362 304 lumine
393 263 574 302 naturali
607 263 722 303 nosci
758 263 808 302 de
841 265 926 303 Deo
966 264 1118 316 potest)
1148 263 1395 315 manifestum
1432 269 1487 303 est
1520 264 1559 302 in
1595 265 1670 304 illis

48 328 312 381 (Gentilibus)
330 342 340 378 ;
357 327 459 368 Deus
472 328 573 367 enim
588 327 664 366 illis
677 327 942 379 manifestavit
964 343 1000 367 ».
1025 329 1113 374 Quo
1129 329 1199 367 fiat
1214 329 1339 367 modo
1358 328 1561 367 naturalis
1579 329 1671 369 haeo

51 393 333 433 manifestatio
362 392 618 440 edisseritur,
636 391 755 440 ibid.‚
779 393 858 430 20:
881 392 1130 432 «Invisibilia
1154 393 1254 432 enim
1280 392 1412 445 ipsius,
1440 404 1465 432 α
1491 399 1673 433 creatura

50 458 197 506 mundi,
219 470 292 510 per
320 469 364 496 ea
386 468 469 509 quae
496 456 606 507 facta
636 461 739 503 sunt,
763 456 955 495 intellecta
989 456 1290 508 conspiciuntur,
1314 456 1548 508 sempiterna
1575 469 1670 509 quo—

50 534 124 575 que
141 522 224 574 ejus
242 521 365 561 virtus
382 526 419 560 et
438 520 620 559 divinitas
640 534 678 558 n.
702 521 944 560 Naturalem
979 520 1053 559 Dei
1087 520 1369 571 cognitionem
1404 521 1528 561 docet
1546 521 1672 571 Apos-

52 587 177 635 tolus,
196 586 400 638 originem
434 597 599 625 sumerc
636 598 655 621 ι(
676 596 700 623 α
726 590 908 623 creatura
938 584 1128 631 mundi»,
1150 585 1213 624 vel
1247 598 1355 636 «per
1385 597 1431 624 ea
1459 597 1544 638 qzcae
1562 585 1672 636 facta

51 657 141 691 sunt
160 667 200 700 »,
222 655 431 702 quatenus
462 661 604 689 rerum
634 649 899 689 conditarum
928 649 1136 697 notiones,
1155 653 1228 687 aut
1260 649 1566 699 perceptiones,
1600 654 1674 690 aut

50 716 172 764 ideae,
193 727 288 766 qute
308 714 540 754 ministerio
560 725 774 760 sensuum,
798 726 845 753 ac
866 713 1017 753 mentis
1037 713 1261 753 reflexione
1281 715 1324 752 in
1341 715 1536 764 seipsam,
1561 726 1673 755 com-

51 785 209 831 paratae
231 779 353 820 nohis
373 779 531 827 insunt,
554 790 639 819 non
657 779 783 818 modo
804 790 868 817 res
895 778 1004 827 ipsas
1038 778 1228 817 conditas
1261 782 1578 829 repraesentant,
1598 780 1672 820 sed

54 849 242 885 mentem
264 856 434 895 quoque
456 844 639 883 excitant
661 847 707 882 ut
727 843 769 881 in
794 842 988 881 notitiam
1009 846 1195 894 assurgat
1216 843 1440 882 Creatoris.

107 909 244 948 Genus
276 909 454 948 alterum
476 907 693 946 diuinorum
716 906 1031 958 intelliyz'bz'lz'um,
1053 917 1148 957 quae
1169 906 1341 946 omnino
1362 907 1446 946 vim
1475 908 1673 949 humanae

54 978 128 1013 aut
149 976 298 1012 creatae
322 972 472 1012 mentis
492 973 714 1019 excedunt,
738 971 863 1011 verba
884 971 1070 1021 Apostoli
1097 971 1301 1021 indicant,
1323 972 1367 1011 in
1387 973 1601 1023 Epistolal
1621 975 1672 1014 ad

53 1037 304 1085 Corinthios,
339 1037 475 1087 capite
506 1047 547 1084 11,
570 1038 593 1074 7
616 1039 658 1075 et
683 1037 720 1075 9.
749 1051 767 1073 «
799 1035 1019 1087 Loquemur
1038 1035 1114 1074 Dei
1138 1035 1384 1088 Sapientiam
1408 1037 1673 1089 (Trinitatem

54 1112 344 1152 personarum,
367 1101 702 1139 Incarnationem
735 1101 825 1139 Filii
846 1100 935 1147 Dei,
956 1102 1090 1140 Deum
1110 1101 1339 1141 videndum
1364 1103 1408 1141 in
1428 1103 1570 1142 futura
1590 1104 1674 1143 vita

51 1165 162 1205 sicut
180 1165 260 1216 est)
274 1178 285 1214 ;
299 1164 486 1216 scriptum
505 1169 561 1203 est
579 1165 678 1203 enim
694 1163 826 1215 (Isaiae
843 1165 978 1214 capite
991 1176 1097 1214 LXIV,
1111 1165 1152 1217 4)
1169 1179 1187 1203 «
1203 1165 1307 1218 quod
1318 1167 1448 1205 oculus
1466 1180 1542 1206 non
1558 1167 1671 1215 vidit,

54 1244 76 1264 «
95 1241 163 1268 nec
182 1227 288 1267 auris
308 1227 472 1277 audivit,
493 1240 560 1267 nec
580 1228 619 1266 in
639 1240 705 1266 cor
725 1227 887 1267 hominis
908 1229 1093 1277 ascendit,
1119 1242 1204 1281 quae
1227 1232 1472 1283 praeparavit
1496 1231 1600 1272 Deus
1627 1233 1675 1273 iis

55 1309 76 1330 «
90 1294 160 1347 qui
169 1293 335 1346 diliqunt
348 1293 457 1332 illum
466 1307 484 1330 »
495 1294 608 1332 ‚Haec
619 1305 732 1342 vero,
743 1293 843 1333 ibid.
854 1295 918 1341 ,10
933 1307 942 1333 ;
956 1293 1077 1333 Nobis
1088 1295 1274 1335 revelavit
1284 1295 1467 1349 Deusper
1477 1296 1673 1349 Spiritum

51 1370 176 1396 suum.
197 1358 277 1397 Cur
296 1369 370 1408 per
388 1357 589 1408 Spiritum
606 1369 730 1396 suum
744 1357 763 1396 ‘2
784 1356 959 1410 Spiritus
978 1359 1078 1397 enim
1094 1365 1309 1409 scrutatur,
1330 1362 1447 1401 etiam
1470 1360 1672 1413 profunda

52 1421 140 1462 Dei.
157 1423 255 1462 Haec
269 1422 396 1474 igitur
409 1422 618 1472 profunda
640 1422 714 1463 Dei
740 1422 906 1461 nonnisi
922 1422 1100 1473 Spiritus
1119 1424 1209 1474 ejus
1229 1425 1498 1465 manifestare
1514 1430 1670 1477 potest.

52 1487 324 1538 Aptissimum
339 1487 481 1537 accipe
499 1487 755 1536 exemplum,
766 1486 884 1536 ibid.‚
899 1488 944 1526 ,11
959 1500 969 1526 :
984 1487 1074 1536 Quis
1085 1488 1184 1527 enim
1195 1488 1390 1528 homimem
1403 1491 1475 1529 scit
1487 1503 1572 1543 quae
1584 1497 1674 1530 szmt

47 1549 231 1599 hominis,
246 1550 322 1589 nisi
337 1550 496 1602 spiritus
510 1549 687 1598 hominis,
704 1551 774 1602 qui
790 1551 829 1588 in
848 1564 889 1589 eo
905 1557 959 1589 est
970 1550 992 1591 ?
1004 1551 1068 1591 Ita
1081 1558 1118 1591 ec
1131 1565 1216 1604 qum
1228 1552 1403 1593 Deisurzt
1415 1566 1523 1593 nemo
1538 1567 1673 1607 cayno-

54 1616 124 1662 vit,
147 1615 223 1654 nisi
239 1615 414 1667 Spiritus
434 1614 519 1653 Dei.
541 1615 708 1653 Secreta
730 1615 866 1653 cordis
886 1615 1076 1665 humani,
1097 1617 1263 1656 nonnisi
1276 1617 1350 1657 abs
1366 1619 1514 1668 spiritu
1533 1620 1670 1660 homi-

53 1680 131 1728 nis,
155 1680 226 1731 qui
259 1680 374 1718 novit
405 1691 468 1727 ea,
492 1679 824 1718 manifestantur.
848 1680 900 1718 At
921 1679 1123 1731 profunda
1148 1680 1236 1730 Dei,
1258 1693 1345 1721 non
1364 1683 1500 1722 solum
1521 1696 1673 1725 arcana

52 1744 279 1783 voluntatis
300 1744 390 1794 ejus
408 1743 539 1783 libera
559 1744 742 1791 decreta,
765 1755 910 1783 verum
951 1745 1077 1785 etiam
1113 1746 1202 1795 ipsa
1234 1747 1309 1785 Dei
1340 1751 1491 1787 natura
1512 1753 1553 1787 et
1581 1750 1673 1800 ejus

53 1809 267 1857 attributa,
291 1808 529 1860 cujusmodi
546 1811 644 1847 sunt
662 1808 706 1846 111
723 1819 783 1858 se,
805 1808 837 1847 si
869 1813 1168 1859 comparentur
1187 1811 1239 1849 ad
1258 1812 1496 1852 naturalem
1517 1817 1670 1853 creatae

50 1873 204 1913 mentis
231 1873 515 1924 cognitionem
535 1883 631 1922 quae
652 1872 836 1911 sumitur
853 1884 904 1911 ex
922 1872 971 1912 iis
988 1885 1083 1923 quae
1106 1874 1217 1913 facta
1237 1878 1351 1924 sunt,
1367 1875 1478 1915 inter
1511 1882 1671 1917 secreta

55 1937 290 1988 computari
311 1937 482 1986 debent,
499 1948 594 1987 quae
608 1937 774 1976 nonnisi
796 1949 818 1976 a
834 1938 990 1988 Spiritu
1005 1939 1096 1988 Dei,
1113 1939 1185 1990 qui
1205 1940 1320 1980 novit
1334 1952 1399 1989 ea,
1415 1942 1669 1982 manifestari

48 2013 103 2041 >ac
121 2002 296 2042 revelari
314 2005 501 2052 possunt.

107 2065 158 2104 II.
179 2066 341 2104 Dantur
362 2077 460 2117 ergo
481 2065 689 2115 profunda
711 2066 800 2114 Dei,
821 2067 973 2107 dantur
1003 2068 1199 2109 veritates
1219 2070 1271 2108 ad
1302 2071 1437 2110 Deum
1458 2071 1670 2121 pertinen-

51 2133 134 2179 tes,
155 2141 259 2181 quas
276 2130 428 2169 nativae
451 2134 689 2170 creatarum
710 2132 918 2171 mentium
933 2132 1039 2173 vires
1058 2132 1264 2184 attingere
1280 2145 1367 2173 non
1383 2135 1537 2174 valent.
1555 2136 1669 2186 Opus

51 2197 114 2234 est
141 2194 394 2234 revelatione
427 2194 603 2244 Spiritus
631 2196 720 2235 Dei.
744 2197 852 2235 Num
885 2198 976 2237 haec
1023 2202 1229 2249 repugnet
1265 2199 1404 2238 divina
1438 2200 1634 2240 revelatio
1650 2199 1671 2239 ἱ)

51 2258 146 2308 Ipsa
165 2269 239 2309 per
258 2270 348 2298 sese
380 2262 567 2308 spectata
597 2262 977 2303 contradictionem
1008 2262 1196 2310 involvit,
1219 2262 1472 2314 exhibetque
1491 2265 1670 2303 nullam.

51 2323 196 2373 Neque
224 2326 429 2372 praeterea
462 2324 839 2366 contradictorium
872 2330 946 2367 aut
973 2326 1232 2376 impossibile
1262 2331 1325 2367 est
1343 2328 1519 2378 produci
1540 2340 1562 2367 a
1583 2331 1670 2369 Deo

52 2396 178 2426 sonos
195 2386 240 2425 in
259 2398 369 2436 aere,
391 2391 464 2426 aut
491 2392 631 2428 motus
649 2389 694 2428 in
726 2400 884 2442 organo
904 2390 1072 2430 auditus
1113 2391 1299 2440 excitari,
1321 2396 1395 2431 aut
1415 2393 1530 2444 signa
1552 2405 1669 2442 quae-

44 2450 151 2489 ·dam
171 2449 252 2489 alia
286 2450 580 2500 conspicienda
611 2453 804 2502 praeberi,
827 2458 900 2493 aut
928 2454 1113 2504 imprimi
1134 2456 1424 2505 perceptiones
1442 2457 1487 2494 in
1514 2457 1668 2507 anima,

27 2517 100 2554 &ut
129 2514 243 2554 hisce
276 2515 411 2553 modis
446 2516 642 2556 veritates
671 2518 939 2558 innotescant
956 2518 1215 2568 hominibus,
1238 2531 1342 2570 quas
1360 2521 1459 2570 ipsis
1479 2522 1671 2563 manifes-

49 2580 143 2616 tare
160 2578 247 2617 Deo
266 2577 487 2627 placuerit.

102 2642 200 2681 Haec
220 2653 318 2682 vero
338 2643 523 2692 supremi
544 2645 735 2686 Numinis
755 2645 991 2686 bonitatem
1009 2650 1054 2686 et
1074 2647 1322 2698 sapientiam
1343 2650 1526 2690 maxime
1548 2652 1670 2691 decet

44 2705 247 2745 revelatio
267 2706 555 2757 plurimasque
586 2708 828 2749 hominibus
848 2710 1052 2751 utilitates
1089 2712 1223 2753 affert.
1251 2714 1499 2763 Aptissimas
1519 2716 1667 2766 hujus-

47 2770 166 2809 modi
186 2770 418 2811 utilitatum
457 2783 507 2811 ac
545 2772 748 2812 decentiae
770 2773 951 2813 rationes
984 2777 1270 2826 accumulant,
1293 2779 1365 2828 qui
1382 2780 1531 2819 divinae
1551 2792 1666 2820 reve-

49 2833 232 2884 lationis,
253 2847 302 2875 ac
335 2836 548 2888 religionis
580 2837 772 2877 revelatae
807 2837 1018 2888 vindicias,
1038 2844 1229 2890 egerunt.
1265 2841 1360 2880 Illas
1382 2853 1529 2882 omnes
1549 2854 1665 2883 com-

49 2900 205 2948 pendio
233 2902 432 2943 collectas
451 2902 611 2953 profert
631 2902 832 2954 AquinaS,
855 2903 991 2954 capite
1007 2905 1048 2946 5.
1069 2906 1259 2958 Assurgit
1278 2907 1392 2947 enim
1413 2908 1667 2948 desiderium
