1894 3223
209 92 275 128 124
805 86 892 121 LIB.
921 85 967 126 II,
996 84 1110 132 CAP„
1124 85 1228 123 XXII.

209 170 317 219 quod
337 172 398 208 est
418 169 493 206 hoc
511 166 676 214 aliquid,
699 165 1010 213 unumquodque
1029 169 1090 203 est
1106 165 1155 203 ab
1185 165 1265 203 alio
1298 165 1545 205 distinctum.
1566 166 1674 204 Nihil
1704 167 1828 215 igitur

209 218 324 264 qu'us
346 225 434 254 esse
455 214 608 251 finitum
632 215 706 258 est,
725 216 855 258 potest
888 222 959 258 per
987 222 1099 250 suam
1135 213 1332 250 actionem
1367 222 1458 250 esse
1489 223 1612 251 causa
1644 214 1825 256 alterius,

209 265 286 302 nisi
307 266 499 310 quantum
520 260 569 297 ad
590 260 664 297 hoc
685 259 791 306 quod
819 258 938 296 habet
967 268 1094 306 genus
1115 260 1176 296 vel
1209 260 1397 306 speciem,
1420 269 1500 297 non
1535 264 1666 297 autem
1702 269 1828 308 quan-

209 314 290 349 tum
309 309 357 346 ad
378 309 454 345 hoc
474 306 580 355 quod
598 306 783 343 subsistit
804 306 852 343 ab
874 306 965 344 aliis
987 306 1231 344 distinctum.
1250 308 1374 344 Omne
1393 306 1514 354 igitur
1529 316 1653 354 agens
1669 306 1826 345 finitum

208 355 480 405 praesupponit
499 354 548 391 ad
569 362 683 391 suam
704 353 903 391 actionem
922 353 998 390 hoc
1022 354 1127 391 unde
1158 358 1367 391 causatum
1386 363 1505 391 suum
1523 353 1821 392 individualiter

207 403 406 442 subsistit.
429 404 514 439 Non
538 409 632 448 ergo
655 403 788 445 creat;
810 400 881 438 sed
902 400 1032 438 solum
1057 400 1133 438 hoc
1153 405 1213 438 est
1227 401 1384 448 agentis
1405 401 1520 447 cujus
1550 410 1640 439 esse
1673 404 1734 440 est
1766 402 1827 439 in-

210 451 382 493 finitum,
404 448 510 496 quod
528 452 588 485 est
616 447 749 485 omnis
782 447 886 485 entis
911 448 1255 494 comprehendens
1287 448 1607 494 similitudinem,
1630 451 1674 486 ut
1707 457 1830 495 supra

209 500 418 535 ostensum
438 499 512 533 est,

254 544 402 588 Adhuc,
423 552 514 580 cum
535 551 653 580 omne
674 541 780 589 quod
806 540 850 578 fit
875 541 921 578 ad
950 541 1025 579 hoc
1051 541 1120 578 fiat
1149 545 1192 579 ut
1221 542 1286 587 sit,
1306 545 1473 589 oportet,
1492 542 1526 580 si
1561 541 1711 589 aliquid
1742 542 1829 579 fieri

209 591 366 629 dicatur
397 589 503 637 quod
531 589 643 636 prius
671 589 801 633 fuerit,
822 588 929 636 quod
950 589 1026 625 hoc
1043 598 1124 625 11011
1145 588 1212 626 fiat
1240 598 1309 635 per
1338 599 1395 634 se,
1415 590 1484 627 sed
1516 599 1586 636 per
1614 589 1827 634 accidens3

206 647 277 685 per
288 647 331 676 se
346 646 438 675 vero
453 636 552 674 illud
563 636 669 684 quod
684 636 793 682 prius
808 645 889 673 non
907 635 1024 672 suerit
1040 647 1048 672 :
1066 639 1121 680 ut,
1136 636 1170 672 si
1186 645 1232 672 ex
1243 636 1333 673 albo
1348 636 1414 674 fiat
1425 637 1597 683 nigrum,
1612 636 1654 673 fit
1669 636 1829 684 quidem

209 685 370 731 nigrum
388 688 426 721 et
447 684 680 727 coloratum,
701 683 769 720 sed
792 683 950 729 nigrum
982 692 1052 728 per
1083 691 1138 723 se,
1163 683 1256 729 quia
1285 682 1329 719 fit
1358 693 1407 720 ex
1434 693 1514 720 non
1549 684 1687 730 nigr03
1721 684 1831 721 colo-

210 736 340 770 ratum
361 734 493 769 autem
513 740 582 777 per
600 730 806 774 accidens3
838 739 928 766 nam
953 730 1064 775 prius
1080 730 1299 766 coloratum
1317 733 1416 767 erat.
1439 731 1503 768 Sic
1523 729 1646 777 igitur
1667 739 1758 767 cum
1788 729 1832 767 fit

212 779 375 826 aliquod
397 787 484 824 0113,
507 781 550 815 ut
569 778 689 815 homo
708 777 767 814 vel
800 777 923 823 lapis,
944 776 1064 813 homo
1095 776 1254 823 quidem
1286 785 1355 822 ρθτ
1387 785 1432 814 30
1463 776 1520 821 fit,
1543 776 1638 823 quia
1669 786 1718 813 ex
1748 785 1831 814 non

212 825 390 870 1101111110,
412 834 484 862 0113
505 827 636 862 autem
659 834 728 870 per
749 824 950 869 accidens,
971 823 1065 870 quia
1085 833 1166 860 11011
1185 833 1231 860 ex
1251 832 1333 860 11011
1366 827 1456 861 ente
1490 823 1738 870 simpliciter,
1761 823 1830 860 sed

211 883 257 910 ex
287 881 368 910 non
386 876 475 909 ente
496 872 585 911 hoc,
610 875 650 908 ut
672 871 942 917 Philosophus
967 871 1062 907 dicit
1082 871 1122 907 in
1143 871 1271 917 primo
1289 870 1434 915 Physic.
1458 870 1566 917 (text.
1587 879 1733 908 comm.
1755 870 1828 918 51).

211 922 306 957 Cum
329 928 424 966 ergo
443 918 593 965 aliquid
616 918 659 955 fit
679 918 844 956 omnino
866 927 913 954 ex
936 926 1018 954 non
1039 921 1142 962 ente,
1164 927 1236 955 0113
1254 927 1322 963 per
1343 926 1386 955 se
1405 916 1473 955 fiet
1494 929 1503 954 ε
1525 921 1680 964 oportet
1709 917 1832 964 igitur

209 967 314 1014 quod
337 967 385 1003 ab
403 975 450 1003 eo
471 965 539 1013 qui
554 969 613 1003 est
624 975 694 1012 per
708 974 750 1002 se
767 974 888 1002 causa
903 964 1063 1002 essendi
1083 965 1290 1011 procedat;
1309 974 1401 1002 nam
1421 963 1585 1002 effectus
1605 965 1830 1011 proportio-

210 1014 353 1051 naliter
370 1013 612 1050 reducuntur
632 1013 673 1049 in
694 1021 852 1050 causas.
872 1013 953 1049 Hoc
975 1015 1106 1049 autem
1128 1016 1187 1049 est
1206 1012 1377 1059 primum
1397 1021 1468 1050 eus
1490 1012 1636 1056 solum,
1650 1011 1756 1058 quod
1771 1015 1831 1049 est

209 1069 332 1098 causa
345 1060 462 1106 entis,
475 1060 518 1097 in
533 1063 724 1107 quantum
740 1059 969 1106 hujusmodi
984 1071 992 1104 ;
1016 1059 1093 1096 alia
1114 1068 1205 1096 vero
1221 1062 1314 1096 suut
1329 1068 1452 1096 causa
1470 1059 1628 1096 essendi
1645 1068 1714 1104 per
1727 1059 1827 1096 acci-

211 1107 324 1152 dens,
342 1111 379 1144 et
399 1116 480 1145 non
500 1116 570 1153 per
590 1116 646 1144 se.
669 1108 765 1144 Cum
785 1107 907 1153 igitur
926 1106 1144 1152 producere
1165 1115 1237 1143 ens
1258 1115 1306 1143 ex
1331 1114 1411 1143 non
1433 1109 1522 1143 ente
1551 1105 1829 1153 praeexistente

212 1154 264 1192 sit
285 1163 434 1198 creare,
457 1157 612 1200 oportet
630 1154 735 1201 quod
755 1154 884 1191 solius
904 1153 970 1189 Dei
993 1153 1046 1190 sit
1067 1163 1213 1190 creare.

261 1201 359 1238 Huic
379 1204 511 1238 autem
530 1200 684 1238 veritati
707 1209 828 1238 sacrae
850 1200 1060 1246 Scripturae
1099 1199 1315 1238 auctoritas
1348 1203 1569 1244 attestatur,
1591 1208 1678 1246 quae
1708 1201 1831 1237 Deum

213 1248 349 1286 omnia
363 1257 519 1286 creasse
539 1247 721 1292 affirmat,
739 1248 848 1291 Gen„
862 1255 890 1288 1,
908 1251 922 1284 1
949 1259 957 1284 :
978 1248 1020 1283 In
1034 1249 1217 1293 principio
1236 1249 1371 1283 creavit
1384 1249 1477 1283 Deus
1493 1248 1618 1283 carlum
1633 1249 1667 1283 et
1682 1249 1830 1282 terram.

211 1295 483 1333 Damascenus
507 1295 624 1332 etiam
648 1295 687 1331 in
711 1294 887 1332 secundo
909 1294 972 1331 sui
994 1294 1083 1331 libri
1106 1294 1171 1340 (De
1190 1294 1330 1331 orthod.
1352 1295 1435 1341 fid.)
1456 1294 1551 1331 dicit
1572 1306 1580 1330 :
1603 1307 1622 1326 «
1644 1293 1832 1338 Quicum·

213 1352 290 1388 que
310 1352 403 1379 vero
425 1342 536 1379 aiunt
556 1342 723 1388 angelos
744 1345 942 1378 creatores
964 1350 1052 1378 esse
1068 1341 1353 1388 cujuscumque
1369 1341 1617 1385 substantiae,
1634 1341 1674 1378 hi
1691 1348 1831 1378 omnes

214 1392 309 1426 sunt
329 1389 452 1436 patris
473 1389 536 1427 sui
558 1389 706 1426 diaboli
726 1387 799 1426 filii
821 1400 830 1425 ε
853 1391 1042 1426 creaturae
1061 1389 1168 1426 enim
1195 1388 1412 1426 existentes
1441 1397 1523 1426 non
1556 1391 1651 1425 suut
1680 1391 1832 1425 creato-

210 1444 274 1473 res
296 1449 331 1473 1).

260 1484 333 1519 Per
353 1482 428 1519 hoc
450 1485 581 1519 autem
603 1481 819 1519 destruitur
839 1481 1102 1529 quorumdam
1121 1481 1455 1528 philosophorum
1483 1491 1593 1519 error
1619 1481 1689 1534 qui
1725 1479 1832 1518 dixe-

210 1533 302 1567 runt
323 1531 445 1566 Deum
465 1538 625 1567 creasse
644 1529 811 1575 primam
833 1529 1097 1566 substantiam
1119 1533 1354 1575 separatam,
1377 1533 1415 1566 et
1431 1528 1479 1566 ab
1506 1538 1553 1566 ea
1572 1529 1699 1566 fuisse
1729 1537 1835 1566 crea*

209 1579 289 1613 tam
311 1577 541 1621 secundam,
563 1579 601 1613 et
620 1577 678 1614 sic
695 1576 865 1623 quodam
889 1576 1027 1613 ordine
1047 1586 1174 1624 usque
1195 1577 1242 1614 ad
1276 1576 1470 1614 ultimam.
1495 1576 1523 1623 (Ι
1545 1579 1658 1621 part„
1680 1585 1719 1623 q.
1741 1583 1829 1619 ΧΠ,

211 1627 282 1708 art.
305 1626 401 1718 {;)et
428 1633 468 1672 q.
487 1631 580 1670 LXV,
601 1626 673 1661 art.
694 1626 736 1669 33
756 1626 795 1661 et
825 1625 839 1660 1
865 1624 980 1665 Sent„
1000 1623 1092 1661 dist.
1113 1626 1173 1670 47,
1194 1633 1233 1671 q.
1253 1632 1283 1670 1,
1304 1627 1376 1661 art.
1396 1626 1437 1669 13
1462 1626 1500 1661 et
1531 1625 1582 1661 De
1596 1625 1691 1669 pot„
1713 1632 1750 1670 q.
1771 1630 1832 1667 111,

212 1679 255 1708 a]-⁵
277 1698 285 1708 ι
333 1695 342 1706 0

862 1780 1028 1822 CAPUT
1055 1780 1179 1821 XXII.

749 1893 849 1929 QUOD
873 1893 972 1922 DEUS
999 1892 1123 1922 OMNIA
1147 1891 1292 1924 POSSIT·

259 1999 312 2035 Ex
333 1998 408 2034 1100
425 2001 556 2034 autem
577 2001 737 2044 apparet
753 1997 858 2045 quod
880 1997 1013 2034 divina
1030 1997 1156 2034 virtus
1177 2006 1258 2034 non
1279 1996 1564 2035 determinatur
1584 1997 1633 2034 ad
1651 1997 1825 2045 atiquem

211 2053 337 2081 unum
358 2043 554 2081 effectum.
577 2045 616 2081 Si
635 2045 740 2082 enim
771 2045 898 2082 3011113
919 2044 987 2081 Dei
1020 2053 1153 2081 creare
1184 2048 1257 2089 est,
1279 2044 1326 2081 ab
1357 2044 1446 2090 ipso
1475 2044 1702 2082 immediate
1733 2054 1824 2092 pro·

212 2091 329 2128 dueta
350 2101 438 2128 esse
460 2095 615 2138 oportet
641 2101 900 2139 quaecumque
931 2101 955 2128 a
984 2101 1059 2129 sua
1087 2100 1211 2129 causa
1240 2091 1407 2138 produci
1437 2100 1519 2129 non
1549 2096 1722 2138 possunt
1751 2093 1828 2130 nisi

212 2147 280 2184 per
306 2138 467 2175 modum
488 2138 716 2176 creationis.
738 2138 973 2183 Huiusmodi
993 2141 1123 2176 autem
1153 2142 1246 2176 sunt
1273 2147 1413 2176 omues
1447 2138 1682 2177 substantiae
1716 2148 1827 2186 sepa·

211 2188 318 2226 ratae,
343 2195 429 2232 quae
451 2194 531 2223 11011
561 2190 654 2223 sunt
686 2186 918 2232 compositae
947 2195 995 2222 ex
1028 2185 1196 2223 materia
1229 2189 1268 2223 et
1300 2186 1441 2230 forma,
1463 2195 1562 2233 quas
1598 2195 1687 2224 esse
1720 2195 1827 2225 nunc

210 2236 477 2278 supponatur3
500 2236 538 2269 et
565 2232 749 2269 similiter
781 2233 913 2270 omnis
945 2233 1111 2270 materia
1141 2233 1376 2278 corporalis.
1397 2234 1486 2270 Haec
1519 2233 1642 2280 igitur
1673 2232 1831 2272 diversa

211 2279 424 2317 existentia
454 2279 651 2326 praedictae
676 2279 834 2317 virtutis
858 2280 1085 2317 immediate
1118 2279 1283 2317 effectus
1315 2284 1422 2317 sunt.
1445 2279 1559 2317 Nulla
1590 2283 1721 2317 autem
1753 2281 1831 2318 vir-

209 2328 276 2363 tus
294 2327 519 2372 producens
536 2326 763 2364 immediate
784 2327 918 2373 plures
940 2326 1105 2364 effectus
1122 2335 1201 2364 non
1225 2336 1272 2364 ex
1291 2327 1456 2364 materia
1479 2331 1539 2364 est
1572 2327 1832 2365 determinata

211 2373 262 2411 ad
284 2382 407 2410 unum
429 2373 626 2411 effectum.
649 2374 743 2411 Dico
765 2378 894 2411 autem
917 2374 1132 2415 immediate,
1159 2374 1265 2421 quia,
1287 2374 1322 2411 si
1342 2383 1411 2420 per
1430 2375 1562 2412 media
1580 2375 1829 2420 produceret,

208 2424 346 2467 posset
375 2422 584 2468 provenire
620 2421 830 2459 diversitas
863 2431 910 2458 ex
938 2425 1047 2467 parte
1079 2421 1299 2459 mediarum
1330 2430 1555 2459 causarum.
1578 2422 1672 2459 Dico
1710 2421 1828 2459 etiam

209 2477 280 2504 non
297 2477 342 2504 ex
356 2470 523 2509 materia,
548 2468 641 2515 quia
660 2468 763 2506 idem
787 2477 910 2515 agens
929 2471 966 2505 et
984 2468 1121 2506 eadem
1142 2469 1298 2506 actione
1325 2472 1464 2507 causat
1497 2468 1678 2506 diversos
1711 2467 1829 2505 effec-

210 2516 277 2551 tus
299 2516 519 2552 secundum
541 2516 716 2554 materiae
737 2515 1005 2554 diversitatem
1029 2527 1038 2553 :
1060 2515 1164 2553 sicut
1183 2516 1292 2553 calor
1310 2515 1430 2563 ignis,
1447 2516 1514 2564 qui
1529 2516 1686 2552 indurat
1702 2514 1828 2552 lutum

212 2564 251 2643 et
271 2561 455 2599 dissolvit
471 2571 616 2600 ceram.
638 2563 708 2600 Dei
728 2563 851 2610 igitur
868 2563 994 2601 virtus
1014 2571 1094 2600 11011
1116 2566 1178 2601 est
1196 2563 1456 2601 determinata
1475 2562 1524 2601 ad
1555 2570 1679 2599 unum
1713 2560 1827 2600 effec-

235 2616 315 2645 um.

258 2654 358 2695 item,
383 2656 515 2693 omnis
534 2656 661 2694 virtus
680 2657 854 2703 perfecta
870 2657 919 2696 ad
940 2667 988 2695 ea
1007 2657 1142 2695 omnia
1162 2666 1206 2696 se
1225 2657 1400 2695 extendit
1427 2655 1477 2693 ad
1509 2664 1597 2702 quae
1628 2664 1728 2693 suus
1759 2663 1829 2702 per

213 2708 256 2738 se
278 2705 314 2738 et
334 2703 519 2747 proprius
540 2702 704 2742 effectus
724 2713 768 2742 se
788 2705 997 2742 extendere
1026 2708 1158 2751 potest
1179 2716 1187 2742 :
1210 2705 1314 2742 sicut
1345 2702 1578 2741 aedificativa
1610 2702 1657 2740 ad
1691 2703 1828 2740 omnia

211 2754 256 2785 se
277 2749 462 2801 exten-dit,
485 2749 519 2786 si
538 2751 711 2796 perfecta
731 2751 796 2795 sit,
819 2761 906 2799 quae
926 2755 1097 2799 possunt
1117 2752 1310 2789 rationem
1341 2750 1486 2787 habere
1515 2749 1671 2787 domus.
1694 2750 1826 2787 Virtus

212 2798 342 2833 autem
363 2795 496 2848 divina
515 2799 575 2834 est
594 2806 664 2842 per
681 2806 724 2834 se
746 2807 869 2836 causa
885 2799 1060 2844 essendi,
1079 2802 1116 2836 et
1134 2807 1223 2836 esse
1242 2801 1304 2835 est
1322 2797 1408 2844 ejus
1429 2797 1613 2843 proprius
1645 2796 1827 2840 effectus.

211 2845 255 2880 ut
277 2851 325 2880 ex
355 2841 473 2882 dictis
493 2842 541 2893 (c.
559 2843 619 2893 21)
648 2847 768 2893 patet.
790 2846 974 2895 Ergoad
1008 2845 1144 2884 omnia
1176 2845 1247 2883 illa
1279 2853 1322 2882 se
1353 2844 1529 2882 extendit
1563 2853 1648 2894 quae
1678 2843 1826 2883 rationi
