1894 3223
161 106 229 141 568
745 103 833 137 LIB.
862 103 920 145 lv,
947 102 1049 138 CAP.
1076 102 1199 138 XLIII.

162 183 459 231 repraesentatio
485 191 623 220 eorum
644 191 731 229 quae
750 182 791 218 in
811 182 1072 228 conceptione
1103 183 1226 219 divini
1244 182 1357 220 Verbi
1378 182 1782 230 comprehenduntur,

161 235 321 279 propter
357 230 461 276 quod
487 233 526 266 et
557 230 692 266 omnia
717 238 802 280 per·
820 229 989 265 Verbum
1027 228 1130 266 facta
1165 238 1255 267 esse
1272 230 1469 268 dicuntur.
1498 231 1785 268 convenienter

162 277 694 371 hgifgtturlvgrlgzumassreztiirae,
716 275 869 313 scilicet
899 274 1084 313 humanae
1113 278 1276 320 naturae,
1298 277 1454 314 unitum
1472 281 1545 314 est.
1584 277 1651 324 (ΙΙΙ
1667 277 1783 323 sent„

246 351 253 360 .
295 352 303 369 ‚
355 351 362 359 .
431 351 440 369 ,
537 349 546 358 .
594 350 603 359 .

811 455 978 497 CAPUT
1007 455 1148 496 XLIII.

187 579 288 615 QUOD
310 576 478 607 HUMANA
502 575 660 605 NATURA
679 575 884 605 ASSUMPTA
901 575 929 603 A
947 574 1076 604 VERBO
1107 574 1186 604 NON
1203 574 1465 606 PRAEEXSTITIT
1489 576 1763 615 Assmlss’nottx,

389 635 458 664 SED
484 635 524 663 IN
544 633 629 663 IPSA
649 633 910 663 CONCEPTIONE
933 632 1023 663 FUIT
1039 632 1242 662 ASSUMPTA
1266 634 1295 662 A
1325 634 1453 663 VERBO
1479 626 1564 664 DEI.

212 748 340 792 Quum
375 751 504 784 autem
536 745 703 783 Verbum
736 745 951 789 humanam
981 747 1161 782 naturam
1184 744 1459 790 assumpsitin
1482 744 1672 782 unitatem
1706 754 1790 792 per·

167 802 291 838 sonae,
313 795 355 830 ut
375 803 422 830 ex
443 793 559 830 dictis
574 793 655 840 jam
675 792 723 839 (c.
745 791 804 838 41)
825 794 943 837 patet,
966 789 1139 838 oportuit
1158 790 1371 828 humanam
1394 793 1575 828 naturam
1595 800 1677 829 non
1696 800 1792 839 prae·

165 842 334 878 existere
353 845 563 887 antequam
584 839 707 876 Verbo
723 839 913 876 uniretur.

212 888 250 924 Si
290 887 393 924 enim
432 887 712 934 praeexisteret‚
744 895 864 932 quum
902 889 1042 923 natura
1070 887 1320 932 praeexistere
1359 893 1439 923 non
1474 886 1603 931 possit
1635 885 1715 924 nisi
1747 886 1789 923 in

165 934 386 979 individuo,
425 935 666 980 oportuisset
704 942 794 970 esse
814 933 975 980 aliquod
1009 934 1254 971 individuum
1278 932 1387 970 illius
1423 933 1608 970 humanae
1640 935 1792 970 naturae

169 982 463 1029 praeexistentis
493 984 582 1018 ante
603 981 805 1018 unionem.
831 980 1080 1017 individuum
1101 985 1232 1018 autem
1260 980 1444 1017 humanae
1462 983 1613 1017 naturae
1632 983 1694 1018 est
1714 980 1789 1028 hy-

165 1029 341 1075 postasis
362 1031 399 1065 et
421 1037 604 1074 persona.
629 1028 706 1064 Erit
724 1028 844 1074 igitur
863 1027 992 1064 dicere
1024 1029 1128 1075 quod
1151 1028 1324 1065 humana
1345 1030 1487 1064 natura
1505 1027 1747 1065 assumenda
1768 1037 1791 1064 a

165 1076 290 1112 Verbo
312 1076 351 1111 in
377 1076 509 1122 aliqua
528 1075 733 1122 hypostasi
757 1075 815 1111 vel
840 1084 1013 1120 persona
1033 1075 1343 1121 praeexstitisset.
1368 1074 1405 1111 Si
1424 1074 1544 1121 igitur
1564 1077 1706 1112 natura
1721 1074 1792 1111 ilia

166 1127 371 1168 assumpta
412 1123 565 1166 fuisset,
596 1126 779 1159 manente
815 1122 936 1167 priori
975 1122 1176 1169 hypostasi
1197 1122 1258 1159 vel
1294 1129 1478 1167 persona,
1501 1122 1791 1159 remansissent

166 1174 260 1206 tunc
282 1174 372 1215 post
390 1169 578 1206 unionem
599 1169 685 1206 duae
706 1169 943 1216 hypostases
963 1170 1023 1205 vel
1051 1178 1243 1215 personae,
1270 1177 1350 1206 una
1368 1169 1480 1205 Verbi
1505 1173 1540 1204 et
1562 1169 1640 1205 alia
1660 1168 1788 1205 homi-

167 1217 255 1261 1iis;
279 1216 392 1253 etsie
412 1225 491 1253 non
509 1219 614 1253 esset
635 1216 736 1252 sacta
758 1216 851 1252 unio
874 1216 912 1251 in
931 1215 1136 1263 hypostasi
1155 1217 1215 1253 vel
1235 1223 1430 1262 persona;
1452 1215 1556 1261 quod
1576 1219 1636 1252 est
1650 1219 1789 1252 contra

168 1264 406 1301 sententiam
425 1262 530 1300 fidei.
553 1263 591 1300 Si
610 1271 702 1299 vero
725 1262 952 1310 hypostasis
974 1263 1034 1300 vel
1055 1272 1225 1309 persona
1246 1262 1312 1299 illa
1338 1270 1417 1299 non
1442 1265 1662 1299 remaneret
1686 1263 1726 1299 in
1744 1272 1790 1300 ea

167 1314 308 1348 natura
348 1311 387 1346 in
426 1319 504 1357 qua
525 1309 765 1347 assumenda
796 1320 818 1346 a
856 1310 979 1347 Verbo
1000 1310 1288 1356 praexstitisset,
1320 1309 1395 1346 hoc
1416 1309 1501 1346 sine
1535 1310 1788 1356 corruptione

167 1357 345 1394 accidere
378 1366 456 1394 non
478 1357 698 1403 potuisset3
722 1357 875 1393 nullum
903 1357 1007 1393 enim
1049 1357 1252 1404 singulare
1273 1356 1420 1393 desinit
1445 1364 1535 1393 esse
1568 1356 1644 1394 hoc
1682 1356 1788 1404 quod

168 1407 240 1447 est,
263 1403 339 1440 nisi
371 1413 440 1449 per
471 1404 763 1449 corruptionem
791 1415 799 1439 :
822 1404 880 1440 sic
904 1404 1023 1450 igitur
1051 1404 1295 1450 oportuisset
1324 1403 1437 1440 illum
1469 1402 1672 1441 hominem
1702 1411 1789 1443 cor-

167 1451 295 1496 rumpi
315 1452 381 1497 qui
404 1450 542 1487 unioni
558 1450 869 1496 praeexstitisset,
891 1455 928 1487 et
947 1460 1016 1496 per
1037 1458 1289 1498 consequens
1309 1450 1523 1488 humanam
1545 1453 1727 1488 naturam
1748 1450 1790 1487 in

166 1506 213 1534 eo
235 1497 483 1534 existentem.
506 1497 757 1544 Impossibile
790 1498 910 1545 igitur
931 1499 1004 1534 fuit
1024 1498 1129 1544 quod
1155 1498 1322 1535 Verbum
1356 1500 1579 1536 assumeret
1596 1497 1638 1534 in
1661 1497 1790 1535 unita-

165 1548 245 1581 tem
266 1553 448 1590 personae
468 1544 638 1590 aliquem
660 1544 860 1581 hominem
890 1545 1220 1591 praecxistentem.

214 1591 339 1629 Simul
365 1594 494 1628 autem
517 1595 555 1628 et
571 1591 828 1638 derogaretur
860 1592 1092 1637 perfectioni
1121 1592 1409 1630 incarnationis
1427 1592 1494 1628 Dei
1515 1592 1643 1637 Verbi,
1665 1591 1700 1630 si
1718 1592 1790 1629 ali·

167 1639 261 1685 quid
291 1648 427 1675 eorum
467 1648 552 1685 0010
583 1639 778 1676 naturalia
809 1643 902 1675 sunt
923 1640 1075 1676 homini
1109 1640 1144 1676 ei
1166 1640 1336 1677 deesset.
1359 1641 1424 1676 Est
1443 1643 1572 1676 autem
1610 1638 1791 1677 naturale

165 1686 319 1722 homini
339 1690 380 1722 ut
401 1690 588 1722 nascatur
607 1686 809 1723 nativitate
831 1687 1018 1724 humana.
1039 1689 1119 1724 Hoc
1140 1691 1270 1724 autem
1291 1686 1459 1724 Verbum
1480 1687 1546 1723 Dei
1569 1695 1650 1724 non
1669 1686 1789 1725 habe-

165 1737 237 1777 ret,
272 1733 305 1769 si
348 1733 547 1769 hominem
581 1733 897 1778 praeexistentem
925 1734 1237 1781 assumpsisset3
1269 1742 1360 1770 nam
1394 1734 1460 1770 ille
1490 1734 1610 1770 1101110
1645 1733 1687 1770 in
1717 1742 1792 1771 sua

165 1780 368 1816 nativitate
388 1789 511 1826 purus
533 1780 652 1816 homo
675 1780 891 1818 exstitisset
912 1792 919 1823 ;
944 1781 1047 1817 unde
1074 1781 1159 1828 ejus
1186 1781 1371 1819 nativitas
1391 1780 1516 1817 Verbo
1543 1789 1623 1818 non
1654 1784 1792 1827 posset

165 1827 340 1871 attribui,
357 1836 429 1864 nec
451 1827 566 1863 beata
585 1827 702 1874 Virgo
725 1831 849 1864 mater
869 1828 980 1865 Verbi
1000 1829 1075 1865 dici
1098 1831 1247 1874 posset.
1271 1828 1384 1866 Fides
1410 1831 1540 1865 autem
1561 1837 1631 1874 per
1653 1827 1790 1865 omnia

166 1874 253 1910 sine
274 1877 435 1919 peccato
456 1874 627 1910 similem
650 1883 739 1911 eum
763 1874 879 1912 nobis
911 1875 951 1911 in
974 1875 1223 1913 naturalibus
1243 1874 1466 1918 confltetur,
1491 1874 1627 1911 dicens
1647 1874 1790 1912 Filium

165 1920 248 1965 Dei,
281 1921 499 1957 secundum
537 1921 783 1966 Apostolum,
824 1922 969 1958 factum
1008 1932 1055 1958 ex
1092 1922 1257 1958 muliere
1277 1926 1315 1958 et
1344 1926 1494 1962 natum.
1517 1924 1554 1958 et
1591 1921 1789 1968 Virginem

164 1971 328 2004 matrem
369 1968 451 2004 Dei,
491 1969 574 2004 Non
601 1967 722 2014 igitur
752 1969 828 2005 1100
859 1968 991 2005 decuit
1018 1972 1061 2006 ut
1091 1968 1406 2014 praeexistentem
1444 1967 1647 2005 hominem
1676 1977 1790 2006 assu-

165 2017 301 2050 meret.

214 2061 311 2097 Hinc
349 2061 466 2113 etiam
495 2065 655 2113 apparet
688 2060 807 2108 0000,
841 2060 889 2098 ab
925 2062 1014 2108 ipso
1051 2063 1326 2109 conceptionis
1359 2061 1569 2110 principio,
1608 2065 1790 2099 naturam

164 2107 379 2144 humanam
401 2108 476 2145 sibi
498 2108 636 2145 univit.

213 2155 323 2198 Quia,
347 2155 450 2192 sicut
482 2155 713 2192 humanatio
739 2156 805 2192 Dei
834 2155 947 2193 Verbi
968 2157 1131 2204 requirit
1159 2157 1265 2204 quod
1287 2156 1455 2194 Verbum
1478 2156 1543 2192 Dei
1567 2155 1620 2194 sit
1653 2159 1789 2195 natum

165 2202 367 2239 nativitate
385 2202 572 2246 humana,
603 2202 651 2239 ad
678 2201 754 2251 1100
779 2203 884 2250 0000
908 2203 959 2240 sit
989 2213 1105 2241 verus
1125 2204 1246 2242 homo
1273 2207 1311 2241 et
1339 2203 1544 2247 naturalis,
1566 2212 1637 2250 per
1655 2204 1792 2244 omnia

163 2249 203 2284 in
232 2249 480 2286 naturalibus
499 2249 615 2286 nobis
636 2251 869 2294 conformis,
903 2251 955 2287 ita
977 2252 1142 2298 requirit
1201 2252 1276 2289 uod
1301 2251 1368 2287 Dei
1386 2251 1551 2287 Verbum
1575 2251 1627 2288 sit
1646 2259 1790 2288 conce·

163 2299 272 2348 ptum
294 2296 554 2347 conceptione
574 2296 772 2341 humana;
798 2307 878 2335 non
900 2298 1019 2342 enim,
1043 2307 1163 2336 secun
1198 2308 1261 2336 um
1284 2301 1433 2335 naturae
1454 2297 1648 2342 ordinem,
1666 2297 1789 2336 110010

164 2345 340 2394 naseitur
361 2344 436 2379 nisi
457 2344 567 2389 prius
588 2344 844 2390 concipiatur.
861 2345 897 2382 Si
918 2349 1049 2382 autem
1071 2348 1212 2383 natura
1228 2345 1404 2383 humana
1419 2344 1661 2382 assumenda
1678 2345 1788 2391 prius

163 2398 203 2425 in
221 2390 499 2441 qualicumque
522 2394 625 2427 statu
647 2391 790 2429 suisset
822 2401 939 2438 quam
963 2393 1089 2431 Verbo
1122 2393 1314 2438 uniretur,
1335 2391 1403 2429 illa
1434 2392 1642 2438 conceptio
1664 2392 1788 2430 Verbo

162 2437 231 2473 Dei
252 2437 408 2489 attribui
447 2445 525 2473 uon
562 2442 710 2483 posset,
744 2442 787 2475 ut
815 2439 1010 2476 diceretur
1047 2444 1280 2486 conceptum
1316 2440 1575 2485 conceptione
1596 2438 1786 2476 humana.

164 2484 477 2567 09201‘ffl1t1'gfifflf
494 2485 614 2531 quod,
636 2485 684 2522 ab
703 2486 789 2532 ipso
806 2487 1080 2533 conceptionis
1094 2487 1305 2534 principio,
1326 2486 1493 2524 Verbum
1513 2485 1582 2523 Dei
1600 2485 1787 2525 humanae

163 2538 213 2566 Πὶὶ
234 2540 312 2567 ΠΓὶθ
341 2541 452 2567 unire
474 2542 531 2567 ΗΓ.

207 2578 375 2623 Rursum,
397 2578 436 2614 in
472 2579 727 2626 generatione
761 2579 948 2625 humana,
969 2581 1094 2619 virtus
1127 2582 1253 2619 activa
1273 2580 1419 2628 agitati
1452 2581 1783 2626 complementum

162 2622 344 2661 humanae
365 2630 523 2678 ‘naturae
551 2626 591 2662 in
621 2627 753 2674 aliquo
786 2628 1046 2666 determinato
1076 2629 1292 2666 individuo.
1314 2629 1353 2666 Si
1375 2633 1504 2666 autem
1526 2629 1695 2666 Verbum
1714 2627 1783 2665 Dei

162 2678 241 2721 non
264 2680 286 2707 a
310 2681 509 2722 principio
535 2675 821 2726 conceptionis
857 2675 1072 2712 humanam
1104 2680 1286 2714 naturam
1325 2676 1624 2722 assumpsisset,
1657 2674 1783 2713 virtus

162 2720 286 2769 activa
307 2727 345 2753 in
368 2724 637 2766 generatione,
659 2724 748 2758 ante
771 2722 973 2766 unionem,
995 2732 1109 2760 suam
1131 2724 1326 2764 actionem
1348 2723 1574 2761 ordinasset
1603 2721 1652 2760 ad
1673 2721 1782 2760 aliud

161 2763 408 2816 individuum
429 2766 612 2804 humanae
639 2772 802 2809 naturae,
835 2770 939 2816 0000
961 2776 1021 2807 est
1045 2770 1276 2818 hypostasis
1301 2771 1361 2807 vel
1383 2778 1553 2817 persona
1575 2768 1779 2816 humana3

160 2813 252 2856 post
272 2819 458 2849 unionem
485 2817 614 2851 autem
637 2815 861 2854 ordinasset
876 2819 996 2854 totam
1020 2818 1316 2865 generationem
1334 2817 1381 2855 ad
1398 2817 1512 2856 aliam
1529 2816 1780 2863 hypostasim

162 2856 221 2895 vel
240 2865 467 2904 personam,
489 2860 641 2899 scilicet
666 2863 735 2900 Dei
752 2863 934 2906 Verbum,
959 2865 1066 2912 quod
1097 2865 1336 2903 nascebatur
1356 2864 1397 2902 in
1428 2863 1603 2902 humana
1623 2868 1781 2903 natura.
