1894 3223
152 148 221 183 542
743 143 832 176 ΗΒ.
858 142 918 183 lv,
947 143 1046 176 CAP.
1072 143 1188 176 XXIX.

151 228 260 263 Pater
286 234 363 260 mea
385 221 641 267 suntwoann„
659 228 744 265 xvi,
767 220 838 267 15),
861 229 948 266 quae
975 223 1125 256 certum
1141 222 1200 256 est
1223 219 1259 257 ei
1272 219 1492 256 secundum
1513 221 1695 255 naturam
1715 217 1772 256 di-

153 272 282 308 vinam
303 272 540 314 competere.
566 267 788 304 ostendunt
808 266 926 304 etiam
948 267 1023 303 hoc
1042 266 1171 312 ipsius
1191 266 1348 303 Domini
1367 266 1470 303 facta
1496 275 1582 312 quae
1615 265 1662 301 de
1683 265 1773 311 ipsc

153 319 354 364 leguntur.
378 315 491 359 Quod
524 314 630 350 enim
661 314 807 357 timuit,
827 314 1010 350 tristatus
1043 317 1117 356 est,
1135 312 1286 357 esuriit,
1307 317 1488 350 mortuus
1510 316 1582 356 est,
1605 312 1773 357 pertinet.

152 364 201 402 ad
237 364 453 400 humanam
487 365 694 404 naturam;
718 360 825 407 quod
859 361 1020 406 propria
1052 362 1247 405 potestate
1276 358 1458 396 infirmos
1479 360 1646 402 sanavit,
1665 357 1774 405 quod

152 414 332 448 mortuos
359 407 565 445 suscitavit
586 412 623 444 et
642 407 850 444 elementis
872 406 1007 443 mundi
1031 405 1246 443 efficaciter
1264 406 1484 452 imperavit,
1507 405 1611 453 quod
1631 405 1774 442 daemo·

153 465 225 494 nes
255 455 418 502 expulit,
441 455 545 502 quod
576 457 738 500 peccata
770 454 936 496 dimisit,
959 453 1063 500 quod
1098 463 1120 490 a
1139 452 1308 489 mortuis
1340 462 1461 499 quum
1487 453 1612 490 voluit
1639 461 1773 488 resur-

151 503 265 548 rexit,
286 502 392 549 quod
413 502 584 548 denique
605 501 729 538 coelos
755 501 946 541 ascendit,
968 500 1140 536 divinam
1155 500 1198 536 in
1218 508 1266 537 eo
1285 499 1467 537 virtutem
1484 500 1772 536 demonstrant.

779 645 946 686 CAPUT
973 644 1152 684 XXVIII.

510 766 561 795 DE
585 764 737 795 ERRORE
758 764 918 793 PHOTINI
943 764 1056 792 CIRGA
1081 763 1416 792 INCARNATIONEM.

205 875 371 921 Quidam
395 878 541 919 autem,
560 874 848 919 scripturarum
873 881 1038 910 sensum
1070 871 1344 918 depravantes,
1368 870 1450 908 cira
1470 870 1626 908 Domini
1647 871 1774 908 nostri

155 925 248 961 Jesu
271 923 414 960 Christi
437 922 681 958 divinitatem
700 925 737 957 et
754 920 1037 957 humanitatem
1055 927 1286 965 perversum
1308 927 1471 955 sensum
1493 921 1774 963 conceperunt.

204 972 377 1008 Fuerunt
393 970 499 1006 enim
526 968 701 1015 quidam,
723 972 766 1004 ut
794 968 916 1004 Ehion
940 971 975 1003 et
997 966 1223 1012 cerinthus,
1244 969 1283 1002 et
1313 969 1451 1011 postea
1473 965 1618 1002 Paulus
1639 966 1776 1002 Samo-

158 1020 322 1055 satenus
344 1020 382 1053 et
413 1015 624 1059 Photinus,
646 1015 712 1062 qui
733 1014 774 1050 in
794 1015 949 1050 Christo
980 1013 1110 1050 solum
1147 1016 1327 1049 naturam
1350 1013 1563 1049 humanam
1589 1011 1778 1048 confiten-

156 1068 241 1108 tur;
265 1063 511 1100 divinitatem
543 1071 649 1105 vero,
671 1070 749 1098 non
785 1070 854 1107 per
875 1064 1070 1105 naturam,
1094 1060 1162 1097 sed
1195 1069 1265 1105 per
1282 1059 1492 1106 quamdam
1515 1059 1776 1095 excellentem

159 1111 301 1148 divinae
335 1110 471 1156 gloriae
507 1109 864 1156 participationem,
887 1117 1004 1154 quam
1038 1116 1108 1153 per
1137 1116 1254 1151 opera
1286 1110 1494 1150 meruerat,
1521 1107 1558 1142 in
1582 1115 1628 1142 eo
1651 1106 1776 1142 fuisse

160 1157 410 1204 confingunt,
434 1160 474 1193 ut
507 1156 691 1201 superius
724 1155 771 1201 (c.
794 1155 828 1201 4)
866 1155 1010 1190 dictum
1047 1158 1120 1190 est.
1147 1153 1294 1197 Sed,ut
1320 1153 1399 1189 alia
1430 1153 1776 1198 praetermittamus

159 1213 245 1251 quae
267 1206 403 1240 contra
426 1203 667 1248 positionem
685 1202 912 1247 hujusmodi
937 1201 1039 1237 dicta
1058 1205 1151 1237 sunt
1168 1200 1365 1245 superius,
1386 1200 1469 1236 haec
1486 1200 1632 1245 positio
1653 1200 1778 1236 incar-

159 1251 337 1288 nationis
358 1250 590 1296 mysterium
612 1249 728 1285 tollit.

205 1299 291 1334 Non
327 1297 446 1339 enim,
471 1295 689 1333 secundum
724 1295 963 1341 positionem
996 1293 1238 1340 hujusmodi,
1269 1295 1372 1330 Deus
1405 1302 1562 1330 carnem
1594 1302 1776 1339 assump-

159 1344 281 1382 sisset
302 1349 342 1380 ut
362 1343 471 1379 fieret
504 1343 638 1387 homo,
660 1342 730 1379 sed
752 1343 879 1388 magis
914 1342 1033 1378 homo
1064 1341 1236 1378 carnalis
1270 1342 1372 1377 Deus
1402 1341 1529 1377 factus
1550 1341 1692 1377 suisset
1710 1352 1718 1384 ;
1738 1342 1775 1377 et

159 1392 217 1428 Sic
239 1399 316 1427 non
338 1399 472 1426 verum
494 1393 600 1426 esset
632 1389 736 1436 quod
765 1391 937 1425 Joannes
961 1389 1055 1424 dicit
1078 1400 1086 1424 ε
1113 1388 1267 1423 Verbum
1286 1397 1368 1422 caro
1385 1388 1524 1430 factum
1546 1390 1597 1423 est
1615 1387 1775 1434 Momm„

157 1446 188 1482 1,
214 1438 286 1484 14),
307 1437 376 1473 sed
404 1436 533 1483 magis
552 1446 588 1472 e·
605 1444 795 1472 converso
822 1444 913 1471 caro
946 1435 1112 1471 Verbum
1144 1435 1243 1470 facta
1269 1434 1423 1470 fuisset.
1445 1434 1631 1471 Similiter
1660 1434 1775 1471 etiam

163 1492 246 1521 non
280 1484 539 1520 convenirent
569 1483 637 1519 Dei
660 1482 755 1519 Filio
789 1482 1007 1518 exinanitio
1037 1485 1104 1518 aut
1135 1481 1358 1525 descensio,
1377 1480 1445 1517 sed
1476 1481 1604 1527 magis
1622 1480 1775 1518 homini

163 1529 401 1577 glorificatio
433 1534 468 1566 et
501 1529 685 1566 ascensio
706 1541 714 1574 ;
737 1533 774 1565 et
793 1529 850 1565 sic
884 1538 963 1565 non
994 1537 1130 1564 verum
1161 1531 1265 1564 esset
1293 1528 1395 1574 quod
1422 1528 1636 1573 Apostolus
1657 1527 1774 1565 dicit:

159 1578 242 1623 Qui,
264 1588 374 1623 quum
405 1579 443 1612 in
475 1578 594 1621 forma
623 1577 690 1612 Dei
717 1579 864 1619 esset..‚
883 1577 1087 1611 eminanivz't
1120 1576 1358 1619 semetipsum,
1379 1575 1535 1618 formam
1558 1576 1652 1610 servi
1683 1576 1776 1610 acci-

153 1626 261 1671 piens
293 1624 416 1670 (Phth,
440 1633 481 1668 11,
503 1626 537 1668 6,
558 1623 609 1670 7),
632 1623 701 1660 sed
735 1623 821 1660 sola
850 1623 1032 1659 exaltatio
1059 1622 1235 1659 hominis
1255 1622 1295 1657 in
1328 1621 1494 1658 divinam
1529 1622 1710 1668 gloriam,
1730 1621 1778 1658 de

158 1681 236 1717 qua
256 1671 510 1717 postmodum
531 1670 713 1707 subditur
734 1682 741 1706 :
763 1672 914 1715 Propter
928 1670 1022 1715 quod
1035 1673 1068 1705 et
1080 1671 1174 1705 Deus
1191 1669 1367 1703 exaltavit
1386 1669 1502 1704 illum.
1517 1669 1641 1715 (Phth,
1657 1677 1698 1713 Π,
1723 1668 1773 1715 9.)

162 1720 297 1765 Neque
318 1727 453 1754 verum
477 1722 583 1755 esset
610 1717 715 1764 quod
748 1717 939 1753 Dominus
958 1717 1049 1753 dicit
1072 1728 1079 1752 ε
1099 1715 1274 1751 Descende·
1292 1715 1335 1750 de
1354 1717 1435 1751 coelo
1451 1715 1608 1761 (Jocmn.,
1627 1724 1683 1757 V1,
1703 1715 1776 1762 38),

162 1765 232 1802 sed
251 1765 382 1801 solum
398 1765 502 1810 quod
515 1765 568 1801 ait
589 1765 778 1800 :Ascendo
792 1764 841 1799 ad
855 1766 999 1799 Patrem
1018 1773 1133 1799 meum
1155 1763 1311 1808 (Joann.,
1330 1770 1397 1806 XX,
1415 1763 1486 1809 17),
1505 1771 1626 1809 quum
1644 1766 1778 1798 tamen

157 1815 369 1858 utrumque
403 1812 604 1858 Scriptura
632 1811 873 1858 conJ'ungat3
898 1811 992 1847 dicit
1024 1811 1129 1846 enim
1159 1809 1352 1846 Dominus
1388 1811 1526 1846 :Nemo
1560 1810 1720 1845 ascendit
1739 1810 1778 1844 in

159 1860 282 1894 coelum
299 1860 372 1894 nisi
401 1860 464 1903 qui
495 1858 679 1894 descendit
711 1859 752 1893 de
773 1858 866 1898 coelo,
885 1859 1000 1893 Filius
1032 1858 1197 1896 hominis,
1221 1857 1286 1902 qui
1304 1857 1412 1891 estin
1433 1857 1515 1891 coelo
1536 1856 1695 1901 (Joann.,
1717 1864 1775 1901 111,

160 1905 232 1951 13),
256 1909 293 1941 et
313 1917 321 1940 :
344 1906 413 1948 Qui
431 1905 623 1944 descendit,
646 1907 722 1950 ipse
742 1908 793 1940 est
813 1908 846 1939 et
865 1907 930 1949 qui
947 1905 1110 1939 ascendit
1135 1913 1242 1948 super
1262 1913 1378 1938 omnes
1398 1904 1512 1938 coelos.
1535 1904 1697 1948 (Ephes.,
1718 1911 1774 1942 IV.

160 1952 234 1998 10.)
261 1952 321 1988 Sic
357 1952 472 1988 etiam
509 1960 588 1988 non
614 1951 843 1988 conveniret
879 1951 974 1987 Filio
1008 1950 1112 1997 quod
1145 1950 1295 1986 missus
1325 1954 1430 1986 esset
1459 1959 1482 1986 a
1502 1951 1628 1993 Patre,
1649 1958 1777 1995 neque

159 1998 265 2044 quod
289 2008 311 2035 a
333 2000 443 2035 Patre
467 1998 629 2034 exiverit
648 2002 692 2035 ut
719 1998 868 2034 veniret
888 1998 928 2033 in
958 1998 1163 2039 muudum,
1186 1996 1255 2033 sed
1277 1997 1406 2033 solum
1429 1996 1534 2043 quod
1555 1996 1603 2033 ad
1625 1998 1777 2032 Patrem

159 2045 247 2087 iret,
269 2054 389 2092 quum
424 2049 555 2081 tamen
587 2045 673 2091 ipse
703 2048 913 2091 utrumque
944 2045 1173 2090 conjungat,
1199 2043 1362 2080 dicens:
1388 2043 1489 2079 Vado
1527 2044 1576 2078 ad
1605 2053 1684 2078 eum
1715 2044 1779 2088 qui

158 2093 258 2127 misit
288 2102 342 2127 me
374 2092 533 2136 wenna„
563 2100 645 2136 ΧἮ,
669 2091 727 2138 5);
749 2095 787 2128 et
814 2092 954 2128 iterum
979 2103 987 2128 z
1009 2092 1121 2128 Eoez'vi
1152 2101 1174 2126 α
1193 2092 1312 2131 Patre,
1334 2093 1368 2125 et
1393 2092 1477 2125 veni
1506 2091 1546 2125 in
1576 2089 1775 2133 mundum,

158 2139 289 2173 iterum
314 2139 479 2184 relinquo
511 2139 685 2174 mundum
705 2142 738 2173 et
767 2139 860 2173 ‘vado
890 2139 938 2173 acl
970 2139 1115 2174 Patrem
1143 2137 1300 2183 (Joamt-.,
1322 2144 1407 2182 XVI,
1428 2137 1487 2184 28)
1505 2149 1514 2182 3
1534 2137 1575 2174 in
1607 2144 1776 2184 quorum

158 2189 326 2232 utroque
346 2189 383 2222 et
404 2186 630 2222 humanitas
647 2189 684 2222 et
703 2185 888 2222 divinitas
910 2185 1202 2231 comprobatur.

797 2332 964 2373 CAPUT
993 2332 1134 2373 XXIX.

441 2452 491 2481 DE
517 2452 670 2482 ERRORE
692 2452 992 2481 MANICHAEORUM
1027 2452 1139 2482 CIRCA
1164 2451 1494 2481 INCARNATIONEM.

182 2562 378 2613 ‘Fuerunt
397 2564 528 2598 autem
549 2565 587 2598 et
607 2561 674 2598 alii
694 2561 774 2608 qui,
793 2561 954 2598 veritate
987 2560 1274 2598 incarnationis
1301 2564 1458 2607 negata,
1480 2559 1689 2607 quamdam
1712 2558 1780 2596 fic-

162 2608 288 2644 titiam
325 2608 614 2646 incarnationis
641 2608 939 2645 similitudinem
968 2607 1285 2645 introduxerunt.
1306 2607 1492 2644 Dixerunt
1525 2607 1630 2643 euim
1657 2605 1780 2642 Mani·

158 2653 256 2690 chaei
285 2655 353 2691 Dei
387 2655 528 2692 Filium
564 2663 645 2692 non
677 2664 814 2692 verum
860 2664 1019 2702 corpus,
1045 2654 1115 2692 sed
1148 2654 1441 2700 phantasticum
1478 2653 1772 2698 assumpsisse;

155 2700 260 2737 unde
281 2710 354 2738 nec
385 2711 503 2739 verus
537 2701 658 2739 homo
692 2711 782 2739 esse
814 2702 954 2748 potuit,
975 2701 1045 2739 sed
1078 2710 1298 2748 apparens3
1321 2710 1449 2748 neque
1470 2710 1517 2737 ea
1536 2708 1622 2746 quae
1641 2707 1780 2735 secun·

156 2745 250 2799 dum
271 2746 471 2785 hominem
493 2748 632 2795 gessit,
654 2748 756 2786 sicut
778 2749 884 2796 quod
905 2753 1022 2786 natus
1045 2753 1118 2793 est,
1140 2748 1245 2796 quod
1266 2748 1451 2791 comedit,
1469 2746 1580 2790 bibit,
1596 2744 1778 2797 'ambula-

155 2796 224 2838 v1t,
247 2802 392 2839 passus
413 2799 473 2831 est
493 2799 530 2832 et
550 2795 746 2842 sepultus,
771 2795 813 2832 in
833 2796 996 2832 veritate
1017 2795 1158 2840 fuisse,
1183 2795 1253 2833 sed
1273 2795 1315 2831 in
1335 2793 1503 2841 quadam
1523 2791 1779 2829 as81milatio-

154 2847 205 2877 ne
241 2841 514 2887 consequitur.
537 2843 582 2878 Et
619 2842 678 2879 sic
714 2846 820 2888 patet
855 2842 960 2890 quod
991 2846 1116 2879 totum
1153 2840 1440 2879 incarnationis
1462 2839 1694 2886 mysterium
1728 2838 1779 2876 ad

154 2886 366 2934 quamdam
387 2886 586 2924 fictionem
609 2888 823 2926 deducunt.
