1894 3223
694 118 782 154 LIB.
810 117 857 162 11,
885 117 985 154 CAP.
1011 117 1081 154 LV.
1625 119 1692 155 169

70 208 187 244 esse;
216 198 320 237 sicut
351 196 594 251 diaphanum
624 202 685 236 est
704 199 784 236 aeri
805 199 1044 250 principium
1065 197 1238 244 lucendi,
1259 198 1353 248 quia
1373 198 1466 236 facit
1489 208 1578 236 euni
1600 207 1692 247 pro-

69 247 201 295 prium
223 245 445 293 subjectum
466 245 583 283 lueis.

117 293 241 338 Unde,
264 293 303 330 in
320 292 555 339 compositis
575 301 623 329 ex
637 292 802 329 materia
822 295 859 329 et
880 293 1019 337 forma,
1040 303 1111 330 nec
1131 291 1295 330 materia
1316 301 1389 330 nec
1414 293 1542 330 forma
1561 296 1692 339 potest

70 339 148 378 dici
178 341 310 387 ipsum
329 339 435 388 quod
455 342 528 384 est,
551 347 624 376 nec
641 339 758 376 etiam
779 340 907 385 ipsum
929 350 1017 377 esse
1036 353 1044 385 ;
1069 342 1193 377 torma
1213 344 1344 377 tamen
1363 343 1493 387 potest
1512 341 1589 377 dici
1609 349 1689 387 quo

66 391 141 432 est,
175 386 393 424 secundum
416 386 521 434 quod
550 390 610 424 est
630 386 789 423 essendi
811 387 1063 433 principium.
1084 389 1171 432 Ipsa
1196 391 1327 424 autem
1349 391 1431 425 tota
1464 387 1690 425 substantia

66 439 126 472 est
149 434 280 480 ipsum
310 433 415 486 quod
440 437 515 474 est,
545 437 582 470 et
614 433 745 479 ipsum
768 442 856 470 esse
877 438 936 471 est
957 443 1034 480 quo
1057 435 1281 471 substantia
1299 434 1689 482 denominaturens.

66 482 110 519 In
132 481 370 518 substantiis
391 484 522 518 autem
543 480 895 525 intellectualibus,
917 490 1004 527 qure
1025 490 1104 517 non
1127 485 1221 518 sunt
1241 492 1287 517 ex
1310 483 1474 518 materia
1494 486 1531 518 ct
1563 482 1690 519 i'orma

65 528 311 574 compositae,
334 531 377 565 ut
397 528 445 574 (c.
470 530 515 566 50
535 531 571 564 et
592 528 650 574 521)
671 531 878 565 ostensum
899 533 958 565 est
978 527 1060 575 (sed
1084 529 1123 564 in
1151 528 1210 565 ets
1238 528 1325 574 ipsa
1354 530 1481 565 forma
1501 532 1559 565 est
1594 528 1688 566 sub·

65 575 213 612 stantia
246 574 486 621 subsistens)
520 574 645 611 forma
679 579 739 611 est
768 575 872 622 quod
894 579 978 619 est3
1002 575 1132 620 ipsum
1154 579 1283 612 autem
1308 584 1397 612 esse
1427 579 1487 612 est
1519 579 1631 612 actus
1652 579 1693 612 et

65 631 144 669 quo
178 624 266 666 est;
300 625 337 658 et
356 625 516 668 propter
536 622 612 658 hoe
635 622 672 657 in
695 622 753 658 eis
775 626 833 658 est
856 622 973 658 unica
993 626 1144 659 tantum
1164 623 1401 668 compositio
1424 627 1535 659 aetus
1556 626 1594 658 et
1613 631 1683 668 po-

64 669 214 712 tentiae,
245 678 333 716 quae
365 669 518 706 scilicet
546 672 606 705 est
626 678 672 705 ex
693 669 917 706 substantia
934 673 971 705 et
991 678 1104 706 esse:
1128 679 1215 715 quae
1237 679 1258 705 a
1279 669 1517 715 quibusdam
1541 669 1688 706 dicitur

67 724 115 753 ex
143 715 240 761 qaod
257 718 308 752 est
336 719 487 759 etesse3
510 716 638 752 velex
668 726 706 752 eo
736 716 831 761 qaod
862 719 913 751 est
945 719 982 752 et
1014 726 1082 761 quo
1114 719 1177 750 est.
1214 718 1255 752 ln
1289 716 1525 766 substantiis
1556 719 1689 754 autem

67 763 302 808 compositis
321 772 368 799 ex
385 763 549 799 materia
569 766 606 799 et
628 762 753 799 forma
774 767 833 800 est
855 763 999 808 duplex
1019 762 1258 809 compositio
1285 766 1397 799 actus
1419 767 1457 799 et
1476 764 1690 808 potentiae:

66 809 195 856 prima
212 809 372 856 quidem
404 809 532 855 ipsius
553 809 800 851 substantire,
835 819 922 856 quae
942 809 1195 854 componitur
1215 819 1261 845 ex
1283 809 1446 846 materia
1471 814 1509 846 ct
1531 810 1682 853 l'oi‘ma3

67 856 246 894 secunda
275 865 368 894 vero
401 866 449 894 ex
478 857 566 902 ipsa
603 857 825 894 substantia
854 857 935 902 jam
968 855 1191 901 composita
1221 860 1259 893 et
1294 865 1408 901 essc3
1444 866 1530 903 quae
1570 857 1692 893 etiam

66 907 197 950 potest
217 903 294 940 dici
316 913 363 940 ex
381 913 420 939 eo
440 903 536 949 quod
561 907 611 939 est
629 907 667 939 ct
685 913 770 945 esse,
793 903 851 939 vel
875 913 922 939 ex
941 912 978 938 eo
999 903 1094 948 qztocl
1112 906 1164 938 est
1184 906 1222 939 et
1241 913 1309 948 quo
1328 906 1392 940 est.

116 951 179 988 Sic
213 950 335 1003 igitur
364 953 469 996 patet
497 950 602 996 quod
636 950 874 996 compositio
907 952 1026 1001 actus·
1053 953 1090 986 et
1115 951 1302 996 potentiae
1324 951 1440 987 estin
1461 951 1551 996 plus
1571 958 1691 997 quam

68 997 307 1044 compositio
327 997 462 1034 formae
483 1000 520 1033 et
551 997 724 1033 materiae
741 1008 750 1040 ;
769 996 872 1033 unde
890 1000 1055 1033 materia
1074 999 1112 1033 et
1132 998 1259 1034 forma
1295 997 1476 1034 dividunt
1508 998 1692 1035 substan-

67 1044 164 1081 tiam
194 1043 466 1087 materialem;
499 1044 676 1089 potentia
705 1047 836 1080 autem
869 1047 907 1080 et
939 1047 1052 1080 actus
1087 1043 1268 1080 dividunt
1299 1053 1370 1081 ens
1392 1048 1688 1089 eommune;et

66 1094 227 1138 propter
258 1091 334 1128 hoc
362 1099 621 1137 quaecumque
651 1090 810 1136 quidem
843 1095 1145 1136 consequuntur
1171 1092 1389 1137 potentiam
1422 1095 1624 1135 mactum,
1646 1091 1689 1128 in

66 1141 257 1185 qnantum
280 1137 524 1184 hujusmodi,
546 1140 640 1174 sunt
660 1137 888 1174 communia
908 1137 1145 1174 substantiis
1178 1138 1452 1175 materialibus
1482 1142 1520 1174 et
1551 1138 1691 1175 imma-

66 1184 276 1221 terialibus
305 1184 464 1228 creatis,
497 1183 602 1221 sicut
632 1184 806 1231 recipere
833 1187 872 1221 et
890 1184 1026 1230 recipi,
1048 1183 1235 1230 perficere
1257 1188 1294 1221 et
1314 1184 1461 1230 perfici.
1483 1186 1692 1229 Quaecum-

67 1241 144 1279 que
175 1240 269 1268 vero
296 1235 390 1269 sunt
426 1231 586 1278 propria
605 1232 779 1269 materiae
808 1234 846 1268 et
873 1231 1025 1276 formae,
1045 1233 1087 1268 in
1107 1235 1300 1279 quantum
1321 1232 1565 1278 hujusmodi,
1587 1232 1693 1269 sicut

67 1278 250 1325 generari
271 1281 307 1315 et
338 1278 553 1324 corrumpi,
576 1281 612 1315 et
634 1278 713 1315 alia
730 1278 976 1326 hujusmodi,
993 1279 1077 1316 haec
1095 1283 1188 1316 sunt
1202 1280 1360 1325 propria
1376 1279 1690 1316 substantiarum

67 1325 350 1370 materialium,
399 1328 438 1362 et
478 1325 589 1363 nullo
636 1325 756 1363 modo
794 1326 1038 1363 conveniunt
1084 1326 1321 1364 substantiis
1358 1325 1691 1364 immaterialibus

69 1373 228 1410 creatis.
248 1372 278 1419 (Ι
296 1375 412 1420 part„
433 1382 472 1420 q.
492 1375 526 1413 1,
545 1374 618 1410 art.
641 1372 692 1420 1.)

734 1519 901 1562 CAPUT
943 1521 1025 1563 LV.

267 1639 367 1674 QUOD
394 1638 645 1669 SUBSTANTtAE
670 1639 1004 1670 INTELLEGTUALES
1028 1639 1127 1670 SUNT
1152 1639 1490 1671 INCORRUPTIBILES

118 1749 172 1785 Ex
203 1747 278 1785 hoe
297 1750 429 1785 autem
461 1751 593 1796 aperte
620 1748 844 1786 ostenditur
871 1748 978 1795 quod
1006 1749 1138 1787 omnis
1155 1749 1380 1788 substantia
1409 1750 1693 1790 intellectualis

69 1799 132 1833 est
156 1795 483 1841 incorruptibilis.
518 1795 656 1832 Omnis
678 1795 782 1831 enim
805 1795 1006 1842 corruptio
1024 1800 1085 1833 est
1100 1806 1170 1842 per
1190 1798 1483 1843 separationem
1507 1799 1644 1836 sormae
1665 1808 1689 1837 a

68 1842 259 1880 materia:
275 1841 442 1888 simplex
459 1841 617 1889 quidem
632 1842 832 1887 corruptio
848 1851 916 1888 per
931 1844 1222 1889 separationem
1239 1845 1375 1882 formae
1390 1845 1689 1891 substantialis3

68 1888 271 1936 corruptio
299 1892 430 1926 autem
460 1888 681 1926 secundum
700 1889 795 1936 quid
822 1898 891 1935 per
920 1891 1211 1936 separationem
1233 1892 1371 1929 sormae
1389 1893 1649 1930 accidentalis
1675 1905 1685 1937 ;

69 1936 198 1974 forma
229 1935 335 1973 enim
355 1939 553 1980 manente,
575 1939 730 1982 oportet
749 1945 831 1973 rein
852 1945 968 1981 esse;
997 1947 1066 1984 per
1086 1938 1254 1975 formam
1275 1939 1381 1976 enim
1400 1940 1625 1977 substantia
1646 1938 1690 1976 fit

66 1983 272 2030 proprium
293 1983 562 2029 susceptivum
582 1983 669 2029 ejus
689 1983 795 2030 quod
816 1987 877 2020 est
895 1992 998 2021 esse.
1022 1984 1091 2021 Ubi
1113 1989 1245 2023 autem
1263 1995 1344 2023 non
1365 1990 1427 2024 est
1446 1987 1687 2033 compositio

69 2031 208 2068 formae
235 2033 274 2067 et
298 2030 488 2075 materiae,
518 2029 572 2067 ibi
596 2039 678 2067 non
704 2034 835 2076 potest
865 2039 955 2068 esse
985 2033 1184 2077 separatio
1205 2033 1446 2071 earumdem.
1469 2035 1593 2080 Igitur
1615 2043 1689 2072 nec

71 2076 286 2122 corruptio.
309 2077 520 2130 Qstensum
537 2080 747 2130 estautem
761 2077 809 2124 (c.
824 2077 883 2124 50)
904 2078 1011 2124 quod
1027 2079 1138 2117 nulla
1157 2080 1382 2118 substantia
1402 2081 1686 2119 intellectualis

69 2127 132 2161 est
151 2127 448 2208 οοηιροεμξᾳια
477 2127 642 2161 materia
661 2127 700 2161 et
721 2124 861 2162 forma.
884 2125 1000 2162 Nulla
1019 2125 1141 2173 igitur
1160 2127 1385 2165 substantia
1403 2128 1687 2166 intellectualis

71 2174 134 2209 est
152 2174 326 2216 corrupti
357 2180 369 2207 1
389 2179 438 2208 is.

117 2217 300 2269 Amplius,
334 2216 441 2264 quod
470 2225 540 2263 per
556 2225 600 2256 se
621 2217 740 2255 alicui
759 2218 960 2265 competit,
982 2218 1029 2257 de
1044 2219 1300 2266 necessitate,
1319 2224 1357 2258 et
1378 2230 1549 2268 semper,
1571 2223 1685 2259 etin-

71 2263 346 2310 separabiliter
372 2264 408 2301 ei
433 2264 552 2310 inest,
573 2264 678 2302 sicut
697 2266 911 2303 rotundum
931 2275 1001 2311 per
1020 2275 1064 2304 se
1094 2267 1255 2314 quidem
1287 2268 1392 2305 inest
1424 2269 1589 2313 circulo,
1620 2277 1690 2315 per

72 2310 258 2363 accidens
276 2313 407 2348 autem
427 2311 522 2357 εει-ῖς
555 2311 656 2349 unde
672 2321 726 2349 aes
746 2313 906 2359 quidem
930 2312 1016 2350 fieri
1049 2321 1131 2351 non
1151 2315 1366 2352 rotundum
1387 2319 1448 2352 est
1467 2315 1660 2361 possibile
1678 2328 1689 2360 ;

72 2357 266 2410 circulum
286 2361 416 2395 autem
436 2366 518 2395 non
538 2367 628 2397 esse
655 2360 869 2397 rotundum
895 2363 957 2397 est
984 2360 1246 2406 impossibile.
1268 2363 1362 2398 Esse
1383 2366 1513 2398 autem
1546 2371 1615 2408 per
1647 2371 1691 2400 se

70 2406 332 2451 consequitur
351 2404 400 2442 ad
422 2404 604 2442 formam.
623 2406 697 2442 Per
715 2414 758 2443 se
778 2406 883 2443 enim
902 2406 1073 2444 dicimus
1093 2408 1199 2454 quod
1214 2411 1274 2445 est
1293 2409 1512 2445 secundum
1530 2408 1688 2455 ipsum:

71 2450 385 2503 unumquodque
416 2455 547 2488 autem
580 2452 699 2489 habet
723 2461 813 2490 esse
846 2453 1066 2491 seeundum
1095 2454 1202 2500 quod
1234 2455 1352 2491 habet
1375 2455 1556 2492 formam.
1591 2456 1690 2493 Sub-

70 2501 228 2536 stantiae
247 2502 369 2545 igitur
398 2506 486 2550 quae
514 2507 596 2535 non
623 2501 717 2536 sunt
740 2500 839 2546 ipsae
870 2500 1007 2537 formae
1027 2504 1197 2545 possunt
1228 2501 1373 2547 privari
1406 2510 1509 2546 esse,
1542 2511 1687 2540 secun-

70 2544 167 2583 dum
199 2544 307 2597 quod
338 2547 525 2597 amittunt
549 2545 746 2597 sormann
776 2547 881 2584 sicut
912 2555 967 2584 aes
988 2547 1162 2592 privatur
1192 2548 1447 2593 rotunditate,
1468 2549 1689 2587 seeundum

71 2591 179 2639 quod
218 2592 366 2629 desinit
400 2600 490 2629 esse
528 2592 735 2629 circulare.
769 2593 1006 2630 substantiae
1039 2602 1131 2630 vero
1172 2603 1260 2640 quae
1292 2599 1386 2632 sunt
1419 2596 1516 2642 ipsae
1553 2597 1691 2635 formae

70 2647 276 2685 nunquam
296 2641 466 2685 possunt
485 2638 630 2684 privari
653 2647 742 2676 esse
759 2650 768 2683 ;
790 2640 907 2684 sicut,
923 2640 957 2677 si
978 2639 1112 2687 aliqua
1131 2641 1355 2680 substantia
1373 2646 1481 2680 esset
1499 2642 1690 2689 circulus,

71 2693 276 2733 nunquam
291 2688 429 2732 posset
444 2684 530 2722 fieri
551 2694 632 2722 non
648 2685 830 2723 rotunda.
853 2688 1065 2724 Ostensum
1087 2690 1146 2725 est
1160 2692 1289 2726 autem
1306 2698 1426 2736 supra
1441 2689 1489 2736 (c.
1509 2690 1566 2737 50)
1583 2691 1691 2738 quod

72 2732 306 2784 substantiae
324 2732 612 2770 intellectuales
638 2736 733 2770 sunt
746 2733 843 2779 ipsae
862 2733 998 2771 formae
1030 2733 1309 2774 subsistentes.
1342 2737 1594 2783 Impossibile
1627 2741 1691 2776 est

72 2779 196 2825 igitur
214 2779 320 2826 quod
341 2788 432 2817 esse
451 2779 650 2817 desinant.
667 2780 766 2817 Sunt
785 2780 908 2827 igitur
926 2780 1264 2828 incorruptibiles.

121 2825 326 2878 Aditum-in
346 2826 456 2864 omni
476 2826 744 2874 corruptione,
764 2831 916 2865 remoto
937 2831 1040 2873 actu,
1060 2833 1237 2866 remanet
1261 2831 1450 2877 potentia.
1472 2833 1559 2868 Non
1580 2831 1686 2869 enim

76 2877 341 2920 corrumpitur
358 2873 509 2922 aliquid
528 2873 571 2912 in
602 2873 767 2915 omnino
787 2883 869 2913 non
897 2882 984 2917 ens,
1013 2874 1118 2914 sieut
1147 2885 1220 2915 nec
1243 2881 1455 2926 generatur
1473 2878 1622 2925 aliquid
1642 2887 1690 2916 ex
