1894 3223
120 136 190 173 636
732 128 821 163 LIB.
849 128 909 171 lv,
936 127 1037 163 CAP.
1062 126 1132 164 XC.

121 215 274 253 ratione
293 212 462 256 alicujus
482 208 787 248 contrarietatis,
810 207 915 245 sicut
933 217 1102 253 corpora
1117 211 1210 253 post
1225 207 1558 245 resurrectionem
1585 207 1739 254 patien-

120 266 207 305 tur;
229 260 322 306 quia
350 257 583 295 substantiae
606 256 851 301 incorporeae
883 263 1034 300 organa
1062 264 1255 291 sensuum
1291 264 1369 291 non
1405 255 1564 298 habent,
1606 264 1735 301 neque

121 307 307 354 potentiis
327 303 531 342 sensitivis
551 305 729 339 utuntur.
751 301 957 338 Patiuntur
974 301 1097 348 igitur
1115 301 1163 337 ab
1184 301 1276 349 igne
1297 310 1487 347 corporeo
1503 302 1737 338 substantiae

119 356 362 398 incorporeae
389 360 459 397 per
490 349 653 386 modum
686 348 931 395 alligationis
961 348 1184 394 quusdam.
1229 349 1404 385 Possunt
1441 349 1545 385 enim
1585 348 1740 395 alligari

120 400 284 446 spiritus
305 396 537 444 corporibus
559 396 620 432 vel
639 405 709 441 per
728 395 890 432 modum
914 395 1064 439 formae,
1099 396 1203 431 sicut
1221 395 1355 431 anima
1386 396 1541 440 corpori
1562 395 1739 432 humano

120 447 314 493 alligatur,
336 449 379 481 ut
398 445 464 481 det
482 444 517 480 ei
535 443 655 479 vitam
672 454 681 487 ;
699 442 760 479 vel
781 442 899 479 etiam
921 442 1070 488 absque
1086 442 1162 479 hoc
1180 442 1286 488 quod
1306 442 1358 478 sit
1376 441 1460 487 ejus
1482 442 1622 487 forma,
1635 443 1741 480 sicut

121 492 403 530 necromantici
450 491 592 527 virtute
642 489 868 526 daemonum
916 490 1081 535 spiritus
1131 489 1297 536 alligant
1352 488 1591 535 imaginibus
1613 518 1622 534 ‚
1670 492 1740 526 aut

120 539 349 586 hujusmodi
379 538 512 575 rebus.
544 536 666 574 Multo
693 537 817 583 igitur
848 537 978 583 magis
1012 536 1153 573 virtute
1174 536 1307 572 divina
1338 535 1502 580 spiritus
1523 536 1738 573 damnandi

118 587 202 634 igni
228 595 420 632 corporeo
438 585 591 631 alligari
612 587 782 629 possunt
803 595 812 620 :
834 587 873 620 et
893 583 970 620 hoc
986 583 1118 629 ipsum
1139 587 1200 620 est
1216 583 1275 619 eis
1295 583 1337 619 in
1356 581 1609 619 afflictionem
1632 583 1740 630 quod

122 634 255 671 sciunt
274 643 317 670 se
337 633 456 669 rebus
474 630 623 668 infimis
643 631 829 677 alligatos
849 630 887 667 in
910 639 1081 676 poenam.

169 682 236 717 Est
274 681 389 716 etiam
430 678 671 715 conveniens
709 677 812 724 quod
863 677 1037 713 damnati
1086 676 1250 723 spiritus
1287 676 1418 722 poenis
1465 677 1742 722 corporalibus

119 728 348 774 puniantur.
371 727 494 764 Omne
516 725 619 762 enim
640 728 846 770 peccatum
866 724 1071 761 rationalis
1093 728 1283 760 creaturae
1301 733 1347 760 ex
1369 724 1444 760 hoc
1463 726 1524 760 est
1543 724 1648 770 quod
1662 726 1744 761 Deo

124 774 344 812 obediendo
383 782 465 810 non
503 772 699 809 subditur.
742 773 865 808 Poena
908 775 1037 808 autem
1077 770 1426 817 proportionaliter
1461 770 1576 807 debet
1611 771 1739 816 cuipae

120 821 374 867 respondere,
393 824 435 857 ut
449 819 632 856 voluntas
653 828 722 863 per
746 827 902 864 poenam
924 819 965 854 in
987 819 1185 855 contrario
1206 817 1292 863 ejus
1312 817 1512 863 affligatur
1532 818 1637 864 quod
1659 817 1744 854 dili-

123 868 253 916 gendo
288 867 475 914 peccavit.
511 868 577 902 Est
610 866 730 911 igitur
757 865 1000 901 conveniens
1027 875 1144 911 poena
1172 870 1323 901 naturae
1349 865 1535 901 rationali
1562 864 1742 911 peccanti

120 920 164 953 ut
199 915 318 952 rebus
355 923 399 952 se
430 912 700 956 inferioribus,
734 912 884 948 scilicet
921 913 1210 958 corporalibus,
1248 911 1542 958 quodammodo
1580 912 1740 958 alligata

127 962 330 1000 subdatur.

167 1011 268 1053 Item,
290 1011 450 1054 peccato
468 1007 572 1053 quod
596 1007 637 1042 in
667 1008 788 1043 Deum
820 1007 1082 1043 committitur
1103 1015 1182 1043 non
1205 1006 1336 1043 solum
1357 1015 1475 1051 poena
1504 1006 1651 1051 damni,
1671 1006 1742 1043 sed

121 1057 238 1093 etiam
259 1065 377 1102 poena
403 1062 548 1091 sensus
575 1053 750 1094 debetur,
775 1053 877 1089 utin
898 1054 1012 1090 tertio
1047 1053 1149 1090 libro
1178 1053 1277 1100 (cap.
1313 1053 1392 1099 145)
1415 1056 1621 1091 ostensum
1655 1056 1743 1098 est;

120 1112 239 1150 poena
260 1103 365 1139 enim
386 1110 531 1139 sensus
550 1100 765 1145 respondet
793 1101 919 1147 culpae
953 1104 1145 1148 quantum
1180 1100 1228 1137 ad
1255 1100 1558 1137 conversionem
1591 1100 1742 1137 inordi-

121 1155 256 1187 natam
289 1149 337 1186 ad
372 1147 652 1185 commutabile
690 1147 854 1191 bonum,
897 1148 1001 1184 sicut
1031 1157 1150 1194 poena
1182 1147 1314 1184 damni
1357 1148 1572 1193 respondet
1613 1147 1743 1194 culpae

123 1199 314 1244 quantum
366 1196 414 1233 ad
459 1195 707 1232 aversionem
752 1195 800 1230 ab
848 1194 1164 1232 incommutabili
1205 1195 1325 1231 bono.
1372 1196 1558 1231 Creatura
1609 1199 1741 1231 autem

123 1244 328 1280 rationalis
343 1271 352 1287 ‚
391 1246 429 1279 et
474 1242 669 1287 praecipue
715 1241 890 1277 humana
927 1243 1058 1279 anima
1075 1270 1084 1287 ‚
1125 1246 1285 1287 peccat,
1334 1241 1556 1279 inordinate
1599 1251 1643 1279 se
1691 1241 1740 1278 ad

125 1291 350 1374 coffporatia
378 1289 658 1326 convertendo.
690 1290 789 1334 Ergo
821 1290 1062 1326 conveniens
1090 1298 1208 1335 poena
1244 1292 1305 1326 est
1339 1292 1380 1325 ut
1416 1298 1485 1334 per
1519 1289 1744 1335 corporalia

124 1338 167 1374 af
196 1339 205 1373 i
238 1342 336 1374 atur.

170 1347 360 1428 Prgaeterea‚
382 1383 415 1421 si
436 1392 553 1429 poena
570 1382 756 1419 afflictiva
777 1387 939 1428 peccato
960 1382 1137 1427 debetur,
1151 1392 1269 1430 quam
1282 1382 1452 1420 dicimus
1471 1392 1630 1428 poenam
1651 1392 1746 1419 sen·

125 1440 209 1476 sus,
233 1431 332 1467 utin
354 1431 469 1467 tertio
501 1430 601 1466 libro
633 1430 732 1475 (cap.
759 1429 838 1474 145)
861 1434 1067 1466 ostensum
1096 1434 1170 1473 est,
1195 1432 1350 1475 oportet
1379 1431 1485 1476 quod
1503 1440 1550 1466 ex
1570 1430 1641 1466 illo
1659 1429 1743 1467 haec

123 1487 242 1524 poena
261 1478 464 1523 proveniat
485 1477 588 1523 quod
611 1479 741 1522 potest
760 1476 1013 1513 afflictionem
1032 1477 1191 1514 inferre.
1208 1476 1312 1513 Nihil
1334 1480 1465 1513 autem
1485 1476 1740 1514 afflictionem

122 1525 253 1565 infert,
276 1525 355 1561 nisi
373 1524 605 1571 inquantum
630 1528 690 1560 est
708 1525 952 1560 contrarium
983 1524 1187 1561 voluntati.
1210 1526 1296 1561 Non
1327 1527 1386 1561 est
1420 1528 1552 1561 autem
1584 1528 1740 1561 contra-

126 1573 227 1609 rium
248 1572 417 1609 naturali
433 1571 624 1608 voluntati
642 1571 848 1607 rationalis
869 1575 1019 1608 naturae
1036 1571 1142 1618 quod
1163 1572 1360 1617 spirituali
1394 1571 1627 1608 substantiae
1646 1580 1743 1608 con-

119 1619 325 1666 J'ungatur,
348 1619 525 1665 quinimo
555 1618 631 1654 boc
665 1622 725 1654 est
751 1618 981 1655 delectabile
1014 1618 1048 1654 ei
1072 1622 1110 1655 et
1139 1619 1184 1655 ad
1207 1618 1293 1664 ejus
1324 1619 1603 1664 perfectionem
1624 1618 1747 1665 perti·

123 1675 226 1702 nens
244 1678 253 1702 :
277 1670 336 1702 est
355 1666 461 1702 enim
482 1665 687 1709 conjuntio
704 1665 846 1702 similis
865 1666 913 1702 ad
936 1666 1066 1702 simile
1084 1670 1121 1702 et
1140 1666 1403 1718 intelligibilis
1415 1665 1463 1703 ad
1482 1666 1741 1709 intellectum,

123 1722 216 1749 nam
234 1713 366 1749 omnis
383 1712 607 1749 substantia
628 1712 845 1757 spiritualis
863 1713 1082 1749 secundum
1099 1722 1141 1750 se
1161 1713 1424 1760 intelligibilis
1439 1718 1513 1750 est.
1526 1715 1593 1750 Est
1611 1717 1743 1749 autem

124 1760 368 1796 contrarium
386 1759 554 1796 naturali
576 1760 768 1795 voluntati
788 1760 1007 1805 spiritualis
1033 1760 1266 1797 substantiae
1284 1764 1327 1796 ut
1347 1761 1503 1806 corpori
1532 1760 1739 1805 subdatur,

125 1816 147 1843 a
163 1816 242 1853 quo
264 1807 482 1843 secundum
505 1805 683 1843 ordinem
711 1815 793 1843 suae
814 1810 963 1844 iiaturae
985 1807 1109 1844 libera
1129 1816 1218 1844 esse
1252 1807 1378 1844 debet.
1402 1807 1648 1845 Conveniens
1668 1807 1747 1854 igi·

123 1857 188 1890 tur
206 1856 267 1890 est
288 1858 329 1890 ut
347 1853 569 1891 substantia
588 1854 805 1899 spiritualis
824 1864 893 1899 per
911 1855 1135 1900 corporalia
1153 1854 1350 1900 puniatur.

171 1900 268 1936 Hinc
289 1900 403 1937 etiam
424 1902 587 1946 apparet
605 1900 725 1946 quod,
750 1901 840 1937 licet
857 1901 1074 1946 corporalia
1097 1911 1185 1948 quae
1206 1901 1253 1938 de
1273 1901 1448 1947 praemiis
1472 1901 1678 1938 beatorum
1700 1901 1741 1937 in

123 1947 333 1992 scripturis
354 1948 539 1994 leguntur
565 1947 819 1992 spiritualiter
856 1948 1145 1994 intelliguntur,
1169 1948 1270 1985 sicut
1298 1948 1444 1984 dictum
1479 1952 1538 1985 est
1572 1948 1619 1984 de
1654 1956 1744 1994 pro-

122 1994 315 2030 missione
336 1994 515 2030 ciborum
537 1999 574 2029 et
591 1998 778 2039 potuum;
800 1996 980 2041 quaedam
1000 1999 1132 2031 tamen
1169 1995 1389 2041 corporalia
1420 2005 1507 2042 quae
1541 1995 1740 2041 Scriptura

122 2041 379 2086 peccantibus
412 2041 677 2077 comminatur
704 2041 743 2077 in
773 2051 931 2087 poenam
972 2042 1228 2087 corporaliter
1271 2045 1365 2079 sunt
1395 2042 1672 2089 intelligenda,
1705 2046 1744 2078 et

123 2088 237 2133 quasi
258 2088 411 2133 proprie
433 2088 549 2124 dicta.
569 2090 655 2124 Non
676 2089 780 2124 enim
803 2093 862 2126 est
895 2090 1138 2126 conveniens
1168 2089 1274 2136 quod
1304 2092 1445 2126 natura
1474 2089 1655 2135 superior
1673 2098 1745 2135 per

124 2143 241 2170 usum
255 2134 454 2187 inferioris
472 2135 707 2180 praemietur,
731 2135 800 2172 sed
822 2137 949 2183 magis
970 2146 1039 2182 per
1067 2136 1143 2173 hoc
1177 2136 1283 2183 quod
1317 2137 1512 2182 superiori
1534 2136 1744 2183 conjungi-

122 2184 210 2224 tur;
234 2185 393 2227 punitur
412 2186 542 2218 autem
564 2182 845 2220 convenienter
865 2188 1006 2220 natura
1026 2184 1208 2229 superior
1221 2193 1290 2230 per
1305 2183 1383 2220 hoc
1401 2184 1508 2231 quod
1528 2193 1619 2221 cum
1645 2184 1743 2220 infe-

122 2228 294 2265 rioribus
316 2228 537 2274 deputatur.
556 2229 655 2264 Nihil
676 2233 809 2266 tamen
829 2230 1009 2276 probibet
1041 2231 1220 2277 quaedam
1248 2231 1367 2267 etiam
1399 2240 1486 2277 quae
1507 2231 1554 2267 de
1586 2231 1745 2267 damna-

120 2278 251 2311 torum
278 2276 405 2321 poenis
425 2276 463 2311 in
486 2276 696 2321 scripturis
715 2277 819 2314 dicta
839 2278 1099 2324 corporaliter
1117 2278 1303 2324 leguntur
1323 2278 1580 2324 spiritualiter
1601 2278 1739 2324 accipi,

123 2325 161 2358 et
185 2323 292 2358 velut
312 2332 380 2368 per
410 2323 707 2360 similitudinem
743 2324 876 2369 dicta3
910 2324 1012 2362 sicut
1041 2325 1197 2370 dicitur,
1229 2325 1342 2362 Isaiae
1377 2325 1464 2370 ult.‚
1497 2328 1543 2362 24
1567 2335 1574 2359 :
1602 2327 1742 2362 Vei-mis

120 2378 240 2404 eorum
259 2380 330 2404 non
348 2371 543 2413 morietur,-
564 2372 694 2416 potest
713 2371 819 2407 enim
840 2380 910 2418 per
931 2381 1103 2409 vermem
1126 2372 1296 2419 intelligi
1317 2373 1571 2409 conscientiae
1592 2381 1743 2409 remor-

123 2423 207 2460 sus,
226 2426 304 2462 quo
323 2417 440 2453 etiam
459 2417 569 2462 impii
589 2418 891 2464 torquebuntur.
914 2421 1001 2456 Non
1031 2419 1135 2456 enim
1156 2423 1218 2457 est
1245 2419 1437 2466 possibile
1464 2419 1570 2466 quod
1603 2429 1741 2465 corpo-

55 2462 63 2480 '¹
122 2471 214 2499 reus
234 2463 378 2500 vermis
398 2463 641 2509 spiritualem
662 2465 847 2502 corrodat
865 2466 1142 2511 substantiam,
1163 2475 1292 2513 neque
1310 2466 1428 2503 etiam
1449 2476 1618 2512 corpora
1638 2466 1747 2503 dam-

121 2512 318 2562 natorum,
348 2520 435 2558 quae
467 2511 782 2563 incorruptibilia
808 2518 935 2549 erunt.
971 2514 1102 2551 Fletus
1134 2514 1252 2550 etiam
1283 2516 1321 2550 et
1340 2514 1487 2550 stridor
1505 2514 1683 2551 dentium
1702 2514 1744 2550 in

122 2557 392 2609 spiritualibus
412 2557 646 2595 substantiis
666 2559 827 2596 nonnisi
847 2560 1114 2606 metaphorice
1140 2560 1308 2608 intelligi
1336 2564 1534 2606 possunt3
1557 2561 1742 2608 quamvis

120 2610 162 2653 in
183 2604 414 2657 corporibus
435 2604 710 2657 damnatorum
731 2610 822 2652 post
841 2608 1171 2645 resurrectionem
1205 2608 1304 2644 nihil
1325 2607 1533 2653 probibeat
1561 2617 1746 2654 corpora-

120 2647 208 2684 liter
225 2659 274 2702 ea
289 2651 455 2698 intelligi
473 2663 481 2695 ;
503 2654 556 2688 ita
574 2656 707 2689 tamen
725 2654 831 2700 quod
851 2664 920 2700 per
939 2654 1074 2692 fletum
1095 2664 1176 2692 non
1200 2655 1449 2702 intelligatur
1479 2655 1742 2703 lacrymarum

121 2694 316 2740 deductio,
338 2699 432 2743 quia
451 2699 499 2735 ab
520 2699 602 2735 illis
624 2700 858 2746 corporibus
885 2702 997 2738 nulla
1018 2702 1212 2739 resolutio
1232 2701 1316 2738 fieri
1338 2705 1467 2747 potest
1486 2714 1495 2745 ;
1517 2703 1587 2739 sed
1608 2702 1738 2739 solum

121 2740 235 2826 (sigllgtr
265 2744 415 2789 cordis,
451 2746 700 2784 conturbatio
731 2747 961 2794 oculorum,
983 2752 1022 2786 et
1051 2749 1212 2795 capitis,
1242 2753 1361 2795 prout
1390 2749 1430 2785 in
1464 2748 1623 2786 fletibus
1652 2756 1743 2784 esse
