1894 3223
206 104 250 139 62
806 102 894 137 LIB.
921 102 950 145 Ι,
979 102 1078 137 CAP.
1108 102 1229 137 LVIII.

207 184 355 230 aliquid
394 184 440 221 de
477 187 578 221 actu.
604 185 700 219 Nam
736 182 1018 218 conclusiones
1044 182 1084 218 in
1123 182 1330 228 principiis
1363 185 1455 219 sunt
1487 180 1529 218 in
1563 182 1754 227 potentia.
1778 184 1823 220 In

208 232 341 268 divino
374 234 503 267 antem
542 230 743 266 intellectu
764 228 941 273 potentia
976 229 1105 265 locum
1147 238 1227 266 non
1265 229 1394 271 habet,
1417 231 1460 265 ut
1486 237 1607 275 supra
1633 228 1735 276 (cap.
1769 230 1829 277 16)

210 283 416 316 ostensum
439 281 510 314 est.
533 279 617 312 Non
640 275 835 321 estigitur
854 275 940 320 ejus
961 275 1187 312 intellectus
1209 276 1471 312 discursivus.

253 326 435 370 Amplius,
460 324 498 359 in
521 322 628 359 omni
651 322 819 358 scientia
849 322 1069 359 discursiva
1089 326 1243 368 oportet
1280 322 1429 369 aliquid
1468 330 1558 359 esse
1596 326 1819 360 causatum.

209 374 302 408 Nam
326 370 519 417 principia
549 372 643 405 sunt
678 369 971 414 quodammodo
1001 379 1123 406 causa
1143 369 1321 406 efficiens
1345 368 1636 413 conclusionis,
1657 370 1762 407 unde
1786 374 1824 406 et

209 418 493 455 demonstratio
522 415 665 452 dicitur
686 416 945 462 syllogismus
967 416 1118 453 faciens
1139 416 1255 453 scire.
1278 419 1321 452 ln
1343 416 1477 452 divina
1503 419 1636 453 autem
1655 417 1828 454 scientia

210 465 305 500 niliil
332 467 565 509 potestesse
588 466 808 505 causatum,
830 472 918 498 cum
952 463 1001 499 sit
1025 464 1108 509 ipse
1129 465 1247 507 Deus,
1270 467 1312 500 ut
1333 473 1381 500 ex
1410 462 1688 509 superioribus
1723 463 1825 511 (cap.

209 512 266 557 45)
292 514 406 556 patet.
426 509 494 546 Dei
514 510 635 555 igitur
650 509 816 545 scientia
837 519 918 546 non
938 513 1063 555 potest
1084 520 1172 547 esse
1188 510 1424 547 discursiva.

254 558 397 600 Adhuc,
421 566 466 593 ea
493 566 579 603 quaa
600 556 832 592 naturaliter
851 561 1163 602 cognoscuntur,
1187 557 1336 604 absque
1370 556 1676 594 ratiocinatione
1709 557 1829 594 nobis

209 608 301 641 sunt
322 608 427 646 uota,
451 604 554 640 sicut
574 607 676 648 patet
714 603 760 639 de
779 603 918 648 primis
952 604 1172 649 principiis.
1194 604 1267 640 Sed
1307 604 1346 640 in
1370 606 1447 641 Deo
1474 612 1555 641 non
1575 607 1707 650 potest
1739 613 1829 642 esse

209 651 383 697 cognitio
404 650 482 687 nisi
502 650 708 693 naturalis,
731 651 812 686 imo
843 650 920 686 nisi
951 651 1191 688 essentialis.
1214 651 1292 687 Sua
1321 651 1426 687 enim
1460 651 1629 688 scientia
1662 654 1723 688 est
1755 660 1830 688 sua

210 698 396 749 ess—entia,
419 701 461 734 ut
496 707 615 743 supra
635 697 733 743 (cap.
755 697 812 743 45)
836 697 1040 743 probatum
1079 701 1150 734 est.
1186 697 1252 734 Dei
1292 698 1413 744 igitur
1448 698 1624 744 cognitio
1656 707 1738 735 non
1769 701 1830 735 est

209 745 497 781 ratiocinativa.

255 793 444 832 Praetereffl
469 800 625 829 omnem
645 795 796 828 motum
818 799 983 828 necesse
1005 795 1065 827 est
1092 790 1227 827 reduci
1250 790 1292 826 iu
1310 791 1482 836 primum
1517 800 1697 835 movens,
1719 791 1827 838 quod

210 842 269 875 est
304 848 467 875 movens
488 842 654 879 tantum,
679 842 714 874 et
751 846 830 874 non
861 841 1026 874 motum.
1047 838 1146 874 Illud
1168 838 1290 884 igitur
1321 848 1344 874 a
1370 847 1448 884 quo
1471 842 1530 874 est
1567 839 1694 884 prima
1714 839 1828 885 origo

210 889 356 929 motus,
379 889 439 922 est
456 885 620 922 omnino
649 895 738 922 esse
759 894 924 921 movens
955 889 992 921 et
1014 894 1093 921 non
1114 888 1280 921 motum.
1304 886 1385 921 Hoc
1414 889 1544 921 autem
1567 889 1627 922 est
1647 885 1825 922 intellec-

212 938 273 969 tus
295 932 466 977 divinus,
483 936 524 969 ut
554 941 674 978 supra
696 932 793 978 (cap.
817 932 874 977 31)
908 936 1115 968 ostensum
1151 936 1223 968 est.
1246 933 1406 977 Oportet
1435 932 1556 977 igitur
1583 932 1827 969 intellectum

210 979 385 1016 divinum
407 979 571 1016 omnino
587 989 675 1016 esse
697 983 919 1015 moventem
941 988 1020 1015 non
1045 983 1210 1015 motum.
1233 979 1499 1015 Ratiocinatio
1519 983 1649 1015 autem
1668 983 1726 1016 cst
1746 979 1829 1026 qui-

209 1026 297 1063 dam
318 1031 450 1063 motus
466 1027 690 1063 intellectus
712 1026 956 1063 transeuntis
973 1026 1021 1062 ab
1043 1035 1122 1063 uno
1138 1026 1176 1062 in
1200 1026 1321 1063 aliud.
1345 1028 1429 1062 Non
1447 1029 1506 1063 est
1523 1026 1646 1073 igitur
1663 1026 1822 1064 divinus

210 1074 437 1110 intellectus
457 1074 773 1110 ratiocinativus.

256 1122 356 1161 Item,
377 1121 481 1166 quod
504 1125 563 1157 est
584 1129 812 1166 supremum
834 1120 875 1156 in
907 1119 1037 1163 nobis,
1072 1123 1133 1156 est
1165 1119 1334 1156 inferius
1368 1129 1414 1156 eo
1445 1120 1550 1166 quod
1577 1119 1617 1156 in
1640 1121 1720 1157 Deo
1751 1123 1824 1157 est.

208 1169 304 1205 Nam
326 1168 492 1204 inferius
510 1177 588 1204 non
611 1168 767 1213 attingit
783 1168 858 1203 nisi
880 1167 918 1202 in
941 1167 1002 1204 sui
1025 1175 1182 1203 summo
1200 1175 1457 1212 :supremum
1473 1171 1604 1203 autem
1626 1167 1667 1202 in
1689 1172 1827 1204 nostra

209 1215 438 1261 cognitione
459 1218 517 1252 est
539 1223 618 1251 non
637 1215 750 1257 ratio,
768 1214 836 1251 sed
858 1214 1081 1250 intellectus
1105 1213 1171 1260 qui
1200 1217 1260 1250 est
1281 1214 1447 1250 rationis
1468 1214 1594 1261 origo.
1620 1214 1687 1250 Dei
1708 1215 1828 1261 igitur

209 1262 385 1307 cognitio
405 1271 484 1298 non
506 1265 565 1298 est
580 1262 865 1305 ratiocinativa,
887 1262 954 1297 sed
977 1260 1259 1297 intellectualis
1277 1265 1445 1298 tantum.

256 1310 438 1354 Amplius,
461 1319 483 1345 a
505 1310 584 1346 Deo
605 1309 736 1345 omnis
758 1308 933 1345 desectus
954 1308 1218 1344 removendus
1253 1311 1326 1352 est,
1349 1317 1395 1344 eo
1417 1308 1523 1355 quod
1546 1308 1631 1353 ipse
1651 1311 1710 1344 est
1731 1307 1826 1345 sim-

208 1356 364 1400 pliciter
383 1355 592 1401 perfectus,
615 1359 657 1392 ut
686 1365 805 1401 supra
827 1356 924 1401 (cap.
947 1356 1006 1401 28)
1029 1359 1235 1391 ostensum
1257 1358 1328 1392 est.
1351 1355 1422 1391 Sed
1453 1365 1499 1391 ex
1527 1355 1826 1400 imperfectione

209 1403 490 1440 intellectualis
511 1406 660 1439 naturae
685 1403 866 1448 provenit
886 1402 1160 1438 ratiocinativa
1178 1402 1368 1448 cognitio.
1391 1404 1488 1439 Nam
1507 1403 1612 1448 quod
1634 1412 1702 1448 per
1717 1402 1827 1438 aliud

209 1451 480 1495 cognoscitur,
501 1450 632 1486 minus
655 1454 713 1486 est
731 1454 866 1486 notum
884 1459 930 1485 eo
950 1449 1054 1495 quod
1074 1458 1142 1494 per
1157 1458 1198 1486 se
1215 1449 1484 1503 cognoscitur,
1501 1458 1574 1485 nec
1586 1449 1633 1486 ad
1648 1449 1702 1493 id,
1720 1449 1824 1495 quod

207 1506 277 1542 per
308 1497 413 1533 alind
439 1500 497 1533 est
532 1501 684 1540 notum,
716 1501 857 1533 natura
876 1496 1157 1542 cognoscentis
1193 1496 1340 1532 sufficit
1378 1497 1465 1532 sine
1499 1505 1545 1532 eo
1568 1506 1637 1541 per
1657 1496 1763 1542 quod
1783 1495 1828 1532 fit

208 1545 427 1580 notum.1n
464 1544 691 1590 cognitione
722 1547 852 1579 autem
888 1543 1162 1579 ratiocinativa
1182 1542 1225 1578 fit
1264 1543 1414 1590 aliquid
1450 1546 1588 1579 notum
1611 1552 1680 1589 per
1701 1543 1824 1580 aliud.

209 1591 320 1634 Quod
343 1595 471 1627 autem
510 1591 830 1627 intellectualiter
859 1591 1129 1636 cognoscitur,
1150 1599 1218 1635 per
1249 1598 1292 1627 se
1312 1594 1372 1627 est
1393 1594 1543 1634 notum,
1567 1595 1605 1626 et
1624 1590 1672 1626 ad
1692 1590 1824 1636 ipsum

208 1638 531 1684 cognoscendum
551 1642 689 1674 natura
711 1638 993 1683 cognoscentis
1009 1637 1157 1674 sufficit
1179 1637 1329 1683 absque
1345 1637 1525 1674 exteriori
1550 1637 1696 1681 medio,
1720 1637 1824 1674 unde

206 1685 462 1722 manifestum
481 1688 553 1729 est,
575 1685 681 1731 quod
702 1685 877 1722 defectus
890 1685 1049 1731 quidam
1070 1684 1294 1721 intellectus
1315 1689 1376 1722 est
1393 1684 1660 1722 ratiocinatio.
1684 1684 1826 1722 Divina

207 1732 328 1779 igitur
350 1732 518 1768 scientia
532 1741 612 1769 non
631 1736 690 1769 est
709 1732 996 1768 ratiocinativa.

253 1779 398 1822 Adhuc,
420 1779 568 1825 absque
589 1779 754 1815 rationis
778 1779 960 1816 discursu
992 1777 1382 1823 comprehenduntur
1403 1787 1448 1814 ea
1469 1787 1638 1824 quorum
1661 1778 1818 1824 species

207 1826 358 1862 suntin
387 1830 676 1872 cognoscente3
699 1835 779 1862 non
810 1827 912 1862 euim
942 1826 1054 1862 visus
1085 1825 1270 1862 discurrit
1304 1826 1351 1862 ad
1374 1825 1542 1871 lapidem
1578 1834 1825 1871 cognoscen-

207 1872 315 1915 dum,
337 1873 450 1918 cujus
486 1873 705 1909 similitudo
727 1873 768 1908 in
801 1873 887 1909 visu
923 1876 994 1909 est.
1019 1873 1158 1909 Divina
1193 1876 1325 1909 autem
1359 1872 1535 1909 essentia
1565 1876 1625 1909 est
1646 1873 1824 1909 omnium

207 1919 500 1963 similitudo,ut
534 1928 654 1965 supra
674 1919 774 1966 (cap.
794 1921 852 1966 54)
869 1920 1076 1965 probatum
1115 1923 1187 1956 est.
1210 1921 1295 1956 Non
1327 1919 1449 1966 igitur
1477 1919 1655 1966 procedit
1674 1919 1723 1956 ad
1753 1919 1825 1956 ali-

208 1966 301 2013 quid
321 1967 643 2012 coguoscendum
664 1976 732 2012 per
753 1967 919 2004 rationis
941 1967 1180 2004 discursum.

254 2014 494 2050 Patetetiam
515 2014 662 2050 solutio
684 2023 820 2050 eorum
855 2015 920 2061 qui
955 2015 1178 2051 discursum
1211 2014 1252 2051 in
1282 2013 1414 2050 divina
1441 2013 1610 2050 scientia
1636 2013 1823 2050 inducere

206 2060 391 2096 videntur
413 2073 420 2096 :
444 2065 525 2097 tum
549 2070 595 2097 ex
615 2061 689 2097 hoc
711 2061 815 2107 quod
836 2071 906 2107 per
927 2061 1141 2098 essentiam
1164 2070 1277 2098 suam
1296 2061 1374 2097 alia
1394 2061 1516 2103 novit,
1538 2061 1642 2106 quod
1662 2061 1823 2107 quidem

207 2111 415 2144 ostensum
444 2110 503 2144 est
532 2116 612 2144 non
646 2107 731 2144 fieri
766 2109 1000 2152 discursive,
1019 2117 1107 2145 cum
1130 2108 1215 2154 ejus
1236 2107 1411 2145 essentia
1434 2116 1477 2144 se
1500 2108 1641 2145 habeat
1668 2108 1716 2144 ad
1748 2108 1827 2145 alia

207 2163 287 2190 non
310 2154 413 2191 sicut
431 2154 668 2200 principium
689 2155 737 2191 ad
753 2156 1049 2200 conclusiones,
1073 2155 1141 2192 sed
1161 2156 1264 2192 sicut
1284 2155 1438 2201 species
1459 2154 1507 2191 ad
1528 2164 1593 2192 res
1614 2155 1796 2201 cognitas
1814 2166 1824 2192 ι

205 2204 287 2237 tum
319 2211 364 2237 ex
397 2202 471 2238 hoc
511 2202 613 2248 quod
648 2202 933 2240 inconveniens
956 2204 1053 2239 sorte
1076 2202 1276 2249 aliquibus
1296 2202 1494 2239 videretur
1514 2202 1548 2239 si
1581 2203 1686 2239 Deus
1707 2202 1828 2248 syllo-

206 2249 336 2295 gizare
358 2257 438 2284 uon
458 2253 607 2294 posset.
632 2249 752 2285 Habet
771 2251 873 2286 enim
898 2250 1157 2297 syllogizandi
1177 2249 1383 2287 scientiam
1405 2252 1603 2296 tamquam
1620 2249 1824 2296 judicans,

205 2299 243 2331 et
262 2304 341 2331 nou
363 2295 421 2332 sic
440 2296 712 2342 syllogizando
725 2297 968 2334 discurrens.

256 2343 354 2379 Huic
377 2347 505 2379 autem
526 2343 678 2379 veritati
708 2344 929 2381 rationibus
946 2344 1119 2390 probatae
1140 2344 1256 2381 etiam
1287 2353 1400 2381 sacra
1421 2343 1620 2389 Scriptura
1640 2342 1826 2379 testimo·

205 2389 316 2425 nium
339 2390 530 2435 perhibet.
555 2390 704 2427 Dicitur
724 2391 827 2427 enirn
851 2392 960 2435 Heb.,
982 2400 1039 2436 iv,
1063 2394 1106 2428 13
1125 2403 1133 2428 ε
1157 2391 1286 2427 Omnia
1298 2391 1399 2426 nuda
1417 2393 1450 2426 et
1468 2393 1596 2437 aperta
1614 2392 1700 2426 sunt
1715 2390 1826 2425 oculis

204 2437 297 2481 ejus.
315 2438 409 2480 Quae
427 2437 531 2473 enim
553 2437 827 2474 ratiocinando
849 2439 1013 2482 scimus,
1044 2447 1125 2475 non
1143 2442 1237 2475 sunt
1273 2437 1493 2475 secundum
1513 2446 1557 2475 se
1578 2437 1696 2475 nobis
1717 2436 1825 2474 nuda

205 2487 244 2519 et
264 2487 411 2529 aperta,
430 2485 497 2521 sed
514 2485 666 2522 ratione
686 2485 917 2531 aperiuntur
935 2489 974 2522 et
992 2485 1204 2522 nudantur.
1228 2488 1259 2535 (1
1277 2489 1393 2536 part„
1418 2495 1457 2534 q.
1477 2493 1563 2531 xlv,
1585 2490 1656 2524 art.
1677 2488 1732 2533 7.)

845 2613 1013 2655 CAPUT
1047 2613 1184 2655 LVIII.

439 2718 539 2752 QUOD
558 2720 656 2749 DEUS
674 2721 754 2749 NON
775 2722 993 2750 INTELLIGIT
1012 2721 1268 2751 COMPONENDO
1287 2721 1337 2749 ET
1353 2719 1584 2750 DIVIDENDO.

248 2808 322 2844 Per
341 2807 475 2844 eadem
500 2808 616 2844 etiam
638 2810 793 2847 ostendi
815 2816 958 2856 potest,
981 2812 1086 2858 quod
1109 2811 1335 2847 intellectus
1355 2809 1514 2847 divinus
1536 2818 1616 2846 non
1637 2809 1826 2856 intelligit

201 2863 270 2902 per
290 2855 452 2891 modum
474 2855 700 2894 intellectus
721 2858 998 2904 componentis
1017 2862 1055 2896 et
1073 2857 1300 2896 dividentis.
1323 2856 1538 2904 Cognoscit
1551 2857 1657 2895 enirn
1688 2858 1825 2897 omnia
