<?xml version="1.0" encoding="UTF-8"?>
<!DOCTYPE html PUBLIC "-//W3C//DTD XHTML 1.0 Transitional//EN"
    "http://www.w3.org/TR/xhtml1/DTD/xhtml1-transitional.dtd">
<html xmlns="http://www.w3.org/1999/xhtml" xml:lang="en" lang="en">
 <head>
  <title>
</title>
<meta http-equiv="Content-Type" content="text/html;charset=utf-8" />
  <meta name='ocr-system' content='tesseract 3.04.00' />
  <meta name='ocr-capabilities' content='ocr_page ocr_carea ocr_par ocr_line ocrx_word'/>
</head>
<body>
  <div class='ocr_page' id='page_1' title='image "./deveritatecathol00thomuoft_0525.png"; bbox 0 0 1894 3223; ppageno 0'>
   <div class='ocr_carea' id='block_1_1' title="bbox 685 88 1745 132">
    <p class='ocr_par' dir='ltr' id='par_1_1' title="bbox 685 88 1745 132">
     <span class='ocr_line' id='line_1_1' title="bbox 685 88 1745 132; baseline 0.003 -8"><span class='ocrx_word' id='word_1_1' title='bbox 685 88 771 124; x_wconf 78' lang='lat' dir='ltr'>Lm.</span> <span class='ocrx_word' id='word_1_2' title='bbox 800 89 869 132; x_wconf 88' lang='lat' dir='ltr'><strong>III,</strong></span> <span class='ocrx_word' id='word_1_3' title='bbox 899 89 998 125; x_wconf 79' lang='lat' dir='ltr'><strong>CAP.</strong></span> <span class='ocrx_word' id='word_1_4' title='bbox 1028 88 1176 124; x_wconf 80' lang='lat' dir='ltr'>Cant.</span> <span class='ocrx_word' id='word_1_5' title='bbox 1676 92 1745 127; x_wconf 74' lang='lat'>485</span> 
     </span>
    </p>
   </div>
   <div class='ocr_carea' id='block_1_2' title="bbox 103 167 1747 1202">
    <p class='ocr_par' dir='ltr' id='par_1_2' title="bbox 109 167 1741 264">
     <span class='ocr_line' id='line_1_2' title="bbox 109 167 1741 216; baseline 0 -10"><span class='ocrx_word' id='word_1_6' title='bbox 109 170 312 208; x_wconf 81' lang='lat' dir='ltr'>voluntate</span> <span class='ocrx_word' id='word_1_7' title='bbox 335 169 524 213; x_wconf 82' lang='lat' dir='ltr'>hominis,</span> <span class='ocrx_word' id='word_1_8' title='bbox 544 177 623 205; x_wconf 90' lang='lat' dir='ltr'>non</span> <span class='ocrx_word' id='word_1_9' title='bbox 646 171 775 204; x_wconf 75' lang='lat' dir='ltr'>autem</span> <span class='ocrx_word' id='word_1_10' title='bbox 798 178 844 203; x_wconf 82' lang='lat' dir='ltr'>cx</span> <span class='ocrx_word' id='word_1_11' title='bbox 866 170 958 211; x_wconf 79' lang='lat' dir='ltr'>Deo,</span> <span class='ocrx_word' id='word_1_12' title='bbox 976 168 1040 214; x_wconf 90' lang='lat' dir='ltr'>qui</span> <span class='ocrx_word' id='word_1_13' title='bbox 1058 171 1116 205; x_wconf 85' lang='lat' dir='ltr'>cst</span> <span class='ocrx_word' id='word_1_14' title='bbox 1138 167 1290 214; x_wconf 86' lang='lat' dir='ltr'>primus</span> <span class='ocrx_word' id='word_1_15' title='bbox 1310 177 1448 213; x_wconf 75' lang='lat' dir='ltr'>agens,</span> <span class='ocrx_word' id='word_1_16' title='bbox 1468 177 1490 205; x_wconf 88' lang='lat' dir='ltr'>a</span> <span class='ocrx_word' id='word_1_17' title='bbox 1510 176 1590 216; x_wconf 87' lang='lat' dir='ltr'>quo</span> <span class='ocrx_word' id='word_1_18' title='bbox 1610 171 1741 206; x_wconf 82' lang='lat' dir='ltr'>tamen</span> 
     </span>
     <span class='ocr_line' id='line_1_3' title="bbox 109 215 1479 264; baseline -0.002 -10"><span class='ocrx_word' id='word_1_19' title='bbox 109 220 170 255; x_wconf 87' lang='lat' dir='ltr'>est</span> <span class='ocrx_word' id='word_1_20' title='bbox 190 216 382 264; x_wconf 87' lang='lat' dir='ltr'>quidquid</span> <span class='ocrx_word' id='word_1_21' title='bbox 398 217 444 253; x_wconf 88' lang='lat' dir='ltr'>ad</span> <span class='ocrx_word' id='word_1_22' title='bbox 466 215 747 261; x_wconf 75' lang='lat' dir='ltr'>perfectionem</span> <span class='ocrx_word' id='word_1_23' title='bbox 770 215 939 251; x_wconf 85' lang='lat' dir='ltr'>actionis</span> <span class='ocrx_word' id='word_1_24' title='bbox 961 215 1128 259; x_wconf 75' lang='lat' dir='ltr'>pertinet</span> <span class='ocrx_word' id='word_1_25' title='bbox 1146 216 1187 251; x_wconf 91' lang='lat' dir='ltr'>in</span> <span class='ocrx_word' id='word_1_26' title='bbox 1205 219 1294 251; x_wconf 87' lang='lat' dir='ltr'>actu</span> <span class='ocrx_word' id='word_1_27' title='bbox 1316 215 1479 261; x_wconf 89' lang='lat' dir='ltr'>peccati.</span> 
     </span>
    </p>

    <p class='ocr_par' dir='ltr' id='par_1_3' title="bbox 106 261 1745 449">
     <span class='ocr_line' id='line_1_4' title="bbox 155 261 1745 310; baseline -0.001 -10"><span class='ocrx_word' id='word_1_28' title='bbox 155 264 253 301; x_wconf 83' lang='lat' dir='ltr'>Hinc</span> <span class='ocrx_word' id='word_1_29' title='bbox 275 262 457 310; x_wconf 84' lang='lat' dir='ltr'>estquod</span> <span class='ocrx_word' id='word_1_30' title='bbox 479 262 624 299; x_wconf 89' lang='lat' dir='ltr'>dicitur</span> <span class='ocrx_word' id='word_1_31' title='bbox 645 272 653 297; x_wconf 91' lang='lat'>:</span> <span class='ocrx_word' id='word_1_32' title='bbox 675 263 754 298; x_wconf 82' lang='lat' dir='ltr'>Non</span> <span class='ocrx_word' id='word_1_33' title='bbox 773 261 873 296; x_wconf 69' lang='lat' dir='ltr'>dicas</span> <span class='ocrx_word' id='word_1_34' title='bbox 895 274 905 296; x_wconf 91' lang='lat'>.·</span> <span class='ocrx_word' id='word_1_35' title='bbox 924 263 987 296; x_wconf 83' lang='lat' dir='ltr'>Ille</span> <span class='ocrx_word' id='word_1_36' title='bbox 1006 272 1058 297; x_wconf 81' lang='lat' dir='ltr'>me</span> <span class='ocrx_word' id='word_1_37' title='bbox 1079 263 1322 307; x_wconf 74' lang='lat' dir='ltr'>implcznavit3</span> <span class='ocrx_word' id='word_1_38' title='bbox 1345 273 1415 297; x_wconf 81' lang='lat' dir='ltr'>non</span> <span class='ocrx_word' id='word_1_39' title='bbox 1436 263 1529 297; x_wconf 76' lang='lat' dir='ltr'>enim</span> <span class='ocrx_word' id='word_1_40' title='bbox 1552 264 1745 298; x_wconf 71' lang='lat' dir='ltr'>necessarii</span> 
     </span>
     <span class='ocr_line' id='line_1_5' title="bbox 106 308 1741 355; baseline -0.001 -9"><span class='ocrx_word' id='word_1_41' title='bbox 106 314 193 347; x_wconf 79' lang='lat' dir='ltr'>sunt</span> <span class='ocrx_word' id='word_1_42' title='bbox 209 312 242 346; x_wconf 81' lang='lat' dir='ltr'>ei</span> <span class='ocrx_word' id='word_1_43' title='bbox 261 311 418 345; x_wconf 78' lang='lat' dir='ltr'>homines</span> <span class='ocrx_word' id='word_1_44' title='bbox 437 310 544 354; x_wconf 79' lang='lat' dir='ltr'>impii</span> <span class='ocrx_word' id='word_1_45' title='bbox 561 308 701 355; x_wconf 78' lang='lat' dir='ltr'>(Eccli.‚</span> <span class='ocrx_word' id='word_1_46' title='bbox 723 315 790 351; x_wconf 80' lang='lat' dir='ltr'>XV,</span> <span class='ocrx_word' id='word_1_47' title='bbox 818 308 891 351; x_wconf 73' lang='grc'><strong>12);</strong></span> <span class='ocrx_word' id='word_1_48' title='bbox 915 312 949 344; x_wconf 81' lang='lat' dir='ltr'>ct</span> <span class='ocrx_word' id='word_1_49' title='bbox 970 309 1071 345; x_wconf 71' lang='lat' dir='ltr'>infra</span> <span class='ocrx_word' id='word_1_50' title='bbox 1093 320 1101 345; x_wconf 92' lang='lat'>:</span> <span class='ocrx_word' id='word_1_51' title='bbox 1123 310 1269 345; x_wconf 80' lang='lat' dir='ltr'><em>Nemini</em></span> <span class='ocrx_word' id='word_1_52' title='bbox 1288 310 1479 344; x_wconf 75' lang='lat' dir='ltr'>mandarit</span> <span class='ocrx_word' id='word_1_53' title='bbox 1499 310 1606 354; x_wconf 76' lang='lat' dir='ltr'>impie</span> <span class='ocrx_word' id='word_1_54' title='bbox 1625 319 1741 353; x_wconf 64' lang='lat' dir='ltr'>affere,</span> 
     </span>
     <span class='ocr_line' id='line_1_6' title="bbox 107 355 1740 401; baseline -0.001 -8"><span class='ocrx_word' id='word_1_55' title='bbox 107 360 141 393; x_wconf 83' lang='lat' dir='ltr'>et</span> <span class='ocrx_word' id='word_1_56' title='bbox 156 358 292 392; x_wconf 81' lang='lat' dir='ltr'>nemini</span> <span class='ocrx_word' id='word_1_57' title='bbox 310 356 410 392; x_wconf 75' lang='lat' dir='ltr'>dedic</span> <span class='ocrx_word' id='word_1_58' title='bbox 446 358 606 401; x_wconf 76' lang='lat' dir='ltr'>spatium</span> <span class='ocrx_word' id='word_1_59' title='bbox 634 355 810 401; x_wconf 75' lang='lat' dir='ltr'>peccandi</span> <span class='ocrx_word' id='word_1_60' title='bbox 831 355 950 400; x_wconf 57' lang='lat' dir='ltr'>(ibat,</span> <span class='ocrx_word' id='word_1_61' title='bbox 974 356 1056 401; x_wconf 75' lang='lat'>2¹);</span> <span class='ocrx_word' id='word_1_62' title='bbox 1079 359 1115 391; x_wconf 87' lang='lat' dir='ltr'>ct</span> <span class='ocrx_word' id='word_1_63' title='bbox 1131 355 1275 392; x_wconf 85' lang='lat' dir='ltr'>dicitur</span> <span class='ocrx_word' id='word_1_64' title='bbox 1297 368 1305 392; x_wconf 91' lang='lat'>:</span> <span class='ocrx_word' id='word_1_65' title='bbox 1333 357 1453 394; x_wconf 78' lang='lat' dir='ltr'>Nemo,</span> <span class='ocrx_word' id='word_1_66' title='bbox 1474 367 1552 391; x_wconf 81' lang='lat' dir='ltr'>cum</span> <span class='ocrx_word' id='word_1_67' title='bbox 1570 359 1740 399; x_wconf 76' lang='lat' dir='ltr'>tentatur,</span> 
     </span>
     <span class='ocr_line' id='line_1_7' title="bbox 107 402 1743 449; baseline 0 -10"><span class='ocrx_word' id='word_1_68' title='bbox 107 404 207 440; x_wconf 82' lang='lat' dir='ltr'>dicat</span> <span class='ocrx_word' id='word_1_69' title='bbox 225 405 394 449; x_wconf 77' lang='lat' dir='ltr'>quoniam</span> <span class='ocrx_word' id='word_1_70' title='bbox 415 414 437 438; x_wconf 81' lang='lat' dir='ltr'>a</span> <span class='ocrx_word' id='word_1_71' title='bbox 457 406 527 439; x_wconf 76' lang='lat' dir='ltr'>Deo</span> <span class='ocrx_word' id='word_1_72' title='bbox 549 406 722 445; x_wconf 59' lang='lat' dir='ltr'>tentatum</span> <span class='ocrx_word' id='word_1_73' title='bbox 744 404 835 437; x_wconf 79' lang='lat' dir='ltr'>Deus</span> <span class='ocrx_word' id='word_1_74' title='bbox 851 404 942 436; x_wconf 76' lang='lat' dir='ltr'>enim</span> <span class='ocrx_word' id='word_1_75' title='bbox 959 404 1155 438; x_wconf 73' lang='lat' dir='ltr'>intentator</span> <span class='ocrx_word' id='word_1_76' title='bbox 1170 403 1348 438; x_wconf 79' lang='lat' dir='ltr'>malorum</span> <span class='ocrx_word' id='word_1_77' title='bbox 1363 407 1425 439; x_wconf 70' lang='lat' dir='ltr'>est.</span> <span class='ocrx_word' id='word_1_78' title='bbox 1445 402 1580 449; x_wconf 75' lang='lat' dir='ltr'>(Jacob.</span> <span class='ocrx_word' id='word_1_79' title='bbox 1594 431 1602 447; x_wconf 88' lang='lat'>,</span> <span class='ocrx_word' id='word_1_80' title='bbox 1620 413 1646 445; x_wconf 85' lang='lat'>1,</span> <span class='ocrx_word' id='word_1_81' title='bbox 1671 404 1743 449; x_wconf 82' lang='grc'><strong>13.)</strong></span> 
     </span>
    </p>

    <p class='ocr_par' dir='ltr' id='par_1_4' title="bbox 103 448 1747 872">
     <span class='ocr_line' id='line_1_8' title="bbox 155 448 1742 497; baseline 0 -10"><span class='ocrx_word' id='word_1_82' title='bbox 155 450 416 488; x_wconf 86' lang='lat' dir='ltr'>Inveniuntur</span> <span class='ocrx_word' id='word_1_83' title='bbox 437 454 567 487; x_wconf 83' lang='lat' dir='ltr'>tamen</span> <span class='ocrx_word' id='word_1_84' title='bbox 589 449 767 497; x_wconf 63' lang='lat' dir='ltr'>quaedam</span> <span class='ocrx_word' id='word_1_85' title='bbox 791 448 831 484; x_wconf 92' lang='lat' dir='ltr'>in</span> <span class='ocrx_word' id='word_1_86' title='bbox 852 449 1080 494; x_wconf 78' lang='lat' dir='ltr'>scripturis,</span> <span class='ocrx_word' id='word_1_87' title='bbox 1104 459 1149 485; x_wconf 84' lang='lat' dir='ltr'>cx</span> <span class='ocrx_word' id='word_1_88' title='bbox 1171 449 1316 496; x_wconf 88' lang='lat' dir='ltr'>quibus</span> <span class='ocrx_word' id='word_1_89' title='bbox 1338 450 1491 486; x_wconf 75' lang='lat' dir='ltr'>videtur</span> <span class='ocrx_word' id='word_1_90' title='bbox 1511 450 1616 496; x_wconf 87' lang='lat' dir='ltr'>quod</span> <span class='ocrx_word' id='word_1_91' title='bbox 1640 451 1742 487; x_wconf 79' lang='lat' dir='ltr'>Deus</span> 
     </span>
     <span class='ocr_line' id='line_1_9' title="bbox 107 495 1743 543; baseline -0.001 -8"><span class='ocrx_word' id='word_1_92' title='bbox 107 497 159 536; x_wconf 88' lang='lat' dir='ltr'>sit</span> <span class='ocrx_word' id='word_1_93' title='bbox 179 497 229 534; x_wconf 86' lang='lat' dir='ltr'>ali</span> <span class='ocrx_word' id='word_1_94' title='bbox 263 497 380 535; x_wconf 88' lang='lat' dir='ltr'>uibus</span> <span class='ocrx_word' id='word_1_95' title='bbox 403 506 526 534; x_wconf 84' lang='lat' dir='ltr'>causa</span> <span class='ocrx_word' id='word_1_96' title='bbox 553 496 767 542; x_wconf 85' lang='lat' dir='ltr'>peccandi;</span> <span class='ocrx_word' id='word_1_97' title='bbox 788 495 931 532; x_wconf 88' lang='lat' dir='ltr'>dicitur</span> <span class='ocrx_word' id='word_1_98' title='bbox 967 496 1071 532; x_wconf 83' lang='lat' dir='ltr'>enim</span> <span class='ocrx_word' id='word_1_99' title='bbox 1096 508 1103 531; x_wconf 93' lang='lat'><strong>:</strong></span> <span class='ocrx_word' id='word_1_100' title='bbox 1126 498 1201 540; x_wconf 77' lang='lat'>1390</span> <span class='ocrx_word' id='word_1_101' title='bbox 1230 497 1404 531; x_wconf 62' lang='lat' dir='ltr'>intimavi·</span> <span class='ocrx_word' id='word_1_102' title='bbox 1432 508 1491 531; x_wconf 54' lang='grc' dir='ltr'>κη·</span> <span class='ocrx_word' id='word_1_103' title='bbox 1523 498 1600 541; x_wconf 72' lang='lat' dir='ltr'>ejus</span> <span class='ocrx_word' id='word_1_104' title='bbox 1630 497 1743 543; x_wconf 80' lang='lat' dir='ltr'>(Plia-</span> 
     </span>
     <span class='ocr_line' id='line_1_10' title="bbox 105 542 1744 590; baseline -0.001 -9"><span class='ocrx_word' id='word_1_105' title='bbox 105 544 242 582; x_wconf 84' lang='lat' dir='ltr'>raonis</span> <span class='ocrx_word' id='word_1_106' title='bbox 277 548 310 580; x_wconf 76' lang='grc' dir='ltr'>ετ</span> <span class='ocrx_word' id='word_1_107' title='bbox 328 555 513 580; x_wconf 70' lang='lat' dir='ltr'>serrorum</span> <span class='ocrx_word' id='word_1_108' title='bbox 532 545 631 580; x_wconf 70' lang='lat' dir='ltr'>illius</span> <span class='ocrx_word' id='word_1_109' title='bbox 652 543 797 590; x_wconf 54' lang='lat' dir='ltr'>(Emit,</span> <span class='ocrx_word' id='word_1_110' title='bbox 819 550 857 587; x_wconf 87' lang='lat' dir='ltr'>X,</span> <span class='ocrx_word' id='word_1_111' title='bbox 882 542 914 589; x_wconf 82' lang='grc'>1)</span> <span class='ocrx_word' id='word_1_112' title='bbox 933 554 941 585; x_wconf 88' lang='grc'>;</span> <span class='ocrx_word' id='word_1_113' title='bbox 966 546 1002 578; x_wconf 85' lang='lat' dir='ltr'>ct</span> <span class='ocrx_word' id='word_1_114' title='bbox 1025 554 1033 578; x_wconf 75' lang='grc' dir='ltr'>ε</span> <span class='ocrx_word' id='word_1_115' title='bbox 1056 545 1207 578; x_wconf 69' lang='grc' dir='ltr'>Εεσεοοα</span> <span class='ocrx_word' id='word_1_116' title='bbox 1221 544 1419 588; x_wconf 64' lang='lat' dir='ltr'>ccv-populi</span> <span class='ocrx_word' id='word_1_117' title='bbox 1442 544 1565 587; x_wconf 70' lang='lat' dir='ltr'>liujus,</span> <span class='ocrx_word' id='word_1_118' title='bbox 1587 546 1619 579; x_wconf 75' lang='lat' dir='ltr'>et</span> <span class='ocrx_word' id='word_1_119' title='bbox 1642 554 1744 580; x_wconf 77' lang='lat' dir='ltr'>aures</span> 
     </span>
     <span class='ocr_line' id='line_1_11' title="bbox 104 590 1743 637; baseline -0.001 -9"><span class='ocrx_word' id='word_1_120' title='bbox 104 591 183 637; x_wconf 82' lang='lat' dir='ltr'>ejus</span> <span class='ocrx_word' id='word_1_121' title='bbox 203 601 380 637; x_wconf 72' lang='lat' dir='ltr'>aqqram,</span> <span class='ocrx_word' id='word_1_122' title='bbox 404 595 436 627; x_wconf 75' lang='lat' dir='ltr'>ec</span> <span class='ocrx_word' id='word_1_123' title='bbox 456 592 572 628; x_wconf 69' lang='lat' dir='ltr'>ocutos</span> <span class='ocrx_word' id='word_1_124' title='bbox 593 591 670 636; x_wconf 79' lang='lat' dir='ltr'>ejus</span> <span class='ocrx_word' id='word_1_125' title='bbox 689 590 828 634; x_wconf 77' lang='lat' dir='ltr'>claude,</span> <span class='ocrx_word' id='word_1_126' title='bbox 849 600 893 625; x_wconf 75' lang='lat' dir='ltr'>ne</span> <span class='ocrx_word' id='word_1_127' title='bbox 911 590 1006 633; x_wconf 78' lang='lat' dir='ltr'>forte</span> <span class='ocrx_word' id='word_1_128' title='bbox 1025 590 1147 624; x_wconf 72' lang='lat' dir='ltr'>videat</span> <span class='ocrx_word' id='word_1_129' title='bbox 1167 590 1277 625; x_wconf 71' lang='lat' dir='ltr'>oculis</span> <span class='ocrx_word' id='word_1_130' title='bbox 1298 592 1434 633; x_wconf 74' lang='lat' dir='ltr'>suis...‚</span> <span class='ocrx_word' id='word_1_131' title='bbox 1457 595 1488 626; x_wconf 75' lang='lat' dir='ltr'>ct</span> <span class='ocrx_word' id='word_1_132' title='bbox 1504 593 1743 635; x_wconf 61' lang='lat' dir='ltr'>convertatur,</span> 
     </span>
     <span class='ocr_line' id='line_1_12' title="bbox 104 637 1746 684; baseline -0.001 -9"><span class='ocrx_word' id='word_1_133' title='bbox 104 642 138 675; x_wconf 75' lang='lat' dir='ltr'>et</span> <span class='ocrx_word' id='word_1_134' title='bbox 157 648 280 675; x_wconf 77' lang='lat' dir='ltr'>sanem</span> <span class='ocrx_word' id='word_1_135' title='bbox 300 649 378 675; x_wconf 81' lang='lat' dir='ltr'>eum</span> <span class='ocrx_word' id='word_1_136' title='bbox 398 638 515 684; x_wconf 61' lang='lat' dir='ltr'>(Isaa,</span> <span class='ocrx_word' id='word_1_137' title='bbox 536 646 592 684; x_wconf 76' lang='grc' dir='ltr'>1η,</span> <span class='ocrx_word' id='word_1_138' title='bbox 613 638 669 683; x_wconf 81' lang='grc'>10)</span> <span class='ocrx_word' id='word_1_139' title='bbox 688 650 696 681; x_wconf 88' lang='lat'>;</span> <span class='ocrx_word' id='word_1_140' title='bbox 716 644 753 675; x_wconf 84' lang='lat' dir='ltr'>et</span> <span class='ocrx_word' id='word_1_141' title='bbox 774 649 782 674; x_wconf 91' lang='lat'><strong>:</strong></span> <span class='ocrx_word' id='word_1_142' title='bbox 804 639 940 672; x_wconf 80' lang='lat' dir='ltr'><strong><em>Errare</em></strong></span> <span class='ocrx_word' id='word_1_143' title='bbox 969 646 1032 672; x_wconf 80' lang='lat' dir='ltr'>nos</span> <span class='ocrx_word' id='word_1_144' title='bbox 1062 638 1183 680; x_wconf 77' lang='lat' dir='ltr'>fecisti</span> <span class='ocrx_word' id='word_1_145' title='bbox 1202 637 1245 672; x_wconf 80' lang='lat' dir='ltr'>de</span> <span class='ocrx_word' id='word_1_146' title='bbox 1275 638 1345 672; x_wconf 80' lang='lat' dir='ltr'>viis</span> <span class='ocrx_word' id='word_1_147' title='bbox 1364 639 1435 672; x_wconf 68' lang='lat' dir='ltr'>tuis</span> <span class='ocrx_word' id='word_1_148' title='bbox 1452 638 1669 681; x_wconf 38' lang='lat' dir='ltr'>hindar-asti</span> <span class='ocrx_word' id='word_1_149' title='bbox 1688 648 1746 673; x_wconf 74' lang='lat' dir='ltr'>ror</span> 
     </span>
     <span class='ocr_line' id='line_1_13' title="bbox 103 683 1747 730; baseline -0.001 -8"><span class='ocrx_word' id='word_1_150' title='bbox 103 688 280 726; x_wconf 76' lang='lat' dir='ltr'>nostrum,</span> <span class='ocrx_word' id='word_1_151' title='bbox 301 697 346 722; x_wconf 77' lang='lat' dir='ltr'>ne</span> <span class='ocrx_word' id='word_1_152' title='bbox 373 688 576 722; x_wconf 76' lang='lat' dir='ltr'>timeremus</span> <span class='ocrx_word' id='word_1_153' title='bbox 598 689 630 720; x_wconf 78' lang='lat' dir='ltr'>te</span> <span class='ocrx_word' id='word_1_154' title='bbox 662 685 778 730; x_wconf 79' lang='lat' dir='ltr'>(Isui.‚</span> <span class='ocrx_word' id='word_1_155' title='bbox 797 692 907 728; x_wconf 74' lang='lat' dir='ltr'>Lxm,</span> <span class='ocrx_word' id='word_1_156' title='bbox 929 684 984 730; x_wconf 80' lang='lat'>17)</span> <span class='ocrx_word' id='word_1_157' title='bbox 1006 695 1015 728; x_wconf 93' lang='grc'><strong>;</strong></span> <span class='ocrx_word' id='word_1_158' title='bbox 1037 687 1075 719; x_wconf 89' lang='lat' dir='ltr'>et</span> <span class='ocrx_word' id='word_1_159' title='bbox 1096 683 1240 720; x_wconf 86' lang='lat' dir='ltr'>dicitur</span> <span class='ocrx_word' id='word_1_160' title='bbox 1261 696 1269 720; x_wconf 80' lang='lat' dir='ltr'>z</span> <span class='ocrx_word' id='word_1_161' title='bbox 1294 684 1464 720; x_wconf 70' lang='lat' dir='ltr'>Tradiclrt</span> <span class='ocrx_word' id='word_1_162' title='bbox 1492 685 1572 720; x_wconf 74' lang='lat' dir='ltr'>illos</span> <span class='ocrx_word' id='word_1_163' title='bbox 1597 686 1690 720; x_wconf 63' lang='lat' dir='ltr'>Deus</span> <span class='ocrx_word' id='word_1_164' title='bbox 1708 687 1747 720; x_wconf 63' lang='lat' dir='ltr'>en</span> 
     </span>
     <span class='ocr_line' id='line_1_14' title="bbox 103 731 1746 779; baseline -0.001 -10"><span class='ocrx_word' id='word_1_165' title='bbox 103 733 294 779; x_wconf 82' lang='lat' dir='ltr'>reprobum</span> <span class='ocrx_word' id='word_1_166' title='bbox 312 743 468 776; x_wconf 81' lang='lat' dir='ltr'>sensum,</span> <span class='ocrx_word' id='word_1_167' title='bbox 488 736 528 768; x_wconf 75' lang='lat' dir='ltr'>ut</span> <span class='ocrx_word' id='word_1_168' title='bbox 544 734 687 776; x_wconf 75' lang='lat' dir='ltr'>faciant</span> <span class='ocrx_word' id='word_1_169' title='bbox 707 742 748 767; x_wconf 84' lang='lat' dir='ltr'>ea</span> <span class='ocrx_word' id='word_1_170' title='bbox 768 742 845 776; x_wconf 61' lang='lat' dir='ltr'>quse</span> <span class='ocrx_word' id='word_1_171' title='bbox 868 741 938 766; x_wconf 76' lang='lat' dir='ltr'>non</span> <span class='ocrx_word' id='word_1_172' title='bbox 955 733 1182 766; x_wconf 74' lang='lat' dir='ltr'>conveniunt.</span> <span class='ocrx_word' id='word_1_173' title='bbox 1201 731 1329 777; x_wconf 65' lang='lat' dir='ltr'>(Rom,</span> <span class='ocrx_word' id='word_1_174' title='bbox 1353 740 1379 776; x_wconf 94' lang='lat'>1,</span> <span class='ocrx_word' id='word_1_175' title='bbox 1401 732 1476 777; x_wconf 73' lang='lat'>28.)</span> <span class='ocrx_word' id='word_1_176' title='bbox 1499 732 1591 776; x_wconf 78' lang='lat' dir='ltr'>Quae</span> <span class='ocrx_word' id='word_1_177' title='bbox 1611 732 1746 768; x_wconf 85' lang='lat' dir='ltr'>omnia</span> 
     </span>
     <span class='ocr_line' id='line_1_15' title="bbox 105 778 1745 826; baseline -0.001 -9"><span class='ocrx_word' id='word_1_178' title='bbox 105 780 326 817; x_wconf 86' lang='lat' dir='ltr'>secundum</span> <span class='ocrx_word' id='word_1_179' title='bbox 352 781 426 817; x_wconf 78' lang='lat' dir='ltr'>lioc</span> <span class='ocrx_word' id='word_1_180' title='bbox 448 779 707 826; x_wconf 81' lang='lat' dir='ltr'>intelligenda</span> <span class='ocrx_word' id='word_1_181' title='bbox 728 781 833 821; x_wconf 80' lang='lat' dir='ltr'>sunt,</span> <span class='ocrx_word' id='word_1_182' title='bbox 855 778 958 825; x_wconf 89' lang='lat' dir='ltr'>quod</span> <span class='ocrx_word' id='word_1_183' title='bbox 982 779 1085 815; x_wconf 86' lang='lat' dir='ltr'>Deus</span> <span class='ocrx_word' id='word_1_184' title='bbox 1121 778 1322 824; x_wconf 81' lang='lat' dir='ltr'>aliquibus</span> <span class='ocrx_word' id='word_1_185' title='bbox 1354 787 1433 814; x_wconf 91' lang='lat' dir='ltr'>non</span> <span class='ocrx_word' id='word_1_186' title='bbox 1459 780 1611 815; x_wconf 77' lang='lat' dir='ltr'>confert</span> <span class='ocrx_word' id='word_1_187' title='bbox 1633 779 1745 815; x_wconf 81' lang='lat' dir='ltr'>auxi-</span> 
     </span>
     <span class='ocr_line' id='line_1_16' title="bbox 106 825 1431 872; baseline -0.002 -9"><span class='ocrx_word' id='word_1_188' title='bbox 106 827 203 864; x_wconf 89' lang='lat' dir='ltr'>lium</span> <span class='ocrx_word' id='word_1_189' title='bbox 224 827 270 864; x_wconf 85' lang='lat' dir='ltr'>ad</span> <span class='ocrx_word' id='word_1_190' title='bbox 296 827 498 864; x_wconf 83' lang='lat' dir='ltr'>vitandum</span> <span class='ocrx_word' id='word_1_191' title='bbox 523 830 739 872; x_wconf 84' lang='lat' dir='ltr'>peccatum,</span> <span class='ocrx_word' id='word_1_192' title='bbox 765 825 870 872; x_wconf 84' lang='lat' dir='ltr'>quod</span> <span class='ocrx_word' id='word_1_193' title='bbox 892 825 982 861; x_wconf 89' lang='lat' dir='ltr'>aliis</span> <span class='ocrx_word' id='word_1_194' title='bbox 1002 825 1242 871; x_wconf 83' lang='lat' dir='ltr'>quibusdam</span> <span class='ocrx_word' id='word_1_195' title='bbox 1266 825 1431 862; x_wconf 80' lang='lat' dir='ltr'>confert.</span> 
     </span>
    </p>

    <p class='ocr_par' dir='ltr' id='par_1_5' title="bbox 103 872 1745 1202">
     <span class='ocr_line' id='line_1_17' title="bbox 154 872 1743 918; baseline -0.001 -7"><span class='ocrx_word' id='word_1_196' title='bbox 154 875 233 911; x_wconf 90' lang='lat' dir='ltr'>Hoc</span> <span class='ocrx_word' id='word_1_197' title='bbox 257 879 387 911; x_wconf 85' lang='lat' dir='ltr'>autem</span> <span class='ocrx_word' id='word_1_198' title='bbox 409 874 602 911; x_wconf 85' lang='lat' dir='ltr'>auxilium</span> <span class='ocrx_word' id='word_1_199' title='bbox 624 877 684 911; x_wconf 86' lang='lat' dir='ltr'>cst</span> <span class='ocrx_word' id='word_1_200' title='bbox 705 881 785 910; x_wconf 89' lang='lat' dir='ltr'>non</span> <span class='ocrx_word' id='word_1_201' title='bbox 807 872 938 909; x_wconf 88' lang='lat' dir='ltr'>solum</span> <span class='ocrx_word' id='word_1_202' title='bbox 973 872 1123 909; x_wconf 79' lang='lat' dir='ltr'>infusio</span> <span class='ocrx_word' id='word_1_203' title='bbox 1152 873 1301 918; x_wconf 65' lang='lat' dir='ltr'>gratiae,</span> <span class='ocrx_word' id='word_1_204' title='bbox 1325 872 1394 909; x_wconf 88' lang='lat' dir='ltr'>sed</span> <span class='ocrx_word' id='word_1_205' title='bbox 1420 872 1535 908; x_wconf 85' lang='lat' dir='ltr'>etiam</span> <span class='ocrx_word' id='word_1_206' title='bbox 1573 873 1743 910; x_wconf 79' lang='lat' dir='ltr'>exterior</span> 
     </span>
     <span class='ocr_line' id='line_1_18' title="bbox 105 918 1742 968; baseline -0.001 -10"><span class='ocrx_word' id='word_1_207' title='bbox 105 921 302 965; x_wconf 84' lang='lat' dir='ltr'>custodia,</span> <span class='ocrx_word' id='word_1_208' title='bbox 325 931 527 968; x_wconf 88' lang='lat' dir='ltr'>perquam</span> <span class='ocrx_word' id='word_1_209' title='bbox 548 921 784 958; x_wconf 81' lang='lat' dir='ltr'>occasiones</span> <span class='ocrx_word' id='word_1_210' title='bbox 802 918 990 965; x_wconf 80' lang='lat' dir='ltr'>peccandi</span> <span class='ocrx_word' id='word_1_211' title='bbox 1016 918 1167 955; x_wconf 88' lang='lat' dir='ltr'>homini</span> <span class='ocrx_word' id='word_1_212' title='bbox 1189 929 1235 956; x_wconf 86' lang='lat' dir='ltr'>cx</span> <span class='ocrx_word' id='word_1_213' title='bbox 1256 919 1387 956; x_wconf 86' lang='lat' dir='ltr'>divina</span> <span class='ocrx_word' id='word_1_214' title='bbox 1403 920 1651 965; x_wconf 82' lang='lat' dir='ltr'>providentia</span> <span class='ocrx_word' id='word_1_215' title='bbox 1672 921 1742 957; x_wconf 87' lang='lat' dir='ltr'>tol·</span> 
     </span>
     <span class='ocr_line' id='line_1_19' title="bbox 106 966 1744 1014; baseline -0.001 -10"><span class='ocrx_word' id='word_1_216' title='bbox 106 968 242 1005; x_wconf 88' lang='lat' dir='ltr'>luntur</span> <span class='ocrx_word' id='word_1_217' title='bbox 262 972 299 1005; x_wconf 92' lang='lat' dir='ltr'>et</span> <span class='ocrx_word' id='word_1_218' title='bbox 320 968 574 1014; x_wconf 79' lang='lat' dir='ltr'>provocantia</span> <span class='ocrx_word' id='word_1_219' title='bbox 596 968 643 1005; x_wconf 86' lang='lat' dir='ltr'>ad</span> <span class='ocrx_word' id='word_1_220' title='bbox 665 970 868 1013; x_wconf 85' lang='lat' dir='ltr'>peccatum</span> <span class='ocrx_word' id='word_1_221' title='bbox 888 966 1222 1011; x_wconf 83' lang='lat' dir='ltr'>comprimuntur3</span> <span class='ocrx_word' id='word_1_222' title='bbox 1239 967 1396 1013; x_wconf 78' lang='lat' dir='ltr'>adJuvat</span> <span class='ocrx_word' id='word_1_223' title='bbox 1418 967 1534 1002; x_wconf 77' lang='lat' dir='ltr'>etiam</span> <span class='ocrx_word' id='word_1_224' title='bbox 1551 968 1654 1002; x_wconf 76' lang='lat' dir='ltr'>Deus</span> <span class='ocrx_word' id='word_1_225' title='bbox 1675 966 1744 1003; x_wconf 84' lang='lat' dir='ltr'>ho-</span> 
     </span>
     <span class='ocr_line' id='line_1_20' title="bbox 104 1013 1745 1060; baseline -0.001 -9"><span class='ocrx_word' id='word_1_226' title='bbox 104 1015 252 1051; x_wconf 90' lang='lat' dir='ltr'>miuem</span> <span class='ocrx_word' id='word_1_227' title='bbox 275 1019 414 1051; x_wconf 85' lang='lat' dir='ltr'>contra</span> <span class='ocrx_word' id='word_1_228' title='bbox 434 1019 639 1060; x_wconf 85' lang='lat' dir='ltr'>peccatum</span> <span class='ocrx_word' id='word_1_229' title='bbox 661 1023 730 1058; x_wconf 83' lang='lat' dir='ltr'>per</span> <span class='ocrx_word' id='word_1_230' title='bbox 751 1013 930 1050; x_wconf 84' lang='lat' dir='ltr'>naturale</span> <span class='ocrx_word' id='word_1_231' title='bbox 952 1013 1082 1049; x_wconf 89' lang='lat' dir='ltr'>lumen</span> <span class='ocrx_word' id='word_1_232' title='bbox 1102 1013 1269 1050; x_wconf 87' lang='lat' dir='ltr'>rationis</span> <span class='ocrx_word' id='word_1_233' title='bbox 1290 1017 1326 1050; x_wconf 86' lang='lat' dir='ltr'>et</span> <span class='ocrx_word' id='word_1_234' title='bbox 1340 1014 1416 1050; x_wconf 88' lang='lat' dir='ltr'>alia</span> <span class='ocrx_word' id='word_1_235' title='bbox 1435 1014 1628 1049; x_wconf 86' lang='lat' dir='ltr'>naturalia</span> <span class='ocrx_word' id='word_1_236' title='bbox 1642 1014 1745 1050; x_wconf 90' lang='lat' dir='ltr'>bona</span> 
     </span>
     <span class='ocr_line' id='line_1_21' title="bbox 105 1060 1745 1108; baseline -0.001 -10"><span class='ocrx_word' id='word_1_237' title='bbox 105 1071 192 1108; x_wconf 86' lang='lat' dir='ltr'>quae</span> <span class='ocrx_word' id='word_1_238' title='bbox 214 1061 366 1098; x_wconf 88' lang='lat' dir='ltr'>homini</span> <span class='ocrx_word' id='word_1_239' title='bbox 390 1062 556 1098; x_wconf 81' lang='lat' dir='ltr'>confert.</span> <span class='ocrx_word' id='word_1_240' title='bbox 579 1062 708 1105; x_wconf 78' lang='lat' dir='ltr'>Quum</span> <span class='ocrx_word' id='word_1_241' title='bbox 731 1069 825 1106; x_wconf 81' lang='lat' dir='ltr'>crgo</span> <span class='ocrx_word' id='word_1_242' title='bbox 848 1060 931 1096; x_wconf 84' lang='lat' dir='ltr'>haec</span> <span class='ocrx_word' id='word_1_243' title='bbox 953 1060 1101 1096; x_wconf 81' lang='lat' dir='ltr'>auxilia</span> <span class='ocrx_word' id='word_1_244' title='bbox 1122 1060 1322 1106; x_wconf 83' lang='lat' dir='ltr'>aliquibus</span> <span class='ocrx_word' id='word_1_245' title='bbox 1341 1060 1537 1097; x_wconf 85' lang='lat' dir='ltr'>subtrahit</span> <span class='ocrx_word' id='word_1_246' title='bbox 1569 1069 1639 1105; x_wconf 84' lang='lat' dir='ltr'>pro</span> <span class='ocrx_word' id='word_1_247' title='bbox 1660 1070 1745 1096; x_wconf 91' lang='lat' dir='ltr'>me-</span> 
     </span>
     <span class='ocr_line' id='line_1_22' title="bbox 106 1106 1745 1153; baseline -0.001 -9"><span class='ocrx_word' id='word_1_248' title='bbox 106 1108 183 1144; x_wconf 87' lang='lat' dir='ltr'>rito</span> <span class='ocrx_word' id='word_1_249' title='bbox 197 1116 280 1145; x_wconf 85' lang='lat' dir='ltr'>suae</span> <span class='ocrx_word' id='word_1_250' title='bbox 298 1108 485 1152; x_wconf 87' lang='lat' dir='ltr'>actionis,</span> <span class='ocrx_word' id='word_1_251' title='bbox 508 1108 726 1145; x_wconf 83' lang='lat' dir='ltr'>secundum</span> <span class='ocrx_word' id='word_1_252' title='bbox 751 1106 856 1153; x_wconf 89' lang='lat' dir='ltr'>quod</span> <span class='ocrx_word' id='word_1_253' title='bbox 876 1106 960 1152; x_wconf 77' lang='lat' dir='ltr'>ers</span> <span class='ocrx_word' id='word_1_254' title='bbox 979 1107 1133 1152; x_wconf 85' lang='lat' dir='ltr'>justitia</span> <span class='ocrx_word' id='word_1_255' title='bbox 1152 1107 1286 1153; x_wconf 75' lang='lat' dir='ltr'>exigit,</span> <span class='ocrx_word' id='word_1_256' title='bbox 1309 1107 1452 1143; x_wconf 87' lang='lat' dir='ltr'>dicitur</span> <span class='ocrx_word' id='word_1_257' title='bbox 1472 1116 1540 1144; x_wconf 87' lang='lat' dir='ltr'>eos</span> <span class='ocrx_word' id='word_1_258' title='bbox 1551 1107 1745 1144; x_wconf 85' lang='lat' dir='ltr'>obdurare</span> 
     </span>
     <span class='ocr_line' id='line_1_23' title="bbox 103 1153 1160 1202; baseline -0.002 -11"><span class='ocrx_word' id='word_1_259' title='bbox 103 1154 164 1192; x_wconf 90' lang='lat' dir='ltr'>vel</span> <span class='ocrx_word' id='word_1_260' title='bbox 183 1163 381 1192; x_wconf 87' lang='lat' dir='ltr'>excaecare</span> <span class='ocrx_word' id='word_1_261' title='bbox 408 1154 468 1192; x_wconf 85' lang='lat' dir='ltr'>vel</span> <span class='ocrx_word' id='word_1_262' title='bbox 491 1154 641 1202; x_wconf 85' lang='lat' dir='ltr'>aliquid</span> <span class='ocrx_word' id='word_1_263' title='bbox 661 1162 797 1191; x_wconf 89' lang='lat' dir='ltr'>eorum</span> <span class='ocrx_word' id='word_1_264' title='bbox 819 1162 904 1199; x_wconf 88' lang='lat' dir='ltr'>quae</span> <span class='ocrx_word' id='word_1_265' title='bbox 928 1153 1033 1189; x_wconf 89' lang='lat' dir='ltr'>dicta</span> <span class='ocrx_word' id='word_1_266' title='bbox 1053 1156 1160 1190; x_wconf 31' lang='lat' dir='ltr'>sunt&gt;</span> 
     </span>
    </p>
   </div>
   <div class='ocr_carea' id='block_1_3' title="bbox 727 1282 1103 1325">
    <p class='ocr_par' dir='ltr' id='par_1_6' title="bbox 727 1282 1103 1325">
     <span class='ocr_line' id='line_1_24' title="bbox 727 1282 1103 1325; baseline -0.003 -1"><span class='ocrx_word' id='word_1_267' title='bbox 727 1282 895 1325; x_wconf 84' lang='lat' dir='ltr'><strong>CAPUT</strong></span> <span class='ocrx_word' id='word_1_268' title='bbox 931 1283 1103 1324; x_wconf 86' lang='lat' dir='ltr'><strong>CLXIII.</strong></span> 
     </span>
    </p>
   </div>
   <div class='ocr_carea' id='block_1_4' title="bbox 280 1391 1548 1427">
    <p class='ocr_par' dir='ltr' id='par_1_7' title="bbox 280 1391 1548 1427">
     <span class='ocr_line' id='line_1_25' title="bbox 280 1391 1548 1427; baseline 0.002 -7"><span class='ocrx_word' id='word_1_269' title='bbox 280 1392 330 1420; x_wconf 88' lang='lat' dir='ltr'>DE</span> <span class='ocrx_word' id='word_1_270' title='bbox 355 1391 736 1427; x_wconf 79' lang='lat' dir='ltr'>PRAEDEST1NAT10NE,</span> <span class='ocrx_word' id='word_1_271' title='bbox 762 1391 1058 1420; x_wconf 79' lang='lat' dir='ltr'><strong>REPROBATIONE</strong></span> <span class='ocrx_word' id='word_1_272' title='bbox 1084 1391 1133 1419; x_wconf 88' lang='lat' dir='ltr'>ET</span> <span class='ocrx_word' id='word_1_273' title='bbox 1157 1391 1371 1420; x_wconf 80' lang='lat' dir='ltr'><strong>ELECTIONE</strong></span> <span class='ocrx_word' id='word_1_274' title='bbox 1396 1392 1548 1422; x_wconf 77' lang='lat' dir='ltr'><strong>DIVINA.</strong></span> 
     </span>
    </p>
   </div>
   <div class='ocr_carea' id='block_1_5' title="bbox 91 1482 1736 2891">
    <p class='ocr_par' dir='ltr' id='par_1_8' title="bbox 100 1482 1736 2139">
     <span class='ocr_line' id='line_1_26' title="bbox 153 1482 1734 1529; baseline 0 -9"><span class='ocrx_word' id='word_1_275' title='bbox 153 1483 253 1527; x_wconf 86' lang='lat' dir='ltr'>Quia</span> <span class='ocrx_word' id='word_1_276' title='bbox 271 1491 363 1519; x_wconf 84' lang='lat' dir='ltr'>vero</span> <span class='ocrx_word' id='word_1_277' title='bbox 384 1485 589 1519; x_wconf 88' lang='lat' dir='ltr'>ostensum</span> <span class='ocrx_word' id='word_1_278' title='bbox 611 1485 671 1519; x_wconf 86' lang='lat' dir='ltr'>est</span> <span class='ocrx_word' id='word_1_279' title='bbox 691 1482 796 1529; x_wconf 89' lang='lat' dir='ltr'>quod</span> <span class='ocrx_word' id='word_1_280' title='bbox 818 1482 950 1519; x_wconf 82' lang='lat' dir='ltr'>divina</span> <span class='ocrx_word' id='word_1_281' title='bbox 969 1482 1198 1527; x_wconf 79' lang='lat' dir='ltr'>operatione</span> <span class='ocrx_word' id='word_1_282' title='bbox 1220 1482 1342 1529; x_wconf 80' lang='lat' dir='ltr'>aliqui</span> <span class='ocrx_word' id='word_1_283' title='bbox 1373 1483 1598 1529; x_wconf 74' lang='lat' dir='ltr'>diriguntur</span> <span class='ocrx_word' id='word_1_284' title='bbox 1616 1483 1655 1520; x_wconf 91' lang='lat' dir='ltr'>in</span> <span class='ocrx_word' id='word_1_285' title='bbox 1677 1483 1734 1520; x_wconf 89' lang='lat' dir='ltr'>ul-</span> 
     </span>
     <span class='ocr_line' id='line_1_27' title="bbox 104 1528 1731 1576; baseline -0.001 -9"><span class='ocrx_word' id='word_1_286' title='bbox 104 1529 245 1567; x_wconf 86' lang='lat' dir='ltr'>timum</span> <span class='ocrx_word' id='word_1_287' title='bbox 266 1528 385 1566; x_wconf 84' lang='lat' dir='ltr'>finem</span> <span class='ocrx_word' id='word_1_288' title='bbox 406 1538 475 1575; x_wconf 88' lang='lat' dir='ltr'>per</span> <span class='ocrx_word' id='word_1_289' title='bbox 495 1529 661 1575; x_wconf 77' lang='lat' dir='ltr'>gratiam</span> <span class='ocrx_word' id='word_1_290' title='bbox 685 1529 821 1575; x_wconf 86' lang='lat' dir='ltr'>adjuti,</span> <span class='ocrx_word' id='word_1_291' title='bbox 845 1529 966 1575; x_wconf 84' lang='lat' dir='ltr'>aliqui</span> <span class='ocrx_word' id='word_1_292' title='bbox 988 1538 1080 1565; x_wconf 86' lang='lat' dir='ltr'>vero</span> <span class='ocrx_word' id='word_1_293' title='bbox 1102 1529 1240 1566; x_wconf 90' lang='lat' dir='ltr'>eodem</span> <span class='ocrx_word' id='word_1_294' title='bbox 1262 1530 1410 1567; x_wconf 83' lang='lat' dir='ltr'>auxilio</span> <span class='ocrx_word' id='word_1_295' title='bbox 1432 1531 1567 1576; x_wconf 67' lang='lat' dir='ltr'>gratiae</span> <span class='ocrx_word' id='word_1_296' title='bbox 1589 1531 1731 1567; x_wconf 86' lang='lat' dir='ltr'>deserti</span> 
     </span>
     <span class='ocr_line' id='line_1_28' title="bbox 105 1575 1734 1623; baseline 0 -9"><span class='ocrx_word' id='word_1_297' title='bbox 105 1577 153 1614; x_wconf 85' lang='lat' dir='ltr'>ab</span> <span class='ocrx_word' id='word_1_298' title='bbox 172 1576 312 1614; x_wconf 85' lang='lat' dir='ltr'>ultimo</span> <span class='ocrx_word' id='word_1_299' title='bbox 333 1575 410 1620; x_wconf 81' lang='lat' dir='ltr'>sine</span> <span class='ocrx_word' id='word_1_300' title='bbox 433 1575 632 1616; x_wconf 87' lang='lat' dir='ltr'>decidunt,</span> <span class='ocrx_word' id='word_1_301' title='bbox 655 1576 790 1612; x_wconf 89' lang='lat' dir='ltr'>omnia</span> <span class='ocrx_word' id='word_1_302' title='bbox 810 1579 940 1612; x_wconf 85' lang='lat' dir='ltr'>autem</span> <span class='ocrx_word' id='word_1_303' title='bbox 963 1585 1049 1622; x_wconf 70' lang='lat' dir='ltr'>quae</span> <span class='ocrx_word' id='word_1_304' title='bbox 1071 1585 1093 1612; x_wconf 86' lang='lat' dir='ltr'>a</span> <span class='ocrx_word' id='word_1_305' title='bbox 1123 1577 1202 1613; x_wconf 87' lang='lat' dir='ltr'>Deo</span> <span class='ocrx_word' id='word_1_306' title='bbox 1223 1581 1395 1623; x_wconf 84' lang='lat' dir='ltr'>aguntur</span> <span class='ocrx_word' id='word_1_307' title='bbox 1429 1578 1476 1613; x_wconf 88' lang='lat' dir='ltr'>ab</span> <span class='ocrx_word' id='word_1_308' title='bbox 1499 1582 1645 1614; x_wconf 79' lang='lat' dir='ltr'>aeterno</span> <span class='ocrx_word' id='word_1_309' title='bbox 1667 1586 1734 1623; x_wconf 80' lang='lat' dir='ltr'>per</span> 
     </span>
     <span class='ocr_line' id='line_1_29' title="bbox 105 1623 1732 1670; baseline 0.001 -9"><span class='ocrx_word' id='word_1_310' title='bbox 105 1624 192 1670; x_wconf 76' lang='lat' dir='ltr'>ejtis</span> <span class='ocrx_word' id='word_1_311' title='bbox 207 1623 442 1669; x_wconf 81' lang='lat' dir='ltr'>sapientiam</span> <span class='ocrx_word' id='word_1_312' title='bbox 465 1623 626 1669; x_wconf 87' lang='lat' dir='ltr'>provisa</span> <span class='ocrx_word' id='word_1_313' title='bbox 646 1626 683 1659; x_wconf 90' lang='lat' dir='ltr'>et</span> <span class='ocrx_word' id='word_1_314' title='bbox 703 1623 887 1660; x_wconf 87' lang='lat' dir='ltr'>ordinata</span> <span class='ocrx_word' id='word_1_315' title='bbox 910 1626 1015 1665; x_wconf 89' lang='lat' dir='ltr'>sunt,</span> <span class='ocrx_word' id='word_1_316' title='bbox 1039 1628 1081 1659; x_wconf 89' lang='lat' dir='ltr'>ut</span> <span class='ocrx_word' id='word_1_317' title='bbox 1101 1631 1222 1669; x_wconf 88' lang='lat' dir='ltr'>supra</span> <span class='ocrx_word' id='word_1_318' title='bbox 1242 1627 1448 1661; x_wconf 89' lang='lat' dir='ltr'>ostensum</span> <span class='ocrx_word' id='word_1_319' title='bbox 1472 1628 1545 1669; x_wconf 90' lang='lat' dir='ltr'>est,</span> <span class='ocrx_word' id='word_1_320' title='bbox 1568 1633 1732 1662; x_wconf 86' lang='lat' dir='ltr'>necesse</span> 
     </span>
     <span class='ocr_line' id='line_1_30' title="bbox 105 1669 1731 1717; baseline 0 -9"><span class='ocrx_word' id='word_1_321' title='bbox 105 1675 165 1708; x_wconf 88' lang='lat' dir='ltr'>est</span> <span class='ocrx_word' id='word_1_322' title='bbox 184 1670 411 1717; x_wconf 86' lang='lat' dir='ltr'>praedictam</span> <span class='ocrx_word' id='word_1_323' title='bbox 436 1670 640 1707; x_wconf 82' lang='lat' dir='ltr'>hominum</span> <span class='ocrx_word' id='word_1_324' title='bbox 661 1669 959 1712; x_wconf 82' lang='lat' dir='ltr'>distinctionem</span> <span class='ocrx_word' id='word_1_325' title='bbox 981 1670 1028 1706; x_wconf 85' lang='lat' dir='ltr'>ab</span> <span class='ocrx_word' id='word_1_326' title='bbox 1050 1673 1197 1707; x_wconf 67' lang='lat' dir='ltr'>teterno</span> <span class='ocrx_word' id='word_1_327' title='bbox 1228 1680 1250 1707; x_wconf 88' lang='lat' dir='ltr'>a</span> <span class='ocrx_word' id='word_1_328' title='bbox 1270 1672 1349 1707; x_wconf 83' lang='lat' dir='ltr'>Deo</span> <span class='ocrx_word' id='word_1_329' title='bbox 1384 1680 1473 1708; x_wconf 89' lang='lat' dir='ltr'>esse</span> <span class='ocrx_word' id='word_1_330' title='bbox 1495 1671 1731 1709; x_wconf 86' lang='lat' dir='ltr'>ordinatam.</span> 
     </span>
     <span class='ocr_line' id='line_1_31' title="bbox 103 1716 1733 1765; baseline 0 -10"><span class='ocrx_word' id='word_1_331' title='bbox 103 1718 326 1755; x_wconf 89' lang='lat' dir='ltr'>Secundum</span> <span class='ocrx_word' id='word_1_332' title='bbox 354 1725 448 1763; x_wconf 83' lang='lat' dir='ltr'>ergo</span> <span class='ocrx_word' id='word_1_333' title='bbox 469 1716 575 1764; x_wconf 90' lang='lat' dir='ltr'>quod</span> <span class='ocrx_word' id='word_1_334' title='bbox 596 1716 790 1763; x_wconf 86' lang='lat' dir='ltr'>quosdam</span> <span class='ocrx_word' id='word_1_335' title='bbox 813 1716 859 1753; x_wconf 85' lang='lat' dir='ltr'>ab</span> <span class='ocrx_word' id='word_1_336' title='bbox 881 1720 1028 1753; x_wconf 85' lang='lat' dir='ltr'>aeterno</span> <span class='ocrx_word' id='word_1_337' title='bbox 1049 1717 1328 1763; x_wconf 89' lang='lat' dir='ltr'>praeordinavit</span> <span class='ocrx_word' id='word_1_338' title='bbox 1364 1722 1405 1754; x_wconf 86' lang='lat' dir='ltr'>ut</span> <span class='ocrx_word' id='word_1_339' title='bbox 1436 1718 1664 1765; x_wconf 76' lang='lat' dir='ltr'>dirigendos</span> <span class='ocrx_word' id='word_1_340' title='bbox 1693 1719 1733 1755; x_wconf 86' lang='lat' dir='ltr'>in</span> 
     </span>
     <span class='ocr_line' id='line_1_32' title="bbox 103 1756 1736 1810; baseline -0.001 -8"><span class='ocrx_word' id='word_1_341' title='bbox 103 1764 287 1802; x_wconf 88' lang='lat' dir='ltr'>ultimum</span> <span class='ocrx_word' id='word_1_342' title='bbox 320 1756 453 1808; x_wconf 78' lang='lat' dir='ltr'>finem,</span> <span class='ocrx_word' id='word_1_343' title='bbox 487 1763 632 1800; x_wconf 87' lang='lat' dir='ltr'>dicitur</span> <span class='ocrx_word' id='word_1_344' title='bbox 662 1772 732 1800; x_wconf 89' lang='lat' dir='ltr'>eos</span> <span class='ocrx_word' id='word_1_345' title='bbox 765 1763 1072 1809; x_wconf 85' lang='lat' dir='ltr'>praedestinasse</span> <span class='ocrx_word' id='word_1_346' title='bbox 1100 1775 1109 1807; x_wconf 89' lang='lat'><em>;</em></span> <span class='ocrx_word' id='word_1_347' title='bbox 1139 1764 1241 1801; x_wconf 85' lang='lat' dir='ltr'>unde</span> <span class='ocrx_word' id='word_1_348' title='bbox 1270 1765 1485 1810; x_wconf 82' lang='lat' dir='ltr'>Apostolus</span> <span class='ocrx_word' id='word_1_349' title='bbox 1517 1765 1610 1802; x_wconf 89' lang='lat' dir='ltr'>dicit</span> <span class='ocrx_word' id='word_1_350' title='bbox 1635 1777 1644 1801; x_wconf 74' lang='grc' dir='ltr'><strong>ε</strong></span> <span class='ocrx_word' id='word_1_351' title='bbox 1667 1765 1736 1809; x_wconf 73' lang='lat' dir='ltr'>Qui</span> 
     </span>
     <span class='ocr_line' id='line_1_33' title="bbox 100 1810 1733 1859; baseline 0.001 -12"><span class='ocrx_word' id='word_1_352' title='bbox 100 1811 377 1859; x_wconf 59' lang='lat' dir='ltr'>praedestinavit</span> <span class='ocrx_word' id='word_1_353' title='bbox 394 1820 459 1847; x_wconf 84' lang='lat' dir='ltr'>nos</span> <span class='ocrx_word' id='word_1_354' title='bbox 489 1811 531 1846; x_wconf 80' lang='lat' dir='ltr'>in</span> <span class='ocrx_word' id='word_1_355' title='bbox 567 1810 794 1856; x_wconf 79' lang='lat' dir='ltr'>adoptionem</span> <span class='ocrx_word' id='word_1_356' title='bbox 826 1811 1044 1856; x_wconf 74' lang='lat' dir='ltr'>filiorum...‚</span> <span class='ocrx_word' id='word_1_357' title='bbox 1062 1812 1255 1847; x_wconf 72' lang='lat' dir='ltr'>secundam</span> <span class='ocrx_word' id='word_1_358' title='bbox 1282 1814 1503 1857; x_wconf 78' lang='lat' dir='ltr'>propositum</span> <span class='ocrx_word' id='word_1_359' title='bbox 1537 1813 1733 1848; x_wconf 70' lang='lat' dir='ltr'>voluntatis</span> 
     </span>
     <span class='ocr_line' id='line_1_34' title="bbox 101 1856 1733 1906; baseline 0 -10"><span class='ocrx_word' id='word_1_360' title='bbox 101 1867 188 1896; x_wconf 81' lang='lat' dir='ltr'>suae.</span> <span class='ocrx_word' id='word_1_361' title='bbox 211 1858 371 1905; x_wconf 79' lang='lat' dir='ltr'>(Ephes.,</span> <span class='ocrx_word' id='word_1_362' title='bbox 393 1866 421 1902; x_wconf 92' lang='lat'>1,</span> <span class='ocrx_word' id='word_1_363' title='bbox 443 1856 494 1905; x_wconf 83' lang='lat'>5.)</span> <span class='ocrx_word' id='word_1_364' title='bbox 517 1856 613 1894; x_wconf 81' lang='lat' dir='ltr'>Illos</span> <span class='ocrx_word' id='word_1_365' title='bbox 633 1861 764 1894; x_wconf 89' lang='lat' dir='ltr'>autem</span> <span class='ocrx_word' id='word_1_366' title='bbox 785 1857 930 1904; x_wconf 87' lang='lat' dir='ltr'>quibus</span> <span class='ocrx_word' id='word_1_367' title='bbox 954 1857 1002 1894; x_wconf 90' lang='lat' dir='ltr'>ab</span> <span class='ocrx_word' id='word_1_368' title='bbox 1022 1861 1170 1896; x_wconf 87' lang='lat' dir='ltr'>aeterno</span> <span class='ocrx_word' id='word_1_369' title='bbox 1187 1858 1385 1904; x_wconf 87' lang='lat' dir='ltr'>disposuit</span> <span class='ocrx_word' id='word_1_370' title='bbox 1404 1868 1446 1896; x_wconf 89' lang='lat' dir='ltr'>se</span> <span class='ocrx_word' id='word_1_371' title='bbox 1463 1859 1630 1906; x_wconf 85' lang='lat' dir='ltr'>gratiam</span> <span class='ocrx_word' id='word_1_372' title='bbox 1653 1868 1733 1896; x_wconf 84' lang='lat' dir='ltr'>non</span> 
     </span>
     <span class='ocr_line' id='line_1_35' title="bbox 103 1904 1733 1953; baseline 0 -10"><span class='ocrx_word' id='word_1_373' title='bbox 103 1904 301 1948; x_wconf 84' lang='lat' dir='ltr'>daturum,</span> <span class='ocrx_word' id='word_1_374' title='bbox 325 1904 470 1941; x_wconf 85' lang='lat' dir='ltr'>dicitur</span> <span class='ocrx_word' id='word_1_375' title='bbox 486 1904 721 1951; x_wconf 85' lang='lat' dir='ltr'>reprobasse</span> <span class='ocrx_word' id='word_1_376' title='bbox 740 1904 801 1941; x_wconf 86' lang='lat' dir='ltr'>vel</span> <span class='ocrx_word' id='word_1_377' title='bbox 823 1904 916 1941; x_wconf 90' lang='lat' dir='ltr'>odio</span> <span class='ocrx_word' id='word_1_378' title='bbox 937 1904 1141 1950; x_wconf 90' lang='lat' dir='ltr'>habuisse,</span> <span class='ocrx_word' id='word_1_379' title='bbox 1161 1905 1381 1943; x_wconf 87' lang='lat' dir='ltr'>secundum</span> <span class='ocrx_word' id='word_1_380' title='bbox 1412 1906 1510 1942; x_wconf 90' lang='lat' dir='ltr'>illud</span> <span class='ocrx_word' id='word_1_381' title='bbox 1538 1906 1643 1953; x_wconf 89' lang='lat' dir='ltr'>quod</span> <span class='ocrx_word' id='word_1_382' title='bbox 1664 1905 1733 1944; x_wconf 87' lang='lat' dir='ltr'>ha-</span> 
     </span>
     <span class='ocr_line' id='line_1_36' title="bbox 101 1951 1734 1999; baseline 0.001 -10"><span class='ocrx_word' id='word_1_383' title='bbox 101 1951 217 1990; x_wconf 85' lang='lat' dir='ltr'>betur</span> <span class='ocrx_word' id='word_1_384' title='bbox 237 1964 246 1990; x_wconf 90' lang='lat'>:</span> <span class='ocrx_word' id='word_1_385' title='bbox 266 1952 390 1988; x_wconf 75' lang='lat' dir='ltr'>Dileaez&#39;</span> <span class='ocrx_word' id='word_1_386' title='bbox 408 1951 528 1992; x_wconf 84' lang='lat' dir='ltr'>Jacob,</span> <span class='ocrx_word' id='word_1_387' title='bbox 549 1953 650 1988; x_wconf 85' lang='lat' dir='ltr'>Esau</span> <span class='ocrx_word' id='word_1_388' title='bbox 665 1954 783 1988; x_wconf 82' lang='lat' dir='ltr'>autem</span> <span class='ocrx_word' id='word_1_389' title='bbox 805 1951 886 1988; x_wconf 82' lang='lat' dir='ltr'>odio</span> <span class='ocrx_word' id='word_1_390' title='bbox 921 1952 1045 1989; x_wconf 81' lang='lat' dir='ltr'>habui.</span> <span class='ocrx_word' id='word_1_391' title='bbox 1069 1951 1255 1998; x_wconf 56' lang='lat' dir='ltr'>(Malaca,</span> <span class='ocrx_word' id='word_1_392' title='bbox 1276 1961 1304 1997; x_wconf 88' lang='grc' dir='ltr'>Ι,</span> <span class='ocrx_word' id='word_1_393' title='bbox 1322 1955 1358 1997; x_wconf 81' lang='lat'>2,</span> <span class='ocrx_word' id='word_1_394' title='bbox 1383 1953 1434 1999; x_wconf 88' lang='lat'>3.)</span> <span class='ocrx_word' id='word_1_395' title='bbox 1456 1953 1621 1990; x_wconf 86' lang='lat' dir='ltr'>Ratione</span> <span class='ocrx_word' id='word_1_396' title='bbox 1641 1962 1734 1990; x_wconf 83' lang='lat' dir='ltr'>vero</span> 
     </span>
     <span class='ocr_line' id='line_1_37' title="bbox 102 1998 1733 2050; baseline 0 -13"><span class='ocrx_word' id='word_1_397' title='bbox 102 1999 232 2046; x_wconf 90' lang='lat' dir='ltr'>ipsius</span> <span class='ocrx_word' id='word_1_398' title='bbox 264 1998 550 2043; x_wconf 87' lang='lat' dir='ltr'>distinctionis,</span> <span class='ocrx_word' id='word_1_399' title='bbox 573 1999 791 2036; x_wconf 89' lang='lat' dir='ltr'>secundum</span> <span class='ocrx_word' id='word_1_400' title='bbox 829 1998 937 2050; x_wconf 83' lang='lat' dir='ltr'>quod</span> <span class='ocrx_word' id='word_1_401' title='bbox 976 1999 1170 2046; x_wconf 86' lang='lat' dir='ltr'>quosdam</span> <span class='ocrx_word' id='word_1_402' title='bbox 1206 2000 1429 2045; x_wconf 86' lang='lat' dir='ltr'>reprobavit</span> <span class='ocrx_word' id='word_1_403' title='bbox 1464 2004 1501 2036; x_wconf 88' lang='lat' dir='ltr'>et</span> <span class='ocrx_word' id='word_1_404' title='bbox 1538 2000 1733 2047; x_wconf 87' lang='lat' dir='ltr'>quosdam</span> 
     </span>
     <span class='ocr_line' id='line_1_38' title="bbox 102 2045 1734 2093; baseline -0.001 -9"><span class='ocrx_word' id='word_1_405' title='bbox 102 2046 413 2093; x_wconf 83' lang='lat' dir='ltr'>praedestinavit,</span> <span class='ocrx_word' id='word_1_406' title='bbox 436 2045 651 2083; x_wconf 86' lang='lat' dir='ltr'>attenditur</span> <span class='ocrx_word' id='word_1_407' title='bbox 667 2045 801 2083; x_wconf 87' lang='lat' dir='ltr'>divina</span> <span class='ocrx_word' id='word_1_408' title='bbox 821 2046 976 2090; x_wconf 87' lang='lat' dir='ltr'>elect10‚</span> <span class='ocrx_word' id='word_1_409' title='bbox 999 2046 1045 2083; x_wconf 91' lang='lat' dir='ltr'>de</span> <span class='ocrx_word' id='word_1_410' title='bbox 1067 2055 1146 2093; x_wconf 89' lang='lat' dir='ltr'>qua</span> <span class='ocrx_word' id='word_1_411' title='bbox 1177 2045 1322 2084; x_wconf 89' lang='lat' dir='ltr'>dicitur</span> <span class='ocrx_word' id='word_1_412' title='bbox 1344 2058 1354 2084; x_wconf 91' lang='lat'><strong>:</strong></span> <span class='ocrx_word' id='word_1_413' title='bbox 1381 2048 1500 2092; x_wconf 65' lang='lat' dir='ltr'>Elegit</span> <span class='ocrx_word' id='word_1_414' title='bbox 1516 2057 1580 2084; x_wconf 81' lang='lat' dir='ltr'>nos</span> <span class='ocrx_word' id='word_1_415' title='bbox 1600 2049 1640 2083; x_wconf 82' lang='lat' dir='ltr'>in</span> <span class='ocrx_word' id='word_1_416' title='bbox 1656 2049 1734 2093; x_wconf 80' lang='lat' dir='ltr'>ipso</span> 
     </span>
     <span class='ocr_line' id='line_1_39' title="bbox 103 2092 956 2139; baseline 0.002 -11"><span class='ocrx_word' id='word_1_417' title='bbox 103 2095 188 2129; x_wconf 79' lang='lat' dir='ltr'>ante</span> <span class='ocrx_word' id='word_1_418' title='bbox 205 2093 334 2128; x_wconf 77' lang='lat' dir='ltr'>mundi</span> <span class='ocrx_word' id='word_1_419' title='bbox 352 2094 655 2130; x_wconf 78' lang='lat' dir='ltr'>constitutionem.</span> <span class='ocrx_word' id='word_1_420' title='bbox 677 2092 838 2139; x_wconf 85' lang='lat' dir='ltr'>(Ephes.‚</span> <span class='ocrx_word' id='word_1_421' title='bbox 856 2102 884 2137; x_wconf 92' lang='lat'>1,</span> <span class='ocrx_word' id='word_1_422' title='bbox 905 2093 956 2138; x_wconf 83' lang='lat'>4.)</span> 
     </span>
    </p>

    <p class='ocr_par' dir='ltr' id='par_1_9' title="bbox 91 2139 1733 2411">
     <span class='ocr_line' id='line_1_40' title="bbox 151 2139 1733 2188; baseline 0.003 -13"><span class='ocrx_word' id='word_1_423' title='bbox 151 2139 215 2176; x_wconf 92' lang='lat' dir='ltr'>Sic</span> <span class='ocrx_word' id='word_1_424' title='bbox 233 2139 355 2186; x_wconf 85' lang='lat' dir='ltr'>igitur</span> <span class='ocrx_word' id='word_1_425' title='bbox 377 2142 483 2185; x_wconf 86' lang='lat' dir='ltr'>patet</span> <span class='ocrx_word' id='word_1_426' title='bbox 499 2139 605 2185; x_wconf 89' lang='lat' dir='ltr'>quod</span> <span class='ocrx_word' id='word_1_427' title='bbox 626 2140 922 2185; x_wconf 60' lang='lat' dir='ltr'>praedestinatio</span> <span class='ocrx_word' id='word_1_428' title='bbox 942 2143 980 2176; x_wconf 86' lang='lat' dir='ltr'>et</span> <span class='ocrx_word' id='word_1_429' title='bbox 1000 2139 1141 2178; x_wconf 84' lang='lat' dir='ltr'>electio</span> <span class='ocrx_word' id='word_1_430' title='bbox 1171 2143 1208 2178; x_wconf 88' lang='lat' dir='ltr'>et</span> <span class='ocrx_word' id='word_1_431' title='bbox 1229 2140 1453 2187; x_wconf 86' lang='lat' dir='ltr'>reprobatio</span> <span class='ocrx_word' id='word_1_432' title='bbox 1474 2144 1535 2178; x_wconf 88' lang='lat' dir='ltr'>est</span> <span class='ocrx_word' id='word_1_433' title='bbox 1554 2141 1733 2188; x_wconf 78' lang='lat' dir='ltr'>quaedam</span> 
     </span>
     <span class='ocr_line' id='line_1_41' title="bbox 91 2185 1733 2278; baseline 0.001 -8"><span class='ocrx_word' id='word_1_434' title='bbox 91 2185 900 2270; x_wconf 41' lang='grc' dir='ltr'>113ῗὲ1ῃὲῗὲΕῇἓὶῗιῖἐῗὲἒέἐθθήέἓΞΙΙΡέῆἓέἳ.</span> <span class='ocrx_word' id='word_1_435' title='bbox 922 2186 1466 2278; x_wconf 56' lang='lat' dir='ltr'>issss&#39;deffiniiaiife‘sslvdssst</span> <span class='ocrx_word' id='word_1_436' title='bbox 1479 2189 1733 2272; x_wconf 53' lang='lat' dir='ltr'>Egssevidtissisft</span> 
     </span>
     <span class='ocr_line' id='line_1_42' title="bbox 103 2245 1733 2331; baseline 0.001 -14"><span class='ocrx_word' id='word_1_437' title='bbox 103 2279 210 2327; x_wconf 87' lang='lat' dir='ltr'>quod</span> <span class='ocrx_word' id='word_1_438' title='bbox 228 2279 526 2326; x_wconf 78' lang='lat' dir='ltr'>praedestinatio</span> <span class='ocrx_word' id='word_1_439' title='bbox 546 2282 584 2316; x_wconf 88' lang='lat' dir='ltr'>et</span> <span class='ocrx_word' id='word_1_440' title='bbox 603 2279 744 2317; x_wconf 89' lang='lat' dir='ltr'>electio</span> <span class='ocrx_word' id='word_1_441' title='bbox 764 2261 1044 2331; x_wconf 71' lang='lat' dir='ltr'>necessitatem</span> <span class='ocrx_word' id='word_1_442' title='bbox 1060 2288 1144 2331; x_wconf 36' lang='lat' dir='ltr'>&#39;non</span> <span class='ocrx_word' id='word_1_443' title='bbox 1168 2280 1375 2325; x_wconf 85' lang='lat' dir='ltr'>inducunt,</span> <span class='ocrx_word' id='word_1_444' title='bbox 1395 2281 1541 2328; x_wconf 88' lang='lat' dir='ltr'>quibus</span> <span class='ocrx_word' id='word_1_445' title='bbox 1563 2245 1733 2327; x_wconf 55' lang='lat' dir='ltr'>etlsupra</span> 
     </span>
     <span class='ocr_line' id='line_1_43' title="bbox 104 2326 1730 2410; baseline 0.001 -46"><span class='ocrx_word' id='word_1_446' title='bbox 104 2326 235 2410; x_wconf 65' lang='lat' dir='ltr'>(c.f72t)</span> <span class='ocrx_word' id='word_1_447' title='bbox 258 2329 465 2364; x_wconf 89' lang='lat' dir='ltr'>ostensum</span> <span class='ocrx_word' id='word_1_448' title='bbox 487 2329 549 2364; x_wconf 84' lang='lat' dir='ltr'>est</span> <span class='ocrx_word' id='word_1_449' title='bbox 567 2326 674 2373; x_wconf 88' lang='lat' dir='ltr'>quod</span> <span class='ocrx_word' id='word_1_450' title='bbox 694 2326 828 2363; x_wconf 87' lang='lat' dir='ltr'>divina</span> <span class='ocrx_word' id='word_1_451' title='bbox 846 2326 1096 2372; x_wconf 82' lang='lat' dir='ltr'>providentia</span> <span class='ocrx_word' id='word_1_452' title='bbox 1128 2327 1444 2376; x_wconf 83' lang='lat' dir='ltr'>contingentiam</span> <span class='ocrx_word' id='word_1_453' title='bbox 1464 2337 1488 2365; x_wconf 86' lang='lat' dir='ltr'>a</span> <span class='ocrx_word' id='word_1_454' title='bbox 1508 2328 1626 2365; x_wconf 86' lang='lat' dir='ltr'>rebus</span> <span class='ocrx_word' id='word_1_455' title='bbox 1649 2337 1730 2365; x_wconf 89' lang='lat' dir='ltr'>non</span> 
     </span>
     <span class='ocr_line' id='line_1_44' title="bbox 104 2381 246 2411; baseline -0.014 0"><span class='ocrx_word' id='word_1_456' title='bbox 104 2381 154 2411; x_wconf 78' lang='lat' dir='ltr'>au</span> <span class='ocrx_word' id='word_1_457' title='bbox 175 2382 216 2410; x_wconf 72' lang='lat' dir='ltr'>er</span> <span class='ocrx_word' id='word_1_458' title='bbox 235 2398 246 2409; x_wconf 71' lang='grc' dir='ltr'>Ι</span> 
     </span>
    </p>

    <p class='ocr_par' dir='ltr' id='par_1_10' title="bbox 101 2419 1733 2891">
     <span class='ocr_line' id='line_1_45' title="bbox 151 2419 1731 2469; baseline 0.002 -12"><span class='ocrx_word' id='word_1_459' title='bbox 151 2419 265 2464; x_wconf 82' lang='lat' dir='ltr'>Quod</span> <span class='ocrx_word' id='word_1_460' title='bbox 285 2422 416 2458; x_wconf 84' lang='lat' dir='ltr'>autem</span> <span class='ocrx_word' id='word_1_461' title='bbox 434 2419 730 2466; x_wconf 75' lang='lat' dir='ltr'>praedestinatio</span> <span class='ocrx_word' id='word_1_462' title='bbox 764 2423 802 2457; x_wconf 89' lang='lat' dir='ltr'>et</span> <span class='ocrx_word' id='word_1_463' title='bbox 820 2419 962 2458; x_wconf 89' lang='lat' dir='ltr'>electio</span> <span class='ocrx_word' id='word_1_464' title='bbox 983 2429 1143 2458; x_wconf 87' lang='lat' dir='ltr'>causam</span> <span class='ocrx_word' id='word_1_465' title='bbox 1164 2429 1246 2458; x_wconf 91' lang='lat' dir='ltr'>non</span> <span class='ocrx_word' id='word_1_466' title='bbox 1266 2420 1439 2459; x_wconf 85' lang='lat' dir='ltr'>habeant</span> <span class='ocrx_word' id='word_1_467' title='bbox 1458 2431 1506 2458; x_wconf 87' lang='lat' dir='ltr'>ex</span> <span class='ocrx_word' id='word_1_468' title='bbox 1527 2422 1731 2469; x_wconf 88' lang='lat' dir='ltr'>aliquibus</span> 
     </span>
     <span class='ocr_line' id='line_1_46' title="bbox 103 2466 1732 2516; baseline 0.001 -12"><span class='ocrx_word' id='word_1_469' title='bbox 103 2466 292 2505; x_wconf 86' lang='lat' dir='ltr'>humanis</span> <span class='ocrx_word' id='word_1_470' title='bbox 310 2467 477 2511; x_wconf 86' lang='lat' dir='ltr'>meritis,</span> <span class='ocrx_word' id='word_1_471' title='bbox 499 2470 630 2513; x_wconf 89' lang='lat' dir='ltr'>potest</span> <span class='ocrx_word' id='word_1_472' title='bbox 651 2466 734 2503; x_wconf 85' lang='lat' dir='ltr'>fieri</span> <span class='ocrx_word' id='word_1_473' title='bbox 753 2467 1024 2512; x_wconf 79' lang='lat' dir='ltr'>manifestum,</span> <span class='ocrx_word' id='word_1_474' title='bbox 1050 2477 1132 2505; x_wconf 89' lang='lat' dir='ltr'>non</span> <span class='ocrx_word' id='word_1_475' title='bbox 1152 2469 1283 2505; x_wconf 90' lang='lat' dir='ltr'>solum</span> <span class='ocrx_word' id='word_1_476' title='bbox 1306 2478 1354 2505; x_wconf 85' lang='lat' dir='ltr'>ex</span> <span class='ocrx_word' id='word_1_477' title='bbox 1380 2469 1456 2505; x_wconf 90' lang='lat' dir='ltr'>hoc</span> <span class='ocrx_word' id='word_1_478' title='bbox 1478 2469 1581 2516; x_wconf 88' lang='lat' dir='ltr'>quod</span> <span class='ocrx_word' id='word_1_479' title='bbox 1605 2470 1732 2516; x_wconf 83' lang='lat' dir='ltr'>gratia</span> 
     </span>
     <span class='ocr_line' id='line_1_47' title="bbox 104 2513 1733 2561; baseline 0.001 -10"><span class='ocrx_word' id='word_1_480' title='bbox 104 2514 188 2558; x_wconf 85' lang='lat' dir='ltr'>Dei,</span> <span class='ocrx_word' id='word_1_481' title='bbox 211 2523 297 2561; x_wconf 78' lang='lat' dir='ltr'>quae</span> <span class='ocrx_word' id='word_1_482' title='bbox 314 2517 375 2551; x_wconf 85' lang='lat' dir='ltr'>est</span> <span class='ocrx_word' id='word_1_483' title='bbox 390 2513 754 2560; x_wconf 87' lang='lat' dir='ltr'>praedestinationis</span> <span class='ocrx_word' id='word_1_484' title='bbox 770 2513 949 2558; x_wconf 86' lang='lat' dir='ltr'>effectus,</span> <span class='ocrx_word' id='word_1_485' title='bbox 972 2515 1125 2552; x_wconf 88' lang='lat' dir='ltr'>meritis</span> <span class='ocrx_word' id='word_1_486' title='bbox 1139 2524 1217 2552; x_wconf 88' lang='lat' dir='ltr'>non</span> <span class='ocrx_word' id='word_1_487' title='bbox 1240 2515 1491 2560; x_wconf 87' lang='lat' dir='ltr'>praevenitur,</span> <span class='ocrx_word' id='word_1_488' title='bbox 1515 2516 1584 2553; x_wconf 90' lang='lat' dir='ltr'>sed</span> <span class='ocrx_word' id='word_1_489' title='bbox 1598 2517 1733 2553; x_wconf 89' lang='lat' dir='ltr'>omnia</span> 
     </span>
     <span class='ocr_line' id='line_1_48' title="bbox 102 2560 1732 2609; baseline 0.001 -11"><span class='ocrx_word' id='word_1_490' title='bbox 102 2561 244 2599; x_wconf 87' lang='lat' dir='ltr'>merita</span> <span class='ocrx_word' id='word_1_491' title='bbox 260 2560 446 2608; x_wconf 87' lang='lat' dir='ltr'>praecedit</span> <span class='ocrx_word' id='word_1_492' title='bbox 465 2561 652 2605; x_wconf 87' lang='lat' dir='ltr'>humana,</span> <span class='ocrx_word' id='word_1_493' title='bbox 681 2564 725 2598; x_wconf 88' lang='lat' dir='ltr'>ut</span> <span class='ocrx_word' id='word_1_494' title='bbox 745 2564 950 2598; x_wconf 88' lang='lat' dir='ltr'>ostensum</span> <span class='ocrx_word' id='word_1_495' title='bbox 984 2565 1070 2606; x_wconf 88' lang='lat' dir='ltr'>est;</span> <span class='ocrx_word' id='word_1_496' title='bbox 1092 2561 1162 2599; x_wconf 90' lang='lat' dir='ltr'>sed</span> <span class='ocrx_word' id='word_1_497' title='bbox 1184 2561 1302 2598; x_wconf 89' lang='lat' dir='ltr'>etiam</span> <span class='ocrx_word' id='word_1_498' title='bbox 1334 2562 1580 2600; x_wconf 84' lang='lat' dir='ltr'>manifestari</span> <span class='ocrx_word' id='word_1_499' title='bbox 1601 2567 1732 2609; x_wconf 87' lang='lat' dir='ltr'>potest</span> 
     </span>
     <span class='ocr_line' id='line_1_49' title="bbox 103 2607 1730 2657; baseline 0.001 -11"><span class='ocrx_word' id='word_1_500' title='bbox 103 2617 153 2646; x_wconf 86' lang='lat' dir='ltr'>ex</span> <span class='ocrx_word' id='word_1_501' title='bbox 171 2608 248 2646; x_wconf 89' lang='lat' dir='ltr'>hoc</span> <span class='ocrx_word' id='word_1_502' title='bbox 268 2607 374 2654; x_wconf 89' lang='lat' dir='ltr'>quod</span> <span class='ocrx_word' id='word_1_503' title='bbox 394 2607 529 2645; x_wconf 89' lang='lat' dir='ltr'>divina</span> <span class='ocrx_word' id='word_1_504' title='bbox 544 2608 729 2645; x_wconf 86' lang='lat' dir='ltr'>voluntas</span> <span class='ocrx_word' id='word_1_505' title='bbox 751 2610 787 2644; x_wconf 90' lang='lat' dir='ltr'>et</span> <span class='ocrx_word' id='word_1_506' title='bbox 807 2607 1055 2653; x_wconf 87' lang='lat' dir='ltr'>providentia</span> <span class='ocrx_word' id='word_1_507' title='bbox 1085 2611 1145 2645; x_wconf 86' lang='lat' dir='ltr'>est</span> <span class='ocrx_word' id='word_1_508' title='bbox 1175 2608 1302 2654; x_wconf 85' lang='lat' dir='ltr'>prima</span> <span class='ocrx_word' id='word_1_509' title='bbox 1331 2618 1454 2646; x_wconf 88' lang='lat' dir='ltr'>causa</span> <span class='ocrx_word' id='word_1_510' title='bbox 1485 2618 1624 2647; x_wconf 88' lang='lat' dir='ltr'>eorum</span> <span class='ocrx_word' id='word_1_511' title='bbox 1643 2619 1730 2657; x_wconf 82' lang='lat' dir='ltr'>quae</span> 
     </span>
     <span class='ocr_line' id='line_1_50' title="bbox 101 2654 1732 2701; baseline 0.001 -9"><span class='ocrx_word' id='word_1_512' title='bbox 101 2654 216 2692; x_wconf 87' lang='lat' dir='ltr'>fiunt.</span> <span class='ocrx_word' id='word_1_513' title='bbox 236 2655 298 2692; x_wconf 85' lang='lat' dir='ltr'>Nil</span> <span class='ocrx_word' id='word_1_514' title='bbox 319 2658 448 2692; x_wconf 89' lang='lat' dir='ltr'>autem</span> <span class='ocrx_word' id='word_1_515' title='bbox 470 2657 599 2700; x_wconf 88' lang='lat' dir='ltr'>potest</span> <span class='ocrx_word' id='word_1_516' title='bbox 620 2663 710 2692; x_wconf 88' lang='lat' dir='ltr'>esse</span> <span class='ocrx_word' id='word_1_517' title='bbox 730 2663 853 2691; x_wconf 89' lang='lat' dir='ltr'>causa</span> <span class='ocrx_word' id='word_1_518' title='bbox 871 2654 1088 2692; x_wconf 85' lang='lat' dir='ltr'>voluntatis</span> <span class='ocrx_word' id='word_1_519' title='bbox 1119 2658 1157 2692; x_wconf 90' lang='lat' dir='ltr'>et</span> <span class='ocrx_word' id='word_1_520' title='bbox 1181 2654 1439 2701; x_wconf 88' lang='lat' dir='ltr'>providentiae</span> <span class='ocrx_word' id='word_1_521' title='bbox 1460 2655 1618 2700; x_wconf 88' lang='lat' dir='ltr'>divinae,</span> <span class='ocrx_word' id='word_1_522' title='bbox 1639 2657 1732 2694; x_wconf 87' lang='lat' dir='ltr'>licet</span> 
     </span>
     <span class='ocr_line' id='line_1_51' title="bbox 103 2700 1730 2750; baseline 0.001 -10"><span class='ocrx_word' id='word_1_523' title='bbox 103 2700 316 2740; x_wconf 85' lang='lat' dir='ltr'>effectuum</span> <span class='ocrx_word' id='word_1_524' title='bbox 346 2701 603 2749; x_wconf 84' lang='lat' dir='ltr'>providentiae</span> <span class='ocrx_word' id='word_1_525' title='bbox 635 2704 674 2739; x_wconf 91' lang='lat' dir='ltr'>et</span> <span class='ocrx_word' id='word_1_526' title='bbox 700 2701 884 2738; x_wconf 86' lang='lat' dir='ltr'>similiter</span> <span class='ocrx_word' id='word_1_527' title='bbox 909 2701 1272 2747; x_wconf 88' lang='lat' dir='ltr'>praedestinationis</span> <span class='ocrx_word' id='word_1_528' title='bbox 1291 2711 1397 2740; x_wconf 88' lang='lat' dir='ltr'>unus</span> <span class='ocrx_word' id='word_1_529' title='bbox 1417 2703 1546 2750; x_wconf 86' lang='lat' dir='ltr'>possit</span> <span class='ocrx_word' id='word_1_530' title='bbox 1566 2703 1730 2741; x_wconf 89' lang='lat' dir='ltr'>alterius</span> 
     </span>
     <span class='ocr_line' id='line_1_52' title="bbox 103 2748 1733 2794; baseline 0 -8"><span class='ocrx_word' id='word_1_531' title='bbox 103 2755 194 2786; x_wconf 87' lang='lat' dir='ltr'>esse</span> <span class='ocrx_word' id='word_1_532' title='bbox 213 2757 348 2787; x_wconf 88' lang='lat' dir='ltr'>causa.</span> <span class='ocrx_word' id='word_1_533' title='bbox 365 2749 452 2794; x_wconf 79' lang='lat' dir='ltr'>Quis</span> <span class='ocrx_word' id='word_1_534' title='bbox 470 2750 579 2793; x_wconf 80' lang='lat' dir='ltr'>enim,</span> <span class='ocrx_word' id='word_1_535' title='bbox 601 2751 645 2786; x_wconf 87' lang='lat' dir='ltr'>ut</span> <span class='ocrx_word' id='word_1_536' title='bbox 662 2748 877 2794; x_wconf 88' lang='lat' dir='ltr'>Apostolus</span> <span class='ocrx_word' id='word_1_537' title='bbox 906 2748 1015 2793; x_wconf 90' lang='lat' dir='ltr'>dicit,</span> <span class='ocrx_word' id='word_1_538' title='bbox 1038 2750 1144 2794; x_wconf 77' lang='lat' dir='ltr'>prior</span> <span class='ocrx_word' id='word_1_539' title='bbox 1162 2748 1262 2785; x_wconf 74' lang='lat' dir='ltr'>dedit</span> <span class='ocrx_word' id='word_1_540' title='bbox 1280 2750 1351 2793; x_wconf 80' lang='lat' dir='ltr'>illi,</span> <span class='ocrx_word' id='word_1_541' title='bbox 1371 2752 1405 2786; x_wconf 82' lang='lat' dir='ltr'>et</span> <span class='ocrx_word' id='word_1_542' title='bbox 1423 2751 1644 2787; x_wconf 75' lang='lat' dir='ltr'>retribuetur</span> <span class='ocrx_word' id='word_1_543' title='bbox 1669 2752 1701 2786; x_wconf 85' lang='lat' dir='ltr'>ez·</span> <span class='ocrx_word' id='word_1_544' title='bbox 1715 2752 1733 2786; x_wconf 71' lang='grc' dir='ltr'>ἱ)</span> 
     </span>
     <span class='ocr_line' id='line_1_53' title="bbox 103 2794 1728 2843; baseline 0.002 -12"><span class='ocrx_word' id='word_1_545' title='bbox 103 2794 281 2839; x_wconf 82' lang='lat' dir='ltr'>Quoniam</span> <span class='ocrx_word' id='word_1_546' title='bbox 310 2806 356 2832; x_wconf 69' lang='lat' dir='ltr'>em</span> <span class='ocrx_word' id='word_1_547' title='bbox 386 2798 464 2843; x_wconf 79' lang='lat' dir='ltr'>ipso</span> <span class='ocrx_word' id='word_1_548' title='bbox 493 2799 527 2832; x_wconf 80' lang='lat' dir='ltr'>et</span> <span class='ocrx_word' id='word_1_549' title='bbox 552 2805 620 2842; x_wconf 78' lang='lat' dir='ltr'>per</span> <span class='ocrx_word' id='word_1_550' title='bbox 649 2796 769 2842; x_wconf 82' lang='lat' dir='ltr'>ipsum</span> <span class='ocrx_word' id='word_1_551' title='bbox 786 2797 819 2832; x_wconf 74' lang='lat' dir='ltr'>et</span> <span class='ocrx_word' id='word_1_552' title='bbox 848 2797 889 2832; x_wconf 80' lang='lat' dir='ltr'>in</span> <span class='ocrx_word' id='word_1_553' title='bbox 915 2796 994 2842; x_wconf 80' lang='lat' dir='ltr'>ipso</span> <span class='ocrx_word' id='word_1_554' title='bbox 1020 2798 1106 2833; x_wconf 81' lang='lat' dir='ltr'>sunt</span> <span class='ocrx_word' id='word_1_555' title='bbox 1124 2797 1273 2840; x_wconf 62' lang='lat' dir='ltr'>omma,-</span> <span class='ocrx_word' id='word_1_556' title='bbox 1294 2797 1368 2843; x_wconf 80' lang='lat' dir='ltr'>ipsi</span> <span class='ocrx_word' id='word_1_557' title='bbox 1385 2797 1504 2842; x_wconf 66' lang='lat' dir='ltr'>gloria</span> <span class='ocrx_word' id='word_1_558' title='bbox 1527 2799 1568 2834; x_wconf 81' lang='lat' dir='ltr'>in</span> <span class='ocrx_word' id='word_1_559' title='bbox 1587 2798 1728 2834; x_wconf 70' lang='lat' dir='ltr'>saecula.</span> 
     </span>
     <span class='ocr_line' id='line_1_54' title="bbox 105 2842 568 2891; baseline -0.002 -11"><span class='ocrx_word' id='word_1_560' title='bbox 105 2842 235 2881; x_wconf 81' lang='lat' dir='ltr'>Amen.</span> <span class='ocrx_word' id='word_1_561' title='bbox 254 2843 387 2891; x_wconf 70' lang='lat' dir='ltr'>(Rom,</span> <span class='ocrx_word' id='word_1_562' title='bbox 414 2851 471 2889; x_wconf 85' lang='lat' dir='ltr'>XI,</span> <span class='ocrx_word' id='word_1_563' title='bbox 493 2843 568 2890; x_wconf 86' lang='lat'><strong>35.)</strong></span> 
     </span>
    </p>
   </div>
  </div>
 </body>
</html>
