1894 3223
708 46 796 84 LIB.
821 46 887 91 ill,
914 46 1016 84 ΟΜ).
1044 46 1132 84 XLI.
1661 48 1729 85 305

101 130 210 168 onim
234 127 341 176 quod
359 128 604 165 intellectum
625 128 746 164 unius
767 127 836 171 rei,
859 131 997 173 utputa
1017 127 1122 173 equi,
1152 127 1253 174 apud
1273 137 1336 165 me
1356 132 1395 165 et
1413 127 1517 174 apud
1538 131 1577 165 te
1597 128 1727 166 multi·

103 177 275 224 plicatur
298 176 429 213 solum
451 183 520 221 per
546 175 917 220 multiplicationem
949 176 1170 220 specierum
1200 176 1482 220 spiritualium,
1513 185 1600 222 qnae
1633 179 1729 212 sunt

111 224 270 262 iliversae
293 223 335 260 in
353 231 414 259 me
435 226 473 259 et
493 222 535 258 in
560 225 610 258 te.
633 223 795 266 Oportet
817 222 936 267 igitur
956 222 1061 267 quod
1084 222 1326 259 intellectum
1349 223 1454 269 quod
1469 231 1547 259 non
1568 226 1726 260 susten·

106 274 212 308 tatur
235 270 276 306 in
297 269 432 316 aliqua
451 268 680 314 hujusmodi
703 268 833 314 specie
854 269 905 305 sit
923 269 1024 305 idem
1046 269 1147 313 apud
1171 273 1206 305 te
1228 273 1265 305 et
1280 270 1382 315 apud
1415 279 1491 307 me.
1513 270 1584 307 Sed
1619 269 1730 317 quid·

102 317 211 355 ditas
233 317 437 360 intellecti,
460 325 576 363 quam
601 315 826 353 intellectus
847 319 983 352 noster
1005 320 1120 352 natus
1141 320 1202 353 est
1233 317 1476 361 abstrahere,
1513 321 1555 354 ut
1586 316 1728 363 proba-

105 368 190 402 tum
211 367 285 408 est,
307 372 388 401 non
408 363 525 399 babet
544 363 717 409 aliquam
746 362 918 408 speciem
939 363 1183 408 spiritualem
1216 367 1253 400 et
1287 364 1583 409 individualem,
1605 372 1728 410 quum

109 411 312 459 quidditas
333 410 520 447 intellecti
548 419 627 446 non
663 410 715 447 sit
743 409 943 456 quidditas
974 410 1164 447 individui
1194 419 1322 456 neque
1354 411 1572 456 spiritualis
1600 420 1728 458 neque

105 457 343 504 corporalis,
365 466 487 504 quum
506 457 763 501 intellectum,
785 457 826 493 in
847 461 1038 503 quantum
1061 461 1119 493 est
1150 457 1393 502 hujusmodi,
1416 458 1468 495 sit
1489 458 1726 496 universale.

106 505 335 543 Intellectus
355 504 478 551 igitur
497 507 633 541 noster
653 507 770 541 natus
790 507 851 541 est
872 504 1091 549 intelligere
1112 504 1370 550 quidditatem
1406 505 1519 550 eujus
1549 505 1726 543 intellec·

104 555 171 590 tus
191 555 252 589 est
270 560 375 588 unus
396 551 502 596 apud
520 560 673 588 omnes.
695 551 800 588 Talis
817 555 947 587 autem
970 555 1030 588 est
1051 551 1250 598 quidditas
1270 551 1502 589 substantiae
1520 556 1724 598 separatae.

107 601 175 638 Est
195 599 317 646 igitur
335 598 561 636 intellectus
583 602 719 635 noster
739 602 855 635 natus
878 607 1120 643 cognoscere
1141 598 1412 647 substantiam,
1443 604 1677 645 separatam.

152 646 192 684 Si
212 649 344 683 autem
375 646 584 692 diligenter
604 645 891 688 consideretur,
913 646 984 682 vite
1006 646 1091 682 istie
1108 645 1261 682 i'rivolae
1284 645 1547 682 invenientur.

156 694 285 738 Quum
306 693 413 729 enim
432 693 689 735 intellectum,
719 693 759 728 in
792 696 981 739 quantum
1011 692 1254 738 huJusmodi,
1277 693 1328 729 sit
1357 693 1594 737 universale,
1615 702 1728 739 opor-

108 744 165 778 tet
180 740 286 787 quod
306 740 506 787 quidditas
540 739 728 776 intellecti
767 740 819 776 sit
850 739 1049 785 quidditas
1084 739 1251 785 alicujus
1288 740 1539 779 universalis.
1576 741 1728 777 scilicet

110 787 270 835 generis
287 787 348 823 vel
369 787 530 833 speciei.
553 787 760 830 Quidditas
778 789 908 823 autem
935 786 1092 831 generis
1113 786 1173 823 vel
1204 787 1349 831 speciei
1384 787 1525 824 horum
1557 787 1728 824 sensibi-

113 833 226 878 lium,
248 833 362 879 cujus
383 834 650 880 cognitionem
675 833 952 870 intellectivam
976 843 1042 878 pcr
1070 833 1346 879 phantasmata
1365 834 1596 879 accipimus,
1620 843 1727 872 com·

111 881 319 927 prehendit
340 881 380 917 in
402 891 443 917 se
466 881 670 917 materiam
691 884 730 917 et
748 881 928 917 sormam.
949 882 1015 917 Est
1035 881 1155 926 igitur
1175 881 1340 917 omnino
1369 881 1580 918 dissimilis
1618 881 1730 934 quid-

110 927 225 965 ditati
245 927 477 965 substantiae
499 932 688 973 separata}
709 936 796 974 quae
821 931 881 964 cst
901 927 1068 973 simplex
1089 931 1127 964 et
1158 927 1445 965 immaterialis.
1467 930 1554 965 Non
1575 932 1635 965 est
1654 929 1729 975 igi-

110 979 175 1012 tur
194 974 386 1020 possibile
407 974 526 1021 quod,
550 984 617 1020 per
635 974 710 1011 hoc
731 974 836 1020 quod
857 974 1093 1019 intelligitur
1112 974 1312 1021 quidditas
1333 975 1389 1012 rei
1419 974 1624 1013 sensibilis
1660 984 1730 1023 per

111 1021 405 1068 phantasmata,
426 1022 671 1067 intelligatur
690 1021 890 1067 quidditas
910 1021 1144 1058 substantiae
1164 1025 1368 1067 separatae.

155 1069 346 1108 Praeterea,
370 1077 450 1105 non
470 1073 528 1105 est
548 1068 724 1114 ejusdem
747 1068 914 1104 rationis
935 1068 1062 1104 forma
1081 1077 1167 1114 quae
1189 1069 1407 1105 secundum
1430 1076 1473 1106 se
1493 1077 1574 1109 non
1600 1073 1731 1116 potest

108 1115 286 1160 separari
306 1115 355 1152 ab
375 1115 510 1162 aliquo
532 1115 712 1161 subjecto
735 1124 825 1151 cum
846 1115 915 1151 illa
935 1124 1022 1161 quae
1044 1118 1250 1160 separatur
1272 1115 1491 1153 seeundum
1514 1126 1603 1154 esse
1622 1127 1643 1154 a
1660 1117 1730 1155 tali

109 1161 305 1208 subjecto,
325 1162 418 1199 licet
434 1166 599 1209 utraque
620 1161 838 1199 secundum
861 1162 1222 1199 considerationem
1244 1163 1461 1209 accipiatur
1478 1163 1628 1211 absque
1660 1164 1730 1203 tali

109 1209 290 1256 subjecto
309 1220 318 1254 ;
340 1218 422 1247 non
439 1210 544 1246 enim
567 1213 627 1246 est
647 1209 784 1246 eadem
804 1209 904 1246 ratio
918 1209 1205 1256 magnitudinis
1226 1213 1264 1247 et
1277 1210 1510 1248 substantiae
1524 1215 1728 1258 separatae,

109 1256 191 1294 nisi
210 1265 407 1302 ponamus
427 1256 724 1303 magnitudines
745 1260 948 1302 separatas
969 1257 1120 1294 medias
1143 1261 1181 1293 et
1199 1257 1301 1294 inter
1321 1258 1476 1304 species
1496 1262 1533 1295 et
1559 1258 1730 1296 sensibi-

109 1302 177 1347 lia,
196 1303 300 1341 sicut
319 1303 442 1388 aligui
462 1304 651 1350 platonici
673 1307 906 1349 posuerunt.
930 1304 1137 1356 Quidditas
1156 1307 1287 1341 autem
1309 1305 1468 1351 generis
1500 1306 1561 1343 vel
1582 1306 1729 1359 speciei

111 1358 245 1388 rerum
266 1351 373 1388 sensi
406 1351 518 1388 ilium
542 1360 619 1388 non
638 1354 768 1397 potest
787 1360 960 1397 separari
983 1351 1202 1388 secundum
1224 1360 1313 1389 esse
1334 1351 1382 1389 ab
1412 1352 1488 1390 hac
1512 1352 1731 1391 individua-

112 1397 139 1434 li
162 1397 340 1442 materia,
360 1397 439 1435 nisi
459 1398 572 1442 sorte,
594 1397 813 1435 secundum
833 1398 1071 1444 platonico‘S,
1093 1407 1289 1444 ponamus
1308 1408 1438 1437 rerum
1454 1400 1607 1447 species
1622 1409 1732 1447 sepa—

112 1447 244 1487 ratas:
284 1444 390 1490 quod
428 1449 488 1481 est
527 1445 575 1481 ab
612 1445 820 1482 Aristotele
853 1445 1097 1492 (Metaphys.,
1116 1454 1143 1489 1,
1165 1450 1257 1482 text.
1279 1455 1423 1484 comm.
1445 1449 1524 1492 2,4
1560 1451 1599 1484 et
1628 1447 1730 1495 seq.)

112 1491 395 1536 improbatum.
418 1493 484 1528 Est
516 1491 637 1538 igitur
654 1492 818 1528 omnino
845 1492 1055 1529 dissimilis
1076 1492 1276 1539 quidditas
1296 1493 1484 1539 praedicta
1502 1503 1525 1531 a
1545 1494 1733 1533 substan«

111 1538 182 1574 tiis
203 1538 412 1584 separatis,
433 1547 520 1586 quae
540 1539 651 1575 nullo
671 1539 791 1576 modo
812 1543 905 1575 sunt
928 1539 970 1575 in
987 1539 1163 1576 materia.
1184 1541 1271 1576 Non
1287 1540 1421 1585 igitur,
1442 1550 1513 1587 per
1530 1541 1606 1579 hoc
1623 1541 1730 1590 quod

113 1584 173 1622 hae
196 1585 435 1631 quidditates
456 1585 746 1631 intelliguntur,
766 1585 998 1623 substantiae
1020 1590 1210 1633 separatae
1228 1587 1394 1634 intelligi
1416 1592 1598 1634 possunt.

162 1632 306 1672 Adhuc,
332 1632 367 1669 si
389 1632 589 1678 quidditas
611 1632 843 1669 substantiae
865 1636 1054 1678 separatae
1084 1633 1198 1670 detur
1229 1643 1318 1671 esse
1348 1635 1526 1681 ejusdem
1561 1637 1729 1675 rationis

112 1687 202 1716 cum
222 1677 439 1726 quidditate
460 1679 619 1725 generis
637 1680 697 1716 vel
717 1680 861 1725 speciei
885 1680 1054 1717 istorum
1076 1681 1342 1726 sensibilium,
1364 1691 1445 1719 non
1476 1685 1620 1729 poterit
1652 1684 1729 1722 dici

112 1725 219 1772 quod
245 1725 297 1763 sit
322 1725 500 1772 ejusdem
535 1726 702 1763 rationis
726 1726 944 1765 secundum
972 1727 1170 1773 speciem;
1203 1728 1282 1765 nisi
1312 1729 1492 1767 dicamus
1512 1731 1617 1778 quod
1641 1739 1729 1777 spe-

111 1772 199 1810 cies¹
213 1772 356 1810 horum
376 1773 627 1810 sensibilium
650 1773 731 1810 sint
762 1774 859 1819 ipsae
895 1774 1128 1811 substantiae
1164 1779 1368 1821 separatae,
1402 1776 1508 1814 sicut
1542 1778 1728 1823 platonici

110 1823 342 1865 posuerunt.
364 1821 555 1858 Remanet
583 1820 707 1867 igitur
737 1821 842 1868 quod
860 1830 941 1859 non
959 1825 1074 1858 erunt
1093 1822 1271 1868 ejusdem
1292 1823 1476 1868 rationis,
1497 1824 1575 1862 nisi
1605 1835 1729 1872 quan-

109 1870 197 1903 tum-
214 1866 264 1904 ad
279 1866 475 1905 rationem
494 1867 740 1914 quidditatis,
762 1868 802 1904 in
831 1872 1023 1915 quantum
1056 1873 1118 1906 est
1149 1869 1363 1916 quidditas.
1386 1871 1476 1909 Haec
1504 1876 1636 1910 autern
1670 1877 1731 1911 cst

108 1913 212 1951 ratio
231 1914 472 1960 communis,
493 1915 652 1961 generis
669 1915 822 1952 scilicet
838 1919 876 1952 et
897 1916 1044 1961 speciei
1064 1919 1102 1953 et
1122 1917 1368 1955 substantiae.
1390 1919 1478 1955 Non
1511 1919 1635 1966 igitur
1661 1923 1752 1966 per'

109 1959 185 1998 has
203 1960 444 2007 quidditates
460 1961 507 1999 de
520 1961 756 1999 substantiis
774 1964 967 2008 separatis
982 1963 1131 2011 aliquid
1151 1964 1321 2011 intelligi
1338 1966 1494 2011 poterit,
1511 1967 1589 2004 nisi
1607 1976 1731 2004 remo·

107 2010 194 2045 tum
213 2016 342 2053 genus
358 2008 550 2055 ipsarum.
572 2009 738 2056 Cognito
759 2013 890 2047 autem
911 2020 1069 2057 genere,
1091 2019 1172 2048 non
1193 2015 1353 2058 propter
1375 2012 1452 2049 hoc
1472 2014 1730 2061 cognoscitur

108 2054 281 2100 species,
301 2054 381 2092 nisi
400 2056 443 2092 in
462 2056 651 2101 potentia.
673 2058 759 2093 Non
780 2057 924 2102 poterit
943 2058 1066 2105 igitur
1084 2057 1255 2106 intelligi
1287 2058 1514 2098 substantia
1544 2065 1728 2108 separata

110 2109 180 2147 per
195 2100 440 2139 intellectum
458 2102 598 2139 haeum
620 2103 897 2149 quidditatum.

157 2148 343 2193 Amplius,
365 2148 492 2194 major
511 2153 572 2186 est
590 2149 780 2187 distantia
798 2150 1032 2189 substantiae
1052 2156 1243 2198 separatae
1265 2161 1289 2191 a
1325 2154 1586 2193 sensibilibus
1610 2164 1729 2203 quam

110 2195 244 2246 unius·
254 2195 460 2233 sensibilis
479 2196 528 2233 ab
547 2196 640 2233 alio.
663 2197 737 2233 Sed
756 2197 977 2244 intelligere
997 2200 1255 2246 quidditatem
1277 2201 1399 2239 unius
1425 2202 1630 2240 sensibilis
1648 2211 1730 2240 non

113 2240 266 2278 suffieit
284 2242 339 2279 ad
353 2242 651 2290 intelligendam
669 2244 926 2290 quidditatem
945 2246 1108 2284 alterius
1127 2247 1356 2291 sensibilis;
1378 2257 1508 2286 caecus
1528 2249 1633 2285 enim
1659 2257 1731 2287 na·

112 2291 195 2331 tus,
215 2297 286 2334 per
302 2288 378 2326 hoc
395 2291 501 2336 quod
520 2290 708 2337 intelligit
725 2291 981 2338 quidditatem
1003 2294 1108 2339 soni,
1127 2294 1238 2330 nullo
1253 2294 1372 2331 modo
1386 2295 1731 2341 potestpervenire

110 2334 165 2372 ad
186 2335 487 2383 intelligendam
508 2337 767 2383 quidditatem
794 2338 954 2376 coloris.
976 2340 1096 2376 Multo
1117 2341 1238 2385 igitur
1257 2342 1405 2383 minus,
1428 2351 1497 2386 per
1516 2342 1591 2378 hoc
1622 2343 1730 2388 quod

110 2381 312 2428 intelligat
358 2383 421 2420 uis
443 2383 701 2430 quidditatem
722 2385 928 2423 sensibilis
942 2386 1188 2431 substantiae,
1208 2387 1349 2433 poterit
1368 2387 1589 2436 intelligere
1615 2387 1734 2438 quida

107 2427 272 2466 ditatem
289 2438 335 2466 su
367 2431 522 2467 stantiae
543 2435 746 2476 separatae.

158 2477 260 2519 Item,
282 2477 317 2514 si
352 2477 470 2514 etiam
499 2486 697 2524 ponamus
725 2479 833 2526 quod
863 2479 1098 2517 substantiae
1125 2485 1315 2527 separatae
1337 2481 1453 2519 orbes
1476 2487 1659 2520 moveant
1679 2493 1730 2523 ex

110 2531 284 2569 quorum
303 2523 478 2562 motibus
510 2528 727 2561 causantur
759 2527 896 2564 formae
919 2527 1184 2572 sensibilium,
1209 2528 1273 2564 hic
1305 2529 1448 2566 modus
1482 2531 1727 2577 cognitionis

110 2569 346 2608 substantiae
364 2576 554 2617 separatae
575 2581 622 2607 ex
643 2572 903 2610 sensibilibus
924 2581 1004 2610 non
1021 2573 1170 2610 sufficit
1188 2574 1235 2610 ad
1251 2575 1454 2612 sciendam
1468 2577 1727 2623 quidditatem

109 2615 303 2669 ipsarum.
331 2619 429 2655 Nam
459 2627 529 2664 per
558 2617 742 2655 effectum
773 2620 897 2657 scitur
924 2629 1058 2661 causa,
1078 2621 1137 2657 vel
1165 2621 1317 2658 ratione
1340 2622 1617 2662 similitudinis
1638 2633 1726 2672 quae

112 2667 173 2700 est
192 2667 296 2701 mter
317 2663 501 2702 effectum
524 2669 562 2702 et
582 2674 757 2706 causam,
780 2666 841 2702 vel
861 2667 902 2702 in
923 2671 1116 2713 quantum
1137 2667 1302 2706 effectus
1334 2669 1580 2708 demonstrat
1604 2672 1726 2709 virtu-

109 2712 190 2746 tem
209 2720 355 2749 causae.
373 2712 538 2749 Ratione
559 2715 689 2750 autem
710 2712 985 2750 similitudinis
1019 2724 1067 2751 ex
1099 2713 1241 2753 effectu
1272 2724 1354 2753 non
1384 2718 1529 2763 poterit
1558 2719 1651 2755 sciri
1676 2719 1726 2756 de

113 2763 238 2794 causa
254 2758 349 2804 quid
368 2763 442 2803 est,
464 2759 542 2796 nisi
565 2759 618 2796 sit
649 2768 773 2806 agens
806 2760 926 2797 unius
947 2761 1117 2806 speciei3
1139 2761 1199 2799 sic
1227 2765 1360 2800 autem
1389 2773 1474 2802 non
1505 2774 1548 2802 se
1578 2765 1725 2802 habent

110 2802 347 2843 substantiae
366 2810 558 2854 separatae
579 2806 627 2843 ad
644 2806 865 2844 sensibilia.
889 2809 1052 2845 Ratione
1073 2812 1204 2846 autem
1224 2809 1381 2848 virtutis
1405 2811 1481 2849 hoc
1502 2812 1620 2849 etiam
1642 2820 1722 2850 non

1560 2890 1600 2920 20
