1894 3223
139 164 208 200 274
743 156 830 191 LIB.
859 155 922 194 111,
951 154 1051 190 CAP.
1078 155 1149 190 XV.

143 250 299 287 semper
318 240 421 276 inest
441 240 581 284 praeter
600 239 781 273 naturam
802 235 888 282 ejus
908 235 971 272 cui
995 235 1114 280 inest,
1145 244 1266 282 quum
1286 234 1338 272 sit
1358 234 1525 280 privatio
1547 242 1634 280 ejus
1653 232 1760 281 quod

142 293 276 325 natum
311 289 372 322 est
403 284 553 331 aliquid
587 286 626 320 et
657 283 771 320 debet
802 283 960 320 habere.
982 283 1106 329 Igitur
1129 285 1284 328 oportet
1313 281 1417 328 quod
1436 280 1585 317 malum
1607 286 1766 327 semper

143 335 286 372 habeat
304 332 476 379 aliquam
498 339 661 368 causam
680 330 742 366 vel
760 339 829 375 per
847 338 889 366 se
908 329 969 366 vel
991 329 1191 366 accidens.

187 380 370 425 Amplius,
393 387 511 416 omne
547 377 696 414 malum
717 376 977 423 consequitur
993 376 1041 413 ad
1062 375 1224 423 aliquod
1243 375 1409 418 bonum,
1433 374 1537 412 sicut
1561 373 1764 420 corruptio

141 427 322 474 sequitur
341 425 389 462 ad
410 425 584 472 aliquam
605 423 917 471 generationem.
939 423 1014 460 Sed
1037 431 1154 460 omne
1174 423 1323 460 bonum
1345 422 1464 459 habet
1482 421 1657 468 aliquam
1672 430 1766 457 cau·

141 483 241 518 sam,
276 475 419 519 praeter
448 472 621 518 primum
650 470 816 515 honum,
851 470 894 507 in
914 478 994 517 quo
1011 479 1093 508 non
1114 473 1175 507 est
1191 469 1353 517 aliquod
1373 469 1536 513 malum,
1564 471 1609 505 ut
1636 470 1768 505 osten-

141 529 230 559 sum
252 523 313 557 est
335 519 377 567 (l.
395 528 424 563 1,
446 529 482 556 c.
502 518 576 565 39).
603 519 726 555 Omne
745 517 870 564 igitur
888 517 1035 554 malum
1058 516 1177 554 habet
1201 516 1375 564 aliquam
1396 524 1560 554 causam
1580 514 1629 552 ad
1647 523 1766 562 quam

143 567 325 616 sequitur
344 575 414 614 per
430 565 632 604 accidens.
656 565 686 612 (Ι
702 568 817 611 part„
841 574 880 611 q.
902 572 1009 609 xmx,
1031 568 1103 601 art.
1126 563 1177 611 l.)

800 710 968 751 CAPUT
994 709 1105 750 XIV.

540 831 641 866 QUOD
667 830 806 861 MALUM
829 830 902 859 EST
927 829 1054 859 CAUSA
1078 829 1153 858 PER
1177 828 1379 858 ACCIDENS.

192 946 246 981 Ex
265 943 415 980 eisdem
430 941 548 979 etiam
565 944 669 987 patet
685 939 791 987 quod
806 939 969 983 malum,
986 938 1060 975 etsi
1083 947 1162 974 non
1185 938 1237 974 sit
1259 946 1380 974 causa
1400 945 1469 983 per
1489 945 1546 980 se,
1567 937 1770 974 esttamen

144 1000 267 1030 causa
285 999 355 1036 per
376 989 576 1026 accidens.

104 1050 113 1057 ‘
191 1038 229 1076 Si
261 1037 365 1074 enim
388 1035 535 1083 aliquid
568 1037 629 1071 est
648 1042 770 1071 causa
800 1031 971 1079 alicujus
989 1041 1060 1078 per
1085 1041 1142 1076 se,
1165 1030 1203 1068 id
1221 1031 1327 1078 quod
1348 1030 1492 1068 accidit
1510 1030 1545 1068 ei
1567 1033 1627 1068 est
1647 1038 1773 1068 causa

143 1085 256 1123 illius
275 1094 345 1130 per
365 1083 551 1121 accidens
570 1093 580 1126 ;
601 1081 705 1119 sicut
724 1080 858 1117 album
874 1079 978 1126 quod
1000 1079 1144 1116 accidit
1162 1077 1390 1116 aedificatori
1412 1081 1473 1116 est
1492 1086 1614 1115 causa
1625 1077 1770 1114 domus

144 1141 215 1179 per
241 1131 443 1168 accidens.
480 1130 605 1166 Omne
638 1131 767 1165 autem
803 1127 950 1163 malum
984 1130 1044 1163 est
1075 1126 1119 1162 in*
1150 1126 1283 1172 aliquo
1312 1125 1446 1170 bono;
1467 1125 1617 1162 honum
1638 1128 1771 1162 autem

146 1188 265 1216 omne
298 1182 358 1215 est
388 1176 560 1222 alicujus
590 1175 724 1221 aliquo
757 1174 876 1211 modo
907 1182 1054 1217 causa3
1076 1173 1241 1209 materia
1262 1173 1367 1209 enim
1395 1175 1456 1209 cst
1475 1171 1772 1219 quodammodo

148 1235 270 1263 causa
288 1225 438 1265 formae,
461 1228 496 1260 et
512 1221 807 1269 quodammodo
829 1229 1043 1264 converso;
1064 1223 1101 1255 et
1115 1220 1299 1256 similiter
1315 1222 1376 1256 est
1393 1219 1440 1256 de
1460 1222 1603 1264 agente
1623 1221 1661 1255 et
1677 1217 1770 1262 fine;

146 1273 252 1310 unde
277 1281 359 1309 non
393 1270 575 1324 sequitur
595 1276 809 1316 processus
829 1268 869 1304 in
890 1267 1089 1303 infinitum
1109 1267 1149 1303 in
1176 1267 1309 1303 causis
1330 1269 1367 1303 et
1383 1266 1574 1312 causatis,
1593 1265 1628 1303 si
1650 1265 1772 1312 quod·

147 1320 244 1356 libet
263 1322 323 1356 est
345 1319 515 1364 alicujus
544 1325 680 1360 causa,
704 1319 864 1362 propter
883 1314 1074 1351 circulum
1097 1313 1299 1350 inventum
1322 1313 1361 1349 in
1384 1313 1518 1350 causis
1538 1317 1576 1350 et
1594 1312 1771 1350 causatis

149 1366 369 1409 secundum
406 1365 561 1411 species
597 1363 775 1400 diversas
804 1370 1029 1399 causarum.
1061 1361 1202 1398 Malum
1235 1361 1358 1407 igitur
1389 1364 1450 1396 est
1483 1369 1554 1406 per
1585 1359 1773 1396 accidens

149 1422 287 1450 causa.

194 1460 339 1501 Adhuc,
358 1458 507 1496 malum
523 1460 584 1494 θεῖ
602 1456 768 1503 privatio
783 1454 977 1502 quaedam,
994 1457 1037 1491 ut
1057 1463 1104 1490 ex
1124 1452 1324 1499 praedietis
1344 1453 1391 1501 (c.
1411 1452 1445 1501 6)
1466 1456 1586 1500 patet.
1600 1452 1772 1490 Privatio

148 1511 279 1544 autem
313 1510 373 1543 est
396 1504 635 1552 principium
663 1513 732 1550 per
752 1502 937 1539 accidens
969 1502 1010 1538 in
1032 1501 1150 1538 rebus
1170 1500 1400 1542 mobilibus,
1424 1501 1528 1538 sicut
1547 1500 1713 1538 materia
1735 1503 1776 1537 et

147 1554 277 1591 forma
296 1562 366 1599 per
386 1562 446 1590 se.
467 1553 610 1589 Malum
638 1551 760 1598 igitur
780 1552 840 1586 est
857 1548 1027 1595 alicujus
1048 1557 1170 1585 causa
1190 1557 1259 1594 per
1278 1548 1478 1585 accidens.

195 1603 387 1644 Praeterea,
413 1610 458 1636 ex
480 1599 635 1636 defectu
656 1606 786 1635 causae
810 1596 989 1643 sequitur
1010 1595 1187 1632 defectus
1205 1595 1243 1631 in
1266 1594 1422 1633 effectu.
1438 1595 1622 1632 Defectus
1641 1596 1774 1632 autem

147 1648 190 1686 in
218 1656 341 1685 causa
375 1650 437 1684 est
465 1646 626 1693 aliquod
647 1645 794 1681 malum
813 1655 822 1688 ;
846 1652 926 1680 non
947 1647 1078 1679 tamen
1108 1645 1240 1688 potest
1261 1651 1350 1680 esse
1371 1651 1494 1680 causa
1514 1651 1585 1688 per
1603 1650 1662 1686 se,
1680 1641 1777 1689 quia

148 1704 214 1732 res
235 1703 314 1732 non
334 1698 393 1731 est
412 1702 535 1731 causa
560 1702 628 1739 per
648 1693 724 1729 hoc
745 1691 850 1738 quod
881 1694 941 1728 θεῖ
959 1689 1162 1734 deficiens,
1185 1689 1254 1726 sed
1274 1699 1344 1737 per
1372 1689 1448 1727 hoc
1468 1689 1575 1737 quod
1596 1692 1656 1726 est
1676 1697 1775 1733 ens;

150 1743 185 1780 si
207 1743 419 1824 enimdtota
431 1740 628 1784 deficeret,
645 1739 798 1776 nullius
815 1741 920 1775 esset
941 1746 1077 1774 causa.
1095 1737 1236 1774 Malum
1256 1737 1378 1784 igitur
1395 1740 1455 1774 est
1471 1736 1641 1784 alicujus
1653 1744 1778 1773 causa

178 1799 220 1826 er
235 1799 317 1826 acci
350 1798 434 1825 ens.

148 1798 173 1836 p
195 1837 295 1876 Item,
319 1834 536 1872 secundum
560 1843 700 1870 omnes
721 1832 875 1879 species
893 1839 1104 1869 causarum
1124 1830 1385 1868 discurrendo
1404 1830 1605 1867 invenitur
1624 1829 1774 1866 malum

151 1891 240 1920 θεεθ
262 1892 329 1928 per
344 1882 527 1918 accidens
549 1890 682 1917 causa.
702 1882 745 1916 In
767 1880 899 1925 specie
921 1879 1078 1925 quidem
1102 1887 1233 1915 causae
1255 1876 1480 1922 efficientis,
1502 1877 1597 1924 quia
1615 1879 1777 1922 propter

150 1938 282 1966 causae
302 1929 457 1975 agentis
478 1927 725 1964 deficientem
736 1927 920 1963 virtutem
940 1926 1119 1972 sequitur
1133 1924 1310 1961 defectus
1329 1925 1370 1960 in
1392 1923 1533 1961 effectu
1554 1923 1772 1960 etactione.

149 1977 195 2013 In
216 1977 347 2021 specie
368 1985 458 2012 vero
478 1984 608 2012 causae
628 1973 859 2017 materialis,
882 1973 976 2020 quia
995 1982 1042 2009 ex
1061 1972 1236 2009 materiae
1256 1971 1566 2018 indispositione
1587 1973 1776 2008 causatur

149 2023 190 2059 in
211 2022 350 2059 effectu
372 2023 563 2059 desectus.
582 2024 624 2057 ln
643 2020 775 2066 specie
792 2029 884 2057 vero
900 2028 1032 2056 causae
1051 2019 1244 2063 formalis,
1264 2018 1358 2065 quia
1378 2018 1445 2055 uni
1464 2018 1601 2055 formae
1619 2025 1777 2063 semper

156 2069 387 2116 adjungitur
407 2070 571 2106 alterius
589 2068 726 2105 formae
744 2067 925 2113 privatio.
948 2068 991 2103 In
1013 2066 1145 2112 specie
1164 2075 1256 2102 vero
1275 2074 1406 2102 causae
1432 2065 1580 2109 finalis,
1602 2064 1697 2111 quia
1716 2064 1776 2100 in·

154 2116 291 2200 (debito
314 2116 381 2152 fini
404 2116 633 2163 adjiingitur
661 2114 824 2159 malum,
847 2115 887 2150 in
908 2117 1096 2160 quantum
1119 2123 1188 2159 per
1213 2113 1344 2159 ipsum
1365 2112 1458 2149 finis
1478 2111 1635 2149 debitus
1653 2111 1776 2157 impe-

184 2167 273 2199 itur.

201 2212 306 2246 Patet
344 2210 466 2256 igitur
497 2209 603 2257 quod
634 2208 783 2246 malum
811 2211 871 2245 est
900 2216 1024 2245 causa
1050 2217 1120 2254 per
1147 2206 1333 2244 accidens
1366 2208 1404 2244 et
1432 2215 1515 2244 non
1534 2207 1667 2254 potest
1687 2213 1778 2243 esse

151 2265 274 2294 causa
295 2266 363 2303 per
383 2266 440 2294 se.

817 2360 986 2402 CAPUT
1012 2359 1098 2400 XV.

229 2480 330 2517 QUOD
350 2482 429 2511 NON
455 2482 527 2511 EST
552 2481 714 2511 SUMMUM
731 2480 868 2509 MALIJM
888 2479 989 2514 QUOD
1010 2479 1071 2508 SIT
1089 2479 1242 2509 OMNIUM
1259 2478 1447 2508 MALORUM
1467 2476 1702 2507 PRINCIPIUM·

199 2585 251 2620 Ex
282 2585 357 2621 hoc
385 2587 515 2622 autem
550 2587 656 2630 patet
687 2584 793 2632 quod
820 2592 901 2620 non
925 2586 1058 2629 potest
1083 2592 1172 2620 esse
1205 2582 1364 2630 aliquod
1396 2587 1594 2619 summum
1627 2577 1776 2616 malum

154 2631 257 2676 quod
281 2632 332 2667 sit
353 2632 531 2669 omnium
552 2632 747 2668 malorum
766 2631 1020 2677 principium.

177 2677 402 2728 ,Summum
440 2679 545 2715 enim
569 2679 717 2715 malum
751 2681 908 2724 oportet
940 2686 1030 2714 esse
1062 2677 1212 2724 absque
1244 2675 1448 2713 consortio
1485 2672 1618 2711 omnis
1652 2672 1773 2717 boni,

152 2726 256 2760 sicut
288 2728 324 2759 et
354 2733 552 2762 summum
584 2725 733 2762 bonum
767 2728 826 2762 est
846 2724 952 2771 quod
973 2728 1034 2761 est
1055 2725 1220 2761 omnino
1251 2725 1473 2768 separatum
1496 2730 1515 2756 a
1539 2720 1658 2757 malo.
1685 2721 1773 2756 Non

150 2772 279 2816 potest
311 2774 441 2822 autem
476 2780 565 2808 esse
583 2772 743 2818 aliquod
765 2771 914 2808 malum
946 2771 1112 2808 omnino
1135 2773 1359 2816 separatum
1381 2778 1404 2805 a
1422 2768 1544 2811 bono,
1567 2775 1690 2814 quum
1707 2775 1772 2804 os-

150 2820 307 2899 tenlsum
330 2820 380 2853 sit
401 2816 449 2864 (c.
473 2817 529 2864 11)
551 2819 655 2864 quod
675 2818 824 2855 malum
852 2817 1042 2855 fundatur
1065 2818 1107 2854 in
1139 2818 1258 2854 bono.
1285 2817 1385 2862 Ergo
1407 2814 1508 2850 nihil
1537 2818 1598 2850 θεῖ
1616 2821 1772 2851 summe

151 2872 215 2900 ma
234 2872 313 2900 um.

194 2910 338 2952 Adhuc,
361 2909 394 2947 si
415 2909 564 2957 aliquid
585 2914 645 2948 est
663 2920 817 2949 summe
837 2913 999 2956 malum,
1022 2913 1175 2957 oportet
1200 2908 1304 2956 quod
1326 2917 1394 2955 per
1411 2907 1627 2946 essentiam
1662 2914 1777 2944 suam
