1894 3223
231 169 297 204 646

262 254 343 287 CAP.
361 258 460 286 xxw.
480 268 518 278 -
552 249 638 290 Quod
677 256 745 283 esse
778 249 915 282 divinum
942 258 1003 282 non

222 303 325 344 potest
348 299 502 341 designari
534 308 591 341 per
619 298 805 332 additionem
825 297 1003 330 differ-cutim

221 348 444 381 substantialis.
963 347 1002 378 29

263 397 344 428 CAP.
365 403 447 428 xxv.
466 412 505 419 -
522 394 608 433 Quod
628 395 709 427 Deus
737 402 797 426 non
824 392 865 426 sit
882 393 915 425 in
946 392 1001 424 ali-

223 452 283 484 quo
305 451 427 482 genere.
965 442 1003 472 30

265 490 345 522 CAP.
368 498 463 522 xxv1.
485 508 523 513 —
553 489 637 527 Quod
669 490 749 522 Deus
773 498 833 521 nou
857 491 904 521 est
935 496 1003 520 esse

223 535 351 570 formale
372 536 517 568 omnium.
964 536 999 566 31

264 584 342 616 CAP.
362 592 472 616 xxvu.
495 602 536 608 —-
555 585 641 622 Quod
662 585 741 617 Deus
767 591 828 617 non
846 582 887 615 sit
907 582 1003 614 forma

223 631 353 671 alicujus
373 632 520 673 corporis.
965 631 1002 662 33

189 715 193 718 ,
266 678 346 710 Cur.
389 686 513 711 xxvm.
554 697 592 702 —-
638 680 679 712 De
719 678 907 719 perfectione
956 675 1002 708 di-

224 726 308 758 vina.
965 724 1003 756 34

267 774 349 807 CAP.
370 782 465 806 xxrx.
485 793 523 798 --
545 776 586 806 De
607 774 807 807 similitudine
827 773 940 805 divina.
966 773 1004 804 35

266 823 350 855 CAP.
371 830 452 854 xxx.
469 841 506 846 -—
520 823 591 860 Qurc
610 822 733 855 nomina
753 821 789 853 de
804 822 864 854 Deo
885 819 1005 861 possint

227 869 397 912 praedicari.
967 867 1005 899 36

269 916 350 949 CAP.
371 923 466 949 xxxx.
489 934 528 940 —
558 916 644 953 Quod
674 915 775 948 divina
795 913 943 956 perfectio
976 914 1006 945 et

228 962 390 1005 pluralitas
410 963 568 996 nominum
591 963 700 995 divium
723 960 916 1003 simplicitati
946 968 1007 994 non

229 1012 391 1051 repugnat.
968 1009 1005 1040 37

270 1056 482 1102 CAR-xxxii.
519 1074 557 1080 —
588 1056 674 1094 Quod
710 1055 787 1088 nihil
819 1055 856 1087 de
886 1055 948 1087 Deo
978 1056 1010 1086 et

229 1103 321 1137 rebus
341 1104 410 1136 aliis
424 1104 554 1136 univoce
568 1103 761 1145 praedicatur.
968 1103 1008 1135 38

271 1151 351 1183 CAP.
372 1159 554 1183 xxxl11.—
575 1150 661 1189 Quod
689 1150 790 1183 omnia
816 1148 940 1182 nomina
962 1147 1009 1180 di-

232 1197 342 1229 cuntur
382 1195 420 1228 de
457 1196 519 1229 Deo
547 1199 578 1228 et
611 1196 759 1229 creaturis
798 1203 874 1236 pure
914 1193 1010 1237 oequi-

231 1252 317 1276 voce.
971 1242 1010 1275 39

274 1291 355 1324 CAP.
376 1299 496 1324 xxxw.
519 1309 556 1315 —-
577 1292 662 1329 Quod
682 1300 717 1324 ea
731 1300 798 1332 quae
813 1290 953 1323 dicuntur
975 1288 1010 1321 dc

232 1339 294 1371 Deo
314 1341 346 1370 et
364 1338 513 1371 creaturis
531 1339 689 1379 analogice
715 1338 868 1370 dicuntur.
973 1337 1010 1368 40

273 1385 355 1419 CAP.
376 1392 480 1418 xxxv.
503 1403 543 1410 -
563 1385 648 1423 Quod
668 1385 755 1426 plura
782 1383 909 1417 nomina
932 1383 1011 1416 dicta

236 1432 272 1465 (le
295 1432 356 1464 Deo
370 1440 431 1465 non
449 1434 520 1464 sunt
538 1440 720 1474 synonyma.
974 1431 1011 1462 40

274 1479 354 1512 CAP.
375 1487 496 1512 xxxvi.
517 1497 556 1504 -
585 1479 723 1517 Qualiter
753 1477 928 1511 intellectus
961 1484 1013 1509 no-

233 1528 296 1559 ster
309 1525 346 1558 de
366 1526 427 1558 Dco
453 1526 683 1568 propositiones
705 1525 829 1558 formet.
871 1544 874 1547 -
975 1525 1010 1556 41

274 1573 355 1606 CAP.
391 1581 522 1606 xxxvu.
557 1592 596 1598 --
637 1573 725 1611 Quod
763 1572 842 1606 Deus
881 1575 927 1606 est
957 1571 1011 1603 bo-

234 1629 303 1653 nus.
976 1621 1011 1652 41

275 1668 355 1701 CAP.
374 1675 523 1701 xxxvm.
540 1686 579 1692 -
600 1668 686 1706 Quod
706 1668 786 1701 Deus
801 1669 848 1700 est
867 1668 932 1709 ipsa
959 1667 1013 1700 bo-

233 1717 325 1749 nitas.
976 1715 1014 1746 42

275 1764 355 1797 CAP.
375 1770 493 1796 xxxix.
516 1763 654 1801 -Quod
682 1763 712 1795 in
741 1763 802 1795 Deo
824 1770 884 1795 non
916 1763 1015 1804 possit

235 1820 303 1845 esse
323 1810 448 1843 malum.
977 1811 1014 1842 42

275 1859 357 1891 CAP.
385 1865 441 1891 XL.
464 1876 502 1881 —
523 1858 609 1896 Quod
644 1858 723 1891 Deus
755 1859 802 1890 est
825 1858 924 1890 omnis
943 1857 1015 1890 boni

236 1907 360 1938 bonum.
654 1906 656 1908 '
977 1906 1014 1937 43

276 1953 357 1985 Car.
393 1959 523 1985 XL1.—
557 1952 642 1990 Quod
681 1952 758 1986 Deus
789 1951 830 1984 sit
864 1960 1014 1985 summum

234 2001 359 2033 bonum.
976 1999 1014 2031 44

275 2049 356 2080 CAP.
379 2055 463 2080 XLu.
484 2066 522 2071 —
547 2047 632 2084 Quod
650 2047 730 2079 Deus
757 2049 804 2080 cst
824 2056 912 2080 unus.
976 2048 1014 2079 44

277 2096 358 2127 CAP.
389 2102 488 2126 XLIII.
530 2112 568 2117 -
589 2093 673 2131 Quod
711 2094 790 2126 Deus
827 2096 875 2126 est
913 2093 1014 2126 infini-

236 2146 298 2175 tus.
976 2141 1013 2174 4‘1

277 2189 358 2222 CAP.
395 2196 489 2220 xmv.
517 2206 556 2212 —
589 2188 674 2226 Quod
714 2189 793 2220 Deus
826 2190 874 2220 est
901 2187 1015 2222 intelli-

237 2244 323 2277 gens.
976 2238 1015 2270 49

280 2284 360 2316 CAP.
383 2291 464 2315 XL-v.
497 2301 536 2305 —
566 2284 651 2321 Quod
685 2282 856 2324 intelligere
891 2283 944 2317 Dei
969 2286 1016 2317 est

238 2338 291 2361 sua
315 2329 458 2362 essentia.
977 2330 1012 2362 51

279 2378 360 2410 Car.
383 2385 480 2409 XLVI.
502 2395 540 2400 —
565 2377 650 2414 Quod
671 2377 750 2409 Deus
770 2386 823 2418 per
837 2377 912 2409 nibil
933 2377 1014 2409 aliud

237 2424 393 2465 intelligit,
414 2431 503 2465 qnam
524 2432 578 2464 per
598 2432 683 2457 suam
703 2423 881 2456 essentiam.
977 2426 1014 2457 52

278 2472 359 2504 CAP.
381 2479 489 2503 xcvii.
513 2489 550 2494 —
566 2471 652 2508 Quod
673 2471 753 2505 Deus
774 2471 909 2512 perfecte
922 2471 1013 2505 intel-

238 2519 306 2560 tigit
325 2518 471 2560 seipsum.
976 2520 1014 2551 52

279 2565 359 2596 CAP.
375 2572 501 2596 XLV111.
524 2581 563 2588 —
585 2563 671 2602 Quod
690 2564 770 2597 Deus
789 2563 888 2605 primo
909 2567 940 2596 et
960 2574 1015 2606 per

238 2612 336 2644 solum
359 2612 494 2652 seipsum
514 2612 684 2651 cognoscit.
976 2614 1014 2645 53

279 2659 360 2690 CAP.
382 2667 476 2691 xmx.
498 2675 538 2683 -
555 2659 640 2697 Quod
661 2659 740 2692 Deus
760 2662 926 2701 cognoscat
955 2660 1014 2693 alia

238 2716 253 2738 a
268 2715 311 2737 se.
976 2709 1014 2742 54

279 2754 360 2786 CAP.
378 2761 411 2786 L.
435 2772 473 2776 —
505 2755 591 2792 Quod
622 2755 702 2787 Deus
731 2754 822 2787 babet
855 2754 1014 2796 propriam

237 2801 443 2841 cognitionem
465 2801 501 2833 de
524 2802 613 2834 robus
633 2802 785 2835 omnibus.
975 2804 1013 2835 55

278 2848 357 2880 CAr.
396 2855 441 2880 L1.
476 2866 514 2870 -—
547 2849 691 2881 [tationes
728 2849 765 2881 ad
801 2849 1013 2890 inquirendum

239 2894 369 2936 qualiter
412 2894 575 2926 multitudo
626 2895 851 2929 intellectorum
898 2897 938 2928 sit
984 2898 1014 2928 iu

236 2941 396 2974 intellectu
415 2941 531 2973 divino.
976 2946 1014 2975 56

878 158 1003 197 ORDO
1033 158 1205 196 RERUM.

1117 248 1196 282 CAp.
1219 256 1280 281 ιιι.
1319 265 1357 272 -
1388 249 1535 281 Rationes
1566 247 1647 289 quod
1678 246 1859 288 hujusmodi

1075 295 1238 328 multitudo
1275 295 1515 336 intelligibilium
1535 303 1596 327 non
1623 297 1670 327 est
1697 293 1858 327 intellectu

1077 343 1195 376 divino.
1817 343 1856 374 57

1119 390 1199 422 CAP.
1221 397 1298 422 L111.
1317 408 1356 414 -
1387 390 1545 428 Quomodo
1569 389 1734 422 multitudo
1764 388 1856 420 intel-

1077 439 1225 471 lectorum
1243 438 1324 470 sitin
1346 439 1418 470 Deo.
1818 437 1858 468 57

1118 485 1198 517 CAP.
1226 493 1298 518 ων.
1319 503 1357 509 -
1391 485 1547 523 Quomodo
1585 485 1688 516 divina
1725 482 1883 518 essentia,

1075 543 1136 566 una
1156 534 1292 566 existens
1313 534 1354 566 sit
1384 533 1508 574 propria
1538 532 1708 566 similitudo
1728 534 1759 564 et
1778 530 1856 564 ratio

1076 582 1211 613 omnium
1231 581 1484 621 intelligibilium.
1818 578 1857 610 58

1116 629 1197 661 CAP.
1231 635 1288 660 ιν.
1320 646 1358 651 -
1396 628 1481 666 Quod
1520 627 1599 660 Deus
1630 626 1730 659 omnia
1769 624 1860 659 simul

1078 675 1233 716 intelligit.
1822 673 1860 705 59

1117 723 1197 754 Car.
1219 730 1289 755 Lvi.
1311 741 1349 746 -
1364 723 1450 760 Quod
1461 722 1492 754 in
1506 723 1567 754 Deo
1586 723 1707 754 nonest
1725 719 1862 752 habitua-

1080 769 1117 800 lis
1140 769 1286 810 cognitio.
1820 766 1859 798 60

1119 816 1199 848 CAP.
1223 823 1311 849 Lvn.
1332 833 1371 840 —
1392 816 1479 853 Quod
1498 815 1634 856 cognitio
1657 814 1712 847 Dei
1735 822 1795 848 non
1814 815 1862 846 est

1083 864 1261 896 ‹liscursiva.
1821 862 1860 894 61

1120 911 1201 944 CAP.
1224 919 1324 944 Lvrir.
1347 929 1384 935 —
1405 910 1492 948 Quod
1512 910 1592 942 Deus
1623 917 1684 942 non
1714 907 1864 948 intelligit

1082 959 1293 1001 componendo
1314 962 1344 992 et
1371 957 1550 992 dividendo.
1822 956 1862 988 62

1122 1007 1203 1040 CAP.
1222 1014 1292 1040 le.
1313 1023 1352 1030 —
1372 1006 1458 1043 Quod
1488 1014 1504 1037 a
1524 1005 1584 1037 Deo
1611 1011 1672 1036 non
1691 1002 1863 1036 excluditur

1080 1055 1193 1088 veritas
1213 1053 1459 1087 enuntiabilium.
1821 1051 1862 1084 63

1123 1102 1203 1135 CAP.
1225 1109 1280 1134 Lx.
1301 1119 1339 1124 —-
1357 1100 1443 1139 Quod
1464 1100 1541 1134 Deus
1561 1103 1607 1133 est
1631 1100 1756 1132 veritas.
1823 1099 1862 1131 64

1123 1150 1202 1182 CAP.
1223 1157 1293 1182 Lxr.
1320 1165 1358 1173 —
1388 1148 1474 1187 Quod
1511 1149 1591 1181 Deus
1625 1150 1672 1179 est
1699 1146 1864 1188 purissima

1083 1197 1207 1232 veritas.
1823 1195 1863 1226 65

1125 1244 1206 1279 CAP.
1241 1252 1387 1278 Lx11.—
1419 1244 1504 1283 Quod
1540 1242 1642 1278 divina
1673 1242 1788 1275 veritas
1817 1243 1865 1274 est

1085 1291 1181 1333 prima
1200 1293 1232 1324 et
1247 1300 1364 1324 summa
1376 1291 1500 1324 veritas.
1823 1288 1863 1321 66

1125 1339 1206 1371 CAP.
1227 1345 1328 1371 Lxm.
1348 1356 1387 1361 —
1403 1337 1549 1370 Rationes
1575 1334 1742 1369 volentium
1763 1344 1779 1367 a
1802 1335 1864 1369 Deo

1085 1385 1264 1419 subtrahere
1278 1385 1486 1426 cognitionem
1503 1383 1718 1424 singularium.
1825 1384 1864 1416 66

1126 1434 1207 1466 ΟΑΡ.
1242 1440 1337 1466 inv.
1371 1450 1410 1456 -
1443 1431 1523 1464 Ordo
1556 1430 1754 1464 dicendorum
1786 1430 1865 1463 circa

1085 1481 1218 1513 divinam
1238 1481 1458 1521 cognitionem.
1826 1481 1865 1511 67

1126 1529 1208 1562 CAP.
1229 1536 1309 1562 va.
1333 1546 1370 1551 —
1391 1528 1477 1566 Quod
1510 1529 1588 1561 Deus
1618 1526 1784 1568 singularia
1815 1534 1866 1559 co-

1087 1578 1223 1618 gnoscat.
1826 1575 1865 1606 68

1127 1623 1210 1658 CAP.
1231 1629 1328 1657 var.
1354 1641 1393 1648 —
1412 1623 1498 1662 Quod
1524 1624 1604 1656 Deus
1639 1621 1799 1663 cognoscit
1830 1629 1866 1654 ea

1087 1678 1153 1712 quae
1171 1679 1233 1703 non
1248 1673 1329 1704 sunt.
1825 1670 1864 1700 70

1129 1717 1208 1750 CAP.
1234 1725 1343 1750 vau.
1367 1734 1406 1741 —
1425 1715 1512 1755 Quod
1532 1717 1610 1749 Deus
1624 1715 1786 1757 cognoscit
1804 1716 1867 1749 sin-

1088 1763 1202 1805 gularia
1223 1764 1433 1804 contingentia
1462 1764 1575 1796 sutura.
1825 1765 1864 1798 71

1128 1811 1208 1845 Cap,
1230 1819 1354 1844 vani.
1372 1829 1409 1835 -
1431 1811 1516 1850 Quod
1531 1812 1611 1844 Deus
1623 1810 1782 1852 cognoscit
1800 1819 1865 1844 mo-

1087 1860 1135 1891 tus
1150 1859 1328 1891 voluntatis.
1646 1857 1655 1866 “
1825 1860 1866 1891 73

1128 1905 1208 1938 CAP.
1232 1912 1324 1938 inx.
1344 1923 1380 1928 -
1401 1905 1485 1943 Quod
1516 1906 1594 1938 Deus
1623 1905 1782 1946 cognoscit
1800 1905 1867 1938 inst·

1087 1953 1161 1985 nita.
1826 1954 1866 1986 74

1128 2001 1208 2033 CAP.
1230 2007 1308 2033 Lxx.
1332 2017 1368 2023 -—
1406 2000 1492 2037 Quod
1530 2000 1609 2032 Deus
1638 2000 1797 2041 cognoscit
1823 2000 1868 2032 vi-

1088 2047 1137 2080 lia.
1825 2049 1867 2080 7ss

1129 2095 1209 2129 CAP.
1253 2103 1346 2127 Lxxi.
1388 2113 1425 2117 —
1467 2095 1552 2132 Quod
1594 2095 1673 2128 Deus
1708 2094 1869 2136 cognoscit

1087 2143 1177 2175 mala.
1827 2144 1866 2175 77

1129 2191 1207 2222 CAr.
1226 2198 1334 2223 Lxxu.
1358 2208 1396 2213 -
1419 2188 1505 2228 Quod
1518 2190 1598 2222 Deus
1617 2192 1663 2222 est
1688 2189 1806 2222 volens.
1828 2191 1867 2222 79

1129 2238 1210 2270 CAP.
1244 2245 1424 2270 Lxxi11.—-
1454 2236 1539 2274 Quod
1571 2236 1712 2270 voluntas
1743 2237 1795 2269 Dei
1827 2237 1867 2269 sit

1088 2286 1154 2326 ejus
1182 2285 1327 2318 essentia.
1829 2286 1864 2317 81

1129 2333 1209 2365 CAP.
1228 2340 1346 2365 Lxxrv.
1368 2350 1406 2356 —-
1427 2332 1514 2370 Quod
1545 2331 1715 2373 principale
1735 2332 1864 2365 volitum

1088 2379 1139 2413 Dei
1159 2382 1207 2412 est
1225 2379 1329 2413 divina
1360 2380 1505 2412 essentia.
1828 2380 1865 2411 81

1129 2426 1211 2458 CAP.
1233 2433 1337 2459 Lxxv.
1360 2444 1399 2450 —-
1431 2425 1517 2464 Quod
1545 2426 1636 2465 Deus,
1658 2426 1790 2459 volendo
1819 2435 1867 2465 se,

1087 2473 1153 2505 vult
1171 2473 1264 2505 etiam
1285 2473 1344 2506 alia
1366 2482 1384 2506 a
1404 2482 1449 2507 se.
1828 2474 1868 2506 82

1128 2520 1209 2553 CAP.
1231 2528 1351 2552 Lxxvr.
1373 2538 1411 2544 —
1430 2520 1516 2559 Quod
1535 2521 1615 2553 Deus
1640 2529 1702 2553 uno
1722 2524 1793 2553 actu
1811 2528 1867 2553 vo-

1087 2567 1213 2600 luntatis
1231 2576 1264 2600 se
1283 2570 1314 2600 et
1333 2568 1435 2600 omnia
1454 2567 1514 2600 alia
1534 2567 1621 2600 velit.
1827 2569 1866 2600 83

1128 2615 1209 2648 CAP.
1231 2622 1362 2647 Lxxvu.
1386 2632 1426 2639 —
1446 2614 1531 2653 Quod
1559 2614 1724 2647 multitudo
1752 2614 1865 2647 volito—

1087 2672 1152 2695 rum
1170 2671 1232 2696 uon
1264 2664 1413 2704 repugnat
1440 2661 1630 2705 simplicitati
1651 2661 1762 2695 divinae
1793 2661 1865 2694 sub—

1086 2711 1219 2742 stantiae.
1827 2710 1865 2743 83

1128 2755 1208 2789 CAP.
1230 2763 1376 2789 Lxxvffl.
1411 2773 1449 2779 -
1469 2755 1555 2794 Quod
1585 2754 1688 2787 divina
1723 2754 1867 2788 voluntas

1088 2803 1124 2835 ad
1145 2803 1311 2844 singularia
1330 2803 1408 2836 bona
1429 2811 1463 2836 se
1487 2801 1636 2835 extendit
1827 2804 1865 2835 84

1128 2850 1212 2882 CAr.
1245 2857 1363 2882 Lxmx.
1385 2867 1424 2873 —-
1443 2848 1529 2886 Quod
1561 2848 1641 2880 Deus
1676 2847 1750 2879 velit
1773 2849 1866 2882 etiam

1087 2906 1155 2938 quas
1175 2896 1309 2929 nondum
1328 2899 1409 2929 sunt.
1826 2896 1866 2929 85

1130 2943 1210 2975 Car.
1234 2950 1336 2974 Lxxx.
1359 2961 1396 2964 —
1420 2942 1505 2981 Quod
1526 2942 1604 2974 Deus
1625 2942 1661 2974 de
1682 2943 1865 2975 necessitate
