1894 3223
653 67 739 104 LIB.
766 67 832 110 ΙΙΙ,
859 67 961 103 CAP.
989 67 1103 104 LXIV.
1617 67 1687 104 339

65 150 173 189 enim
193 158 313 197 supra
329 149 416 196 (lib.
436 157 482 193 11,
520 156 606 195 cap.
627 149 674 185 23
705 150 744 186 et
774 147 837 194 24)
856 147 961 194 quod
983 157 1064 185 non
1096 147 1179 195 agit
1208 156 1280 195 per
1310 147 1589 186 necessitatem
1619 157 1687 185 na-

69 202 180 242 turae,
203 196 272 235 scd
292 205 362 243 per
376 195 620 233 intellectum
641 198 679 232 et
696 194 953 232 voluntatem.
974 195 1078 232 Nihil
1099 199 1160 232 est
1180 198 1310 232 autem
1341 195 1449 232 aliud
1481 203 1617 241 regere
1651 199 1688 233 et

95 244 288 282 ubernare
310 252 378 289 per
397 241 685 290 providentiam
705 251 821 288 quam
843 251 999 278 movere
1014 251 1081 288 per
1094 242 1338 279 intellectum
1351 231 1539 289 aliquaad
1553 241 1686 280 finem.

67 254 175 330 {eus
195 291 207 328 i
240 290 318 327 itur
336 299 406 337 per
426 297 540 327 suam
559 288 846 335 providentiam
868 288 1062 334 gubernat
1080 293 1117 325 et
1133 289 1234 335 regit
1252 289 1388 327 omnia
1404 297 1494 335 quae
1526 296 1688 326 moven-

67 342 132 376 tur
151 338 192 374 in
248 345 352 382 nem,
374 336 457 374 sive
477 339 711 374 moveantur
728 336 998 382 corporaliter,
1018 336 1102 373 sive
1121 336 1395 382 spiritualiter,
1416 336 1519 373 sicut
1535 336 1691 374 ,deside-

69 393 163 422 rans
183 383 329 422 dicitur
347 383 496 421 moveri
518 392 542 420 a
560 382 799 421 desiderato.

115 432 216 476 Item,
233 430 442 478 probatum
473 433 534 468 est
571 430 671 476 (cap.
692 432 729 473 2,
762 430 799 476 3)
837 429 942 477 quod
981 439 1149 476 corpora
1183 429 1381 467 naturalia
1413 433 1622 468 moventur
1652 433 1692 468 et

69 482 283 525 operantur
301 481 460 524 propter
478 476 611 520 finem,
634 477 726 514 licet
743 475 861 514 finem
882 486 962 514 nou
980 481 1239 523 cognoscant,
1262 486 1310 514 ex
1333 477 1410 514 hoc
1441 479 1546 524 quod
1583 484 1687 514 sem-

73 535 143 572 per
178 525 212 562 ei
244 524 490 572 frequentius
509 524 653 561 accidit
675 524 717 560 in
737 524 795 561 eis
816 524 921 571 quod
943 525 1085 561 melius
1110 527 1185 569 est,
1207 528 1243 561 et
1277 532 1358 562 non
1393 523 1506 562 aliter
1536 523 1690 568 fierent,

69 573 104 610 si
127 571 266 610 fierent
284 581 354 618 per
373 575 511 609 artem.
536 570 788 618 Impossibile
805 576 864 609 est
885 575 1015 608 autem
1035 571 1140 618 quod
1161 569 1294 617 aliqua
1313 579 1394 608 non
1407 571 1692 617 cognoscentia

70 619 190 657 finem
213 622 426 666 operentur
447 622 604 666 propter
623 618 757 661 finem,
778 621 816 655 et
835 619 1017 655 ordinate
1036 618 1266 664 perveniant
1282 618 1324 654 in
1345 618 1492 663 ipsum,
1512 618 1590 655 nisi
1611 618 1691 656 sint

71 670 182 704 mota
200 666 249 704 ab
270 666 404 713 aliquo
426 666 594 703 habente
611 666 879 712 cognitionem
899 665 1005 709 finis,
1027 665 1131 702 sicut
1159 665 1305 711 sagitta
1338 664 1522 711 dirigitur
1553 665 1601 702 ad
1637 665 1690 702 si-

74 722 197 762 gnum
215 722 239 750 a
256 715 483 761 sagittante.
506 714 666 759 Oportet
699 721 795 759 ergo
833 712 939 759 quod
972 715 1054 748 tota
1086 712 1263 758 operatio
1295 715 1445 749 naturae
1477 713 1526 750 ab
1558 712 1692 759 aliqua

72 769 120 798 co
152 761 302 798 uitione
337 760 554 804 ordinetur,
593 763 630 796 et
665 758 741 796 hoc
774 759 933 806 quidem
967 759 1137 796 mediate
1168 759 1229 795 vel
1267 758 1494 796 immediate
1537 763 1691 805 oportet

74 816 92 844 r
147 817 260 845 ucere
279 808 321 844 in
341 808 479 844 Deum.
502 806 784 853 Oportetenim
804 806 909 853 quod
936 806 1068 843 omnis
1100 805 1266 843 inferior
1289 814 1354 843 ars
1387 809 1426 843 et
1457 807 1633 853 cognitio
1669 814 1693 844 a

77 854 275 901 superiori
297 854 490 900 principia
507 853 690 900 accipiat,
711 853 814 890 sicut
828 853 866 889 in
881 853 1061 890 scientiis
1078 856 1117 889 et
1136 852 1393 899 speculativis
1416 856 1454 889 et
1478 852 1691 899 operativis

76 906 234 948 apparet
254 903 359 939 Deus
379 901 500 947 igitur
518 909 593 938 sua
611 899 857 946 providentia
877 900 1068 937 mundum
1083 900 1289 947 gubernat.
1664 946 1670 952 ⁶

122 949 265 991 Adhuc,
287 958 333 986 ea
358 957 445 994 quae
464 952 557 985 sunt
576 947 795 984 secundum
816 956 928 984 suam
951 951 1132 984 naturam
1152 947 1353 991 distincta,
1379 946 1422 984 in
1442 954 1565 984 unum
1587 945 1691 984 ordi·

77 1005 168 1032 nem
190 1004 269 1031 non
291 995 546 1038 conveniunt,
568 994 646 1031 nisi
667 993 716 1030 ab
737 1002 818 1030 uno
842 994 1051 1031 ordinante
1070 993 1310 1040 colligantur
1328 995 1371 1032 in
1390 1002 1528 1031 unum.
1549 996 1593 1031 In
1609 994 1694 1030 uni-

77 1042 309 1078 versalitate
336 1045 465 1078 autem
483 1050 614 1078 rerum
636 1043 730 1077 sunt
751 1049 814 1077 res
833 1040 1042 1078 distinctas
1061 1044 1100 1078 et
1118 1041 1339 1078 contrarias
1359 1044 1523 1078 naturas
1554 1041 1701 1078 haben-

79 1092 158 1131 tes,
177 1097 264 1135 quae
285 1092 416 1125 tamen
441 1096 582 1125 omnes
601 1088 643 1124 in
663 1095 787 1123 unum
806 1087 986 1125 ordinem
1004 1088 1260 1131 conveniunt,
1281 1095 1372 1125 cum
1400 1087 1580 1134 quaedam
1611 1096 1699 1134 ope·

83 1135 262 1174 rationes
282 1134 543 1181 quorumdam
560 1133 775 1186 excipiunt,
796 1134 976 1180 quaedam
997 1137 1128 1172 autem
1151 1143 1174 1171 a
1192 1133 1430 1182 quibusdam
1438 1134 1699 1180 juvantur-,vel

83 1183 200 1267 etigm
221 1185 448 1229 operantur.
469 1183 629 1228 Oportet
650 1181 773 1228 igitur
789 1181 895 1227 quod
914 1182 968 1219 sit
984 1182 1263 1220 universorum
1292 1190 1399 1220 unus
1434 1181 1639 1219 ordinator
1667 1184 1701 1219 et

110 1238 133 1267 u
165 1233 335 1267 ernator.

80 1238 106 1277 g
130 1277 314 1322 Amplius,
337 1283 474 1313 eorum
494 1283 583 1323 quae
602 1274 709 1314 circa
727 1275 949 1314 coelestium
967 1284 1179 1323 corporum
1206 1278 1341 1314 motus
1368 1279 1570 1323 apparent,
1603 1275 1704 1314 ratio

84 1324 283 1372 assignari
305 1332 385 1361 non
406 1325 536 1369 potest
552 1332 600 1360 ex
618 1324 856 1361 necessitate
872 1327 1037 1368 naturae,
1058 1332 1149 1361 cum
1165 1323 1347 1370 quaedam
1368 1331 1505 1360 eorum
1535 1323 1702 1360 habeant

81 1371 218 1417 plures
234 1374 367 1408 motus
385 1369 639 1417 quibusdam,
659 1373 699 1407 et
716 1371 882 1408 omnino
901 1369 1121 1408 difformes.
1144 1371 1305 1416 Oportet
1322 1370 1445 1417 igitur
1478 1370 1582 1417 quod
1616 1370 1701 1406 illo-

83 1426 173 1455 rum
193 1421 372 1455 motuum
407 1416 604 1454 ordinatio
643 1417 695 1454 sit
730 1417 779 1454 ab
818 1417 953 1464 aliqua
990 1416 1240 1464 providentia
1270 1420 1310 1454 et
1344 1425 1414 1463 per
1451 1424 1703 1462 consequens

84 1464 260 1502 omnium
284 1463 517 1501 inferiorum
536 1466 716 1501 motuum
736 1468 776 1502 et
794 1465 1067 1510 operationum
1089 1473 1177 1512 quae
1194 1471 1265 1510 per
1281 1463 1375 1501 illos
1401 1467 1535 1501 motus
1570 1463 1702 1509 dispo·

83 1515 244 1549 nuntur.

136 1559 233 1602 leem,
254 1561 402 1605 quanto
420 1556 569 1604 aliquid
589 1557 854 1605 propinquius
883 1561 944 1595 est
979 1566 1125 1601 causae,
1155 1561 1265 1595 tanto
1297 1556 1389 1603 plus
1420 1556 1630 1604 participat
1657 1557 1704 1596 de

85 1603 225 1643 effectu
248 1605 390 1652 ipsius.
412 1605 520 1641 Unde
540 1604 574 1642 si
593 1605 743 1651 aliquid
762 1609 873 1642 tanto
893 1605 1151 1651 participatur
1168 1605 1383 1650 perfectius
1404 1605 1453 1642 ab
1483 1604 1702 1651 aliquibus,

114 1655 234 1689 uanto
253 1652 371 1689 alicui
393 1651 448 1688 rei
469 1651 599 1698 magis
619 1653 921 1699 appropinquat,
944 1652 1105 1698 signum
1125 1656 1186 1689 est
1204 1651 1310 1698 quod
1339 1652 1408 1689 illa
1428 1660 1493 1688 res
1512 1651 1566 1688 sit
1584 1660 1706 1689 causa

85 1699 96 1736 i
119 1699 195 1736 lius
244 1698 320 1736 uod
341 1698 605 1735 diversimode
625 1699 895 1745 participatur.
918 1699 1039 1741 Sicut,
1064 1699 1099 1736 si
1134 1698 1268 1745 aliqua
1287 1699 1418 1745 magis
1451 1701 1546 1736 sunt
1575 1698 1705 1736 calida.

88 1709 308 1784 secunaum
329 1744 434 1797 quod
454 1745 584 1797 magis
605 1747 923 1793 appropinquant
962 1746 1060 1798 igni,
1082 1745 1243 1792 signum
1275 1749 1337 1798 est
1369 1745 1476 1798 quod
1509 1745 1617 1792 ignis
1653 1745 1704 1782 sit

86 1801 209 1831 causa
227 1792 388 1830 caloris.
408 1793 667 1829 Inveniuntur
685 1796 815 1830 autem
835 1795 946 1830 tanto
981 1793 1115 1840 aliqua
1138 1793 1353 1838 perfectius
1386 1791 1570 1829 ordinata
1599 1800 1704 1834 esse,

86 1842 235 1887 quanto
255 1839 386 1886 magis
405 1842 500 1875 sunt
516 1839 597 1891 Deo
616 1839 852 1886 propinqua.
874 1841 971 1877 Nam
993 1840 1034 1876 in
1062 1839 1298 1885 corporibus
1326 1839 1586 1877 inferioribus
1618 1848 1705 1887 quae

85 1890 182 1924 sunt
199 1887 370 1924 maxime
390 1895 412 1923 a
429 1887 509 1923 Deo
529 1886 734 1932 distantia,
753 1890 903 1924 naturae
924 1886 1254 1924 dissimilitudine
1291 1886 1492 1924 invenitur
1518 1895 1607 1923 esse
1639 1886 1705 1924 de·

85 1933 215 1971 fectus
234 1932 448 1980 aliquando
467 1932 516 1985 ab
535 1942 582 1971 eo
603 1933 709 1980 quod
730 1938 791 1970 est
810 1933 1029 1971 secundum
1050 1942 1211 1971 cursum
1232 1936 1397 1979 naturae,
1418 1933 1523 1971 sicut
1538 1936 1644 1980 patet
1663 1933 1705 1971 in

85 1980 356 2018 monstruosis
377 1983 416 2016 et
443 1980 534 2017 aliis
554 1980 800 2025 casualibus,
835 1980 942 2027 quod
978 1989 1179 2027 nunquam
1218 1980 1364 2019 accidit
1396 1980 1439 2017 in
1471 1980 1705 2027 corporibus

88 2027 332 2067 coelestibus,
353 2035 441 2073 quae
460 2030 592 2064 tamen
613 2030 707 2065 sunt
727 2027 862 2074 aliquo
882 2026 1002 2065 modo
1021 2026 1251 2072 mutabilia;
1272 2027 1379 2074 quod
1397 2036 1476 2064 non
1497 2027 1640 2064 accidit
1664 2027 1706 2065 in

88 2073 325 2112 substantiis
344 2072 682 2112 intellectualibus
702 2075 909 2120 separatis.
929 2075 1180 2112 Manifestum
1201 2077 1262 2112 est
1283 2083 1378 2121 ergo
1398 2074 1504 2122 quod
1525 2075 1629 2111 Deus
1647 2077 1707 2112 est

90 2128 214 2158 causa
231 2120 354 2172 totius
374 2119 692 2173 ordinisrerum.
714 2122 780 2158 Est
800 2121 922 2168 igitur
940 2121 1026 2167 ipse
1043 2131 1113 2168 per
1129 2129 1244 2159 suam
1254 2121 1545 2171 providentiam
1561 2121 1703 2168 guber-

89 2170 205 2204 nator
220 2169 343 2204 totius
364 2170 635 2205 universitatis
652 2177 798 2206 rerum.

135 2213 280 2258 Adhuc,
298 2213 403 2250 sicut
421 2221 541 2259 supra
561 2213 645 2260 (lib.
665 2223 709 2258 11,
748 2224 833 2260 cap.
851 2217 897 2252 23
925 2218 963 2252 et
979 2215 1043 2262 24)
1060 2215 1269 2262 probatum
1281 2218 1355 2258 est,
1372 2216 1475 2252 Deus
1487 2223 1551 2252 res
1566 2222 1706 2253 omnes

89 2260 132 2298 in
150 2269 239 2298 esse
259 2260 444 2306 produxit
460 2268 541 2297 non
561 2270 609 2298 ex
626 2262 863 2298 necessitate
885 2266 1049 2306 naturae,
1071 2262 1141 2299 sed
1161 2271 1232 2310 per
1249 2262 1494 2299 intellectum
1515 2265 1554 2298 et
1568 2261 1706 2299 volun·

89 2310 223 2344 tatem.
243 2307 470 2344 Intellectus
491 2310 621 2344 autem
642 2311 680 2344 et
695 2308 911 2346 voluntatis
931 2309 1061 2355 ipsius
1081 2317 1162 2345 non
1194 2311 1325 2355 potest
1355 2317 1445 2345 esse
1473 2307 1578 2345 alius
1611 2307 1705 2346 finis

89 2354 269 2398 ultimus,
291 2354 369 2391 nisi
389 2353 549 2391 bonitas
571 2355 672 2401 ejus,
692 2358 736 2392 ut
755 2355 909 2393 scilicet
928 2364 1014 2392 eam
1033 2355 1151 2392 rebus
1171 2356 1498 2399 communicaret,
1519 2353 1624 2392 sicut
1659 2363 1708 2394 ex

89 2400 311 2448 praemissis
331 2403 504 2447 apparet.
525 2401 601 2438 Res
620 2404 751 2438 autem
770 2402 1007 2448 participant
1025 2402 1198 2439 divinam
1217 2402 1435 2438 bonitatem
1456 2410 1526 2447 per
1542 2401 1707 2439 modum

93 2447 385 2491 similitudinis,
406 2447 448 2483 in
467 2450 658 2493 quantum
678 2448 776 2495 ipsae
796 2452 890 2486 sunt
908 2450 1037 2486 bonae.
1057 2448 1155 2485 lllud
1175 2452 1306 2486 autem
1326 2448 1432 2495 quod
1452 2451 1514 2486 est
1535 2448 1708 2487 maxime

91 2493 241 2532 bonum
261 2495 302 2531 in
323 2494 441 2531 rebus
461 2494 605 2531 creatis
632 2498 694 2532 est
719 2494 868 2532 bonum
889 2495 1044 2532 ordinis
1078 2495 1269 2539 universi,
1309 2494 1415 2542 quod
1444 2498 1506 2532 est
1535 2495 1708 2533 maxime

92 2541 324 2588 perfectum,
360 2545 403 2578 ut
440 2540 709 2587 Philosophus
746 2541 842 2578 dicit
871 2541 1115 2589 (metaphys,
1135 2549 1223 2586 x11.,
1254 2545 1346 2579 text.
1366 2550 1512 2580 comm.
1540 2542 1614 2590 52).
1635 2543 1707 2581 Cui

91 2589 209 2626 etiam
230 2590 426 2625 consonat
445 2587 645 2633 Scriptura
664 2588 811 2632 divina,
833 2589 926 2626 Gen.
947 2592 1038 2633 1,3l,
1058 2596 1147 2625 cum
1161 2588 1329 2626 dicitur:
1347 2589 1450 2626 Vidit
1468 2591 1562 2627 Deus
1580 2593 1708 2627 cuncta

91 2645 170 2681 quae
183 2636 331 2680 fecerat,
352 2637 387 2671 et
413 2637 518 2670 erant
533 2634 640 2670 valde
659 2635 763 2675 bona,
784 2644 874 2672 cum
894 2635 941 2672 de
961 2635 1134 2681 singulis
1154 2635 1340 2681 operibus
1369 2635 1536 2674 dixisset
1558 2637 1708 2684 simpli-

91 2682 188 2719 citer
207 2682 313 2729 quod
333 2684 437 2718 erant
459 2682 563 2718 bona.
587 2683 739 2718 Bonum
759 2681 881 2728 igitur
900 2682 1052 2719 ordinis
1070 2691 1201 2719 rerum
1227 2686 1447 2721 creatarum
1478 2693 1502 2722 a
1532 2685 1628 2729 Deo,
1647 2688 1707 2721 est

91 2728 132 2766 id
151 2729 257 2776 quod
278 2731 339 2767 est
358 2729 555 2775 praecipue
577 2728 743 2766 volitum
763 2731 802 2765 et
833 2728 1026 2766 intentum
1050 2738 1074 2765 a
1104 2730 1198 2766 Deo.
1218 2729 1324 2768 Nihil
1344 2733 1475 2768 autem
1506 2730 1615 2768 aliud
1647 2733 1708 2768 est

93 2774 313 2821 gubernare
333 2776 466 2823 aliqua
485 2784 603 2822 quam
624 2775 683 2813 eis
711 2775 891 2813 ordinem
922 2776 1140 2823 imponere.
1161 2778 1250 2823 Ipse
1281 2776 1405 2823 igitur
1436 2778 1543 2817 Deus
1572 2777 1707 2816 omnia

94 2829 169 2859 suo
187 2822 390 2873 intellectu
411 2827 449 2860 et
467 2822 670 2860 voluntate
688 2822 896 2869 gubernat.
