1894 3223
653 123 740 159 [ΑΒ.
769 123 825 164 lV.
854 123 954 160 CAP.
981 122 1171 159 Lxxxvn.
1458 151 1460 155 ,
1648 123 1722 159 633

104 204 322 243 secundnm
355 204 421 240 illa
440 213 526 249 qum
547 205 662 241 statui
689 204 997 250 incorruptionis
1028 213 1107 241 non
1140 213 1179 241 re
1213 207 1374 250 ugnant.
1395 203 1449 240 Ad
1469 203 1571 241 hanc
1596 203 1715 251 igitur

101 262 237 288 eorum
261 251 615 296 impassibilitatem
634 251 918 288 ostendendam
939 252 1150 297 Apostolus
1200 251 1264 287 icit
1286 261 1294 285 :
1314 251 1521 287 Seminatur
1537 253 1575 287 in
1597 262 1717 287 corru-

98 300 234 344 ptione,
256 301 376 341 stu-yet
397 300 434 332 in
456 300 736 343 incorruptione.
779 321 784 328 ·

147 347 299 387 Rursus,
323 345 466 388 anima,
492 347 570 382 Deo
592 347 741 388 truens,
764 345 838 390 ipsi
861 345 1146 390 perfectissime
1167 345 1390 386 adbaercbit.
1413 349 1450 381 et
1465 345 1550 390 ejus
1565 346 1714 383 bonita-

100 396 176 428 tem
200 392 446 437 participabit
470 393 507 428 in
532 402 688 429 summo
711 392 929 428 secundum
951 392 1108 428 modum
1135 401 1267 427 suuni.
1291 393 1353 428 Sic
1374 392 1490 437 igitur
1518 397 1553 428 et
1569 403 1713 439 corpus

100 439 269 486 perfecte
302 439 491 476 subdetur
522 439 663 476 animae
695 443 731 474 et
752 439 837 483 ejus
862 439 1119 484 proprietates
1148 439 1395 483 participabit
1418 442 1607 485 quantum
1629 450 1716 485 pos-

100 486 215 523 sibile
245 490 305 522 est
332 487 370 522 in
395 486 669 532 perspicuitate
689 494 894 529 sensuum,
918 486 956 520 in
979 486 1230 522 ordinatione
1252 486 1431 529 corporei
1460 487 1654 532 appetitus
1676 491 1713 524 et

99 533 141 570 in
172 533 401 570 omnimoda
429 533 668 579 perfectione
705 537 868 568 naturae.
908 534 1029 569 Tanto
1063 533 1169 568 enim
1188 532 1334 578 aliquid
1366 532 1575 579 perfectius
1594 535 1712 570 estin

100 583 254 622 natura,
277 584 424 626 quanto
452 580 538 626 ejus
567 579 731 616 materia
760 579 974 624 perfectius
1010 579 1191 615 subditur
1222 579 1358 616 sormae
1389 582 1428 615 et
1461 585 1619 625 propter
1639 581 1715 618 hoc

101 626 197 664 dicit
225 628 437 673 Apostolus
459 637 467 661 :
489 627 696 663 Serrdntttur
725 637 853 671 corpus
885 627 1052 667 animale,
1086 629 1207 670 ειη-ρει
1227 636 1355 671 corpus
1374 628 1577 671 spirituale.
1598 628 1715 673 Spiri-

100 675 206 710 tuale
239 675 396 721 quidem
430 682 575 720 corpus
608 673 851 720 resurgentis
884 674 971 716 erit,
1003 682 1081 709 non
1111 673 1203 720 quia
1222 673 1273 710 sit
1291 673 1466 718 spiritus,
1491 679 1531 710 ut
1552 676 1711 721 quidam

101 722 204 758 male
231 721 523 764 intellexerunt,
557 721 638 757 sive
667 730 736 766 per
767 720 946 765 spiritum
970 720 1212 766 intelligatur
1237 720 1453 766 spiritualis
1475 721 1710 766 substantia,

102 769 185 805 sive
217 777 298 813 aer,
333 771 400 804 aut
430 772 596 811 ventus;
625 767 694 804 sed
715 768 809 813 quia
829 767 900 803 erit
917 768 1082 804 omnino
1104 767 1322 812 subjectum
1344 768 1499 812 spiritui
1520 780 1528 813 ;
1557 768 1658 805 sicut
1678 772 1716 805 et

103 824 209 851 nunc
241 815 383 852 dicitur
416 824 560 860 corpus
589 815 772 858 animale,
808 823 887 850 non
909 815 1001 859 quia
1019 815 1069 850 sit
1089 814 1251 858 animal,
1273 814 1343 851 sed
1363 815 1458 862 quia
1476 815 1713 853 animalibus

101 862 360 907 passionibus
381 862 570 906 subjacet,
593 865 631 897 et
650 861 838 897 alimonia
858 861 1019 906 indiget.

149 911 258 945 Patet
292 909 414 953 igitur
445 919 491 945 ex
525 909 720 954 praetlictis
758 909 878 954 quod,
901 909 1003 943 sicut
1043 909 1174 944 anima
1210 908 1384 945 hominis
1421 909 1637 947 elevabitur
1669 914 1717 946 ad

102 955 270 1003 gloriam
312 957 523 1001 spirituum
554 956 790 999 coelcstiuin,
816 959 858 991 ut
892 957 1012 991 Deum
1044 965 1111 1000 per
1146 957 1359 992 essentiam
1384 957 1526 998 videat,
1548 957 1652 994 sicut
1677 958 1717 993 in

102 1003 217 1040 tertio
245 1003 344 1040 libro
376 1004 474 1048 (cap.
495 1003 551 1048 51)
569 1007 629 1039 est
661 1006 890 1044 ostensuin;
914 1003 966 1038 ita
987 1002 1071 1047 ejus
1091 1011 1235 1047 corpus
1266 1003 1543 1040 sublimabitur
1560 1004 1606 1040 ad
1629 1013 1721 1050 pro·

103 1050 288 1095 prietates
326 1050 546 1086 coelestium
583 1058 793 1095 corporum
810 1078 818 1092 ‚
863 1049 1095 1094 inquantum
1134 1050 1206 1085 erit
1242 1050 1391 1086 clarum
1411 1080 1419 1093 ,
1458 1051 1724 1097 impassibile,

103 1097 252 1144 absque
289 1097 534 1139 difficultate,
565 1101 602 1132 et
633 1097 765 1133 labore
798 1096 956 1140 mobile,
979 1100 1016 1132 et
1054 1097 1340 1141 perfectissime
1375 1107 1449 1134 sua
1482 1101 1606 1134 torma
1634 1108 1720 1144 per-

103 1144 246 1180 fectum
271 1156 279 1180 z
303 1147 342 1180 et
372 1144 429 1180 sic
462 1146 620 1189 propter
658 1144 733 1180 boc
761 1143 974 1189 Apostolus
1006 1143 1100 1179 dicit
1121 1144 1410 1189 resurgentium
1443 1155 1609 1189 corpora
1629 1155 1718 1184 esse

101 1191 291 1234 coelestia,
315 1190 392 1227 non
418 1196 606 1237 quantum
629 1191 678 1226 ad
700 1194 893 1231 naturam,
916 1190 983 1227 sed
1006 1195 1197 1236 quantum
1219 1191 1267 1227 ad
1292 1192 1472 1238 gloriam.
1496 1192 1716 1236 Unde,cum

102 1237 268 1275 dixisset
297 1238 401 1284 quod
422 1241 516 1273 sunt
536 1246 700 1283 corpora
716 1239 893 1274 coelestia
913 1242 951 1273 et
969 1242 1062 1273 sunt
1076 1238 1281 1274 terrestria
1301 1248 1480 1284 corpora,
1497 1239 1716 1287 subjungit,

103 1285 207 1331 quod
228 1285 307 1321 alia
327 1290 387 1321 est
406 1285 629 1321 coelestium
659 1285 801 1329 gloria,
833 1285 910 1321 alia
937 1285 1196 1321 terrestrium.
1220 1285 1330 1322 Sicut
1361 1289 1491 1322 autem
1512 1287 1653 1332 gloria,
1677 1288 1715 1324 in

102 1341 220 1377 quam
239 1332 413 1368 bumana
433 1332 564 1368 anima
584 1332 824 1375 sublevatur,
848 1332 1000 1368 excedit
1038 1332 1260 1368 naturalem
1278 1333 1462 1369 virtutem
1495 1334 1718 1371 coelestium

103 1379 326 1424 spirituum,
359 1383 401 1415 ut
430 1379 469 1415 in
505 1380 620 1415 tertio
658 1379 755 1415 libro
786 1379 885 1424 (cap.
921 1379 978 1423 53)
1002 1383 1207 1415 ostensum
1227 1382 1311 1419 est:
1341 1380 1394 1416 ita
1427 1380 1554 1425 gloria
1589 1391 1719 1417 resur-

105 1426 282 1472 gentium
310 1434 522 1471 corporum
542 1426 693 1462 excedit
713 1427 930 1462 naturalem
956 1426 1235 1471 porsectitssinem
1258 1427 1474 1464 coelestium
1495 1438 1724 1475 corporum,

106 1477 146 1508 ut
177 1473 229 1509 sit
248 1473 374 1519 major
403 1473 574 1517 claritas,
598 1473 897 1518 impassibilitas
935 1472 1097 1516 firmior,
1114 1474 1286 1520 agilitas,
1307 1478 1346 1511 et
1366 1475 1538 1521 dignitas
1570 1481 1725 1513 naturae

102 1520 324 1566 perfectior.
347 1520 416 1566 (IV
428 1520 542 1561 Seni„
565 1519 656 1557 dist.
678 1528 784 1565 Xle,
806 1530 843 1566 q.
864 1520 924 1566 11.)

740 1570 760 1589 Ο

698 1643 866 1715 oAPUT
892 1644 1120 1685 LXXXVII.

526 1753 576 1781 DE
599 1752 693 1781 Loco
719 1752 923 1781 CORPORL‘M
949 1753 1294 1783 GLORlFICATORUM.

149 1850 250 1895 Quia
267 1859 361 1888 vero
385 1850 499 1887 locus
517 1850 634 1903 debet
651 1851 943 1896 proportionari
965 1851 1107 1896 locato,
1129 1862 1380 1900 consequens
1398 1859 1459 1892 est
1487 1855 1607 1902 quod,
1629 1866 1722 1893 cum

101 1906 272 1944 corpora
302 1901 594 1944 resurgentium
615 1898 891 1943 proprietatem
924 1899 1144 1936 coelestium
1177 1909 1388 1945 corporum
1409 1908 1721 1949 consequantur,

103 1945 222 1982 etiam
241 1945 281 1981 in
301 1944 414 1981 coelis
447 1945 577 1981 locum
597 1944 780 1987 habeant,
802 1945 862 1981 vel
896 1946 1023 1990 magis
1044 1956 1164 1992 super
1185 1956 1325 1984 omnes
1360 1950 1497 1992 coelos,
1532 1954 1574 1986 ut
1601 1951 1721 1987 simul

102 2001 193 2029 cum
225 1991 381 2028 Christo
413 1991 504 2035 sint,
526 1991 641 2038 cujus
668 1992 810 2028 virtute
847 1992 895 2029 ad
930 1994 1030 2030 liano
1050 1994 1216 2040 gloriam
1251 1995 1516 2040 perducentur
1537 2008 1545 2040 ;
1570 1997 1616 2034 de
1644 2007 1728 2044 quot

102 2038 199 2121 dicit
215 2039 440 2084 Apostolus,
463 2039 511 2075 ad
532 2039 688 2084 Ephes.‚
711 2047 766 2079 IV,
790 2042 834 2076 10
854 2051 864 2076 ε
886 2040 956 2083 Qut·
972 2041 1137 2076 ascendit
1153 2052 1262 2087 saper
1282 2053 1399 2078 omnes
1418 2045 1576 2083 coetos,ut
1594 2046 1643 2080 ad
1657 2047 1730 2080 im·-

99 2095 126 2131 p
144 2088 215 2121 eret
234 2087 366 2121 omnia.

152 2132 352 2169 Frivolum
376 2134 508 2168 autem
522 2131 676 2180 videtur
691 2136 831 2169 contra
850 2133 952 2170 hanc
973 2134 1144 2172 divinam
1161 2136 1470 2181 promissionem
1488 2147 1536 2174 ex
1554 2139 1722 2175 naturali

104 2179 390 2216 elementorum
439 2178 636 2224 positione
681 2181 972 2226 argumentari,
1020 2182 1133 2228 quasi
1179 2183 1428 2228 impossibile
1478 2185 1531 2221 sit
1578 2195 1724 2230 corpus

104 2226 295 2271 hominis,
318 2235 439 2272 quum
463 2226 515 2262 sit
539 2229 739 2262 terrenum
760 2231 798 2262 et
817 2227 1037 2264 secundum
1056 2237 1170 2265 suam
1190 2234 1372 2266 naturam
1390 2230 1569 2267 infimum
1591 2233 1723 2269 locum

104 2273 272 2318 habens,
293 2282 414 2319 supra
431 2273 626 2309 elementa
646 2273 746 2309 levia
766 2273 923 2310 elevari.
945 2275 1195 2312 Manifestum
1215 2280 1276 2314 est
1296 2277 1400 2313 enim
1434 2277 1539 2323 quod
1569 2288 1615 2315 ex
1649 2279 1724 2315 vir-

104 2323 188 2357 tute
210 2320 354 2357 animae
371 2323 432 2357 est
462 2320 568 2367 quod
595 2328 740 2366 corpus
770 2320 818 2357 ab
849 2321 983 2358 anima
1000 2322 1216 2368 perfectum
1247 2323 1532 2361 elementorum
1556 2326 1726 2363 inclina-

103 2367 236 2404 tiones
262 2376 344 2404 non
364 2371 566 2413 sequatur.
586 2368 677 2412 Ipsa
696 2366 801 2403 enim
823 2368 956 2405 anima
973 2377 1047 2405 sua
1079 2370 1221 2406 virtute
1242 2371 1359 2408 etiam
1378 2372 1553 2408 continet
1578 2382 1723 2418 corpus

104 2413 295 2461 quamdiu
313 2414 496 2457 vivimus,
519 2422 568 2450 ne
599 2423 647 2450 ex
677 2415 952 2452 contrarietate
981 2417 1267 2454 elementorum
1288 2418 1552 2463 dissolvatur3
1585 2425 1623 2456 et
1652 2421 1721 2457 virt

103 2464 186 2498 tute
215 2461 331 2498 etiam
364 2461 505 2498 animae
537 2461 684 2497 motiva
714 2469 860 2507 corpus
892 2462 933 2498 in
963 2463 1086 2499 altum
1121 2464 1309 2510 elevatur,
1330 2468 1368 2501 et
1396 2469 1505 2502 tanto
1539 2467 1725 2513 amplius,

104 2511 254 2554 quanto
291 2508 417 2544 virtus
448 2507 595 2544 motiva
623 2507 763 2545 fortior
795 2508 926 2545 fuerit.
947 2510 1199 2548 Manifestum
1232 2515 1294 2548 est
1328 2516 1459 2548 autem
1498 2514 1601 2558 quod
1630 2518 1725 2551 tunc

105 2553 238 2591 anima
256 2554 438 2599 perfectae
462 2554 621 2591 virtutis
653 2555 729 2592 erit
748 2556 906 2600 quando
928 2558 1008 2593 Deo
1026 2566 1096 2602 per
1113 2558 1310 2595 visionem
1331 2559 1607 2606 coniungetur.
1634 2563 1723 2598 Non

104 2600 225 2648 igitur
246 2601 362 2638 debet
381 2610 498 2647 grave
518 2601 657 2645 videri,
678 2602 712 2639 si
742 2606 836 2639 tunc
854 2603 996 2640 virtute
1025 2604 1168 2641 animae
1202 2614 1347 2651 corpus
1377 2610 1415 2641 et
1433 2606 1481 2642 ab
1513 2608 1621 2644 omni
1641 2617 1725 2645 cor-

106 2648 292 2693 ruptione
308 2652 485 2685 servetur
501 2648 692 2692 immune,
713 2651 752 2685 et
765 2658 886 2695 supra
905 2660 1164 2697 quaecumque
1183 2661 1350 2698 corpora
1368 2653 1554 2691 elevetur.

152 2696 286 2742 Neque
317 2695 448 2747 etiam·
472 2695 564 2731 huic
590 2695 850 2747 promissioni
883 2696 1025 2734 divinae
1064 2698 1425 2744 impossibilitatem
1462 2699 1574 2737 affert
1617 2702 1724 2749 quod

106 2750 275 2788 corpora
298 2742 475 2779 coelestia
495 2741 624 2789 frangi
643 2751 724 2779 non
745 2747 928 2788 possunt,
950 2747 993 2780 ut
1012 2753 1133 2790 super
1152 2755 1199 2782 ea
1212 2746 1390 2793 glorios-a
1409 2756 1576 2793 corpora
1591 2749 1724 2786 suble—

105 2793 259 2834 ventur,
275 2789 369 2836 quia
389 2798 412 2825 a
431 2789 572 2825 virtute
592 2789 728 2826 divina
745 2790 821 2827 hoc
839 2789 919 2832 fiet,
940 2795 984 2827 ut
1005 2791 1183 2838 gloriosa
1200 2801 1368 2839 corpora
1387 2794 1508 2831 simul
1528 2805 1617 2832 cum
1635 2797 1726 2832 aliis

106 2836 342 2882 corporibus
361 2844 451 2888 esse
471 2836 650 2888 possint3
671 2835 802 2888 cujus·
815 2837 871 2873 rei
888 2837 1083 2883 judicium
1102 2839 1145 2876 in
1159 2848 1324 2886 corpore
1345 2841 1488 2880 Christi
1507 2844 1725 2889 praecessit,

106 2882 202 2920 dum
219 2883 271 2920 ad
291 2882 511 2929 discipulos
524 2891 659 2929 januis
678 2883 828 2921 ctausxs
852 2884 1025 2922 intravit.
