1894 3223
140 92 185 126 32
739 86 826 121 LlB.
854 87 884 127 Ι,
910 85 1010 120 CAP.
1037 86 1151 120 xxvi.

141 170 235 217 quia
251 170 290 206 in
314 169 389 205 1106
409 168 544 205 oinnia
563 166 816 204 conveniunt.
841 166 879 202 Si
904 175 998 212 ergo
1016 175 1079 202 res
1100 164 1288 202 differunt
1306 165 1356 202 ad
1375 165 1559 209 invicem,
1603 168 1756 211 oportet

142 217 247 264 quod
263 216 322 252 vel
344 216 473 261 ipsum
496 223 584 250 esse
606 211 855 258 specificetur
871 222 941 258 per
957 213 1112 259 aliquas
1133 211 1377 248 differentias
1392 212 1559 255 additas,
1577 212 1632 248 ita
1651 211 1756 258 quod

142 264 260 300 rebus
282 263 448 299 diversis
464 261 515 297 sit
536 261 734 296 diversum
755 268 844 296 esse
864 259 1084 297 secundum
1107 259 1279 305 speciem
1297 271 1305 304 ;
1335 259 1396 295 vel
1417 259 1521 306 quod
1556 269 1619 296 res
1641 258 1754 295 diffe-

142 315 230 347 rant
251 319 319 355 per
338 310 425 350 hoc,
449 307 553 353 quod
574 306 704 351 ipsum
727 315 815 343 esse
836 306 1004 343 diversis
1015 307 1167 343 naturis
1183 306 1402 343 secundum
1424 306 1597 352 speciem
1619 315 1758 342 conve-

143 358 214 394 nit.
238 356 310 393 Sed
332 356 501 401 primum
523 354 664 402 horum
681 357 741 390 est
764 353 1026 399 impossibile,
1047 354 1140 400 quia
1157 354 1237 389 enti
1259 362 1340 389 non
1362 356 1493 399 potest
1519 352 1605 389 fieri
1623 353 1759 399 aliqua

144 403 294 441 additio
315 401 534 438 secundum
554 409 713 436 modum
737 410 815 447 quo
835 400 1059 437 differentia
1078 400 1235 437 additur
1252 400 1402 445 generi,
1432 403 1476 436 ut
1511 399 1660 436 dictum
1698 403 1759 436 est

145 451 192 497 (c.
215 449 287 495 25).
308 447 557 494 Relinquitur
577 456 671 494 ergo
689 447 793 494 quod
828 457 892 484 res
909 451 1068 493 propter
1088 447 1164 484 hoc
1183 445 1381 489 differant,
1403 446 1509 493 quod
1531 446 1678 483 habent
1699 446 1757 482 di-

144 505 279 533 versas
308 499 483 537 naturas,
520 494 665 540 quibus
698 493 916 540 acquiritur
943 503 1032 531 esse
1060 494 1338 531 diversimode.
1374 495 1469 530 Esse
1502 496 1633 530 autem
1661 493 1760 530 divi—

143 552 238 580 num
257 551 335 578 non
351 541 509 578 advenit
528 541 594 578 alii
616 544 779 584 naturae,
802 541 872 578 sed
893 545 953 578 est
972 541 1059 586 ipsa
1078 545 1218 578 natura
1239 550 1310 578 seu
1332 541 1507 578 essentia
1537 540 1684 583 divina,
1717 542 1762 576 ut

146 594 352 627 ostensum
373 592 433 625 est
453 588 501 634 (c.
522 588 598 634 22).
620 589 658 624 Si
680 588 801 634 igitur
821 597 910 625 esse
925 588 1100 624 divinum
1123 591 1232 625 esset
1250 588 1415 625 formale
1438 597 1527 625 esse
1562 587 1758 631 omnium,

145 640 342 683 oporteret
362 636 496 673 omnia
517 635 750 681 simpliciter
765 644 854 672 esse
869 644 1006 671 unum.

191 684 373 729 Amplius,
396 682 635 728 principium
656 682 888 719 naturaliter
907 682 1018 728 prius
1039 685 1100 719 est
1117 691 1164 718 eo
1185 682 1645 728 cujusestprineipium:
1670 690 1760 718 esse

145 734 276 768 autem
297 730 338 766 in
365 730 602 776 quibusdam
624 730 741 766 rebus
763 729 880 766 habet
901 728 1051 775 aliquid
1070 729 1184 775 quasi
1208 729 1458 775 principium.
1493 731 1634 765 Forma
1653 728 1760 764 enim

145 777 289 815 dicitur
309 786 398 814 esse
419 777 657 823 principium
676 776 848 821 essendi,
872 779 909 812 et
929 775 1114 813 similiter
1134 785 1257 822 agens
1279 776 1385 823 quod
1405 776 1499 812 facit
1517 775 1651 821 aliqua
1671 783 1760 811 esse

145 828 249 862 actu.
268 824 304 861 Si
323 824 445 870 igitur
465 833 553 861 esse
574 824 748 860 divinum
772 824 824 860 sit
843 833 931 860 esse
970 823 1286 869 uniuscujusque
1319 823 1390 867 rei,
1433 826 1621 869 sequetur
1653 821 1760 868 quod

145 873 264 915 Deus,
286 872 352 918 qui
366 875 426 908 est
446 880 562 908 suum
585 880 686 915 esse,
710 871 851 908 habeat
870 870 1043 916 aliquam
1065 879 1226 907 causam
1243 882 1251 914 3
1267 873 1302 906 et
1324 870 1382 907 sic
1400 878 1479 906 non
1501 870 1575 906 erit
1595 877 1760 906 6666556

147 928 236 956 6556
256 928 326 963 per
349 927 392 955 se
411 930 418 962 ;
441 918 556 964 qu'us
578 918 820 955 contrarium
844 927 965 963 supra
987 916 1034 964 (c.
1060 917 1115 963 15)
1139 921 1345 954 ostensum
1367 920 1439 953 est.

191 965 336 1009 Adhuc,
357 965 462 1012 quod
482 969 543 1002 est
569 974 778 1001 commune
793 965 929 1001 multis
948 974 1027 1001 non
1050 968 1111 1001 est
1139 964 1288 1010 aliquid
1324 967 1465 1010 praeter
1495 963 1621 1000 multa
1636 991 1645 1008 ‚
1682 963 1761 1001 nisi

146 1013 234 1050 sola
248 1013 423 1054 ratione;
445 1013 548 1049 sicut
569 1012 715 1048 animal
737 1021 818 1049 non
838 1016 897 1049 est
919 1011 1024 1048 aliud
1045 1015 1186 1057 praeter
1206 1013 1403 1048 Socratem
1428 1014 1465 1047 et
1498 1011 1702 1047 Platonem
1722 1013 1761 1047 et

147 1060 226 1096 alia
246 1060 446 1103 animalia,
469 1060 547 1096 nisi
569 1059 771 1095 intellectu
793 1060 858 1106 qui
881 1058 1138 1104 apprehendit
1158 1059 1325 1095 formam
1358 1058 1542 1095 animalis
1563 1058 1762 1104 exspolia-

146 1110 225 1143 tam
245 1106 292 1143 ab
308 1107 494 1143 omnibus
514 1106 855 1143 individuantihus
873 1110 911 1142 et
932 1105 1253 1151 specificantibus
1274 1118 1282 1149 3
1306 1107 1425 1142 1101110
1447 1105 1553 1141 enim
1577 1110 1636 1142 est
1656 1103 1763 1151 quod

146 1163 236 1190 vere
250 1157 308 1190 est
329 1154 606 1198 anima13a1ias
628 1158 859 1200 sequeretur
879 1153 998 1200 quod,
1019 1153 1058 1188 in
1077 1153 1235 1189 Socrate
1257 1156 1292 1188 et
1305 1153 1482 1195 Platone,
1502 1156 1635 1188 essent
1650 1153 1765 1198 plura

146 1200 360 1238 animalia:
383 1201 530 1237 animal
549 1201 701 1237 scilicet
720 1201 848 1246 ipsum
872 1209 1095 1243 commune,
1119 1203 1155 1236 et
1183 1200 1301 1236 homo
1333 1199 1573 1242 communis,
1610 1203 1648 1235 et
1677 1199 1763 1244 ipse

147 1248 272 1285 Plato.
293 1247 412 1284 Multo
434 1257 528 1294 ergo
549 1249 682 1284 minus
704 1252 740 1284 et
762 1248 891 1293 ipsum
910 1257 999 1283 esse
1024 1256 1234 1283 commune
1256 1250 1316 1283 est
1331 1246 1479 1293 aliquid
1507 1249 1647 1291 praeter
1678 1253 1762 1282 om-

148 1303 220 1332 nes
240 1303 304 1332 res
326 1295 577 1339 exsistentes,
598 1295 675 1331 nisi
698 1295 739 1330 in
760 1295 963 1331 intellectu
985 1294 1128 1330 solum.
1151 1295 1189 1330 Si
1212 1294 1332 1339 igitur
1354 1295 1458 1330 Deus
1479 1294 1530 1329 sit
1551 1301 1763 1330 commune

148 1351 252 1386 esse,
274 1343 378 1379 Deus
399 1351 478 1379 non
501 1343 574 1378 erit
594 1343 726 1388 aliqua
746 1351 809 1378 res
831 1342 1042 1384 exsistens,
1065 1341 1145 1378 nisi
1167 1351 1253 1387 quae
1272 1342 1322 1377 sit
1357 1341 1398 1376 in
1435 1340 1638 1377 intellectu
1677 1344 1763 1376 tan-

147 1392 244 1425 tum.
262 1390 473 1426 Ostensum
497 1393 555 1426 est
572 1393 703 1425 autem
724 1398 842 1435 supra
866 1389 914 1434 (6.
933 1388 989 1434 13)
1010 1390 1132 1424 Ι)6616
1151 1397 1239 1425 6556
1266 1387 1415 1434 aliquid
1443 1396 1523 1424 non
1550 1387 1683 1424 solum
1721 1387 1764 1422 in

147 1435 364 1479 intellectu,
387 1436 456 1473 sed
476 1437 516 1472 16
537 1445 666 1473 rerum
690 1440 842 1473 natura.
866 1438 953 1472 Non
974 1439 1033 1472 est
1066 1435 1187 1481 igitur
1220 1436 1323 1471 Deus
1358 1435 1490 1480 ipsum
1524 1443 1613 1471 esse
1652 1442 1760 1471 com-

147 1491 267 1519 mune
287 1492 479 1520 06161616.

194 1531 294 1575 Item,
329 1530 546 1576 generatio,
575 1539 705 1576 perse
723 1530 937 1576 loquendo,
960 1533 1020 1566 est
1041 1529 1103 1565 via
1124 1529 1164 1565 in
1192 1538 1295 1573 esse,
1323 1531 1361 1565 et
1398 1528 1598 1574 corruptio
1632 1528 1695 1565 via
1723 1528 1765 1565 16

149 1586 229 1614 6011
252 1586 353 1614 esse.
374 1579 460 1614 Non
490 1578 595 1614 enim
628 1577 900 1624 generationis
932 1577 1127 1613 terminus
1161 1580 1221 1613 est
1252 1576 1391 1617 forma,
1426 1579 1464 1612 et
1495 1576 1764 1621 corruptionis

148 1625 330 1670 privatio,
352 1625 430 1662 nisi
452 1625 543 1672 quia
567 1626 693 1661 forma
712 1624 804 1661 facit
827 1633 929 1668 esse,
951 1628 988 1660 et
1007 1623 1173 1670 privatio
1195 1632 1275 1660 non
1297 1632 1400 1660 esse.
1421 1625 1518 1660 Dato
1539 1623 1643 1659 enim
1661 1622 1766 1669 quod

149 1671 281 1718 aliqua
302 1672 427 1708 forma
448 1681 529 1709 non
550 1672 694 1708 faceret
714 1681 816 1716 esse,
838 1681 919 1708 non
941 1671 1136 1708 diceretur
1152 1671 1333 1718 generari
1353 1670 1390 1706 id
1413 1670 1518 1716 quod
1547 1670 1665 1707 talem
1687 1670 1765 1706 for-

148 1726 253 1755 mam
272 1719 480 1764 aceiperet.
502 1719 541 1755 Si
563 1719 684 1765 igitur
704 1721 807 1756 Deus
829 1719 879 1756 sit
909 1718 1086 1755 omnium
1108 1727 1239 1755 rerum
1258 1727 1346 1758 esse
1379 1717 1559 1762 formale,
1578 1721 1767 1764 sequetur

149 1765 255 1812 quod
271 1766 323 1803 sit
345 1766 538 1803 terminus
559 1766 852 1812 generationis;
874 1765 979 1813 quod
1000 1769 1060 1802 est
1080 1765 1238 1810 salsum,
1261 1773 1383 1811 quum
1400 1764 1486 1811 ipse
1506 1765 1558 1801 sit
1578 1768 1764 1809 aeternus‚

148 1816 192 1849 ut
211 1821 331 1858 supra
351 1812 400 1858 (c.
425 1813 480 1859 15)
502 1817 708 1850 ostensum
731 1817 803 1850 est.

194 1860 384 1900 Praeterea,
406 1864 593 1907 sequetur
613 1860 718 1907 quod
738 1870 827 1898 esse
848 1860 1060 1907 cujuslibet
1083 1860 1140 1896 rei
1157 1859 1276 1896 fuerit
1294 1859 1342 1896 611
1360 1862 1520 1896 aeterno.
1543 1860 1630 1895 Non
1645 1858 1767 1906 igitur

148 1910 279 1952 potest
298 1915 385 1943 esse
407 1908 609 1952 generatio
632 1908 692 1944 vel
715 1908 938 1954 corruptio;
957 1908 991 1944 si
1025 1907 1130 1944 661111
1154 1906 1206 1943 511
1227 1907 1444 1952 generatio,
1467 1910 1621 1952 oportet
1655 1905 1762 1952 quod

150 1962 239 1990 esse
256 1955 537 2000 praeexsistens
559 1955 678 1991 611661
711 1955 766 1991 161
805 1955 852 1992 (16
882 1964 984 1992 novo
1015 1954 1254 2001 acquiratur.
1283 1957 1358 1990 Aut
1390 1962 1485 2000 ergo
1508 1953 1628 1990 alicui
1654 1953 1766 1998 prius

149 2001 355 2052 6151516611
377 2005 444 2037 661
460 2002 571 2038 66110
591 2002 709 2039 modo
730 2002 841 2048 prius
862 2002 1067 2039 exsistenti
1091 2001 1344 2047 2—-Sipr1'mo
1354 2001 1625 2047 modo,quum
1641 2008 1766 2036 unum

149 2051 202 2084 511
220 2057 308 2085 6556
327 2049 505 2085 06161661
526 2049 817 2093 exsistentium,
840 2049 1058 2086 secundum
1079 2049 1320 2094 positionem
1334 2048 1574 2094 praedietam‚
1588 2047 1767 2094 sequitur

149 2095 255 2141 quod
281 2104 358 2136 res,
379 2105 466 2142 quae
497 2097 677 2142 generari
707 2096 864 2140 dicitur,
898 2106 979 2133 non
1012 2096 1180 2142 accipiat
1206 2105 1350 2132 novum
1381 2104 1484 2139 esse,
1517 2095 1586 2131 sed
1619 2103 1766 2131 novum

148 2142 312 2179 modum
333 2142 513 2186 essendi;
538 2144 643 2189 quod
665 2152 745 2180 non
773 2144 865 2180 facit
886 2143 1197 2190 generationem,
1220 2142 1290 2179 sed
1324 2143 1612 2179 alterationem,
1645 2161 1691 2168 —
1725 2140 1766 2178 Si

150 2192 281 2226 6616111
302 2189 413 2226 66110
434 2190 552 2227 modo
570 2190 682 2236 prius
713 2190 942 2234 exsistebat,
966 2194 1153 2237 sequetur
1183 2190 1290 2236 quod
1321 2189 1388 2226 fiat
1409 2199 1456 2226 ex
1483 2189 1636 2232 6111110;
1659 2188 1767 2235 quod

150 2239 210 2272 est
229 2240 366 2273 contra
386 2237 579 2273 rationem
601 2238 885 2283 generationis.
909 2237 1031 2283 Igitur
1051 2238 1134 2274 haec
1165 2237 1314 2282 positio
1343 2236 1508 2274 omnino
1542 2236 1766 2282 generatio-

149 2291 239 2319 nem
263 2287 301 2320 et
320 2284 615 2330 corruptionem
634 2285 824 2328 destruit;
847 2288 884 2320 et
906 2284 994 2320 ideo
1016 2288 1122 2330 patet
1139 2293 1223 2320 eam
1248 2292 1337 2321 esse
1366 2283 1670 2329 impossibilem.

196 2332 307 2367 Hunc
345 2331 462 2368 etiam
499 2340 672 2369 errorem
706 2340 820 2368 saera
853 2331 1040 2368 Doctrina
1076 2331 1248 2377 repellit,
1283 2331 1377 2367 dum
1409 2329 1619 2367 confitetur
1653 2332 1766 2366 Deum

147 2378 322 2414 excelsum
342 2381 376 2414 et
394 2379 580 2420 elevatum,
598 2382 642 2415 ut
658 2378 802 2416 dicitur
818 2379 906 2420 Isa„
923 2386 980 2419 vr,
1003 2381 1016 2414 1
1035 2389 1044 2423 ;
1066 2382 1104 2414 et
1120 2387 1209 2414 eum
1223 2388 1332 2424 super
1351 2379 1474 2414 omnia
1492 2387 1576 2418 esse,
1591 2380 1632 2414 ut
1645 2378 1763 2419 Rom..

147 2432 200 2469 lx,
220 2428 256 2465 5,
278 2425 456 2462 habetur.
479 2425 519 2463 Si
540 2425 645 2462 66116
666 2429 728 2463 651
746 2434 836 2463 6556
857 2425 1052 2470 06161616,
1071 2428 1166 2462 tunc
1188 2429 1249 2462 est
1281 2425 1432 2472 aliquid
1459 2425 1653 2469 omnium,
1682 2432 1765 2462 non

148 2475 280 2509 autem
301 2481 421 2519 super
434 2473 582 2511 omnia.

197 2519 241 2555 Hi
272 2520 390 2556 etiam
422 2524 599 2558 errantes
633 2520 770 2558 eadem
801 2520 998 2557 sententia
1011 2520 1286 2566 propelluntur
1299 2529 1378 2567 qua
1391 2523 1430 2556 et
1447 2518 1680 2562 idololatrae,
1695 2517 1764 2565 qui

148 2566 480 2602 incommunicabile
504 2578 643 2612 nomen,
671 2568 826 2605 scilieet
852 2568 934 2611 Dei,
957 2567 1078 2614 lignis
1107 2571 1145 2604 et
1173 2567 1370 2614 lapidibus
1401 2567 1688 2612 imposuerunt,
1722 2568 1766 2602 ut

149 2611 316 2649 habetur
334 2613 438 2659 Sap„
458 2622 541 2658 xlv,
562 2618 621 2651 21.
643 2615 680 2651 Si
705 2615 809 2651 enim
831 2616 935 2651 Deus
954 2618 1014 2651 est
1034 2623 1123 2652 esse
1148 2615 1341 2659 omnium,
1363 2622 1445 2650 11011
1465 2613 1594 2660 magis
1611 2612 1764 2649 dicetur

149 2668 237 2696 vere
260 2671 267 2695 ε
291 2661 405 2705 Lapis
425 2664 486 2697 est
505 2669 590 2705 ens,
612 2670 730 2707 quam
753 2673 760 2697 :
785 2662 899 2708 Lapis
920 2666 981 2698 est
1000 2663 1118 2699 Deus.

197 2707 294 2759 Huic
315 2711 445 2743 autem
466 2708 588 2744 errori
610 2712 779 2754 quatuor
799 2713 892 2745 sunt
912 2718 998 2756 quae
1019 2709 1202 2745 videntur
1217 2707 1450 2754 praestitisse
1478 2706 1712 2744 fomentum.

195 2755 367 2790 Primum
391 2757 451 2791 est
469 2755 727 2800 quarumdam
748 2756 1026 2793 auctoritatum
1050 2756 1272 2792 intellectus
1305 2763 1526 2800 perversus.
1564 2755 1764 2791 lnvenitur

149 2801 255 2837 enim
277 2810 299 2837 a
318 2801 509 2847 Dionysio
531 2801 678 2837 dietum
700 2802 806 2847 (coel.
830 2803 942 2847 liter„
964 2813 998 2839 c.
1020 2802 1056 2849 4)
1079 2815 1087 2838 :
1115 2804 1241 2838 «Esse
1263 2802 1440 2838 omnium
1454 2805 1512 2838 est
1528 2801 1764 2848 supersubs-

148 2847 324 2885 tantialis
346 2848 534 2885 divinitas
555 2862 590 2885 ».
615 2850 669 2885 Ex
687 2857 766 2895 quo
795 2849 1016 2897 intelligere
1052 2850 1275 2894 voluerunt,
1306 2849 1439 2895 ipsum
1469 2856 1559 2886 esse
1592 2848 1758 2886 formale
