1894 3223
725 119 811 155 Llss.
841 119 898 163 lV,
927 119 1028 155 CAP.
1055 120 1130 156 XII.
1669 120 1739 156 513

117 209 208 239 esse
229 199 315 238 e'us
335 209 402 247 qul
418 199 644 246 parturitur,
667 199 894 236 distinctum
915 209 937 238 a
960 200 1148 246 pariente,
1182 207 1346 236 necesse
1363 202 1424 236 est
1452 198 1572 246 igitur
1591 199 1629 235 in
1651 208 1738 237 cor·

117 247 244 295 porali
275 256 322 284 us
341 246 446 293 quod
469 245 509 282 id
540 245 645 292 quod
678 246 897 292 concipitur
927 247 1104 283 nondum
1141 246 1204 290 sit,
1227 250 1263 282 et
1282 246 1319 282 id
1341 245 1444 292 quod
1468 246 1680 291 parturitur
1698 246 1740 283 in

116 293 370 348 parturiendo
405 301 485 330 non
507 292 557 329 sit
576 302 599 328 a
618 293 855 338 parturiente
888 293 1128 330 distinctum.
1163 293 1373 338 conceptio
1400 296 1528 329 autem
1549 297 1585 329 et
1603 296 1739 339 partus

115 339 372 388 intelligibilis
408 339 516 376 verbi
550 348 628 376 non
660 342 720 375 est
749 349 836 376 cuin
861 343 966 376 motu
999 350 1069 376 nec
1090 349 1178 377 cum
1201 340 1457 382 sucessione;
1484 340 1598 384 unde,
1622 339 1739 377 simul

117 387 210 425 dum
231 386 462 432 concipitur,
496 389 569 429 est,
600 388 638 423 et
656 386 773 422 simul
808 387 901 423 dum
923 387 1147 432 parturitur,
1171 386 1398 423 distinctum
1419 391 1491 430 est,
1514 386 1616 423 sicut
1633 386 1740 433 quod

115 433 376 477 illuminatur,
399 432 517 470 simul
538 432 631 469 dum
650 432 907 477 illuminatur,
930 434 1179 469 illumnatum
1201 437 1273 477 est,
1296 442 1342 469 eo
1362 433 1465 479 quod
1485 433 1740 471 inilluinina-

115 480 224 518 tione
243 480 353 517 nulla
373 479 577 517 successio
598 483 670 517 est.
710 481 765 523 Et,
803 489 922 526 quum
949 479 1025 516 hoc
1055 479 1275 516 inveniatur
1295 480 1334 515 in
1355 479 1590 526 intelligibili
1620 480 1740 518 verbo

116 530 268 567 nostro.
305 526 432 563 multo
467 526 594 574 magis
621 526 806 573 competit
838 527 961 563 Verbo
1000 526 1066 562 Dei
1087 555 1096 569 ,
1137 535 1216 562 non
1251 526 1382 563 solum
1419 527 1510 572 quia
1549 527 1738 574 intelligi-

115 573 210 611 bilis
241 574 449 619 conceptio
488 577 526 610 et
551 577 686 619 partus
720 575 792 617 est,
828 573 897 610 sed
933 574 1026 620 quia
1060 573 1099 609 in
1121 573 1336 609 aeternitate
1357 573 1487 609 existit
1511 577 1735 621 utrumque,

115 620 157 658 in
191 630 270 667 qua
307 620 417 667 prius
456 623 493 657 et
531 620 728 665 posterius
767 629 856 657 esse
898 629 977 657 non
1012 622 1193 666 possunt.
1227 620 1320 656 Hinc
1360 623 1420 655 est
1455 621 1558 665 quod
1583 650 1590 664 ‚
1632 623 1738 667 post-

117 676 236 714 quam
273 677 320 704 ex
352 676 420 704 ore
460 667 663 712 sapientire
701 667 848 704 dictum
882 671 969 704 est:
1012 668 1107 702 Ante
1140 667 1241 702 eolles
1275 676 1357 711 erqo
1393 669 1650 711 partin-ieeur,
1688 676 1736 704 ne

115 713 402 761 intelligeretur
434 713 539 760 quod
562 742 571 759 ,
606 714 698 750 dum
738 714 1024 760 parturiretur,
1060 723 1137 750 non
1169 716 1304 758 esset,
1346 713 1554 749 sul-,ditum
1590 714 1739 757 Οιιαηάο

115 761 345 814 preparabat
363 761 477 802 coelos,
500 761 647 797 aderam
665 760 800 802 (Pr-ov„
816 770 903 805 v111,
927 760 986 806 27)
1005 772 1013 804 ;
1037 763 1078 797 ut
1095 761 1164 803 sic,
1184 770 1305 806 quum
1328 759 1365 795 in
1389 761 1643 806 generatione
1659 770 1740 798 car-

118 807 200 845 nali
230 807 462 845 animalium
500 807 608 853 prius
641 808 788 854 aliquid
822 808 1078 853 concipiatur,
1102 807 1240 843 deinde
1262 807 1512 853 parturiatur,
1541 812 1575 843 et
1598 808 1738 845 deinde

118 854 328 892 conveniat
347 854 420 892 sibi
444 853 583 891 adesse
604 855 833 901 parturienti
855 854 968 901 quasi
989 855 1063 891 sihi
1086 854 1358 891 consociatum
1376 863 1447 890 nec
1469 854 1515 890 ab
1536 863 1582 891 eo
1599 855 1736 891 distin-

119 905 240 946 ctum,
262 901 345 938 haec
371 901 506 938 omnia
542 901 581 937 in
614 902 746 938 divina
772 902 1026 949 generatione
1064 901 1183 938 simul
1219 910 1307 938 esse
1325 901 1622 947 intelligantur-3
1646 910 1734 939 narn

117 948 285 985 Verbum
302 948 368 984 Dei
390 948 509 985 simul
531 948 765 994 concipitur,
787 949 1001 994 parturitur
1021 952 1055 984 et
1072 949 1195 985 adest.
1215 950 1270 992 Et,
1288 947 1380 994 quia
1399 948 1502 993 quod
1521 950 1736 993 parturitur

85 1039 91 1043 ,
117 1004 166 1032 ex
186 998 297 1032 utero
330 995 518 1040 procedit,
550 995 654 1032 sicut
684 995 888 1040 generatio
908 995 1021 1032 Verbi
1044 996 1126 1040 Dei,
1146 995 1192 1032 ad
1214 994 1496 1031 insinuandam
1519 996 1733 1040 perlectam

117 1041 415 1078 distinctionem
438 1041 523 1087 ejus
542 1051 565 1078 a
584 1046 810 1087 generante,
828 1042 971 1078 dicitur
993 1046 1140 1087 partus.
1158 1042 1277 1078 simili
1297 1041 1447 1078 ratione
1463 1041 1605 1078 dieitur
1621 1051 1739 1088 gene-

117 1088 218 1125 ratio
246 1097 293 1124 ex
313 1091 438 1131 utero,
470 1088 687 1125 Secundum
720 1088 817 1125 illud
840 1101 848 1124 :
872 1091 930 1124 13ae
949 1092 1047 1124 utero
1079 1092 1160 1123 ante
1185 1090 1375 1131 luciferum
1394 1090 1501 1132 qenai
1520 1091 1564 1124 te.
1588 1089 1736 1134 (Psalm.

117 1142 194 1177 mx,
215 1133 267 1180 3.)
289 1134 390 1178 Quia
409 1138 540 1171 tamen
573 1144 653 1171 non
675 1138 735 1172 est
755 1135 846 1171 talis
868 1135 1070 1171 distinctio
1090 1135 1197 1171 verbi
1218 1146 1240 1171 a
1272 1135 1423 1171 dicente
1442 1144 1528 1180 qnae
1551 1135 1738 1179 impediat

117 1181 278 1218 verbum
308 1189 397 1218 esse
428 1181 469 1217 in
507 1181 675 1224 dicente,
698 1185 738 1218 ut
760 1191 807 1218 ex
830 1181 945 1218 dictis
964 1184 1080 1226 patet,
1101 1182 1203 1218 sicut
1225 1181 1273 1218 ad
1294 1181 1575 1217 insinuandam
1596 1182 1736 1218 distin-

116 1227 372 1265 ctinctionem
401 1227 509 1265 verbi
542 1227 686 1265 dicitur
721 1229 901 1273 parturiri
952 1229 1012 1265 vel
1052 1238 1097 1264 ex
1133 1232 1244 1265 utero
1277 1228 1453 1273 genitum
1489 1237 1591 1269 esse,
1615 1229 1668 1265 ita
1688 1228 1737 1265 ad

118 1274 408 1312 ostendendum
438 1274 543 1321 quod
570 1275 660 1311 talis
692 1274 894 1312 distinctio
918 1284 998 1312 non
1020 1275 1192 1312 excludit
1211 1275 1373 1312 verbum
1395 1283 1484 1311 esse
1506 1275 1548 1311 in
1567 1275 1734 1317 dicente,

118 1321 262 1359 dicitur
281 1321 385 1368 quod
401 1325 453 1358 est
471 1323 511 1357 in
529 1323 613 1357 sinu
630 1323 766 1358 Patris.
787 1321 931 1368 (Joann.
953 1332 980 1367 1,
1004 1322 1075 1368 18.)

162 1368 451 1405 Attendendum
473 1371 600 1405 autem
628 1369 733 1415 quod
752 1370 955 1416 generatio
982 1369 1153 1405 carnalis
1181 1368 1411 1405 animalium
1438 1368 1637 1415 perficitur
1668 1379 1737 1415 per

117 1415 300 1452 virtutem
321 1415 486 1452 activam
508 1419 545 1451 et
564 1416 787 1461 passivam;
808 1418 845 1452 et
859 1416 905 1453 ab
926 1416 1050 1452 activa
1069 1415 1224 1462 quidem
1247 1416 1388 1452 virtute
1407 1416 1550 1453 dicitur
1572 1420 1693 1461 pater,
1715 1426 1738 1453 a

118 1463 280 1508 passiva
299 1471 390 1499 vero
411 1462 554 1499 dicitur
574 1465 721 1507 mater;
752 1463 855 1499 unde
879 1472 1017 1499 eorum
1039 1472 1124 1509 quae
1146 1463 1193 1499 ad
1213 1463 1509 1509 generationem
1533 1464 1655 1508 prolis
1676 1473 1735 1500 re-

119 1509 331 1556 quiruntur
360 1509 536 1555 quaedam
565 1509 803 1546 conveniunt
836 1509 935 1556 patri
955 1514 992 1545 et
1012 1510 1190 1556 quendam
1208 1510 1449 1546 conveniunt
1470 1514 1610 1554 matr13
1645 1510 1736 1546 dare

119 1555 226 1592 enim
245 1560 426 1592 naturam
449 1559 486 1592 et
511 1556 682 1602 speciem
703 1556 801 1602 proli
821 1557 1005 1601 competit
1026 1556 1149 1601 patri;
1169 1557 1376 1601 concipere
1397 1561 1527 1593 autem
1549 1559 1587 1593 et
1606 1561 1736 1602 partu-

116 1602 194 1639 rire
215 1603 402 1648 competit
423 1603 551 1646 matri,
570 1607 756 1649 tanquam
777 1603 936 1649 patienti
955 1607 990 1639 ct
1009 1603 1361 1649 1‘ecipienti.Quum
1383 1608 1511 1640 antem
1532 1603 1735 1648 processio

118 1649 231 1686 Verbi
253 1649 472 1686 secundum
490 1649 567 1686 hoc
587 1649 690 1687 dicta
711 1650 760 1687 sit
784 1659 872 1687 esse
903 1650 1008 1697 quod
1040 1652 1143 1686 Deus
1171 1650 1347 1695 seipsum
1382 1650 1563 1695 intelligit
1592 1650 1735 1696 (ipsum

117 1699 247 1733 autem
270 1696 446 1733 divinum
467 1696 782 1743 intelligere-non
816 1701 876 1734 est
908 1707 976 1742 per
1007 1697 1180 1744 aliquam
1212 1697 1392 1733 virtutem
1426 1698 1638 1743 passivam,
1667 1697 1736 1735 sed

117 1743 233 1790 quasi
251 1743 431 1787 activam,
453 1743 546 1789 quia
577 1743 803 1781 intellectus
825 1744 981 1780 divinus
1004 1753 1080 1780 non
1116 1746 1175 1780 est
1195 1744 1233 1785 in
1259 1744 1445 1789 potentia,
1468 1745 1536 1780 sed
1572 1745 1612 1780 in
1646 1748 1734 1781 actu

117 1790 300 1835 tantum),
328 1789 416 1827 ideo
436 1789 476 1825 in
497 1790 753 1837 generatione
774 1791 886 1827 Verbi
907 1792 974 1827 Dei
1002 1800 1081 1828 non
1103 1792 1290 1836 competit
1312 1790 1387 1827 hoc
1408 1792 1560 1827 ratione
1582 1791 1734 1836 matris,

116 1836 187 1874 sed
219 1836 350 1874 solum
383 1835 519 1882 patris.
554 1836 662 1873 Unde
692 1846 779 1884 quae
814 1838 855 1873 in
890 1838 1146 1883 generatione
1173 1838 1320 1874 carnali
1341 1838 1556 1874 distinctim
1581 1838 1679 1883 patri
1699 1842 1736 1875 et

115 1882 232 1920 matri
258 1883 513 1925 conveniunt,
535 1884 669 1921 omnia
688 1884 730 1920 in
751 1884 1004 1931 generatione
1018 1884 1131 1921 Verbi
1154 1885 1256 1921 Patri
1273 1884 1538 1921 attribuuntur
1550 1885 1590 1921 in
1612 1885 1736 1922 sacris

117 1929 354 1983 Scripturis3
385 1928 526 1967 dicitur
544 1930 649 1968 enim
680 1932 793 1968 Pater
813 1935 850 1969 et
870 1932 962 1968 dare
984 1931 1080 1968 Filio
1100 1932 1217 1969 vitam
1241 1933 1279 1968 et
1297 1931 1506 1978 concipere
1539 1934 1576 1968 et
1608 1935 1738 1978 partu-

115 1985 208 2014 mre.

793 2090 960 2132 CAPUT
987 2091 1077 2131 XII.

447 2201 627 2236 QUOMODO
652 2203 775 2231 FILIUS
800 2204 866 2231 DEI
899 2203 1068 2232 DICATUR
1092 2204 1158 2232 DEI
1184 2204 1405 2234 SAPIENTIA.

165 2302 265 2346 Quia
284 2311 376 2339 vero
398 2311 444 2339 ea
463 2312 550 2349 qnae
570 2302 617 2339 de
645 2303 837 2349 sapientia
869 2302 1002 2340 divina
1029 2303 1214 2342 dicuntur
1233 2306 1281 2342 ad
1303 2306 1600 2352 generationem
1619 2306 1734 2344 Verbi

117 2348 368 2401 adduximus,
390 2358 643 2396 consequens
661 2353 721 2387 est
751 2349 958 2387 ostendere
989 2350 1094 2396 quod
1127 2360 1196 2396 per
1224 2352 1395 2389 divinam
1417 2354 1664 2399 sapientiam,
1687 2362 1735 2391 ex

118 2404 235 2443 cujus
254 2404 425 2442 persona
454 2396 660 2442 praemissa
678 2397 797 2433 verba
817 2399 1104 2442 proponuntur,
1124 2398 1290 2435 Verbum
1313 2400 1380 2436 Dei
1402 2399 1571 2446 intelligi
1590 2400 1732 2445 possit.

117 2443 162 2478 Et
182 2446 225 2480 ut
244 2452 268 2479 a
286 2442 405 2480 rebus
421 2442 607 2480 humanis
630 2443 678 2480 ad
695 2443 917 2480 divinorum
948 2444 1214 2490 cognitionem
1237 2445 1528 2491 perveniamus,
1551 2447 1734 2484 conside·

117 2498 204 2526 rare
224 2493 375 2535 oportet
395 2489 501 2535 quod
519 2489 715 2535 sapientia
733 2490 775 2526 in
791 2489 952 2526 homine
975 2490 1117 2527 dicitur
1136 2490 1295 2528 habitus
1316 2492 1474 2538 quidam
1507 2503 1585 2539 quo
1619 2502 1734 2531 mens

117 2538 256 2573 nostra
274 2535 475 2581 perficitur
491 2535 532 2572 in
549 2536 776 2583 cognitione
811 2536 1111 2581 altissimorum,
1133 2540 1171 2574 et
1201 2537 1431 2585 huJ'usmodi
1464 2542 1558 2576 sunt
1588 2539 1732 2577 divina.

117 2582 247 2626 Quum
265 2591 372 2627 vero,
400 2582 620 2619 secundum
640 2583 844 2629 sapientiae
862 2583 1053 2627 habitum,
1073 2583 1113 2620 in
1132 2584 1332 2622 intellectu
1354 2589 1492 2623 nostro
1513 2586 1645 2633 aliqua
1660 2587 1736 2624 sor·

116 2631 248 2678 matur
265 2629 471 2675 conceptio
493 2629 540 2665 de
561 2629 717 2674 divinis,
741 2629 828 2675 ipsa
854 2630 1061 2675 conceptio
1092 2630 1331 2675 intellectus,
1362 2641 1449 2679 quae
1477 2637 1537 2670 est
1565 2633 1734 2671 interius

115 2675 293 2720 verbum,
307 2676 507 2722 sapientiae
522 2685 668 2712 nomen
688 2677 865 2721 accipere
884 2676 999 2719 solet,
1015 2677 1234 2714 secundum
1249 2678 1360 2715 illum
1375 2679 1734 2727 modumloquendi

117 2731 196 2768 quo
218 2727 331 2760 actus
347 2726 384 2759 et
398 2722 552 2768 species
568 2722 794 2760 nominibus
807 2722 1010 2759 habituum
1033 2733 1055 2759 a
1069 2723 1212 2770 quibus
1227 2725 1732 2772 proceduntnominantur;

117 2768 222 2815 quod
240 2769 346 2806 enim
363 2769 468 2815 juste
485 2768 528 2805 fit
546 2769 742 2806 interdum
758 2769 912 2814 justitia
932 2769 1084 2814 dicitur,
1106 2774 1143 2806 et
1160 2771 1265 2817 quod
1284 2771 1325 2808 fit
1352 2773 1503 2810 fortiter
1529 2774 1732 2818 fortitudo,

118 2817 157 2852 et
174 2816 412 2862 generaliter
431 2816 537 2863 quod
551 2815 725 2853 virtuose
754 2816 796 2853 fit
815 2816 940 2853 virtus
958 2816 1125 2861 dicitur;
1145 2820 1194 2862 et,
1215 2827 1285 2863 per
1302 2818 1410 2857 hunc
1430 2820 1605 2862 modum,
1627 2821 1734 2867 quod

118 2861 317 2908 sapienter
336 2862 583 2911 excogitatur
602 2862 743 2901 dicitur
771 2862 963 2909 sapientia
986 2862 1168 2910 alicujus.
1201 2866 1247 2902 In
1273 2866 1355 2903 Deo
1386 2869 1516 2903 autem
1540 2867 1735 2912 sapientia

1533 2944 1573 2975 33
