1894 3223
635 176 722 211 LlB.
752 176 797 217 ll,
827 175 927 210 CAP.
955 174 1028 210 XV.
1565 177 1632 214 ¹15

54 258 157 302 Item,
174 256 318 303 duplex
333 258 394 294 est
413 255 557 294 modus
570 264 649 302 quo
664 256 812 302 aliquid
827 252 1118 292 denominative
1132 253 1376 300 praedicatur.
1397 257 1632 294 Denomina-

7 306 73 343 tur
92 304 197 342 enim
219 303 369 350 aliquid
389 303 437 340 ab
458 312 505 340 eo
527 302 632 349 quod
655 306 763 339 extra
784 303 912 348 ipsum
936 306 1008 345 est,
1033 302 1136 338 sicut
1155 311 1177 337 a
1198 301 1286 338 loco
1308 301 1451 338 dicitur
1479 304 1626 350 aliquis

11 360 101 389 esse
124 350 285 394 alicubi,
307 353 344 387 et
365 359 387 387 a
412 353 603 395 tempore,
624 349 853 395 aliquando.
873 348 1031 395 Aliquid
1065 357 1155 385 vero
1188 348 1465 386 denominatur
1499 351 1547 387 ab
1581 360 1628 388 eo

39 397 116 436 uod
134 397 251 441 inest,
271 397 376 434 sicut
393 396 442 434 ab
463 395 645 433 albedine
659 396 786 433 albus.
809 399 839 433 A
854 396 1045 432 relatione
1061 404 1152 432 vero
1164 404 1242 432 non
1261 395 1460 433 invenitur
1474 398 1626 444 aliquid

9 408 258 483 denominari
280 443 394 491 quasi
417 443 590 480 exterius
609 443 815 486 existente,
839 443 907 480 sed
939 443 1155 479 inhaerente
1178 454 1186 478 :
1210 451 1288 479 non
1309 443 1413 480 enim
1448 443 1627 481 denomi-

11 495 128 530 natur
146 491 293 538 aliquis
316 494 427 537 pater
446 490 524 527 nisi
546 499 567 526 a
586 490 820 535 paternitate
841 499 927 536 quae
948 490 981 526 ei
1002 490 1116 526 inest.
1140 491 1225 526 Non
1243 490 1363 537 igitur
1383 494 1512 536 potest
1536 501 1628 530 csse

8 538 115 592 quod
136 537 351 575 relationes
371 536 517 585 quibus
534 538 639 575 Deus
660 536 708 574 ad
728 541 948 574 creaturam
968 536 1145 577 refertur,
1168 536 1249 573 sint
1268 545 1332 574 res
1347 537 1490 585 aliquae
1517 543 1628 576 extra

10 595 21 622 1
55 594 158 623 sum.

26 595 152 670 pCum
170 631 293 680 igitur
311 634 518 670 ostensum
540 631 592 669 sit
611 630 661 679 (c.
686 631 742 678 ¹3)
765 631 870 678 quod
892 640 971 668 non
993 631 1073 667 sint
1105 631 1146 667 in
1180 630 1267 676 ipso
1299 632 1470 676 realiter,
1504 635 1541 669 et
1571 635 1630 671 ta-

10 687 103 717 men
122 679 305 716 dicantur
324 679 372 716 de
401 688 464 723 eo,
486 679 724 726 relinquitur
747 678 851 725 quod
884 678 918 715 ei
951 677 1214 714 attribuantur
1239 678 1376 729 *solum
1410 679 1630 717 secundum

8 726 284 773 intelligentiae
319 726 495 770 modum,
519 736 566 762 ex
592 735 638 763 eo
659 726 764 773 quod
792 725 870 762 alia
901 725 1124 762 referuntur
1156 723 1203 760 ad
1236 727 1627 776 ipsumstntellectus

10 773 117 811 0111111
137 776 286 817 noster,
308 773 567 820 intelligendo
587 772 734 820 aliquid
759 772 894 809 referri
916 771 962 808 ad
986 771 1166 814 alterum,
1188 779 1235 807 eo
1268 772 1455 818 intelligit
1473 773 1631 811 relatio-

10 829 101 858 nem
123 819 233 857 illius
251 819 299 857 ad
319 820 658 867 ipsum,quamvis
679 819 898 857 secundum
927 827 1008 854 rem
1041 817 1279 864 quandoque
1309 827 1390 870 non
1419 819 1623 857 reseratur.

58 869 101 904 Et
119 867 178 905 sic
199 867 316 904 etiam
338 870 443 913 patet
461 867 565 914 quod
587 867 665 904 alio
686 866 805 904 modo
823 865 1009 902 dicuntur
1028 864 1074 916 de
1096 866 1175 901 Deo
1198 865 1393 917 1111011ιο1εο
1415 867 1629 905 relationes

10 916 49 951 et
68 914 145 951 alia
165 923 252 961 quae
273 914 320 952 de
341 916 420 952 Deo
440 914 716 960 praedicantur.
736 915 831 949 Nam
855 911 991 949 omnia
1020 911 1110 963 alia,
1133 915 1174 948 ut
1194 913 1402 964 sapientia,
1424 914 1626 959 voluntas,

11 960 97 999 e‘us
118 961 333 998 essentiam
354 961 582 1007 praedicant,
605 960 819 997 relationes
837 967 930 995 vero
950 957 1146 1010 praedictae
1178 968 1360 1004 minime,
1381 960 1451 997 sed
1486 970 1630 998 secun·

44 1017 109 1045 um
129 1008 291 1045 modum
312 1007 558 1054 intelligendi
578 1010 744 1043 tantum.
764 1009 840 1044 Nec
861 1010 991 1043 tamen
1012 1005 1238 1042 intellectus
1257 1007 1468 1044 estfalsus.
1490 1010 1542 1044 Ex
1557 1009 1632 1045 1100

11 1055 117 1092 0111111
138 1055 225 1101 ipso
246 1054 352 1101 quod
372 1054 598 1091 intellectus
619 1057 756 1090 noster
790 1052 976 1100 intelligit
1005 1052 1220 1105 relationes
1253 1053 1478 1091 divinorum
1513 1054 1631 1092 effec-

10 1104 123 1139 tuum
143 1101 347 1138 terminari
367 1100 409 1137 in
430 1101 561 1147 ipsum
580 1102 718 1146 Deum,
739 1100 872 1148 aliqua
893 1099 1078 1146 praedlcat
1098 1099 1258 1136 relatlve
1293 1100 1340 1137 de
1370 1101 1458 1146 ipso
1487 1113 1494 1137 ε
1525 1103 1628 1138 sicut

10 1151 48 1186 et
67 1148 206 1186 scibile
225 1148 388 1186 relative
408 1148 671 1195 intelligimus
691 1152 729 1184 et
750 1147 1025 1194 significamus
1044 1156 1091 1184 ex
1109 1147 1185 1184 1100
1203 1147 1308 1194 quod
1328 1148 1496 1186 scientia
1516 1149 1634 1185 reser-

8 1197 76 1232 tur
91 1195 140 1233 ad
160 1195 306 1243 ipsum.
330 1194 395 1244 (De
408 1198 505 1242 pot„
524 1205 562 1243 q.
580 1203 652 1238 vu,
670 1198 743 1232 art.
768 1194 842 1242 1¹.)

668 1340 838 1383 CAPUT
864 1341 971 1384 XIV.

70 1461 172 1498 QUOD
190 1460 342 1491 MULTAS
360 1460 598 1491 RELATIONES
616 1460 695 1491 mol
714 1460 766 1490 ΒΕ
786 1461 860 1490 1)Εο
886 1461 965 1490 NON
989 1461 1170 1491 DEROGAT
1195 1462 1284 1492 EJUS
1311 1463 1582 1494 SIMPLIGITATI.

58 1571 169 1607 Patet
188 1569 306 1606 etiam
327 1579 374 1606 ex
391 1569 454 1606 his
475 1569 581 1616 quod
599 1569 741 1606 divinae
759 1569 971 1615 simplicati
993 1579 1074 1607 11011
1106 1570 1281 1617 derogat,
1311 1571 1344 1608 si
1377 1572 1509 1608 multae
1531 1572 1632 1609 rela-

10 1616 143 1654 tiones
164 1616 210 1654 de
231 1617 319 1662 ipso
354 1615 549 1660 dicantur,
570 1617 751 1663 quamvis
781 1616 866 1662 ejus
902 1617 1117 1653 essentiam
1153 1626 1232 1653 non
1261 1618 1502 1665 significent,
1535 1619 1629 1666 quia

11 1667 233 1710 sequuntur
252 1663 376 1700 intelli
409 1662 499 1700 endi
531 1663 707 1700 modum.
728 1663 832 1700 Nihil
856 1664 960 1700 enim
980 1664 1163 1710 prohibet
1181 1665 1424 1702 intellectum
1447 1670 1626 1703 nostrum

11 1710 296 1758 intelligentem
317 1719 383 1747 mu
404 1713 454 1754 ta,
476 1710 748 1756 multipliciter
765 1710 901 1747 referri
923 1710 972 1747 ad
992 1711 1031 1747 id
1052 1711 1156 1758 quod
1193 1716 1253 1749 est
1285 1712 1326 1748 in
1359 1721 1401 1749 se
1434 1713 1629 1759 simplex;

10 1761 56 1795 ut
73 1757 132 1795 sic
150 1759 280 1804 ipsum
299 1757 466 1803 simplex
487 1756 560 1794 sub
578 1757 787 1803 multiplici
809 1757 1001 1795 relatione
1021 1758 1270 1800 consideret:
1303 1762 1341 1795 et
1371 1764 1520 1806 quanto
1555 1761 1628 1797 ali-

11 1804 107 1852 quid
127 1808 187 1842 est
206 1804 335 1851 magis
350 1804 531 1850 simplex,
553 1807 663 1841 tanto
684 1807 745 1841 est
764 1804 928 1850 majoris
948 1805 1118 1849 virtutis,
1133 1809 1171 1841 et
1185 1806 1424 1852 principium
1441 1807 1630 1852 plurium,

11 1861 59 1890 ac
83 1861 152 1898 per
171 1851 246 1899 1100
266 1850 528 1897 multiplicius
548 1850 716 1888 relatum
738 1851 972 1898 intelligitur
993 1864 1001 1888 :
1025 1852 1126 1888 sicut
1148 1856 1337 1898 punctum
1370 1853 1542 1899 plurium
1577 1856 1638 1891 est

16 1898 227 1946 pricipium
249 1907 368 1946 quam
388 1898 507 1943 linea,
529 1901 567 1934 et
585 1898 691 1935 linea
711 1908 830 1946 quam
857 1898 1102 1944 superficies.
1126 1901 1206 1936 Hoc
1226 1900 1348 1946 igilur
1365 1901 1497 1946 ipsum
1529 1901 1636 1949 quod

10 1945 136 1984 multa
147 1945 309 1983 relative
336 1944 386 1983 de
409 1946 490 1983 Deo
518 1944 718 1991 dicuntur,
735 1945 821 1992 ejus
842 1954 1009 1983 summae
1026 1946 1270 1992 simplicitati
1293 1950 1515 1987 attestatur.

681 2091 849 2134 CAPUT
876 2092 963 2134 XV.

391 2210 493 2247 QUOD
518 2211 619 2242 DEUS
645 2211 707 2241 SIT
733 2212 902 2242 OMNIBUS
929 2212 1054 2242 CAUSA
1079 2213 1257 2243 ESSENDI.

60 2319 162 2366 Quia
177 2328 272 2358 vero
291 2322 499 2358 ostensum
519 2321 705 2369 estquod
727 2323 831 2360 Deus
850 2325 913 2360 est
943 2323 1145 2370 aliquibus
1179 2323 1339 2361 essendi
1373 2324 1626 2372 principium,

12 2371 168 2415 oportet
187 2367 354 2405 ulterius
375 2367 584 2405 ostendere
604 2369 711 2415 quod
728 2369 827 2406 nihil
843 2372 984 2415 praeter
1003 2370 1136 2416 ipsum
1149 2374 1210 2407 est
1224 2371 1302 2408 nisi
1322 2371 1370 2408 ab
1386 2372 1487 2417 ipso.
1507 2373 1630 2409 Omne

12 2415 120 2454 0111111
141 2413 247 2461 quod
267 2414 387 2466 alicui
407 2415 593 2452 convenit
611 2425 692 2453 non
715 2417 936 2453 secundum
968 2417 1074 2464 quod
1102 2417 1233 2462 ipsum
1263 2421 1336 2462 est,
1361 2428 1428 2463 per
1460 2419 1634 2465 aliquam

12 2470 175 2500 causam
195 2464 381 2513 convenit
400 2461 451 2513 ei,
471 2461 576 2499 sicut
595 2462 727 2500 album
745 2463 912 2500 homini.
934 2465 1030 2500 Nam
1051 2463 1156 2510 quod
1183 2473 1346 2500 causam
1382 2473 1462 2501 11011
1495 2465 1627 2512 habet,

11 2509 184 2556 primum
202 2511 240 2545 et
260 2507 531 2545 immed-iatum
553 2512 634 2553 est3
660 2509 764 2546 unde
784 2519 949 2546 necesse
970 2514 1030 2547 est
1050 2514 1092 2546 ut
1121 2510 1172 2547 sit
1189 2520 1258 2556 per
1281 2519 1324 2547 se
1345 2514 1383 2547 et
1409 2513 1630 2550 secundum

12 2555 119 2604 quod
142 2555 288 2601 ipsum.
310 2554 561 2601 impossibile
582 2559 642 2592 est
660 2560 791 2593 autem
812 2556 972 2603 aliquod
1004 2565 1128 2593 unum
1160 2557 1317 2594 duobus
1338 2559 1566 2604 convenire,
1588 2563 1628 2597 et

11 2603 169 2650 utrique
190 2601 411 2640 secundum
431 2601 537 2649 quod
557 2601 702 2648 ipsum.
722 2602 834 2647 Quod
849 2603 954 2639 enim
965 2603 1182 2640 secundum
1198 2604 1304 2650 quod
1318 2604 1449 2650 ipsum
1467 2605 1625 2652 dicitur,

12 2649 146 2696 ipsum
165 2657 245 2687 non
267 2649 420 2686 excedit
440 2660 449 2685 ε
471 2648 576 2686 sicut
596 2662 616 2682 «
630 2649 775 2686 habere
806 2652 888 2686 tres
910 2650 1081 2695 angulos
1105 2650 1260 2688 duobus
1277 2651 1396 2688 rectis
1417 2653 1628 2699 aequales»

12 2705 95 2734 non
112 2696 266 2734 excedit
291 2695 550 2743 triangulum,
579 2695 626 2732 de
657 2704 736 2743 quo
767 2696 1017 2742 praedicatur,
1051 2697 1120 2734 sed
1156 2697 1283 2734 eidem
1317 2700 1628 2738 convertibiliter

13 2746 88 2781 est.
107 2743 145 2781 Si
162 2743 284 2790 igitur
302 2742 452 2790 aliquid
475 2742 631 2780 duobus
651 2743 874 2787 conveniat,
896 2751 977 2780 non
995 2744 1178 2781 convenil
1201 2745 1377 2792 utrisque
1405 2747 1627 2784 secundum

12 2790 119 2838 quod
138 2790 270 2836 ipsum
288 2794 362 2827 est.
383 2789 635 2836 Impossibile
655 2793 715 2826 est
734 2789 856 2836 igitur
879 2790 1039 2836 aliquod
1059 2800 1181 2828 unum
1214 2792 1262 2828 de
1293 2792 1450 2830 duobus
1485 2794 1627 2839 praedi-

38 2836 110 2881 ari,
130 2837 186 2874 ita
205 2837 311 2884 quod
330 2837 378 2874 de
397 2841 538 2874 neutro
558 2846 628 2883 per
643 2845 805 2874 causam
827 2836 1006 2882 dicatur3
1040 2838 1109 2875 8011
1130 2842 1284 2884 oportet
1303 2840 1364 2876 vel
1396 2849 1519 2877 unum
1542 2849 1631 2877 esse

14 2891 38 2920 a
55 2883 178 2920 terius
194 2893 371 2929 causam,
392 2884 496 2922 sicut
515 2883 623 2930 ignis
643 2887 703 2920 est
722 2893 843 2921 causa
858 2883 1003 2921 caloris
1024 2886 1179 2931 corpori
1211 2886 1348 2928 mixto,
1379 2896 1469 2924 cum
1500 2890 1633 2924 tamen

13 2933 225 2978 utrumque
255 2930 428 2970 calidum
458 2930 638 2976 dicatur;
665 2930 725 2968 vel
751 2933 906 2978 oportet
924 2931 1030 2979 quod
1059 2932 1206 2980 aliquid
1230 2933 1389 2981 tertium
1423 2934 1476 2972 sit
1511 2942 1633 2972 causa
