1894 3223
151 84 219 156 308
734 111 821 146 LIB.
850 111 912 148 111,
942 109 1042 144 CAP.
1070 109 1191 144 XLIII.

154 200 209 237 dit
230 195 448 234 Alexander
466 193 569 239 quod
590 191 816 227 intellectus
836 188 1043 235 possibilis
1061 189 1121 225 vel
1143 188 1369 226 intellectus
1386 188 1427 224 in
1455 186 1592 224 habitu
1627 185 1773 222 intelli-

154 250 218 291 gat
237 241 482 279 substantias
503 242 732 283 separatas3
755 236 858 273 unde
879 245 960 273 non
993 240 1122 282 potest
1142 245 1231 273 esse
1269 235 1375 282 quod
1410 235 1468 272 sic
1501 233 1773 279 intelligamus

154 288 398 329 substantias
420 290 622 330 separatas
643 294 710 330 per
730 284 975 320 intellectum
996 286 1177 329 agentem
1211 282 1315 320 sicut
1345 282 1607 328 intelligimus
1639 280 1774 326 aliqua

153 347 222 383 per
241 335 413 380 speciem
435 332 742 378 intelligibilem.
761 331 797 368 Si
813 334 942 367 autem
963 329 1334 375 sicutpervirtutem
1352 328 1647 370 intellectivam,
1663 335 1777 371 opor·

154 386 208 420 tet
228 381 332 427 qnod
354 381 482 426 ipsum
510 378 728 424 intelligere
748 377 974 414 intellectus
995 377 1149 423 agentis
1168 377 1219 413 sit
1239 375 1460 422 intelligere
1482 373 1671 412 hominis.
1697 374 1776 410 Hoc

154 434 285 467 autem
309 436 397 463 esse
420 435 499 462 non
521 429 663 471 potest,
686 424 763 461 nisi
799 434 844 460 ex
865 423 1089 461 substantia
1105 423 1330 460 intellectus
1351 422 1507 469 agentis
1529 425 1567 458 et
1587 420 1774 458 substan·

156 477 209 513 tia
233 474 407 512 hominis
426 473 493 510 fiat
514 481 637 509 unum
671 471 888 508 seeundum
903 479 991 508 esse
1009 482 1018 514 ;
1038 470 1287 516 impossibile
1308 474 1367 506 est
1385 469 1506 513 enim,
1537 469 1571 506 si
1593 468 1674 505 sint
1689 467 1777 504 duae

157 522 393 561 substantiae
414 520 631 557 secundum
655 528 744 555 esse
766 518 945 562 diversae,
965 517 1072 564 quod
1095 517 1271 562 operatio
1287 517 1406 553 unius
1425 516 1477 552 sit
1493 515 1670 561 operatio
1687 514 1779 551 alte·

159 570 258 606 rius.
283 568 359 604 Erit
380 568 501 614 igitur
528 566 753 606 intellectus
785 573 908 611 agens
938 573 1060 600 unum
1094 563 1314 601 secundum
1343 572 1432 600 esse
1464 572 1553 599 cum
1590 562 1777 606 liomine;

161 625 241 653 non
262 619 390 652 autem
416 613 636 651 secundum
657 621 746 649 esse
768 611 1022 651 accidentale,
1049 611 1143 657 quia
1170 610 1251 656 jam
1292 618 1370 646 non
1410 613 1518 646 esset
1552 609 1777 645 intellectus

160 672 286 710 agens
308 661 545 704 substantia,
568 659 636 697 sed
659 658 865 702 accidens3
892 658 949 695 sic
972 658 1077 694 enim
1099 667 1146 693 ex
1165 658 1298 693 colore
1320 660 1358 693 et
1389 665 1552 702 corpore
1580 655 1623 692 fit
1654 663 1779 692 unum

160 709 382 748 secundum
407 717 495 744 esse
514 706 770 744 accidentale.
794 705 1042 751 Relinquitur
1060 704 1182 751 igitur
1202 704 1306 750 quod
1327 703 1552 740 intellectus
1573 711 1696 748 agens
1728 701 1781 739 sit

161 766 250 794 cum
274 755 434 792 homine
453 764 574 791 unum
595 753 814 790 secundum
837 762 926 789 esse
945 751 1220 788 substantiale.
1241 750 1318 786 Erit
1338 750 1460 796 igitur
1480 749 1540 786 vel
1561 749 1694 785 anima
1707 748 1779 785 hu-

158 813 276 841 mana
297 802 357 839 vel
379 811 469 848 pars
491 801 590 848 eJus‚
612 805 650 836 et
671 810 750 837 non
781 799 914 846 aliqua
947 798 1169 835 substantia
1198 801 1392 843 separata,
1424 796 1526 833 sicut
1563 795 1782 847 Alexander

159 850 284 897 ponit.
322 851 405 885 Non
446 849 578 894 igitur,
599 847 818 884 secundum
858 846 1089 891 opinionem
1124 843 1348 889 Alexandri,
1378 846 1510 890 potest
1543 851 1638 888 poni
1677 841 1783 889 quod

168 898 289 935 homo
309 895 501 942 intelligat
523 894 768 932 substantias
787 896 1003 939 separatas.

211 944 393 988 Amplius,
417 944 450 979 si
473 942 697 978 intellectus
718 949 842 987 agens
863 940 1100 986 quandoque
1121 938 1187 975 fiet
1217 938 1343 974 forma
1373 937 1492 974 istius
1513 935 1706 980 hominis,
1728 935 1784 973 ita

161 991 266 1038 quod
291 999 358 1036 per
377 990 508 1035 ipsum
528 989 749 1034 intelligere
773 988 912 1033 possit,
934 987 1069 1023 eadem
1093 985 1244 1022 ratione
1273 985 1416 1031 poterit
1436 983 1519 1020 fieri
1540 983 1667 1020 forma
1687 982 1784 1019 alte·

161 1039 245 1075 rius
266 1037 439 1073 hominis
461 1046 529 1082 per
554 1036 684 1081 ipsum
719 1034 903 1072 similiter
933 1032 1207 1080 intelligentis.
1231 1032 1415 1078 Sequitur
1435 1039 1530 1078 ergo
1567 1030 1672 1077 quod
1707 1029 1785 1066 duo

161 1085 345 1122 homines
368 1083 487 1120 simul
520 1093 588 1128 per
624 1082 867 1118 intellectum
904 1084 1083 1127 agentem
1120 1079 1344 1125 intelligent
1376 1079 1478 1115 sicut
1512 1087 1579 1124 per
1617 1077 1785 1113 sormam

166 1141 293 1168 suam.
318 1132 397 1167 Hoc
417 1134 545 1166 autem
566 1133 625 1165 est
649 1129 702 1165 ita
740 1128 844 1174 quod
881 1128 1010 1173 ipsum
1044 1126 1265 1172 intelligere
1298 1125 1522 1161 intellectus
1556 1123 1711 1170 agentis
1734 1122 1787 1160 sit

166 1178 388 1224 intelligere
409 1176 667 1223 intelligentis
690 1185 757 1221 per
777 1176 922 1220 ipsum,
940 1174 1073 1220 utjam
1093 1173 1239 1209 dictum
1259 1176 1330 1209 est.
1348 1172 1426 1208 Erit
1441 1180 1534 1218 ergo
1551 1171 1654 1207 idern
1672 1169 1786 1206 intel-

165 1225 287 1271 ligere
310 1225 475 1260 duorum
499 1223 833 1269 intelligentium3
857 1221 961 1267 quod
986 1224 1044 1257 est
1066 1219 1329 1266 impossibile.

211 1271 322 1308 Ratio
344 1271 458 1306 etiam
482 1270 566 1316 ejus
590 1269 730 1305 frivola
750 1272 809 1305 est
830 1268 1007 1305 omnino.
1033 1268 1163 1304 Primo
1195 1266 1369 1313 quidem,
1389 1265 1495 1312 quia,
1518 1263 1677 1311 quando
1695 1273 1783 1310 per-

162 1317 294 1354 ficitur
315 1317 518 1364 generatio
551 1316 720 1362 alicujus
739 1315 911 1361 generis,
935 1318 1088 1360 oportet
1107 1314 1213 1360 quod
1234 1312 1459 1360 perficiatur
1479 1312 1566 1358 ejtis
1593 1311 1786 1358 operatio,

165 1365 234 1401 sed
254 1368 385 1405 tamen
407 1363 627 1400 secundum
657 1363 816 1399 niodum
840 1362 901 1398 sui
935 1362 1106 1407 generis,
1128 1370 1205 1396 non
1234 1364 1363 1396 autem
1386 1359 1606 1396 secundum
1624 1358 1787 1395 modum

161 1412 321 1457 generis
347 1410 526 1455 altioris;
549 1419 671 1455 quum
707 1410 810 1445 enim
840 1408 1040 1454 perficitur
1060 1408 1263 1454 generatio
1289 1407 1406 1449 aeris,
1428 1406 1545 1442 babet
1563 1404 1786 1451 generatio·

163 1467 253 1494 nem
286 1461 323 1494 et
344 1461 494 1494 motum
527 1457 767 1502 completum
801 1464 976 1498 sursum,
1000 1464 1079 1491 non
1112 1458 1243 1490 tamen
1273 1457 1315 1490 ut
1341 1456 1546 1489 moveatur
1578 1451 1626 1489 ad
1655 1451 1788 1488 locum

163 1505 283 1551 ignis.
307 1504 495 1540 Similiter
528 1507 674 1547 autem,
694 1512 816 1550 quum
838 1502 1058 1547 completur
1090 1501 1293 1548 generatio
1317 1500 1542 1536 intellectus
1574 1499 1616 1535 in
1635 1498 1786 1543 habitu,

163 1551 425 1597 complebitur
445 1551 530 1597 eJus
565 1551 755 1596 operatio,
775 1559 862 1596 quae
881 1553 941 1585 est
962 1548 1195 1594 intelligere,
1219 1546 1437 1585 secundum
1467 1555 1583 1584 suum
1606 1546 1786 1589 modum,

164 1608 243 1635 non
278 1602 407 1634 autem
440 1598 659 1635 secundum
693 1597 855 1633 modum
888 1605 967 1642 quo
997 1596 1224 1641 intelligunt
1250 1594 1484 1632 substantiae
1517 1596 1722 1639 separatae,
1745 1595 1788 1628 ut

162 1646 315 1682 scilicet
334 1645 531 1692 intelligat
560 1645 805 1681 substantias
839 1647 1055 1689 separatas.
1079 1642 1186 1678 Unde
1204 1652 1249 1678 ex
1271 1641 1528 1688 generatione
1556 1640 1784 1677 intellectus

163 1692 204 1728 in
228 1692 361 1729 habitu
385 1701 462 1728 non
487 1695 614 1738 potest
636 1691 818 1728 concludi
850 1690 955 1737 quod
978 1691 1097 1726 homo
1121 1689 1358 1736 quandoque
1383 1687 1580 1734 intelligat
1596 1686 1783 1724 substan·

162 1739 238 1776 tias
260 1744 475 1784 separatas.
497 1738 691 1782 Secundo,
713 1739 806 1784 quia
824 1738 1000 1784 ejusdem
1022 1737 1178 1774 virtutis
1199 1740 1259 1773 est
1290 1735 1623 1781 complementum
1643 1742 1783 1780 opera-

162 1786 286 1823 tionis
318 1786 431 1832 qu'us
467 1790 527 1823 est
558 1785 735 1832 operatio
766 1785 864 1831 ipsa.
885 1785 923 1821 Si
963 1784 1184 1830 intelligere
1218 1782 1464 1820 substantias
1495 1784 1700 1828 separatas
1733 1780 1787 1817 sit

162 1832 497 1878 complementum
539 1831 783 1878 operationis
815 1831 1040 1867 intellectus
1069 1831 1109 1866 in
1141 1829 1290 1874 habitu,
1313 1830 1493 1876 sequitur
1527 1828 1633 1875 quod
1670 1827 1784 1864 intel-

164 1879 291 1928 lectus
312 1880 352 1915 in
372 1880 507 1916 habitu
525 1878 970 1925 intelligatquandoque
993 1877 1238 1914 substantias
1257 1880 1476 1922 separatas,
1497 1875 1603 1921 quod
1622 1874 1790 1911 Alexan-

164 1926 234 1962 der
254 1935 333 1962 non
365 1927 499 1971 ponit3
521 1930 752 1972 sequeretur
784 1925 889 1961 enim
911 1924 1015 1970 quod
1047 1923 1269 1969 intelligere
1301 1922 1548 1959 substantias
1582 1924 1789 1967 separatas

166 1973 416 2019 contingeret
436 1982 503 2018 per
525 1972 714 2009 scientias
736 1971 1012 2018 speculativas,
1034 1980 1121 2017 quae
1142 1970 1216 2007 sub
1239 1969 1440 2006 intellectu
1460 1969 1501 2005 in
1522 1968 1656 2006 habitu
1679 1977 1788 2004 com-

165 2020 477 2065 prehenduntur.
509 2020 650 2064 Tertio,
674 2019 768 2065 quia
814 2028 950 2055 eorum
984 2027 1070 2064 quae
1115 2017 1296 2063 generari
1330 2017 1527 2062 incipiunt
1563 2015 1787 2061 completur

163 2066 366 2113 generatio
388 2070 431 2102 ut
449 2066 487 2102 in
511 2066 706 2112 pluribus,
727 2075 848 2112 quum
870 2075 1009 2102 omnes
1042 2065 1319 2110 generationes
1352 2072 1482 2100 rerum
1511 2061 1592 2100 sint
1609 2072 1632 2099 a
1650 2062 1788 2099 causis

165 2112 452 2158 determinatis,
475 2123 561 2159 quae
597 2117 897 2159 consequuntur
935 2111 1098 2148 effectus
1119 2121 1216 2148 suos
1236 2111 1297 2147 vel
1328 2119 1484 2156 semper
1502 2109 1563 2147 vel
1582 2109 1624 2146 in
1648 2108 1790 2155 majori

163 2163 288 2205 parte.
313 2160 351 2196 Si
382 2160 504 2206 igitur
532 2159 581 2196 ad
611 2159 916 2205 completionem
948 2158 1219 2205 generationis
1251 2157 1432 2204 sequitur
1463 2156 1581 2194 etiam
1614 2155 1788 2202 comple-

165 2210 342 2243 mentum
365 2207 548 2251 actionis,
572 2210 726 2253 oportet
751 2206 869 2243 etiam
902 2206 1006 2253 quod
1028 2206 1205 2251 operatio
1238 2205 1433 2250 completa
1456 2206 1725 2250 consequatur
1744 2211 1791 2240 ea

165 2263 252 2299 quae
273 2258 512 2299 generantur
529 2254 590 2290 vel
611 2263 766 2299 semper
787 2253 846 2290 vel
865 2253 906 2289 in
928 2253 1067 2299 majori
1085 2257 1205 2298 parte.
1219 2252 1440 2298 Intelligere
1457 2255 1588 2288 autem
1603 2249 1789 2287 substan·

164 2301 241 2337 tias
277 2304 479 2346 separatas
515 2309 596 2338 non
633 2304 933 2347 consequuntur
967 2300 1034 2346 qui
1072 2299 1121 2337 ad
1153 2299 1451 2346 generationem
1486 2297 1714 2335 intellectus
1748 2297 1790 2333 in

165 2346 302 2384 habitu
324 2348 495 2389 student,
518 2357 645 2394 neque
664 2348 703 2384 in
737 2347 919 2393 pluribus
951 2356 1081 2393 neque
1114 2355 1290 2392 semper3
1326 2345 1506 2393 quinimo
1530 2344 1666 2381 nullus
1698 2352 1791 2390 pro-

165 2394 297 2431 fessus
320 2398 380 2432 est
412 2404 454 2431 se
475 2395 523 2432 ad
554 2395 654 2431 hane
689 2395 970 2440 perfectionem
1005 2393 1245 2439 pervenisse.
1267 2395 1355 2430 Non
1392 2396 1453 2430 est
1469 2391 1591 2438 igitur
1617 2390 1789 2436 comple-

164 2445 342 2525 }nleggum
374 2442 619 2488 operationis
655 2441 882 2479 intellectus
914 2441 955 2477 in
986 2440 1123 2478 habitu
1155 2440 1378 2487 intelligere
1409 2438 1655 2478 substantias
1675 2445 1789 2483 sepa-

810 2564 979 2606 CAPUT
1007 2565 1148 2605 XLIII.

196 2667 297 2701 QUOD
323 2671 400 2700 NON
425 2673 622 2702 POSSUMUS
656 2673 910 2702 INTELLIGERE
935 2672 976 2702 IN
1000 2672 1079 2702 HAG
1111 2671 1206 2702 VITA
1231 2670 1490 2701 SUBSTANTIAS
1527 2667 1766 2704 SEPARATAS‚

703 2725 810 2754 SICUT
842 2725 978 2754 POSUIT
1010 2725 1257 2754 AVERRHOES.

215 2811 314 2864 Quia
338 2821 430 2849 vero
462 2814 632 2850 maxima
668 2815 881 2853 difficultas
903 2816 1024 2853 estin
1054 2815 1244 2861 opinione
1273 2811 1497 2856 Alexandri,
1520 2821 1567 2849 ex
1588 2811 1662 2849 hoc
1683 2811 1791 2858 quod

165 2862 277 2903 ponit
298 2859 542 2896 intellectum
563 2861 795 2905 possibilem
817 2863 854 2898 in
879 2863 1015 2899 habitu
1036 2862 1210 2899 totaliter
1238 2859 1551 2906 corruptibilem,
1570 2860 1792 2896 Averrlioes

1868 3146 1894 3223 &mam
