1894 3223
159 156 228 192 406
749 149 837 184 LtB.
865 148 929 192 111,
957 147 1058 184 CAP.
1083 147 1174 186 CVI.

208 234 245 271 Si
265 232 354 279 quis
373 234 505 268 autem
525 229 631 266 dicat
649 228 756 276 quod
782 228 919 275 figurae
937 228 1079 275 aliquae
1101 228 1407 276 appropriantur
1420 228 1622 276 aliquibus
1639 229 1779 267 coeles·

160 281 259 318 tium
281 285 492 323 corporum
511 279 550 312 et
588 275 643 312 ita
663 284 830 321 corpora
842 274 1032 312 inferiora
1045 275 1358 313 determinantur
1372 285 1442 323 per
1458 276 1509 313 ali
1541 284 1613 314 uas
1634 274 1782 322 figuras

161 326 210 364 ad
231 325 457 371 aliquorum
486 322 710 360 coelestium
742 330 953 368 corporum
984 321 1272 369 impressiones
1302 322 1504 369 suscipien
1536 331 1595 368 as,
1628 323 1783 360 videtur

161 381 242 410 non
264 369 554 408 rationabiliter
572 369 663 406 dici.
679 371 765 406 Non
790 369 897 406 enim
917 368 1123 407 ordinatur
1142 369 1305 416 aliquod
1326 369 1479 416 patiens
1500 369 1548 407 ad
1562 370 1782 415 suscipien-

161 419 252 456 dam
274 417 580 464 impressionem
602 416 757 463 agentis
778 415 858 453 nisi
888 425 956 462 per
985 416 1060 454 hoc
1087 415 1194 463 quod
1226 419 1288 453 est
1314 416 1356 453 in
1385 417 1574 463 potentia.
1595 417 1668 454 Illa
1688 425 1782 463 ergo

161 469 315 502 tantum
333 464 598 501 determinant
616 463 747 509 ipsum
766 463 815 500 ad
835 462 1047 509 specialem
1067 462 1371 509 impressionem
1404 464 1700 510 suscipiendam
1715 472 1785 510 per

161 522 248 559 quae
270 512 311 548 in
342 511 518 558 potentia
538 510 582 547 fit
598 510 906 556 quodammodo.
928 512 1001 547 Per
1019 509 1170 556 figuras
1191 513 1323 546 autem
1353 519 1435 548 non
1456 511 1683 557 disponitur
1699 519 1782 547 ma·

160 559 261 596 teria
286 561 329 595 ut
346 558 398 595 sit
416 558 457 594 in
479 557 658 610 potentia
676 557 725 595 ad
744 557 918 604 aliquam
940 557 1122 599 formam,
1142 556 1238 603 quia
1260 555 1388 604 figura
1416 556 1610 596 abstrahit
1640 566 1783 595 secun·

162 605 257 642 dum
278 614 393 643 suam
413 607 609 642 rationem
626 603 675 641 ab
699 604 808 641 omni
830 604 995 640 materia
1031 606 1070 640 et
1098 603 1226 641 forma
1256 603 1454 649 sensibili,
1478 613 1568 642 cum
1589 604 1642 642 sit
1658 604 1782 652 quod-

162 652 254 690 dam
281 651 619 689 mathematicum.
641 652 726 688 Non
758 660 853 697 ergo
874 660 942 697 per
973 650 1121 697 figuras
1150 653 1189 687 et
1218 649 1467 689 characteres
1499 651 1785 689 determinatur

161 699 325 745 aliquod
343 707 489 745 corpus
509 698 558 735 ad
579 698 876 744 suscipiendam
896 697 1069 744 aliquam
1091 696 1338 750 influentiam
1353 698 1527 735 coelestis
1541 698 1732 744 corporis.

207 747 400 790 Praeterea,
426 744 563 792 figurae
582 745 725 792 aliquae
746 745 1049 791 appropriantur
1066 743 1301 791 corpombus
1316 745 1546 783 coelestihus
1560 749 1603 782 ut
1617 744 1783 782 effectus

160 793 364 839 ipsorum3
397 802 487 829 nam
506 791 644 838 figurae
665 792 899 829 inferiorum
920 800 1132 837 corporum
1152 795 1368 828 causantur
1398 801 1422 828 a
1450 792 1685 837 corporibus
1708 801 1783 829 coe-

161 840 344 877 lestibus.
363 839 562 876 Praedictae
580 842 710 877 autem
730 842 834 876 artes
849 847 930 876 non
948 842 1113 875 utuntur
1129 838 1424 875 characteribus
1436 842 1504 876 aut
1517 838 1655 886 figuris
1669 839 1782 885 quasi

161 886 368 924 effectibus
389 886 609 923 coelestium
632 895 859 932 corporum,
879 885 1065 928 sed-sunt
1084 884 1250 922 effectus
1280 885 1457 922 hominis
1489 885 1692 932 operantis
1713 895 1783 932 per

161 938 299 971 artem.
321 933 594 980 Appropriatio
615 932 737 979 igitur
757 933 972 980 figurarum
1005 932 1053 970 ad
1074 932 1208 982 aliqua
1227 932 1407 970 coelestia
1424 941 1592 979 corpora
1612 932 1713 970 nihil
1734 932 1783 971 ad

160 980 410 1027 propositum
432 980 560 1017 facere
578 980 745 1017 videtur.

208 1029 308 1072 Item,
331 1037 400 1073 per
420 1027 568 1074 figuras
588 1036 669 1065 non
699 1027 925 1073 disponitur
949 1026 1175 1073 aliqualiter
1203 1025 1370 1063 materia
1403 1026 1597 1064 naturalis
1630 1026 1678 1063 ad
1708 1026 1784 1064 sor-

162 1083 281 1119 mam,
304 1078 347 1111 ut
367 1077 573 1111 ostensum
595 1077 668 1111 est.
688 1075 861 1120 Corpora
889 1073 1011 1121 igitur
1042 1073 1083 1109 in
1113 1072 1259 1119 quibus
1293 1076 1387 1110 sunt
1417 1073 1622 1119 impressae
1649 1073 1785 1120 hujus-

161 1121 270 1158 modi
288 1122 439 1168 figurae,
459 1124 552 1158 sunt
573 1120 749 1167 ejusdem
777 1121 996 1158 habilitatis
1018 1120 1066 1156 ad
1088 1119 1355 1166 recipiendam
1379 1119 1627 1157 influentiam
1648 1121 1784 1157 coeles·

160 1172 239 1205 tem
259 1177 349 1205 cum
369 1168 459 1205 aliis
480 1167 715 1213 corporibus
746 1167 923 1214 ersdem
944 1167 1104 1213 speciei.
1134 1167 1247 1210 Quod
1279 1170 1409 1204 autem
1441 1167 1592 1214 aliquid
1619 1171 1710 1214 agat
1741 1167 1782 1204 in

162 1224 291 1251 unum
312 1224 449 1252 eorum
468 1224 555 1261 quae
569 1218 662 1251 sunt
681 1215 886 1261 aequaliter
905 1214 1281 1260 disposita,propter
1294 1213 1443 1260 aliquid
1462 1214 1539 1252 sibi
1559 1214 1784 1260 appropria·

162 1265 246 1298 tum
269 1261 323 1298 ibi
344 1262 562 1305 inventum,
582 1264 621 1297 et
647 1270 727 1298 non
755 1261 795 1297 in
828 1261 950 1306 aliud,
974 1270 1054 1297 non
1081 1264 1141 1297 est
1172 1261 1373 1306 operantis
1403 1270 1473 1307 per
1499 1261 1779 1299 necessitatem

161 1312 326 1352 naturae,
357 1308 427 1345 sed
465 1318 533 1353 per
565 1308 812 1345 electionem.
840 1310 947 1344 Patet
977 1316 1071 1354 ergo
1103 1308 1208 1354 quod
1240 1307 1468 1353 hujusmodi
1502 1311 1620 1350 artes,
1641 1307 1782 1354 figuris

165 1359 324 1392 utentes
342 1355 391 1391 ad
406 1354 570 1391 effectus
590 1355 747 1400 aliquos
769 1354 1062 1400 producendos,
1079 1363 1159 1391 non
1181 1354 1326 1391 habent
1341 1354 1557 1392 efficaciam
1578 1355 1626 1392 ab
1647 1355 1782 1402 aliquo

163 1406 307 1448 agente
326 1411 395 1447 per
415 1405 612 1446 naturam,
628 1401 699 1438 sed
719 1401 767 1438 ab
788 1402 922 1448 aliqua
935 1401 1193 1438 intellectuali
1212 1401 1436 1439 substantia
1449 1411 1518 1447 per
1537 1402 1782 1440 intellectum

162 1452 318 1485 avente.

187 1474 289 1532 ἴἨοο
310 1494 426 1532 etiam
450 1494 696 1532 demonstrat
715 1498 754 1531 et
775 1495 907 1540 ipsum
928 1503 1075 1532 nomen
1102 1493 1209 1542 quod
1227 1494 1375 1532 talibus
1395 1494 1536 1541 figuris
1555 1495 1780 1541 imponunt,

160 1542 385 1578 characteres
406 1550 476 1579 eos
493 1541 685 1578 dicentes.
705 1542 914 1580 Character
932 1542 1038 1579 enim
1060 1541 1221 1588 signum
1236 1545 1310 1587 est,
1328 1541 1369 1578 in
1385 1551 1463 1587 quo
1481 1541 1596 1579 datur
1615 1542 1783 1589 intelligi

160 1589 267 1635 quod
286 1588 426 1636 figuris
448 1588 678 1635 hujusmodi
698 1598 777 1626 non
798 1592 963 1626 utuntur
982 1589 1061 1625 nisi
1084 1592 1126 1626 ut
1143 1588 1273 1635 signis
1300 1589 1488 1626 exhibitis
1519 1589 1638 1626 alicui
1672 1589 1784 1626 intel·

160 1635 319 1674 lectuali
338 1639 502 1674 naturae.
523 1636 623 1680 Quia
646 1645 738 1673 vero
758 1635 895 1682 figurae
913 1636 954 1672 in
975 1634 1249 1674 artificialibus
1267 1638 1362 1674 sunt
1380 1636 1494 1683 quasi
1529 1636 1668 1674 formae
1690 1645 1779 1682 spe·

159 1682 297 1728 cificae,
313 1683 413 1720 nihil
435 1683 616 1728 prohibet
636 1683 732 1730 quin
753 1684 871 1720 etiam
893 1683 1220 1720 constitutionem
1240 1681 1393 1729 figurae,
1412 1692 1500 1730 quae
1520 1683 1586 1721 dat
1601 1683 1779 1730 speciem

158 1729 339 1776 imagini,
361 1730 490 1776 possit
510 1730 655 1778 aliquis
676 1730 805 1768 dicere
822 1730 929 1777 quod
947 1733 1216 1777 consequatur
1234 1730 1369 1778 aliqua
1387 1730 1514 1768 virtus
1534 1740 1583 1767 cx
1608 1730 1779 1768 influen-

159 1777 214 1814 tia
240 1777 407 1821 coelesti,
428 1786 509 1814 non
529 1777 749 1815 secundum
770 1778 876 1824 quod
897 1777 1025 1824 figura
1044 1781 1117 1818 est,
1137 1777 1207 1814 sed
1239 1777 1460 1815 secundum
1495 1777 1603 1825 quod
1638 1780 1780 1815 causat

160 1824 333 1869 speciem
354 1823 567 1869 artificiati‚
589 1824 693 1871 quod
716 1825 951 1871 adipiscitur
967 1825 1150 1861 virtutem
1171 1833 1219 1861 ex
1239 1824 1465 1862 stellis.Sed
1481 1824 1527 1861 de
1541 1824 1683 1861 litteris
1696 1825 1784 1871 qui·

158 1870 235 1907 bus
253 1870 485 1908 inscribitur
504 1871 655 1918 aliquid
677 1871 718 1908 in
740 1871 914 1918 imagine
934 1874 972 1908 et
992 1871 1084 1908 aliis
1106 1870 1403 1909 characteribus
1437 1871 1536 1908 nihil
1570 1871 1679 1908 aliud
1710 1880 1781 1918 po-

157 1920 237 1954 test
259 1917 351 2000 dicit
374 1926 492 1999 qiuam
514 1917 620 1964 quod
636 1917 752 1965 signa
771 1922 865 1956 sunt
885 1930 895 1955 ε
917 1917 1021 1955 unde
1043 1927 1124 1955 non
1146 1917 1294 1957 habent
1316 1917 1496 1956 ordinem
1523 1918 1603 1955 nisi
1624 1918 1673 1955 ad
1711 1918 1781 1955 ali·

159 1973 275 2011 quem
293 1972 334 2000 1n
354 1973 373 2000 e
409 1968 552 2001 ectum.

207 2010 318 2054 Quod
337 2011 455 2047 etiam
477 2011 700 2049 ostenditur
719 2021 789 2057 per
809 2011 1020 2056 sacrificia,
1043 2011 1350 2058 prostrationes,
1370 2015 1409 2049 et
1429 2011 1507 2049 alia
1533 2011 1780 2059 hujusmodi,

159 2057 308 2110 quibus
347 2061 534 2102 utuntur;
557 2067 645 2105 quae
684 2068 766 2096 non
802 2062 974 2105 possunt
999 2067 1090 2096 esse
1109 2058 1189 2096 nisi
1206 2058 1325 2106 signa
1346 2059 1574 2097 reverentiae
1596 2059 1781 2096 exhibitae

159 2104 277 2141 alicui
298 2104 559 2142 intellectuali
582 2108 734 2144 naturae

823 2245 993 2288 CAPUT
1022 2245 1122 2288 CVI.

188 2359 289 2393 QUOD
337 2359 578 2390 SUBSTANTIA
611 2332 1059 2394 INTELLEGTUALISHQUAE
1094 2360 1277 2391 PRAESTAT
1312 2361 1546 2392 EFFICACIAM
1584 2361 1742 2392 MAGICIS

366 2418 551 2448 OPERIBUS
588 2417 669 2449 NON
709 2417 782 2448 EST
821 2413 927 2448 BONA
968 2418 1174 2449 SECUNDUM
1216 2420 1424 2456 UTRUMQUE
1463 2420 1568 2450 ESSE.

183 2528 269 2579 ‘Est
286 2529 418 2564 autem
437 2527 605 2565 ulterius
621 2527 904 2575 inquirendum
924 2538 1012 2574 quae
1032 2528 1084 2566 sit
1105 2528 1188 2566 haec
1208 2529 1492 2567 intellectualis
1512 2533 1653 2567 natura
1666 2529 1780 2575 cujus

154 2577 297 2610 virtute
313 2574 411 2611 tales
430 2575 685 2621 operationes
700 2574 813 2612 fiunt.
826 2576 870 2612 Et
888 2576 1017 2621 primo
1036 2575 1196 2623 quidem
1216 2580 1377 2623 apparet
1391 2576 1496 2623 quod
1513 2585 1594 2614 non
1611 2575 1780 2613 sithona

155 2623 194 2670 et
219 2620 445 2672 laudabilis.
472 2623 663 2659 Praestare
681 2622 789 2659 enim
825 2622 1090 2668 patrocinium
1110 2623 1314 2670 aliquibus
1340 2633 1428 2671 quae
1459 2626 1554 2661 sunt
1582 2625 1779 2661 contraria

155 2669 289 2718 virtuti
311 2677 391 2719 non
406 2671 468 2706 est
486 2668 656 2716 alicujus
676 2668 903 2707 intellectus
919 2669 1020 2708 hene
1041 2670 1240 2716 dispositi.
1258 2671 1339 2708 Hoc
1367 2674 1498 2708 autem
1518 2669 1561 2706 fit
1575 2678 1622 2706 ex
1639 2669 1778 2716 hujus·

155 2712 264 2763 modi
291 2715 588 2766 art1bus;fiunt
623 2716 730 2754 enim
763 2716 997 2763 plerumque
1029 2717 1237 2761 adulteria,
1259 2718 1375 2762 furta,
1398 2716 1626 2760 homicidia,
1648 2720 1685 2753 et
1700 2717 1780 2755 alia

155 2758 385 2804 hujusmodl
403 2762 613 2800 malefacia
631 2763 1011 2810 procurando.Unde
1024 2768 1180 2802 utentes
1196 2765 1259 2802 his
1276 2764 1426 2801 artibus
1438 2763 1619 2800 malefaci
1634 2772 1775 2802 vocan-

154 2808 233 2857 tur.
250 2807 336 2842 Non
354 2811 414 2859 cst
431 2818 526 2854 ergo
546 2810 647 2847 hene
668 2810 864 2857 disposita
880 2811 1102 2849 secundum
1122 2811 1307 2850 virtutem
1328 2810 1611 2849 intellectualis
1633 2814 1778 2850 natura

155 2861 272 2897 cujus
290 2853 439 2891 auxilio
461 2855 691 2908 hujusmodi
713 2861 818 2895 artes
840 2858 1079 2896 innituntur.

199 2900 300 2941 Item,
337 2909 418 2938 non
457 2905 517 2939 est
555 2903 780 2944 intellectus
818 2905 918 2944 bene
946 2905 1130 2953 dispositi
1170 2905 1389 2945 secundum
1426 2905 1625 2952 virtutem,
1662 2906 1776 2946 fami-
