1894 3223
735 130 821 166 LIB.
852 131 908 174 w,
937 129 1038 166 CAP.
1066 129 1124 166 tv.
1669 131 1733 166 491

113 215 155 250 et
171 211 390 258 profectum
411 211 532 247 aetatis
554 211 706 255 accipit,
729 211 899 248 esuriem
923 220 1066 257 passus
1088 214 1147 247 est
1171 214 1209 247 et
1238 209 1471 247 lassitudine
1499 210 1682 257 fatigatus
1702 214 1739 247 et

115 259 233 297 morti
253 258 468 303 subJectus,
490 257 595 303 quod
617 265 772 302 semper
795 258 970 303 profecit,
983 257 1120 303 judieii
1142 266 1185 294 se
1206 257 1359 294 nescire
1392 257 1495 293 diem
1526 257 1738 295 consessus

115 309 178 344 est
194 308 232 343 et
249 305 386 342 mortis
408 308 556 341 terrore
576 312 800 341 concussus
820 307 892 349 est,
914 307 951 341 et
978 305 1055 341 alia
1085 304 1312 350 hujusmodi
1334 313 1421 350 quae
1442 305 1521 341 Deo
1541 313 1610 350 per
1629 307 1740 341 natu-

117 361 202 390 rum
229 351 412 389 existenti
445 351 655 388 convenire
684 359 764 387 non
789 355 966 397 possent.
992 351 1097 387 Unde
1125 351 1369 388 concludunt
1422 351 1499 388 uod
1533 361 1602 397 per
1629 351 1740 388 meri—

115 402 199 484 ἕπῃ
216 398 409 436 honorem
431 398 605 435 divinum
625 397 791 444 adeptus
812 403 872 435 est
903 408 972 444 per
998 398 1177 445 gratiam,
1204 407 1285 435 non
1318 407 1396 445 quo
1454 401 1560 435 esset
1591 402 1740 436 naturae

157 454 256 483 vinae
1534 458 1536 460 ·

166 494 273 530 Hanc
293 495 424 530 autem
443 492 681 538 positionem
701 491 828 538 primo
855 491 1142 528 adinvenerunt
1179 491 1338 538 quidam
1374 492 1524 539 antiqui
1552 492 1738 536 liaeretici,

115 539 327 579 Cerlnthus
360 544 398 576 et
428 540 562 582 Ebion,
596 548 714 586 quam
749 541 889 585 postea
923 538 1070 575 Paulus
1106 539 1391 576 Samosatenus
1422 539 1667 584 instauravit,
1703 543 1741 576 et

117 589 253 635 postea
276 596 300 623 a
319 586 486 624 Photiuo
508 590 567 623 est
587 585 833 632 confirmata,
858 590 898 622 ut
917 586 983 632 qui
1006 585 1089 622 haec
1110 585 1374 633 dogmatizant
1396 586 1618 624 Photiuiani
1639 595 1739 623 nun·

116 643 165 672 cu
197 637 324 671 entur.
1432 665 1443 674 ,

167 643 380 728 Biligenter
399 684 530 717 autem
556 680 674 718 verba
706 689 828 718 sacrae
860 681 1064 726 Scripturae
1099 679 1444 717 considerantibus
1475 684 1637 726 apparet
1659 689 1740 718 non

116 727 224 767 hunc
243 736 407 765 sensum
426 727 467 764 in
501 737 547 765 ea
572 728 765 765 contineri
786 738 903 775 quem
924 727 1097 774 praedicti
1115 726 1297 764 homines
1327 736 1401 764 sua
1434 728 1619 774 opinione
1650 736 1742 765 con·

116 784 164 814 oe
196 778 325 812 erunt.

168 785 280 867 Ram,
300 831 391 860 cum
436 822 621 859 Salomon
652 821 785 859 dicat:
815 821 982 858 Nondum
1014 824 1118 857 erant
1146 822 1284 866 abyssi,
1317 824 1349 858 et
1369 832 1430 866 eqo
1458 821 1539 867 jam
1575 824 1742 867 concepta

117 880 217 907 eram
238 870 371 915 (From,
392 878 479 913 vm,
501 870 574 915 24),
595 870 690 906 satis
711 868 883 906 ostendit
919 867 1021 905 hanc
1054 868 1348 915 generationem
1381 870 1469 905 ante
1502 869 1635 906 omnia
1655 878 1740 905 cor-

120 917 273 964 poralia
310 916 499 953 extitisse.
533 916 638 953 Unde
673 915 904 961 relinquitur
942 916 1047 962 quod
1079 915 1196 952 Filius
1236 924 1258 952 a
1288 917 1366 952 Deo
1399 915 1556 964 genitus
1589 915 1741 954 initium

119 963 281 1002 essendi
301 973 324 1001 a
343 963 553 1000 Marianon
575 964 756 1010 sumpsit.
780 965 835 1008 Et,
858 962 947 999 licet
975 962 1057 1000 haec
1077 966 1121 1003 >et
1147 963 1222 1000 alia
1255 963 1398 1000 similia
1423 962 1650 1000 testimonia
1681 962 1743 999 de-

119 1019 282 1058 pravare
303 1010 594 1050 conatifuerim
614 1019 798 1057 perversa
820 1010 1077 1055 expositione,
1101 1009 1275 1047 dicentes
1294 1009 1377 1047 haec
1407 1010 1626 1047 secundum
1644 1019 1741 1056 prae—

120 1057 422 1095 destinationem
449 1057 589 1094 debere
622 1057 800 1103 intelligi,
832 1058 922 1103 quia
954 1057 1103 1093 scilicet
1127 1059 1216 1093 ante
1251 1057 1387 1093 mundi
1419 1056 1739 1094 constitutionem

119 1104 354 1151 dispositum
375 1104 446 1140 t'uit
465 1107 505 1140 ut
529 1114 575 1140 ex
596 1105 714 1141 Maria
736 1103 889 1150 Virgine
909 1104 973 1140 Dei
993 1104 1111 1140 Filius
1134 1107 1374 1148 nasceretur,
1407 1113 1487 1140 non
1518 1104 1622 1150 quod
1655 1103 1739 1150 cJ'us

118 1150 227 1189 filius
249 1150 365 1188 suerit
385 1154 474 1187 ante
493 1151 711 1196 mundum3
734 1161 801 1196 per
822 1159 867 1186 ea
894 1153 1021 1186 tamen
1045 1159 1131 1196 quae
1153 1154 1374 1196 sequuntur
1393 1152 1496 1196 patet
1518 1151 1638 1196 quod,
1663 1159 1740 1187 uon

117 1198 253 1237 solum
269 1197 310 1235 in
329 1197 687 1244 praedestinatione,
704 1198 773 1235 sed
794 1197 909 1233 etiam
931 1197 1096 1237 realiter,
1117 1197 1332 1234 sueritante
1347 1198 1521 1234 lilariam.
1537 1199 1633 1233 Nam
1655 1200 1745 1243 post

120 1245 325 1293 praemissa
345 1244 465 1281 verba
494 1245 718 1282 salomonis
749 1244 1031 1291 subjungitur:
1067 1244 1218 1287 Quando
1248 1245 1473 1290 appendebat
1504 1245 1743 1288 fzmdamenta

119 1296 237 1337 terrae,
260 1302 339 1328 cum
359 1302 396 1328 eo
417 1302 514 1327 eram
535 1295 664 1327 cuncta
686 1302 894 1337 componens
917 1291 1035 1337 (ibid,
1058 1294 1117 1335 29,
1138 1291 1196 1339 30)
1215 1303 1223 1335 ;
1258 1292 1292 1328 si
1315 1294 1445 1328 autem
1478 1291 1519 1328 in
1541 1291 1627 1328 sola
1646 1299 1743 1337 βιηθ-

120 1339 383 1378 destinatione
405 1339 558 1384 fuisset,
577 1338 673 1376 nihil
691 1349 808 1387 agere
834 1339 1041 1385 potuisset.
1075 1340 1155 1376 Hoc
1185 1338 1303 1375 etiam
1336 1348 1384 1375 ex
1420 1338 1547 1376 verbis
1580 1339 1744 1376 Joannis

119 1386 373 1434 evangelistae
393 1386 581 1431 habetur3
604 1395 708 1427 nam,
732 1395 854 1432 quum
875 1386 1131 1432 praemisisset
1153 1395 1161 1420 z
1192 1387 1235 1422 In
1254 1386 1436 1432 principio
1465 1389 1542 1422 erat
1574 1387 1742 1429 Verbum,

149 1443 200 1472 uo
219 1434 379 1472 nomine
398 1433 518 1470 Filius
547 1433 613 1470 Dei
639 1433 881 1481 intelligitur,
904 1435 945 1470 ut
967 1435 1172 1469 ostensum
1195 1435 1267 1476 est,
1302 1442 1350 1469 ne
1381 1432 1471 1479 quis
1504 1432 1580 1470 hoe
1602 1441 1743 1470 secun-

119 1444 215 1519 aum
235 1480 620 1527 praedestinationem
649 1480 825 1526 accipere
854 1483 1005 1525 posset,
1043 1479 1204 1517 subdit:
1241 1481 1371 1516 Omnia
1398 1490 1464 1525 per
1492 1481 1612 1525 ipsum
1644 1481 1745 1523 facta

119 1531 216 1570 sunt,
252 1530 286 1563 et
303 1529 380 1564 sine
398 1529 476 1572 ipso
495 1529 634 1571 factum
651 1530 702 1564 est
721 1528 816 1563 nihil
835 1526 996 1573 (Joann.,
1018 1536 1044 1571 1,
1065 1527 1099 1572 3)
1119 1539 1126 1571 ;
1147 1527 1253 1573 quad
1274 1536 1409 1563 verum
1431 1536 1520 1564 esse
1550 1535 1632 1564 non
1652 1535 1743 1573 pos-

120 1579 195 1620 set,
217 1574 294 1612 nisi
313 1575 468 1611 realiter
487 1578 576 1611 ante
593 1574 786 1611 mundum
807 1574 1034 1611 exstitisset.

166 1623 268 1662 Item,
290 1621 339 1658 de
358 1621 450 1659 Filio
471 1621 538 1658 Dei
559 1621 700 1658 dicitur
721 1633 728 1657 :
751 1623 858 1658 Nemo
883 1621 1045 1656 ascendit
1063 1622 1102 1656 in
1128 1621 1265 1665 coelum,
1297 1622 1372 1656 nisi
1403 1623 1466 1666 qui
1499 1620 1680 1657 descendit
1703 1621 1746 1657 de

119 1670 216 1711 coelo,
233 1670 349 1705 Filius
369 1669 535 1709 hominis,
561 1670 625 1714 qui
641 1671 692 1704 est
709 1670 749 1704 in
768 1669 851 1704 coelo
878 1669 1035 1714 (Joann.,
1057 1676 1116 1712 111,
1142 1667 1197 1714 13)
1215 1679 1223 1709 ;
1258 1672 1296 1704 et
1318 1668 1459 1704 iterum
1479 1680 1488 1704 :
1510 1669 1684 1704 Descencli
1703 1668 1746 1704 de

121 1717 218 1762 coelo,
252 1726 323 1752 non
354 1718 396 1752 ut
427 1717 564 1759 faciam
598 1716 816 1752 voluntatem
851 1726 977 1758 meam,
1004 1715 1066 1750 sed
1102 1716 1320 1750 voluntatem
1351 1715 1428 1760 ejus
1456 1716 1522 1761 qui
1551 1717 1651 1751 misit
1676 1725 1742 1751 me.

121 1763 281 1848 ffoann„
309 1771 366 1807 vr,
400 1763 474 1809 38.)
506 1765 674 1809 Apparet
714 1771 808 1810 ergo
837 1771 926 1799 eum
956 1763 1080 1798 tuisse
1117 1765 1327 1808 antequam
1362 1762 1410 1799 de
1443 1762 1543 1800 coelo
1580 1762 1745 1800 descen-

149 1813 243 1848 eret.

166 1858 358 1901 Praeterea,
381 1856 601 1894 secundum
618 1855 842 1902 praedictam
859 1856 1108 1902 positionem,
1131 1855 1251 1893 homo
1265 1865 1335 1902 per
1352 1855 1438 1893 vitae
1459 1856 1641 1893 meritum
1661 1865 1746 1902 pro-

120 1903 212 1943 fecit
238 1904 281 1941 in
310 1905 447 1941 Deum.
486 1903 700 1949 Apostolus
734 1907 864 1940 autem
887 1913 907 1939 e
940 1912 1132 1940 converso
1172 1903 1343 1940 ostendit
1375 1902 1496 1950 quod,
1517 1913 1607 1940 eum
1640 1905 1744 1941 Deus

119 1954 240 1996 esset,
263 1951 392 1988 factus
412 1954 473 1987 est
494 1949 614 1988 homo
633 1962 640 1994 ;
664 1950 755 1987 dicit
775 1950 880 1987 enim
903 1962 910 1987 :
934 1950 1049 1993 Quam
1069 1951 1108 1986 in
1126 1951 1247 1995 forma
1265 1951 1332 1986 Dei
1362 1953 1462 1991 esset,
1485 1960 1556 1986 non
1576 1952 1744 1996 rapinam

120 1998 322 2035 arbitratus
341 2000 484 2034 estesse
509 2007 545 2033 se
574 1998 746 2043 aequalem
770 2000 855 2041 Deo,
883 1998 945 2033 sed
969 1999 1195 2043 semetipsum
1225 1998 1443 2042 exinanivit,
1470 1999 1627 2041 formam
1652 2000 1746 2033 servi

119 2046 312 2090 accipiens,
346 2047 387 2081 in
420 2044 696 2081 similitudinem
729 2045 911 2080 hominum
947 2045 1068 2088 faetus
1107 2047 1140 2081 et
1177 2044 1306 2080 habitu
1344 2045 1512 2081 inventus
1545 2048 1585 2081 at
1628 2045 1742 2081 homo.

121 2092 246 2138 (Phia,
280 2101 328 2137 11,
366 2094 409 2137 6,
447 2091 506 2138 7.)
540 2093 745 2139 Repugnat
792 2092 911 2138 igitur
947 2091 1131 2136 praedicta
1183 2091 1327 2138 positio
1375 2091 1602 2138 apostolieae
1656 2101 1745 2129 sen-

118 2138 264 2176 tentiae.

166 2185 312 2226 Adhuc,
341 2184 444 2221 inter
478 2187 642 2222 caeteros
673 2184 740 2232 qui
777 2185 844 2221 Dei
870 2185 1035 2232 gratiam
1067 2184 1304 2229 habuerunt,
1331 2187 1485 2233 Moyses
1505 2185 1641 2222 habuit
1658 2194 1743 2222 eam

119 2231 296 2278 copiose,
315 2231 363 2268 de
384 2240 463 2278 quo
484 2231 624 2270 dicitur
643 2231 747 2279 quod
770 2232 981 2277 loquebatur
1000 2234 1172 2268 Dominus
1193 2233 1242 2268 ad
1259 2235 1404 2277 Moysen
1422 2234 1518 2276 facie
1534 2232 1583 2268 ad
1597 2234 1742 2276 faciem,

118 2281 213 2315 sicut
230 2278 316 2315 solet
334 2279 434 2323 loqui
452 2279 553 2315 homo
583 2278 633 2315 ad
651 2279 806 2314 amicum
832 2288 950 2315 suum.
987 2279 1134 2325 (Exod,
1165 2287 1277 2324 xxm,
1311 2280 1383 2327 tl.)
1413 2279 1453 2317 Si
1482 2279 1600 2326 igitur
1629 2281 1744 2316 Jesus

119 2325 303 2363 Christus
322 2334 404 2362 non
425 2325 620 2363 diceretur
646 2325 714 2362 Dei
749 2325 867 2363 Filius
895 2325 971 2363 nisi
998 2327 1156 2372 propter
1187 2326 1352 2373 gratiam
1385 2326 1620 2371 adoptionis,
1644 2326 1746 2363 sicut

119 2372 188 2410 alii
205 2372 346 2417 sancti,
369 2373 506 2409 eadem
524 2373 676 2410 ratione
695 2373 850 2420 Moyses
870 2371 977 2409 filius
998 2373 1065 2409 Dei
1081 2373 1274 2410 diceretur
1291 2383 1369 2420 qua
1386 2376 1424 2410 et
1441 2373 1631 2417 Christus,
1655 2373 1745 2410 licet

119 2420 239 2458 etiam
260 2419 539 2457 abundantiori
556 2419 682 2467 gratia
696 2419 872 2457 Christus
893 2419 1009 2457 fuerit
1028 2420 1185 2457 dotatus
1203 2431 1213 2465 3
1234 2429 1326 2457 nam
1347 2422 1384 2457 et
1413 2419 1515 2456 inter
1535 2419 1634 2457 alios
1653 2429 1744 2457 san—

119 2469 207 2504 ctos
227 2475 333 2504 unus
353 2466 431 2503 alio
452 2466 593 2513 majori
613 2466 738 2514 gratia
756 2467 942 2513 repletur,
964 2470 1001 2503 et
1032 2470 1165 2504 tamen
1185 2475 1325 2504 omnes
1346 2467 1482 2503 eadem
1503 2466 1654 2503 ratione
1675 2467 1744 2504 filii

120 2513 191 2551 Dei
211 2513 409 2551 dicuntur.
431 2514 586 2560 Moyses
607 2517 737 2550 autem
761 2522 841 2550 non
859 2514 995 2550 eadem
1029 2514 1180 2551 ratione
1201 2514 1341 2550 dicitur
1359 2513 1465 2550 filius
1487 2523 1564 2560 qua
1585 2517 1622 2550 et
1642 2513 1746 2551 Chri—

121 2565 209 2598 stus
232 2572 241 2605 ;
275 2560 482 2607 distinguit
501 2560 606 2597 enim
625 2561 840 2606 Apostolus
861 2560 1055 2597 Christum
1077 2570 1100 2597 a
1119 2562 1249 2608 Moyse
1269 2561 1372 2598 sicut
1391 2559 1515 2598 filium
1545 2570 1569 2598 a
1599 2569 1713 2598 servo
1732 2572 1742 2607 ;

118 2607 264 2647 dicitur
278 2607 384 2644 enim
408 2619 418 2642 :
438 2608 576 2652 Moyses
595 2607 741 2653 quidem
759 2608 875 2653 fidelis
889 2611 966 2643 erat
983 2609 1021 2642 z'n
1048 2610 1125 2643 tota
1143 2607 1244 2644 domo
1263 2607 1354 2653 eJ'us,
1376 2610 1550 2653 tanquam
1568 2608 1742 2652 famulus,

118 2655 161 2690 in
180 2655 424 2691 testimonium
444 2663 565 2690 eorum
591 2664 670 2700 quae
688 2654 843 2691 dicenda
868 2657 999 2698 erant3
1039 2655 1202 2692 Christus
1238 2665 1320 2691 vero
1351 2657 1526 2700 tanquam
1554 2655 1670 2691 Filius
1704 2657 1744 2691 in

117 2701 222 2738 dom
239 2711 322 2738 sua.
344 2701 480 2748 (Hebr.‚
498 2709 557 2744 111,
579 2703 614 2745 5,
636 2700 688 2748 6.)
708 2701 957 2738 Manifestum
980 2704 1039 2738 est
1060 2709 1154 2748 ergo
1175 2701 1279 2748 quod
1301 2700 1481 2739 Christus
1500 2710 1583 2740 non
1603 2701 1744 2739 dicitur

116 2748 188 2786 Dei
206 2748 326 2786 Filius
345 2757 414 2794 per
427 2747 652 2794 adoptionis
671 2748 853 2795 gratiam,
875 2748 976 2785 sicut
996 2747 1061 2784 alii
1081 2748 1221 2786 sancti.

161 2794 313 2833 ‘Similis
331 2795 448 2832 etiam
467 2795 566 2832 ratio
587 2805 634 2832 ex
654 2795 835 2841 pluribus
862 2795 948 2832 aliis
969 2795 1174 2841 scripturae
1206 2795 1306 2833 loeis
1332 2796 1467 2849 colligi
1488 2798 1632 2843 potest,
1655 2804 1742 2843 quae

119 2842 293 2888 quodam
312 2842 505 2890 singulari
527 2842 646 2880 modo
667 2841 864 2879 Christum
885 2851 963 2888 prae
983 2842 1070 2879 aliis
1091 2842 1157 2879 Dei
1179 2842 1316 2879 Filium
1336 2846 1516 2881 nommat
1538 2853 1546 2878 :
1567 2843 1743 2890 quando-

120 2897 198 2935 que
223 2888 394 2936 quidem,
417 2889 566 2937 absque
589 2888 675 2926 aliis
696 2889 951 2937 singulariter
972 2898 1061 2926 eum
1082 2889 1220 2926 Filium
1239 2890 1467 2937 nominans,
1488 2890 1590 2928 sicut
1616 2898 1739 2937 quum
