1894 3223
133 131 203 166 474
724 124 812 159 LIB.
840 123 905 166 111,
932 122 1034 159 CAP.
1063 121 1178 159 CLIV.

135 212 261 247 trante
276 207 422 244 adsunt
433 203 648 250 aliquando
669 204 708 239 in
731 203 865 240 divina
881 202 1120 240 revelatione
1132 203 1266 250 aliqua
1279 203 1474 241 exteriora
1488 203 1548 240 vel
1567 203 1759 242 interiora

135 253 378 302 cognitionis
416 251 584 294 auxilia,
621 253 756 295 utpote
794 250 941 296 aliquis
981 259 1112 287 sermo
1150 251 1324 288 exterius
1365 251 1609 288 sensibiliter
1647 250 1756 287 audi-

135 307 212 345 tus,
229 300 296 346 qui
316 298 450 335 divina
474 297 616 334 virtute
636 297 840 339 formetur,
859 301 927 333 aut
945 306 1014 342 per
1031 297 1358 344 imaginationem
1383 298 1564 342 interius,
1587 299 1666 334 Deo
1699 297 1755 335 fa-

136 349 277 389 ciente,
299 348 522 391 perceptus,
545 344 628 381 sive
651 344 770 381 etiam
789 344 923 390 aliqua
941 345 1199 390 corporaliter
1217 344 1303 381 visa
1321 345 1494 382 exterius
1531 354 1554 382 a
1574 346 1654 381 Deo
1678 344 1757 381 for-

135 397 253 436 mata,
277 392 336 428 vel
364 392 482 428 etiam
501 391 670 427 interius
685 391 726 427 in
757 390 1044 437 imaginatione
1074 390 1285 437 descripta,
1308 401 1356 427 ex
1382 391 1527 438 quibus
1548 392 1669 428 homo
1689 400 1759 437 per

134 441 272 478 lumen
300 438 468 475 interius
499 437 620 474 menti
652 437 893 483 impressum
921 437 1192 484 cognitionem
1216 437 1360 483 accipit
1379 439 1630 483 divinorum;
1652 437 1759 476 unde

136 485 366 533 huJusmodi
388 484 538 522 auxilia
575 484 662 522 sine
682 485 860 521 interiori
881 484 1031 521 lumine
1048 484 1097 521 ad
1117 484 1388 536 cognitionem
1417 485 1641 523 divinorum
1675 493 1758 522 non

134 533 367 576 suificiunt;
387 531 521 568 lumen
557 535 688 569 autem
710 531 878 568 interius
913 531 1061 568 sufficit
1087 531 1174 569 sine
1195 531 1298 568 lstis.
1318 532 1407 569 Haee
1428 535 1560 569 autem
1579 531 1759 569 invisibi-

137 581 234 617 lium
270 579 338 616 Dei
360 578 547 615 revelatio
569 578 618 616 ad
647 578 884 624 sapientiam
902 579 1086 624 pertinet,
1102 587 1189 624 quae
1205 578 1363 624 proprie
1383 582 1444 615 est
1461 579 1640 625 cognitio
1664 578 1760 616 divi-

136 636 306 670 norum3
341 630 380 662 et
412 626 500 662 ideo
528 625 672 662 dicitur
691 625 797 672 quod
818 626 1014 671 sapientia
1034 625 1101 662 Dei
1120 635 1188 670 per
1207 627 1369 661 nationes
1389 626 1429 661 in
1451 628 1594 662 animas
1613 628 1759 663 sanctas

136 685 172 711 se
192 675 430 717 transfert...,·
466 674 642 708 neminem
661 674 756 708 enim
776 672 899 717 diiiyit
918 674 1025 713 Deus,
1045 673 1120 708 nisi
1133 682 1213 707 eum
1233 673 1296 717 aaz·
1314 683 1394 708 cum
1416 674 1598 718 sapientia
1616 672 1760 709 inhabi-

136 724 191 758 tat
213 721 330 767 (Sap,
353 729 424 762 vn,
446 722 505 763 27,
526 719 612 766 28);
634 722 671 756 et
691 719 836 756 dicitur
863 731 871 756 :
895 719 1123 765 Adimplebz‘t
1141 719 1245 755 illum
1259 719 1453 756 Dominus
1471 721 1606 765 spiritu
1617 721 1761 766 sapien-

136 769 196 804 tiae
216 771 249 803 et
267 767 465 803 intellectas
486 767 629 811 (Eccli.,
650 774 719 811 xv,
740 766 792 813 5.)

185 814 260 851 Sed
290 814 384 861 quia
410 814 615 849 invisibilia
635 813 721 850 Dei.
737 843 745 850 .
760 841 768 849 .
790 823 858 858 per
887 824 929 849 ea
961 824 1039 858 quae
1054 814 1158 857 facta
1173 815 1269 853 sunt,
1291 813 1472 848 intellecta
1489 813 1761 857 conspiciuntur

136 861 268 908 (Rom.,
287 870 315 905 1,
337 860 412 906 20),
434 870 502 906 per
535 860 708 897 divinam
739 860 907 907 gratiam
940 869 1021 897 non
1053 860 1184 897 solum
1203 860 1427 896 revelantur
1447 859 1679 896 hominibus
1699 859 1759 896 di·

135 908 242 953 vina,
266 907 335 945 sed
357 908 492 954 aliqua
509 906 557 944 de
580 907 699 944 rebus
736 908 880 944 creatis
902 919 910 951 ;
935 906 1042 953 quod
1062 907 1110 944 ad
1131 907 1339 944 scientiam
1362 906 1559 952 pertinere
1579 906 1759 952 videtum

137 955 242 993 unde
265 955 409 991 dicitur
430 966 438 990 :
460 956 540 1000 Ipse
559 954 659 989 dedit
677 955 770 990 mihi
789 955 916 990 horum
936 965 1014 999 (μιᾶς
1032 957 1118 990 sunt
1137 956 1326 990 scientiam
1343 964 1466 989 veram
1483 956 1525 988 ut
1544 955 1655 989 sciam
1684 953 1760 990 dis-

132 1003 347 1049 positionem
380 1002 475 1037 orbis
508 1004 687 1036 terrarum
708 1004 741 1037 et
759 1002 910 1037 virtutes
930 1002 1179 1037 elementorum
1201 1000 1318 1047 (Sap,
1339 1009 1411 1043 VII,
1430 999 1500 1047 17);
1518 1004 1555 1036 et
1568 1000 1761 1038 Dominus

137 1049 236 1086 dixit
274 1048 322 1086 ad
360 1048 613 1085 Salomonem
644 1060 652 1084 :
681 1049 873 1094 Sapientia
900 1051 934 1084 et
960 1050 1113 1084 scientia
1142 1048 1232 1084 data
1259 1050 1345 1084 sunt
1386 1047 1465 1084 tibi.
1499 1047 1550 1094 (11
1575 1048 1759 1093 Paralip„

155 1124 165 1141 ’
187 1145 238 1179 Ea
250 1095 351 1179 >vero
371 1151 458 1189 quae
480 1142 600 1179 homo
619 1142 828 1189 cognoscit
848 1142 889 1178 in
904 1141 1086 1179 notitiam
1107 1141 1272 1179 alterius
1291 1141 1509 1187 producere
1524 1140 1762 1178 convenien-

139 1192 199 1226 ter
222 1198 303 1226 non
322 1194 451 1235 potest
471 1189 547 1225 nisi
570 1199 638 1237 per
657 1198 895 1226 sermonem.
914 1188 1013 1232 Quia
1035 1189 1157 1235 igitur
1174 1189 1232 1225 1111
1252 1188 1318 1235 qui
1342 1198 1365 1225 a
1379 1190 1459 1225 Deo
1476 1188 1760 1226 revelationem

139 1236 353 1282 accipiunt,
377 1236 597 1272 secundum
620 1236 797 1272 ordinem
821 1235 1010 1272 divinitus
1026 1235 1266 1279 institutum,
1289 1235 1446 1281 aliquos
1476 1235 1672 1273 instruere
1693 1235 1761 1272 de-

139 1283 246 1327 bent,
267 1283 538 1320 necessarium
561 1282 634 1319 suit
649 1287 691 1319 ut
711 1283 827 1319 etiam
852 1282 914 1319 bis
935 1282 1062 1328 gratia
1094 1282 1310 1320 locutionis
1345 1283 1516 1327 daretur,
1539 1282 1761 1319 secundum

136 1330 246 1375 quod
264 1331 438 1376 exigeret
456 1330 606 1367 utilitas
621 1339 757 1366 eorum
779 1330 846 1376 qui
869 1333 980 1365 erant
996 1329 1233 1366 instruendi.
1253 1329 1359 1366 Unde
1381 1330 1525 1366 dicitur
1546 1341 1554 1366 ε
1586 1330 1762 1366 Dominus

139 1377 239 1412 dedit
268 1378 359 1412 mihi
389 1378 553 1420 linguam
585 1377 777 1416 eruditam,
800 1379 840 1411 ut
870 1378 983 1411 sciam
1015 1379 1216 1412 sustentare
1239 1386 1331 1420 eum,
1354 1378 1417 1421 qui
1436 1377 1551 1411 lassus
1571 1379 1634 1416 est,
1655 1375 1763 1412 verbo

141 1424 255 1468 (lsai,
275 1433 309 1467 L,
331 1423 382 1469 4);
405 1427 442 1459 et
462 1424 655 1460 Dominus
676 1423 884 1468 discipulis
905 1423 1000 1459 dicit
1020 1434 1028 1459 :
1047 1425 1122 1468 an
1135 1423 1226 1459 dabo
1241 1424 1340 1458 cobis
1352 1433 1388 1459 os
1406 1426 1439 1458 et
1452 1425 1683 1468 sapientiam,
1703 1423 1763 1458 cui

139 1481 208 1505 non
225 1473 395 1516 poterant
413 1471 576 1505 resistere
610 1473 643 1506 et
671 1470 914 1505 contradicere
943 1480 1061 1505 omnes
1083 1471 1286 1506 adversarii
1305 1471 1424 1506 vestri.
1447 1470 1562 1516 (Luc,
1583 1478 1665 1510 xxi,
1686 1469 1758 1516 15.)

142 1517 248 1553 [nde
275 1520 313 1553 et
338 1521 496 1562 propter
518 1517 606 1560 hoc,
628 1517 745 1553 etiam
768 1516 926 1564 quando
948 1517 1121 1562 oportuit
1143 1527 1210 1563 per
1230 1526 1380 1563 paucos
1401 1517 1585 1554 virtutem
1606 1516 1697 1553 fidei
1719 1517 1762 1554 in

140 1564 308 1601 diversis
347 1564 532 1610 gentibus
563 1564 782 1610 praedicari,
817 1564 998 1601 instructi
1028 1569 1118 1600 sunt
1153 1564 1313 1610 quidam
1335 1564 1524 1601 divinitus
1547 1568 1590 1601 ut
1608 1564 1759 1610 linguis

140 1611 264 1647 variis
302 1611 572 1656 loquerentur,
614 1612 717 1647 sicut
751 1611 893 1647 dicitur
912 1623 920 1647 :
954 1612 1092 1656 Repieii
1123 1614 1208 1647 sant
1235 1622 1354 1647 omnes
1385 1612 1527 1656 Spiritu
1558 1614 1695 1654 sancto,
1730 1612 1765 1647 et

138 1660 321 1751 cirpeijunt
352 1659 452 1703 loqui
484 1660 596 1693 variis
629 1659 764 1703 linquis
783 1662 894 1703 prout
924 1659 1084 1704 Spiritus
1104 1662 1249 1695 sanctus
1270 1659 1381 1695 dabat
1401 1659 1518 1704 eloqui
1539 1659 1624 1695 illis.
1646 1658 1759 1704 (Aac,

139 1713 180 1750 11,
197 1708 231 1741 4.

187 1752 275 1796 Sed,
289 1752 382 1799 quia
397 1761 528 1789 sermo
539 1752 769 1798 propositus
781 1751 1083 1789 confirmatione
1099 1752 1250 1799 indiget
1264 1753 1312 1790 ad
1327 1752 1403 1790 hoc
1417 1752 1523 1799 quod
1535 1751 1763 1798 recipiatur,

138 1799 217 1835 nisi
240 1800 290 1836 sit
307 1809 376 1845 per
393 1808 435 1836 se
451 1799 702 1843 manifestus,
725 1809 770 1836 ea
791 1804 920 1836 autem
942 1809 1029 1846 quae
1051 1803 1143 1836 sunt
1162 1798 1253 1836 fidei
1279 1803 1372 1837 sunt
1400 1800 1583 1836 humanae
1614 1798 1762 1836 rationi

138 1845 419 1886 immanifesta,
440 1846 711 1883 necessarium
732 1846 805 1882 fuit
826 1846 976 1893 aliquid
997 1846 1176 1883 adhiberi
1197 1855 1276 1893 quo
1295 1846 1599 1883 confirmaretur
1629 1853 1761 1883 sermo

138 1893 436 1937 praedicantium
456 1892 586 1929 fidem.
612 1895 699 1930 Non
717 1897 848 1929 autem
887 1892 1114 1930 confirmari
1135 1897 1289 1939 poterat
1309 1903 1378 1939 per
1403 1894 1537 1938 aliqua
1568 1892 1766 1938 principia

138 1939 306 1975 rationis
335 1949 405 1985 per
437 1940 598 1976 modum
633 1940 1000 1983 demonstrationis,
1027 1949 1117 1977 cum
1151 1949 1198 1976 ea
1232 1949 1319 1986 quae
1344 1944 1437 1977 sunt
1456 1939 1545 1976 fidei
1569 1939 1764 1977 rationem

138 1986 341 2022 excedant.
368 1987 549 2030 Oportuit
566 1987 687 2033 igitur
707 1986 908 2032 aliquibus
927 1986 1088 2024 indiciis
1123 1985 1350 2024 confirmari
1368 1986 1667 2032 praedicantium
1683 1995 1763 2024 ser-

137 2041 312 2076 monem,
333 2033 478 2079 quibus
499 2034 709 2070 manifeste
739 2033 1016 2070 ostenderetur
1035 2033 1266 2080 hujusmodi
1289 2042 1514 2071 sermonem
1534 2033 1764 2079 procecisse

139 2088 162 2116 a
181 2081 275 2124 Deo,
298 2079 391 2116 dum
409 2080 668 2125 praedicantes
688 2080 783 2117 talia
804 2084 1074 2126 operarentur,
1097 2081 1277 2118 sanando
1311 2080 1493 2117 infirmos
1514 2084 1552 2117 et
1571 2080 1671 2117 alias
1691 2081 1767 2117 vir-

138 2130 243 2163 tutes
279 2127 493 2172 operando,
519 2136 607 2174 quae
625 2135 706 2164 non
726 2131 863 2173 posset
883 2127 1010 2164 facere
1029 2128 1134 2164 alius
1166 2128 1245 2165 nisi
1279 2129 1396 2165 Deus.
1421 2127 1528 2164 Unde
1552 2127 1763 2172 Dominus,

139 2173 360 2219 discipulos
379 2174 428 2210 ad
449 2174 744 2219 praedicandum
764 2174 938 2215 mittens,
962 2174 1059 2211 dixit
1082 2187 1089 2211 :
1111 2176 1276 2221 Infirmos
1297 2179 1432 2215 curate,
1460 2177 1618 2211 mortuos
1649 2176 1765 2210 susei-

139 2223 223 2261 ταῖς,
258 2221 412 2266 leprosos
442 2221 628 2265 mundate,
657 2221 832 2257 daemones
860 2222 978 2266 ejicite
999 2221 1160 2267 (Matth.‚
1183 2230 1223 2266 X,
1246 2222 1295 2268 8);
1322 2225 1360 2258 et
1377 2222 1521 2258 dieitur
1542 2222 1627 2258 :Illi
1645 2224 1766 2258 autem

132 2269 302 2313 profecti,
321 2268 765 2313 praedicaveruntubiqae,
782 2271 931 2304 Domino
951 2272 1171 2315 cooperante,
1194 2272 1228 2306 et
1245 2279 1439 2306 sermonem
1455 2271 1700 2315 confirmante,
1715 2278 1767 2305 se-

138 2315 330 2360 quentibus
349 2316 478 2359 signis.
497 2316 646 2361 (Mara,
668 2324 752 2359 XVI,
771 2316 846 2362 20.)

186 2362 272 2398 Fuit
292 2365 423 2399 autem
443 2365 480 2398 et
500 2362 603 2399 alius
624 2362 940 2399 confirmationis
969 2363 1126 2407 modus,
1158 2366 1214 2408 ut,
1239 2363 1333 2400 dum
1364 2363 1644 2410 praedicatores
1663 2362 1766 2400 veri·

137 2409 229 2445 tatis
265 2418 357 2445 vera
394 2409 666 2446 invenirentur
697 2409 828 2446 dicere
850 2409 896 2446 de
918 2410 1085 2447 occultis
1107 2419 1194 2456 quae
1226 2411 1481 2456 postmodum
1514 2409 1762 2447 manifestari

136 2460 320 2501 possunt,
341 2455 399 2492 eis
420 2456 644 2493 crederetur
661 2466 753 2493 vera
773 2457 997 2493 dicentibus
1022 2457 1069 2493 de
1095 2457 1155 2493 bis
1175 2466 1262 2503 quae
1286 2458 1469 2494 homines
1491 2457 1657 2503 experiri
1679 2465 1762 2494 non

136 2507 306 2547 possunt
328 2514 337 2547 ;
359 2503 463 2539 unde
482 2504 752 2540 necessarium
776 2504 847 2540 fuit
868 2504 1017 2540 donum
1038 2504 1266 2550 prophetiae,
1291 2514 1360 2551 per
1380 2505 1487 2552 quod
1508 2505 1638 2541 futura
1658 2507 1696 2541 et
1715 2511 1762 2540 ea

138 2558 224 2594 quae
240 2550 505 2586 communiter
524 2550 708 2588 homines
729 2551 862 2594 latent,
888 2553 966 2588 Deo
986 2551 1197 2595 revelante,
1217 2556 1383 2597 possent
1403 2553 1587 2589 homines
1612 2558 1761 2601 cogno-

139 2603 248 2633 scere
269 2601 307 2633 et
325 2596 416 2633 aliis
434 2597 633 2641 indicare3
655 2602 698 2634 ut
717 2598 788 2642 sic,
809 2598 902 2634 dum
924 2599 964 2634 in
986 2598 1049 2635 his
1070 2598 1342 2636 invenirentur
1360 2609 1452 2635 vera
1472 2599 1617 2641 dicere,
1637 2597 1679 2633 in
1697 2596 1762 2633 his

139 2651 225 2687 quae
247 2648 339 2679 sunt
355 2643 446 2680 fidei
467 2644 525 2681 eis
545 2645 782 2682 crederetur.
806 2645 913 2681 Unde
939 2645 1154 2691 Apostolus
1179 2645 1273 2682 dicit
1295 2658 1303 2683 :
1325 2646 1368 2683 Si
1396 2650 1514 2681 autem
1537 2653 1653 2680 omnes
1682 2652 1765 2688 pro·

132 2688 293 2733 phetent,
313 2692 422 2726 intret
442 2694 560 2727 autem
580 2694 660 2737 quis
680 2692 835 2738 infidelis
864 2693 916 2727 rel
950 2693 1078 2733 idiota,
1112 2694 1336 2728 convincitur
1358 2693 1402 2728 ab
1424 2692 1600 2733 omnibus,
1621 2690 1762 2735 dijudi-

139 2738 242 2770 catur
273 2736 316 2770 ab
348 2739 532 2781 omnibus3
556 2741 693 2774 occulta
713 2740 829 2775 cordis
850 2740 928 2784 ejus
954 2741 1150 2783 manifesta
1180 2743 1277 2779 sunt,
1299 2743 1332 2776 et
1351 2742 1405 2775 ita
1423 2739 1551 2775 cadens
1578 2740 1615 2773 in
1635 2739 1765 2781 faciem

140 2781 309 2817 adorabit
325 2785 448 2824 Deam,
467 2788 711 2829 pronuntians
731 2787 826 2831 quod
844 2797 923 2821 tere
943 2789 1036 2822 Deus
1054 2789 1090 2822 in
1110 2787 1212 2822 nobis
1231 2789 1291 2823 sit.
1315 2786 1349 2833 (I
1366 2787 1460 2828 Cor„
1480 2793 1590 2828 XXIV,
1611 2785 1686 2830 ⁶25.)
1737 2831 1743 2836 ι

188 2830 274 2865 Non
294 2833 424 2866 autem
445 2840 513 2875 per
528 2832 603 2869 hoc
624 2833 839 2878 prophetiae
859 2834 1006 2870 donum
1027 2833 1232 2871 sufficiens
1251 2832 1523 2870 testimonium
1547 2832 1634 2868 fidei
1654 2831 1764 2868 adin-

137 2873 309 2922 beretur‚
348 2877 426 2914 nisi
459 2883 565 2915 esset
600 2879 647 2916 de
680 2880 742 2917 his
777 2890 864 2927 quae
890 2892 911 2918 a
943 2881 1030 2918 solo
1063 2883 1143 2919 Deo
1175 2880 1365 2929 cognosci
1387 2883 1557 2926 possunt
1575 2891 1582 2924 ;
1606 2879 1709 2917 sicut
1728 2880 1767 2916 et
