1894 3223
119 111 187 146 600
712 107 800 143 Llss.
827 106 886 145 iv,
914 106 1014 143 CAP.
1042 88 1140 142 [xv.

760 250 928 291 CAPUT
962 250 1100 293 LXIV.

381 365 539 395 SOLUTIO
564 365 696 394 EORUM
721 365 808 399 QUAE
833 364 1135 394 OBJICIEBANTUR
1158 363 1210 393 Ex
1234 365 1359 394 PARTE
1383 365 1481 395 Locl.

169 471 237 508 His
270 470 390 517 igitur
419 469 683 507 consideratis
715 468 821 506 circa
854 468 1017 506 modurn
1050 468 1340 512 conversionis,
1361 469 1410 506 ad
1440 469 1518 507 alia
1549 469 1740 508 solvenda

120 518 238 556 nohis
260 518 510 563 aliquatenus
531 516 595 553 via
621 518 738 562 patet.
759 515 911 552 Dictum
932 518 992 552 est
1012 515 1118 552 enim
1138 514 1243 562 quod
1265 515 1378 552 locus
1398 515 1438 552 in
1469 525 1546 562 quo
1565 517 1639 554 hoc
1661 517 1740 564 agi-

120 569 184 602 tur
201 567 492 602 sacramentum
511 562 738 600 attribuitur
757 562 913 608 corpori
936 562 1092 607 Christi,
1113 561 1270 614 ratione·
1299 561 1595 600 dimensionum
1623 563 1738 609 panis

121 611 408 649 remanentium
428 613 518 655 post
538 609 839 647 conversionem
859 608 1092 646 substantiae
1124 617 1240 654 panis
1260 617 1301 644 16
1328 617 1474 655 6016115
1495 610 1652 646 Christi.
1675 611 1739 647 Se-

121 658 294 696 cundum
317 657 392 694 1106
410 657 532 703 igitur
550 666 596 693 ea
614 666 700 703 quae
716 656 858 693 Christi
878 659 972 693 sunt
986 664 1151 692 necesse
1171 659 1231 692 est
1251 664 1342 693 6556
1358 655 1399 692 in
1423 656 1512 693 loco
1533 656 1736 703 praedicto,

122 705 339 743 secundum
361 704 466 750 quod
494 703 613 750 exigit
633 703 731 740 ratio
759 702 1035 740 conversionis
1055 702 1264 748 praedictae.

169 751 509 789 Considerandum
533 754 592 787 est
611 750 730 797 igitur
750 750 790 785 in
812 750 886 786 hoc
907 752 1156 786 sacramento
1175 749 1325 796 aliquid
1346 758 1435 787 csse
1455 759 1503 787 ex
1521 749 1558 787 vi
1578 759 1738 787 conver-

121 799 263 843 sionis,
286 798 434 844 aliquid
456 801 585 834 autem
604 807 652 834 ex
673 797 840 833 naturali
863 796 1183 833 concomitantia.
1204 798 1257 833 Ex
1276 797 1312 832 vi
1334 796 1492 844 quidem
1508 797 1738 834 conversio-

121 846 185 882 nis
208 845 325 882 estin
346 845 419 881 1106
441 847 691 881 sacramento
718 844 815 880 illud
843 843 891 880 ad
925 843 1031 889 quod
1063 843 1210 880 directe
1242 843 1449 880 conversio
1478 843 1737 889 terminatur;

121 893 222 929 sicut
245 891 318 928 sub
338 891 545 937 speciebus
566 891 680 936 panis
702 899 846 936 corpus
869 890 1026 934 Christi,
1049 890 1090 926 in
1126 890 1232 936 quod
1253 890 1475 927 substantia
1503 891 1619 936 panis
1649 900 1741 928 con-

121 939 297 983 vertitur,
323 943 363 976 ut
386 948 454 983 per
473 938 591 974 verba
611 938 926 974 consecrationis
947 940 1064 983 patet,
1091 946 1212 984 quum
1234 937 1375 974 dicitur
1397 949 1405 973 ε
1438 938 1511 973 Hoc
1531 939 1583 973 est
1613 948 1741 984 corpus

120 997 260 1029 meum3
282 989 319 1022 et
337 985 519 1022 similiter
538 984 611 1022 suh
633 984 763 1030 specie
782 984 864 1020 vini
883 986 944 1021 est
964 984 1130 1030 sanguis
1156 984 1315 1028 Christi,
1336 993 1459 1030 quum
1480 983 1624 1021 dicitur
1643 996 1652 1021 :
1673 986 1740 1021 Hic

122 1036 171 1069 est
192 1033 289 1068 calice
307 1033 498 1077 sanquinz‘s
515 1033 596 1072 mei,
613 1035 686 1068 etc.
707 1031 780 1067 Sed
802 1041 847 1067 ex
869 1031 1038 1068 naturali
1060 1031 1371 1068 concomitantia
1402 1034 1496 1068 sunt
1527 1031 1582 1068 ibi
1604 1032 1740 1070 omnia

122 1079 213 1123 alia,
237 1079 285 1117 ad
305 1089 392 1126 quae
412 1079 621 1116 conversio
643 1087 724 1115 6011
743 1078 990 1122 terminatur,
1018 1077 1087 1115 sed
1105 1081 1236 1115 tamen
1255 1077 1290 1115 ei
1313 1078 1355 1115 111
1381 1077 1488 1125 quod
1507 1078 1742 1116 terminatur

122 1131 215 1164 sunt
236 1126 394 1163 realiter
414 1125 638 1172 conjuncta.
660 1125 910 1162 Manifestum
945 1127 1005 1162 est
1023 1125 1128 1161 enim
1151 1124 1257 1172 quod
1283 1124 1492 1162 conversio
1522 1125 1637 1170 panis
1658 1134 1741 1163 non

121 1173 354 1214 terminatur
371 1172 412 1209 in
433 1172 676 1209 divinitatem
697 1172 838 1209 Christi
859 1181 986 1218 neque
1007 1172 1047 1208 in
1070 1171 1155 1217 ejus
1176 1172 1376 1216 animam;
1399 1171 1468 1210 sed
1502 1175 1633 1210 tamen
1664 1172 1739 1210 sub

123 1220 253 1266 specie
279 1219 394 1266 panis
412 1222 472 1256 est
498 1219 631 1255 anima
651 1219 791 1255 Christi
814 1222 851 1255 et
871 1218 955 1264 ejus
975 1217 1176 1263 divinitas,
1194 1223 1353 1264 propter
1373 1218 1559 1256 unionem
1594 1219 1736 1256 utrius-

122 1277 197 1313 que
219 1266 266 1304 ad
284 1275 428 1313 corpus
448 1266 602 1303 Christi.
627 1265 665 1302 Si
684 1274 776 1302 vero
797 1265 836 1302 111
859 1265 988 1302 triduo
1010 1266 1150 1302 mortis
1173 1265 1314 1302 Christi
1335 1265 1411 1302 hoc
1442 1270 1734 1303 sacramentum

122 1314 361 1350 celebratum
382 1313 535 1357 suisset,
558 1321 637 1349 non
662 1312 803 1349 suisset
824 1312 897 1350 sub
913 1312 1044 1358 specie
1064 1312 1179 1358 panis
1202 1312 1335 1349 anima
1356 1312 1510 1353 Christi,
1537 1313 1631 1359 quia
1653 1322 1737 1350 rea-

122 1361 211 1397 liter
231 1369 310 1397 non
332 1363 413 1396 erat.
432 1359 586 1405 corpori
608 1359 692 1405 eJ'us
714 1359 824 1395 unita
842 1371 849 1403 ;
875 1361 912 1396 et
931 1359 1113 1396 similiter
1134 1368 1206 1395 nec
1221 1359 1295 1396 sub
1316 1359 1446 1404 566616
1462 1359 1576 1405 panis
1596 1359 1740 1397 fuisset

123 1407 286 1454 sanguis
307 1416 379 1443 nec
400 1406 473 1443 sub
502 1406 634 1452 specie
655 1406 735 1442 vini
772 1415 930 1451 corpus,
963 1409 1122 1451 propter
1155 1406 1446 1451 separationem
1475 1406 1680 1453 utriusque
1698 1407 1741 1443 111

121 1458 260 1491 morte.
284 1455 395 1490 Nunc
416 1457 560 1497 autem,
589 1453 683 1499 quia
702 1462 847 1499 eorpus
869 1452 1011 1490 Christi
1031 1453 1073 1489 in
1094 1461 1167 1489 sua
1189 1455 1329 1489 natura
1356 1461 1438 1489 non
1459 1456 1520 1490 est
1539 1453 1627 1490 sine
1645 1462 1737 1490 san-

121 1501 255 1547 guiue,
278 1500 352 1537 sub
373 1504 538 1546 utraque
557 1500 688 1545 specie
710 1500 936 1547 continetur
954 1508 1098 1545 corpus
1121 1502 1158 1536 et
1178 1500 1370 1546 sanguis;
1400 1499 1470 1537 sed
1502 1499 1577 1538 sub
1607 1501 1740 1547 specie

121 1548 238 1593 panis
256 1547 482 1585 continetur
498 1555 642 1592 corpus
664 1557 710 1584 ex
738 1546 774 1583 vi
806 1546 1093 1591 conversionis,
1125 1548 1291 1593 sanguis
1323 1550 1454 1584 autem
1485 1556 1534 1584 ex
1567 1547 1738 1585 naturali

121 1594 455 1638 concomitantia;
478 1593 552 1631 sub
574 1594 705 1640 specie
727 1596 856 1630 autem
876 1594 973 1638 vini,
995 1603 1016 1630 e
1036 1603 1242 1630 converso.

168 1643 241 1678 Per
260 1641 395 1678 eadem
418 1641 530 1677 etiam
553 1644 657 1686 patet
679 1641 823 1678 solutio
843 1640 892 1677 ad
914 1640 954 1678 id
975 1640 1080 1687 quod
1101 1640 1361 1687 objiciebatur
1392 1640 1439 1677 de
1468 1640 1736 1688 inaequalitate

121 1688 300 1734 corporis
319 1687 460 1725 Christi
483 1688 530 1724 ad
552 1688 681 1724 locum
702 1688 830 1733 panis.
860 1688 1088 1725 Substantia
1111 1688 1217 1724 enim
1237 1687 1352 1733 panis
1375 1687 1521 1724 directe
1542 1689 1735 1725 converti-

119 1735 239 1772 turin
261 1734 522 1772 substantiam
544 1735 722 1781 corporis
740 1735 906 1779 Christi;
944 1734 1215 1772 dimensiones
1246 1738 1376 1771 autem
1398 1735 1575 1781 corporis
1597 1735 1738 1784 Christi

121 1785 215 1819 sunt
235 1782 274 1818 in
296 1786 543 1819 sacramento
567 1791 613 1818 ex
634 1782 803 1819 naturali
825 1782 1145 1826 concomitantia,
1167 1790 1248 1818 non
1281 1785 1412 1819 autem
1435 1791 1482 1818 ex
1506 1782 1544 1818 vi
1576 1783 1739 1819 e‘onver-

121 1829 262 1873 sionis,
283 1838 404 1876 quum
426 1829 696 1866 dimensiones
715 1829 829 1874 panis
847 1832 1090 1866 remaneant.
1112 1829 1174 1866 Sic
1191 1829 1312 1876 igitur
1331 1838 1476 1875 corpus
1491 1829 1636 1867 Christi
1657 1838 1738 1866 non

115 1880 371 1926 comparatur
393 1876 440 1912 ad
462 1876 567 1912 hunc
599 1876 729 1912 locum
763 1876 1029 1913 mediantibus
1058 1875 1378 1913 dimensionibus
1397 1876 1584 1922 propriis,
1606 1879 1648 1913 ut
1680 1876 1738 1913 eis

120 1926 299 1969 oporteat
319 1922 515 1969 adaequari
546 1923 692 1966 locum,
720 1923 789 1959 sed
822 1922 1090 1961 mediantibus
1126 1922 1446 1960 dimensionibus
1474 1922 1588 1968 panis
1615 1931 1739 1960 rema-

119 1969 319 2013 nentibus,
336 1969 479 2016 quibus
499 1969 612 2006 locus
635 1969 876 2015 adaequatur.

169 2016 260 2052 Inde
281 2016 397 2052 etiam
419 2018 525 2061 patet
544 2016 692 2052 solutio
713 2016 760 2052 ad
782 2016 819 2053 id
841 2016 946 2063 quod
968 2016 1224 2063 objiciebatur
1242 2016 1289 2053 de
1304 2015 1528 2062 pluralitate
1543 2015 1736 2054 locorum.

120 2064 270 2108 Corpus
293 2063 397 2099 enim
420 2063 562 2099 Christi
583 2072 651 2108 per
675 2072 770 2100 suas
795 2064 976 2109 proprias
998 2063 1270 2101 dimensiones
1302 2064 1344 2100 in
1367 2071 1449 2100 uno
1476 2066 1630 2100 tantum
1651 2063 1738 2101 loco

120 2110 265 2154 existit,
290 2109 371 2153 sed,
400 2109 668 2146 mediantibus
698 2110 1015 2147 dimensionibus
1042 2110 1157 2157 panis
1183 2110 1226 2150 111
1254 2110 1387 2157 ipsum
1417 2110 1674 2153 transeuntis,
1697 2110 1740 2147 in

117 2159 173 2193 tot
193 2157 292 2193 locis
314 2159 373 2193 est
393 2156 433 2193 in
454 2159 550 2203 quot
569 2155 799 2202 hujusmodi
828 2157 1035 2195 conversio
1057 2158 1176 2195 fuerit
1202 2157 1399 2195 celebrata
1421 2169 1431 2201 ;
1465 2165 1545 2194 non
1579 2157 1738 2203 quidem

119 2204 289 2240 divisum
309 2213 379 2250 per
399 2207 542 2250 partes,
564 2204 634 2241 sed
653 2203 851 2251 integrum
864 2204 905 2241 in
928 2214 1170 2252 unoquoque
1187 2216 1197 2251 ;
1219 2213 1311 2243 nam
1326 2204 1491 2252 quilibet
1510 2205 1626 2250 panis
1639 2213 1739 2242 con·

119 2254 297 2288 secretus
318 2251 359 2288 in
379 2250 578 2298 integrum
599 2259 744 2298 corpus
766 2251 910 2289 Christi
930 2251 1183 2290 convertitur.

767 2398 935 2441 CAPUT
961 2398 1080 2441 LXV.

280 2520 439 2550 SOLUTIO
464 2520 597 2550 EORUM
622 2519 708 2554 QUAE
734 2519 1034 2550 OBJIGIEBANTUR
1058 2518 1111 2548 Ex
1139 2518 1267 2549 PARTE
1291 2518 1570 2549 AGGIDENTIUM.

161 2629 220 2665 Sic
238 2629 357 2676 igitur
377 2629 607 2666 difficultate
627 2629 758 2666 soluta
779 2638 865 2675 quae
884 2638 930 2665 ex
949 2629 1037 2666 loco
1059 2628 1217 2672 accidit,
1239 2627 1533 2680 inspiciendum
1549 2631 1610 2680 est
1628 2627 1674 2664 de
1690 2637 1736 2664 ea

115 2684 202 2721 quae
218 2685 263 2712 ex
284 2676 552 2713 accidentibus
574 2676 872 2713 remanentibus
894 2685 983 2713 esse
1002 2675 1171 2713 videtur.
1191 2677 1277 2712 Non
1309 2684 1414 2711 enim
1435 2684 1571 2721 negari
1606 2677 1735 2720 potest

114 2721 332 2759 accidentia
346 2723 459 2768 panis
481 2723 611 2760 etvini
630 2732 848 2767 remanere,
863 2732 985 2770 quum
1013 2731 1158 2760 sensus
1177 2722 1254 2760 hoc
1271 2721 1533 2759 infallibiliter
1545 2720 1730 2771 demons-

113 2772 200 2805 tret.
223 2770 353 2815 Neque
373 2769 436 2806 1115
454 2779 599 2816 6016115
619 2771 762 2807 Christi
783 2774 850 2807 aut
871 2769 1038 2816 sanguis
1070 2768 1254 2814 afficitur,
1287 2768 1377 2816 quia
1415 2768 1491 2805 hoc
1521 2768 1608 2804 sine
1644 2776 1729 2812 eJus

114 2815 343 2852 alteratione
363 2825 450 2852 esse
475 2826 554 2853 non
575 2821 724 2864 posset,
747 2827 819 2853 nec
839 2817 977 2854 talium
996 2815 1258 2853 accidentium
1289 2824 1413 2861 capax
1434 2818 1498 2866 est
1519 2825 1528 2858 ;
1548 2813 1730 2866 similiter

113 2866 243 2901 autem
269 2866 306 2900 et
347 2862 569 2900 substantia
605 2864 720 2901 aeris.
742 2864 849 2901 Unde
888 2863 1124 2911 relinquitur
1158 2862 1265 2910 quod
1298 2862 1379 2901 siut
1408 2870 1495 2898 51116
1530 2859 1728 2908 subjecto,
