1894 3223
0 55 6 63 ι
55 54 59 58 >
85 59 91 69 0
113 62 121 71 '
141 57 149 63 -
214 65 219 72 r
234 50 243 72 γ’

710 153 797 190 tin.
826 154 854 198 i,
882 153 982 189 car.
1011 152 1127 188 XLtv.
1682 155 1727 186 to

108 237 296 292 quodque
311 236 393 284 agit
412 243 482 282 per
499 242 614 273 stiam
633 233 814 276 formam,
836 241 923 278 queo
946 231 1002 267 vel
1026 235 1085 282 est
1104 231 1279 268 essentia
1292 230 1464 276 ejus,vel
1478 239 1568 276 pars
1589 239 1724 283 essen-

108 289 188 327 tiae.
210 288 335 322 virtus
356 287 486 320 autem
501 280 738 327 principium
759 278 928 317 actionis
957 281 1145 315 nominat.
1165 278 1239 315 Sed
1265 280 1367 316 Deus
1403 286 1483 314 non
1535 277 1622 314 ”ibet
1647 287 1723 314 vir-

109 335 233 371 tutem
253 330 420 368 activam
442 328 610 366 finitam.
629 328 754 364 Movet
772 326 875 363 enim
899 325 937 361 iii
960 329 1133 370 tempore
1155 324 1324 369 infinito,
1355 325 1459 372 quod
1494 331 1519 360 n
1551 333 1573 360 n
1595 328 1724 370 potest

111 387 202 416 esse
223 377 302 415 nisi
336 386 360 415 a
377 376 519 413 virtute
541 373 708 417 infinita,
732 377 774 409 ut
792 382 927 425 *supi-a
949 372 1047 418 (rzip.
1072 372 1132 419 20)
1155 377 1360 410 ostensum
1387 376 1458 409 est.
1479 372 1727 419 Relinquitur

111 427 236 474 igitur
254 424 323 462 Dei
343 423 558 462 essentiam
578 430 667 459 esse
688 419 896 457 infinitam.
1500 466 1506 471 ·

160 474 249 510 Baec
281 475 412 510 autem
439 470 539 507 ratio
557 472 617 506 est
634 467 851 505 secundum
875 470 1067 511 ponentes
1093 467 1348 504 {eternitatem
1371 465 1523 509 mundi,
1545 475 1622 512 qua
1643 474 1722 503 non

111 520 256 567 posita,
278 518 408 556 adhuc
428 517 556 563 magis
578 514 834 553 confirmatur
849 514 984 558 opinio
1005 513 1051 549 de
1066 512 1259 550 infinitate
1281 513 1423 550 divinae
1443 513 1613 550 virtutis.
1628 514 1723 549 Naiii

113 565 427 613 unumquodque
446 572 571 611 agens
599 566 711 599 tanto
744 566 803 598 est
833 560 1050 597 virtuosius
1082 561 1120 597 in
1143 561 1310 605 agendo,
1329 564 1476 607 quanto
1511 560 1725 606 potentiam

113 614 244 661 magis
282 616 472 650 remotam
508 610 556 648 ab
577 613 666 647 actu
699 609 739 645 in
762 611 891 646 actum
915 607 1077 650 reducit,
1097 608 1201 644 sicut
1221 608 1358 653 majori
1383 608 1522 644 virtute
1545 616 1646 653 opus
1666 611 1725 643 est

114 661 164 699 ad
189 659 501 698 calefaciendum
524 665 665 704 aquam
699 664 817 703 quam
837 654 1068 692 :iei·em.sed
1100 655 1195 691 illud
1217 655 1322 700 quod
1354 654 1517 691 omnino
1551 663 1629 691 non
1653 658 1725 697 est,

114 706 270 745 infinite
294 706 415 744 distat
435 706 482 743 ab
501 708 588 742 actu
616 712 687 740 nec
711 707 771 740 est
787 703 921 748 aliquo
942 702 1058 738 inodo
1084 702 1124 737 iii
1144 702 1332 747 potentia.
1351 696 1477 747 igitur
1498 701 1531 737 si
1552 701 1727 737 mundus

116 755 247 792 factus
265 757 326 791 est
358 756 570 800 postquam
604 750 768 788 omnino
789 750 899 796 prius
939 757 1018 785 non
1057 753 1151 792 erat,
1175 751 1328 794 oportet
1350 748 1510 785 factoris
1547 749 1727 785 virtutem

115 810 208 840 esse
225 800 437 839 infinitam.

165 849 254 886 Haec
271 852 400 885 autern
421 846 520 883 ratio
538 846 654 882 etiam
677 843 895 880 secundum
927 850 1011 885 eos,
1033 841 1098 887 qiii
1119 845 1271 886 ponunt
1296 841 1552 878 {eternitatem
1574 842 1725 884 mundi,

116 895 222 933 valet
239 895 286 932 ad
308 894 553 941 probandum
581 891 815 929 infinitatem
845 889 987 926 divinae
1008 889 1177 925 virtutis.
1204 888 1446 925 Confitentur
1479 889 1584 925 eiiiin
1607 891 1726 925 Deum

118 951 209 980 esse
220 951 381 979 causam
397 940 606 978 mundanae
625 937 870 979 substantiae,
887 935 1066 982 quamvis
1081 944 1166 971 eam
1183 935 1462 981 sempiternam
1475 935 1727 979 arbitrentur,

119 990 297 1027 dicentes
316 989 389 1025 lioc
408 987 526 1024 modo
547 988 668 1022 Deum
689 989 876 1021 aeternum
894 982 1123 1027 sempiterni
1139 982 1275 1019 mundi
1291 991 1450 1019 causam
1465 986 1609 1026 extare,
1628 983 1732 1019 sieut

118 1045 191 1084 pes
210 1035 259 1073 ab
296 1039 444 1072 aeterno
477 1033 620 1071 fuisset
641 1039 762 1068 causa
791 1030 962 1075 vestigii,
985 1030 1018 1065 si
1040 1030 1088 1065 ali
1121 1033 1268 1066 aeterno
1288 1029 1429 1067 fuisset
1451 1030 1669 1074 impressus
1688 1030 1728 1066 in

119 1083 294 1130 pulvere.
315 1083 394 1118 Hac
428 1084 557 1118 autem
580 1079 778 1126 positione
799 1078 901 1113 facia
920 1076 1138 1112 seeundum
1158 1077 1350 1113 rationem
1371 1077 1611 1122 praedi'ctaiii,
1629 1077 1731 1113 iiiiii-

121 1129 300 1168 lominus
315 1129 496 1175 sequitur
510 1127 576 1163 Dei
599 1126 778 1162 virtutem
801 1124 994 1160 intinitam
1015 1132 1103 1160 esse
1123 1132 1213 1160 nam
1234 1124 1317 1160 sive
1338 1134 1385 1160 ex
1404 1127 1578 1169 ternpore
1594 1131 1732 1160 seeun-

120 1176 216 1214 dum
234 1185 322 1217 nos,
340 1176 421 1212 sive
443 1175 492 1212 ab
513 1178 659 1211 aeterno
681 1171 897 1209 secundum
921 1180 989 1208 eos
1010 1180 1071 1207 res
1104 1171 1344 1216 produxerit,
1367 1171 1465 1206 niliil
1488 1179 1576 1207 esse
1603 1173 1733 1215 potest

120 1223 164 1261 in
185 1232 242 1269 re,
262 1223 368 1270 quod
389 1230 468 1259 non
489 1221 574 1267 ipse
604 1219 845 1266 produxerit,
869 1227 957 1254 cum
976 1218 1027 1254 sit
1045 1218 1266 1254 universale
1289 1217 1447 1254 essendi
1478 1218 1730 1263 principium,

117 1274 160 1308 et
187 1271 261 1314 sic,
281 1270 390 1307 nulla
425 1267 711 1315 praesupposita
730 1265 896 1303 materia.
912 1265 971 1302 vel
990 1265 1178 1310 potentia,
1201 1264 1397 1310 produxit.
1422 1265 1581 1310 Oportet
1600 1267 1730 1301 autem

121 1317 418 1364 proportionem
451 1315 607 1352 virtutis
642 1315 774 1351 aetivae
792 1313 968 1358 accipere
989 1312 1205 1349 secundum
1230 1312 1525 1357 proportionem
1549 1312 1733 1357 potentiae

121 1365 306 1412 passivae.
325 1365 421 1401 Nam
461 1366 608 1409 quanto
628 1361 804 1407 potentia
833 1360 991 1406 passiva
1012 1359 1137 1405 major
1166 1359 1393 1404 praeexistit,
1415 1359 1475 1395 vel
1503 1359 1731 1404 praeintelli-

121 1411 242 1459 gitur,
260 1414 369 1448 tanto
385 1409 524 1456 majori
545 1410 685 1445 virtute
706 1408 830 1445 activa
856 1407 897 1442 in
930 1410 1057 1443 actum
1079 1407 1309 1452 completur.
1331 1406 1580 1452 Relinquitur
1600 1405 1733 1453 igitur,

122 1467 212 1496 cum
236 1458 360 1495 virtus
379 1457 491 1494 finita
519 1456 709 1502 producat
743 1454 914 1500 aliquem
937 1453 1119 1490 effectum
1146 1453 1434 1499 praesupposita
1455 1453 1630 1498 potentia
1650 1461 1733 1489 ma·

122 1505 246 1549 teriae,
267 1504 372 1552 quod
392 1505 459 1541 Dei
480 1504 618 1548 virtus,
636 1512 722 1549 quae
738 1502 886 1538 nullam
902 1501 1113 1547 potentiam
1132 1501 1415 1546 praesupponit,
1437 1509 1517 1537 non
1539 1500 1591 1536 sit
1607 1499 1733 1543 finita,

125 1552 194 1589 sed
209 1551 379 1593 infinita,
400 1556 438 1587 et
452 1551 507 1587 ita
524 1550 699 1587 essentia
720 1548 886 1585 infinita.

170 1596 355 1640 Amplius,
371 1604 618 1642 unaq‘laeque
633 1603 697 1631 res
711 1596 820 1632 tanto
835 1597 896 1631 estv
914 1594 1153 1637 diuturnior,
1171 1597 1319 1640 quanto
1337 1594 1422 1638 ejus
1438 1601 1527 1630 esse
1543 1602 1666 1630 causa
1681 1598 1743 1631 est

120 1640 338 1678 efficacior.
360 1642 459 1678 Illud
480 1642 603 1688 igitur
630 1650 744 1682 <iniis
774 1640 1014 1678 diuturnitas
1035 1644 1094 1676 est
1112 1639 1280 1683 infinita,
1299 1643 1451 1685 oportet
1473 1640 1578 1686 quod
1601 1640 1744 1678 habeat

122 1696 214 1726 esse
233 1697 303 1734 per
318 1697 478 1725 causam
498 1688 683 1724 el'ficacice
701 1687 878 1724 infinitam
902 1687 974 1724 Sed
996 1687 1236 1723 diuturnitas
1255 1686 1323 1722 Dei
1340 1690 1399 1723 est
1417 1686 1584 1723 infinita.
1602 1688 1742 1724 Osten-

124 1743 214 1772 sum
235 1738 297 1772 est
313 1735 418 1771 enim
439 1744 561 1780 supra
582 1734 680 1781 (cap.
700 1736 761 1781 45)
779 1735 907 1780 ipsum
926 1743 1015 1770 csse
1032 1738 1236 1770 aeternum.
1257 1734 1351 1770 Cum
1369 1733 1490 1779 igitur
1505 1742 1583 1770 non
1602 1733 1745 1771 haheat

123 1781 243 1819 aliam
263 1790 425 1818 causam
449 1782 512 1818 sui
533 1790 623 1817 esse
643 1785 784 1827 praeter
804 1781 995 1826 seipsum,
1019 1784 1173 1826 oportet
1193 1781 1323 1826 ipsum
1343 1788 1432 1817 esse
1453 1779 1668 1817 infinitum.

172 1827 271 1864 Huic
290 1831 420 1864 autem
444 1827 597 1864 veritati
620 1837 732 1864 sacra
753 1828 954 1872 Scriptura
973 1827 1246 1864 testimonium
1274 1826 1466 1872 perhibet.
1488 1827 1550 1864 Ait
1572 1836 1742 1874 namque

124 1874 362 1914 psalmista:
391 1876 549 1919 Maqnus
580 1876 752 1910 Dominus
780 1878 813 1910 et
847 1875 1045 1910 laudabilis
1068 1875 1189 1915 nimis,
1218 1877 1252 1910 et
1267 1875 1536 1918 maqizitudinis
1563 1875 1641 1920 ejus
1673 1885 1745 1912 iton

119 1924 175 1959 est
192 1922 277 1967 finis
297 1920 416 1967 (Psal.
438 1930 569 1965 cxuv,
590 1923 641 1965 3.)

172 1968 271 2005 Huic
289 1967 408 2005 etiam
429 1968 580 2005 veritati
612 1971 848 2005 attestantur
868 1967 1239 2014 antiquissimorum
1268 1968 1599 2015 philosophorum
1624 1968 1741 2013 dieta,

123 2014 193 2062 qui
213 2023 353 2052 omnes
371 2018 592 2061 posuerunt
610 2015 810 2051 infinitum
833 2015 1002 2060 primum
1026 2024 1156 2052 rerum
1177 2015 1429 2061 principium,
1452 2015 1565 2062 quasi
1588 2015 1636 2052 ab
1656 2015 1746 2060 ipsa

123 2061 287 2098 veritate
308 2062 450 2099 coacti.
473 2062 676 2107 Propriam
697 2062 801 2098 enim
823 2071 960 2099 vocem
980 2062 1230 2109 ignorabant,
1249 2063 1492 2100 aestimantes
1507 2061 1744 2099 infinitatem

123 2107 310 2154 principii
344 2108 393 2145 ad
433 2108 595 2145 modum
628 2109 860 2156 quantitatis
891 2109 1086 2153 discretae,
1119 2110 1339 2146 secundum
1373 2109 1653 2153 Democritum,
1676 2107 1744 2155 qui

122 2154 260 2201 posuit
283 2158 438 2193 atomos
466 2155 646 2193 infinitos
674 2165 803 2193 rerum
838 2155 1046 2202 principia,
1070 2160 1106 2193 et
1126 2157 1344 2194 secundum
1365 2160 1652 2203 Anaxagoram,
1676 2155 1743 2202 qui

123 2201 262 2248 posuit
280 2201 457 2240 infinitas
476 2207 608 2248 pai-tes
630 2203 863 2240 consimiles
889 2203 1084 2249 principia
1103 2213 1234 2240 rerum
1255 2204 1303 2240 ad
1324 2204 1485 2241 modum
1511 2203 1745 2250 quantitatis

125 2247 342 2294 continuae,
360 2249 581 2286 secundum
601 2249 694 2287 illos
715 2250 782 2297 qui
802 2255 1023 2296 posuerunt
1053 2250 1215 2297 aliquod
1245 2251 1499 2295 elementum,
1521 2251 1581 2287 vel
1603 2251 1744 2287 confu-

125 2302 217 2332 sum
237 2294 397 2342 aliquod
418 2295 619 2333 infinitum
639 2306 783 2343 corpus
805 2305 893 2334 esse
914 2297 1084 2343 primum
1099 2298 1278 2334 omnium
1297 2298 1550 2344 principium.
1567 2297 1639 2334 Sed
1654 2305 1744 2333 cum

121 2344 331 2378 ostensum
353 2342 406 2379 sit
423 2352 494 2388 per
512 2344 763 2389 sequentium
792 2344 1120 2389 philosophorum
1150 2345 1339 2389 studium,
1362 2345 1468 2392 quod
1489 2353 1570 2381 non
1592 2348 1651 2381 est
1672 2343 1743 2379 ali-

127 2387 238 2434 quod
256 2397 402 2434 corpus
427 2389 641 2434 infinitum,
662 2396 700 2427 et
721 2391 813 2427 huic
843 2391 1120 2437 conjungatur,
1155 2392 1262 2438 quod
1293 2395 1447 2437 oportet
1481 2395 1541 2428 est
1572 2391 1744 2436 primum

125 2433 366 2480 principium
386 2434 520 2482 aliquo
538 2437 658 2473 modo
688 2437 903 2481 infinitum,
926 2438 1178 2475 concluditur
1208 2439 1315 2485 quod
1346 2447 1474 2484 neque
1506 2442 1567 2474 est
1598 2444 1744 2489 corpus

132 2489 261 2527 neque
291 2481 416 2518 virtus
448 2482 488 2518 in
521 2492 684 2528 corpore
715 2484 914 2522 infinitum
948 2485 1061 2530 illud,
1091 2484 1197 2532 quod
1220 2488 1281 2521 est
1298 2484 1469 2531 primum
1487 2484 1742 2531 principium.

129 2526 162 2574 (1
178 2531 295 2574 part„
314 2537 354 2576 q.
374 2536 445 2572 vn,
463 2532 535 2566 art.
557 2529 608 2576 1.)

746 2646 936 2688 »CAPUT
962 2646 1099 2688 XLIV.
1150 2660 1160 2663 ’

633 2753 733 2787 ouon
758 2754 856 2782 nnus
877 2754 949 2782 EST
973 2755 1235 2784 mammenus.

175 2842 231 2894 Ex
247 2842 469 2888 praemissis
490 2847 620 2880 autem
636 2844 790 2881 ostendi
807 2848 937 2889 potest
955 2845 1059 2891 quod
1075 2846 1179 2883 Deus
1197 2845 1251 2883 sit
1269 2845 1512 2893 intelligens.
1529 2849 1742 2886 ostensum

121 2895 235 2925 onim
255 2893 315 2926 est
331 2899 453 2935 supra
471 2891 576 2937 quod
597 2891 639 2927 in
660 2891 911 2929 moventibus
923 2895 962 2928 et
975 2892 1094 2930 motis
1112 2901 1196 2930 non
1210 2896 1272 2930 cst
1282 2894 1474 2940 possibile
1487 2896 1528 2931 in
1543 2895 1742 2934 infinitum

1535 2969 1554 3001 4
