<?xml version="1.0" encoding="UTF-8"?>
<!DOCTYPE html PUBLIC "-//W3C//DTD XHTML 1.0 Transitional//EN"
    "http://www.w3.org/TR/xhtml1/DTD/xhtml1-transitional.dtd">
<html xmlns="http://www.w3.org/1999/xhtml" xml:lang="en" lang="en">
 <head>
  <title>
</title>
<meta http-equiv="Content-Type" content="text/html;charset=utf-8" />
  <meta name='ocr-system' content='tesseract 3.04.00' />
  <meta name='ocr-capabilities' content='ocr_page ocr_carea ocr_par ocr_line ocrx_word'/>
</head>
<body>
  <div class='ocr_page' id='page_1' title='image "./deveritatecathol00thomuoft_0495.png"; bbox 0 0 1894 3223; ppageno 0'>
   <div class='ocr_carea' id='block_1_1' title="bbox 672 156 1752 200">
    <p class='ocr_par' dir='ltr' id='par_1_1' title="bbox 672 156 1752 200">
     <span class='ocr_line' id='line_1_1' title="bbox 672 156 1752 200; baseline 0.004 -9"><span class='ocrx_word' id='word_1_1' title='bbox 672 156 758 192; x_wconf 85' lang='lat' dir='ltr'>LIB.</span> <span class='ocrx_word' id='word_1_2' title='bbox 787 157 850 200; x_wconf 92' lang='lat' dir='ltr'>III,</span> <span class='ocrx_word' id='word_1_3' title='bbox 879 157 978 193; x_wconf 76' lang='lat' dir='ltr'><strong>CAP.</strong></span> <span class='ocrx_word' id='word_1_4' title='bbox 1008 157 1215 194; x_wconf 77' lang='lat' dir='ltr'>CXXXVIII.</span> <span class='ocrx_word' id='word_1_5' title='bbox 1513 193 1522 200; x_wconf 79' lang='grc'><strong><em>,</em></strong></span> <span class='ocrx_word' id='word_1_6' title='bbox 1684 161 1752 195; x_wconf 72' lang='grc'>455</span> 
     </span>
    </p>
   </div>
   <div class='ocr_carea' id='block_1_2' title="bbox 133 234 1755 2868">
    <p class='ocr_par' dir='ltr' id='par_1_2' title="bbox 133 234 1755 848">
     <span class='ocr_line' id='line_1_2' title="bbox 133 234 1753 284; baseline -0.001 -8"><span class='ocrx_word' id='word_1_7' title='bbox 133 238 235 276; x_wconf 82' lang='lat' dir='ltr'>bene</span> <span class='ocrx_word' id='word_1_8' title='bbox 256 236 467 284; x_wconf 68' lang='lat' dir='ltr'>agendum,</span> <span class='ocrx_word' id='word_1_9' title='bbox 495 236 600 274; x_wconf 86' lang='lat' dir='ltr'>sicut</span> <span class='ocrx_word' id='word_1_10' title='bbox 632 239 692 272; x_wconf 85' lang='lat' dir='ltr'>est</span> <span class='ocrx_word' id='word_1_11' title='bbox 724 235 764 271; x_wconf 93' lang='lat' dir='ltr'>in</span> <span class='ocrx_word' id='word_1_12' title='bbox 795 234 935 281; x_wconf 85' lang='lat' dir='ltr'>beatis,</span> <span class='ocrx_word' id='word_1_13' title='bbox 963 236 1028 282; x_wconf 83' lang='lat' dir='ltr'>qui</span> <span class='ocrx_word' id='word_1_14' title='bbox 1062 245 1225 282; x_wconf 85' lang='lat' dir='ltr'>peccare</span> <span class='ocrx_word' id='word_1_15' title='bbox 1261 245 1341 273; x_wconf 92' lang='lat' dir='ltr'>non</span> <span class='ocrx_word' id='word_1_16' title='bbox 1390 239 1546 282; x_wconf 85' lang='lat' dir='ltr'>essunt,</span> <span class='ocrx_word' id='word_1_17' title='bbox 1575 239 1616 274; x_wconf 90' lang='lat' dir='ltr'>ut</span> <span class='ocrx_word' id='word_1_18' title='bbox 1649 237 1753 274; x_wconf 76' lang='lat' dir='ltr'>intra</span> 
     </span>
     <span class='ocr_line' id='line_1_3' title="bbox 135 282 1752 333; baseline -0.001 -10"><span class='ocrx_word' id='word_1_19' title='bbox 135 285 283 333; x_wconf 88' lang='lat' dir='ltr'>patebit</span> <span class='ocrx_word' id='word_1_20' title='bbox 301 284 384 330; x_wconf 90' lang='lat' dir='ltr'>(lib.</span> <span class='ocrx_word' id='word_1_21' title='bbox 407 292 464 327; x_wconf 78' lang='lat' dir='ltr'>iv,</span> <span class='ocrx_word' id='word_1_22' title='bbox 487 292 572 328; x_wconf 86' lang='lat' dir='ltr'>cap.</span> <span class='ocrx_word' id='word_1_23' title='bbox 594 282 676 328; x_wconf 83' lang='lat'>92);</span> <span class='ocrx_word' id='word_1_24' title='bbox 699 291 772 318; x_wconf 83' lang='lat' dir='ltr'>uec</span> <span class='ocrx_word' id='word_1_25' title='bbox 795 285 925 319; x_wconf 85' lang='lat' dir='ltr'>tamen</span> <span class='ocrx_word' id='word_1_26' title='bbox 960 287 1118 329; x_wconf 87' lang='lat' dir='ltr'>propter</span> <span class='ocrx_word' id='word_1_27' title='bbox 1142 283 1216 320; x_wconf 91' lang='lat' dir='ltr'>hoc</span> <span class='ocrx_word' id='word_1_28' title='bbox 1236 287 1304 320; x_wconf 91' lang='lat' dir='ltr'>aut</span> <span class='ocrx_word' id='word_1_29' title='bbox 1336 283 1361 320; x_wconf 93' lang='lat' dir='ltr'>li</span> <span class='ocrx_word' id='word_1_30' title='bbox 1394 284 1504 321; x_wconf 83' lang='lat' dir='ltr'>ertati</span> <span class='ocrx_word' id='word_1_31' title='bbox 1535 284 1752 322; x_wconf 86' lang='lat' dir='ltr'>voluntatis</span> 
     </span>
     <span class='ocr_line' id='line_1_4' title="bbox 135 328 1751 379; baseline 0 -10"><span class='ocrx_word' id='word_1_32' title='bbox 135 330 285 379; x_wconf 86' lang='lat' dir='ltr'>aliquid</span> <span class='ocrx_word' id='word_1_33' title='bbox 304 330 467 376; x_wconf 89' lang='lat' dir='ltr'>deperit,</span> <span class='ocrx_word' id='word_1_34' title='bbox 493 334 559 367; x_wconf 88' lang='lat' dir='ltr'>aut</span> <span class='ocrx_word' id='word_1_35' title='bbox 580 333 693 366; x_wconf 89' lang='lat' dir='ltr'>actus</span> <span class='ocrx_word' id='word_1_36' title='bbox 723 328 904 365; x_wconf 87' lang='lat' dir='ltr'>bonitati.</span> <span class='ocrx_word' id='word_1_37' title='bbox 928 330 993 366; x_wconf 87' lang='lat' dir='ltr'>Est</span> <span class='ocrx_word' id='word_1_38' title='bbox 1020 333 1150 366; x_wconf 87' lang='lat' dir='ltr'>autern</span> <span class='ocrx_word' id='word_1_39' title='bbox 1181 333 1217 367; x_wconf 90' lang='lat' dir='ltr'>et</span> <span class='ocrx_word' id='word_1_40' title='bbox 1244 330 1322 367; x_wconf 90' lang='lat' dir='ltr'>alia</span> <span class='ocrx_word' id='word_1_41' title='bbox 1350 331 1570 368; x_wconf 75' lang='lat' dir='ltr'>necessitas</span> <span class='ocrx_word' id='word_1_42' title='bbox 1592 341 1639 368; x_wconf 84' lang='lat' dir='ltr'>ex</span> <span class='ocrx_word' id='word_1_43' title='bbox 1659 331 1751 377; x_wconf 88' lang='lat' dir='ltr'>fine,</span> 
     </span>
     <span class='ocr_line' id='line_1_5' title="bbox 136 376 1751 416; baseline -0.001 0"><span class='ocrx_word' id='word_1_44' title='bbox 136 379 240 416; x_wconf 89' lang='lat' dir='ltr'>sicut</span> <span class='ocrx_word' id='word_1_45' title='bbox 264 386 352 415; x_wconf 90' lang='lat' dir='ltr'>cum</span> <span class='ocrx_word' id='word_1_46' title='bbox 385 377 529 414; x_wconf 92' lang='lat' dir='ltr'>dicitur</span> <span class='ocrx_word' id='word_1_47' title='bbox 559 376 677 413; x_wconf 91' lang='lat' dir='ltr'>alicui</span> <span class='ocrx_word' id='word_1_48' title='bbox 714 384 877 412; x_wconf 87' lang='lat' dir='ltr'>necesse</span> <span class='ocrx_word' id='word_1_49' title='bbox 911 385 1000 412; x_wconf 89' lang='lat' dir='ltr'>esse</span> <span class='ocrx_word' id='word_1_50' title='bbox 1024 376 1167 413; x_wconf 84' lang='lat' dir='ltr'>habere</span> <span class='ocrx_word' id='word_1_51' title='bbox 1202 386 1339 414; x_wconf 87' lang='lat' dir='ltr'>navem</span> <span class='ocrx_word' id='word_1_52' title='bbox 1361 381 1402 414; x_wconf 91' lang='lat' dir='ltr'>ut</span> <span class='ocrx_word' id='word_1_53' title='bbox 1439 382 1751 416; x_wconf 81' lang='lat' dir='ltr'>trauseatmare.</span> 
     </span>
     <span class='ocr_line' id='line_1_6' title="bbox 138 422 1753 471; baseline 0 -9"><span class='ocrx_word' id='word_1_54' title='bbox 138 427 243 462; x_wconf 84' lang='lat' dir='ltr'>Patet</span> <span class='ocrx_word' id='word_1_55' title='bbox 261 427 391 462; x_wconf 88' lang='lat' dir='ltr'>autem</span> <span class='ocrx_word' id='word_1_56' title='bbox 412 423 519 471; x_wconf 85' lang='lat' dir='ltr'>quod</span> <span class='ocrx_word' id='word_1_57' title='bbox 541 431 613 461; x_wconf 89' lang='lat' dir='ltr'>nec</span> <span class='ocrx_word' id='word_1_58' title='bbox 634 423 717 460; x_wconf 86' lang='lat' dir='ltr'>haec</span> <span class='ocrx_word' id='word_1_59' title='bbox 735 422 956 460; x_wconf 80' lang='lat' dir='ltr'>necessitas</span> <span class='ocrx_word' id='word_1_60' title='bbox 973 422 1191 461; x_wconf 89' lang='lat' dir='ltr'>libertatem</span> <span class='ocrx_word' id='word_1_61' title='bbox 1210 424 1427 462; x_wconf 85' lang='lat' dir='ltr'>voluntatis</span> <span class='ocrx_word' id='word_1_62' title='bbox 1448 425 1647 465; x_wconf 81' lang='lat' dir='ltr'>diminuit.</span> <span class='ocrx_word' id='word_1_63' title='bbox 1673 427 1753 463; x_wconf 88' lang='lat' dir='ltr'>Nee</span> 
     </span>
     <span class='ocr_line' id='line_1_7' title="bbox 135 469 1754 517; baseline 0.001 -9"><span class='ocrx_word' id='word_1_64' title='bbox 135 475 294 509; x_wconf 80' lang='lat' dir='ltr'>actuum</span> <span class='ocrx_word' id='word_1_65' title='bbox 328 471 566 515; x_wconf 81' lang='lat' dir='ltr'>bonitatern;</span> <span class='ocrx_word' id='word_1_66' title='bbox 601 470 697 517; x_wconf 86' lang='lat' dir='ltr'>quin</span> <span class='ocrx_word' id='word_1_67' title='bbox 730 469 862 515; x_wconf 90' lang='lat' dir='ltr'>potius</span> <span class='ocrx_word' id='word_1_68' title='bbox 896 469 1001 516; x_wconf 89' lang='lat' dir='ltr'>quod</span> <span class='ocrx_word' id='word_1_69' title='bbox 1034 470 1124 516; x_wconf 89' lang='lat' dir='ltr'>quis</span> <span class='ocrx_word' id='word_1_70' title='bbox 1160 471 1240 516; x_wconf 77' lang='lat' dir='ltr'>agit</span> <span class='ocrx_word' id='word_1_71' title='bbox 1260 472 1373 517; x_wconf 87' lang='lat' dir='ltr'>quasi</span> <span class='ocrx_word' id='word_1_72' title='bbox 1398 472 1668 510; x_wconf 85' lang='lat' dir='ltr'>necessarium</span> <span class='ocrx_word' id='word_1_73' title='bbox 1704 472 1754 510; x_wconf 89' lang='lat' dir='ltr'>ad</span> 
     </span>
     <span class='ocr_line' id='line_1_8' title="bbox 133 516 1755 564; baseline 0.001 -8"><span class='ocrx_word' id='word_1_74' title='bbox 133 518 269 563; x_wconf 84' lang='lat' dir='ltr'>finem,</span> <span class='ocrx_word' id='word_1_75' title='bbox 289 527 336 555; x_wconf 87' lang='lat' dir='ltr'>ex</span> <span class='ocrx_word' id='word_1_76' title='bbox 363 518 438 555; x_wconf 86' lang='lat' dir='ltr'>hoc</span> <span class='ocrx_word' id='word_1_77' title='bbox 459 518 546 564; x_wconf 91' lang='lat' dir='ltr'>ipso</span> <span class='ocrx_word' id='word_1_78' title='bbox 568 516 765 555; x_wconf 79' lang='lat' dir='ltr'>laudabile</span> <span class='ocrx_word' id='word_1_79' title='bbox 785 519 859 560; x_wconf 90' lang='lat' dir='ltr'>est,</span> <span class='ocrx_word' id='word_1_80' title='bbox 879 519 916 553; x_wconf 87' lang='lat' dir='ltr'>et</span> <span class='ocrx_word' id='word_1_81' title='bbox 930 520 1039 553; x_wconf 87' lang='lat' dir='ltr'>tanto</span> <span class='ocrx_word' id='word_1_82' title='bbox 1062 516 1316 562; x_wconf 78' lang='lat' dir='ltr'>laudabilius,</span> <span class='ocrx_word' id='word_1_83' title='bbox 1339 523 1486 564; x_wconf 82' lang='lat' dir='ltr'>quanto</span> <span class='ocrx_word' id='word_1_84' title='bbox 1514 519 1605 557; x_wconf 80' lang='lat' dir='ltr'>sinis</span> <span class='ocrx_word' id='word_1_85' title='bbox 1637 519 1755 557; x_wconf 83' lang='lat' dir='ltr'>suerit</span> 
     </span>
     <span class='ocr_line' id='line_1_9' title="bbox 136 563 1754 618; baseline 0.001 -15"><span class='ocrx_word' id='word_1_86' title='bbox 136 565 299 610; x_wconf 86' lang='lat' dir='ltr'>melior;</span> <span class='ocrx_word' id='word_1_87' title='bbox 334 568 438 618; x_wconf 85' lang='lat' dir='ltr'>patet</span> <span class='ocrx_word' id='word_1_88' title='bbox 468 569 599 602; x_wconf 89' lang='lat' dir='ltr'>autern</span> <span class='ocrx_word' id='word_1_89' title='bbox 631 563 735 611; x_wconf 88' lang='lat' dir='ltr'>quod</span> <span class='ocrx_word' id='word_1_90' title='bbox 770 563 990 600; x_wconf 78' lang='lat' dir='ltr'>necessitas</span> <span class='ocrx_word' id='word_1_91' title='bbox 1017 563 1254 601; x_wconf 87' lang='lat' dir='ltr'>observandi</span> <span class='ocrx_word' id='word_1_92' title='bbox 1285 574 1372 612; x_wconf 84' lang='lat' dir='ltr'>quae</span> <span class='ocrx_word' id='word_1_93' title='bbox 1407 566 1497 612; x_wconf 83' lang='lat' dir='ltr'>quis</span> <span class='ocrx_word' id='word_1_94' title='bbox 1536 566 1654 612; x_wconf 83' lang='lat' dir='ltr'>vovit,</span> <span class='ocrx_word' id='word_1_95' title='bbox 1686 569 1754 605; x_wconf 83' lang='lat' dir='ltr'>aut</span> 
     </span>
     <span class='ocr_line' id='line_1_10' title="bbox 136 611 1753 658; baseline 0.001 -8"><span class='ocrx_word' id='word_1_96' title='bbox 136 611 346 650; x_wconf 86' lang='lat' dir='ltr'>obediendi</span> <span class='ocrx_word' id='word_1_97' title='bbox 369 613 404 649; x_wconf 88' lang='lat' dir='ltr'>ei</span> <span class='ocrx_word' id='word_1_98' title='bbox 443 612 505 649; x_wconf 90' lang='lat' dir='ltr'>cui</span> <span class='ocrx_word' id='word_1_99' title='bbox 537 621 579 649; x_wconf 90' lang='lat' dir='ltr'>se</span> <span class='ocrx_word' id='word_1_100' title='bbox 601 611 812 657; x_wconf 77' lang='lat' dir='ltr'>supposuit</span> <span class='ocrx_word' id='word_1_101' title='bbox 833 619 911 647; x_wconf 89' lang='lat' dir='ltr'>non</span> <span class='ocrx_word' id='word_1_102' title='bbox 933 613 993 647; x_wconf 89' lang='lat' dir='ltr'>est</span> <span class='ocrx_word' id='word_1_103' title='bbox 1019 611 1238 648; x_wconf 80' lang='lat' dir='ltr'>necessitas</span> <span class='ocrx_word' id='word_1_104' title='bbox 1266 612 1506 658; x_wconf 80' lang='lat' dir='ltr'>coactionis;</span> <span class='ocrx_word' id='word_1_105' title='bbox 1529 620 1601 651; x_wconf 80' lang='lat' dir='ltr'>nec</span> <span class='ocrx_word' id='word_1_106' title='bbox 1634 613 1753 651; x_wconf 85' lang='lat' dir='ltr'>etiam</span> 
     </span>
     <span class='ocr_line' id='line_1_11' title="bbox 136 658 1753 703; baseline 0.001 -6"><span class='ocrx_word' id='word_1_107' title='bbox 136 662 185 697; x_wconf 83' lang='lat' dir='ltr'>ex</span> <span class='ocrx_word' id='word_1_108' title='bbox 211 659 389 697; x_wconf 86' lang='lat' dir='ltr'>interiori</span> <span class='ocrx_word' id='word_1_109' title='bbox 423 659 682 696; x_wconf 75' lang='lat' dir='ltr'>inclinatione</span> <span class='ocrx_word' id='word_1_110' title='bbox 714 658 965 703; x_wconf 76' lang='lat' dir='ltr'>proveniens,</span> <span class='ocrx_word' id='word_1_111' title='bbox 987 658 1055 694; x_wconf 84' lang='lat' dir='ltr'>sed</span> <span class='ocrx_word' id='word_1_112' title='bbox 1077 668 1125 694; x_wconf 85' lang='lat' dir='ltr'>ex</span> <span class='ocrx_word' id='word_1_113' title='bbox 1148 658 1292 695; x_wconf 86' lang='lat' dir='ltr'>ordine</span> <span class='ocrx_word' id='word_1_114' title='bbox 1314 659 1361 695; x_wconf 88' lang='lat' dir='ltr'>ad</span> <span class='ocrx_word' id='word_1_115' title='bbox 1383 659 1499 696; x_wconf 79' lang='lat' dir='ltr'>finem</span> <span class='ocrx_word' id='word_1_116' title='bbox 1524 671 1533 695; x_wconf 74' lang='grc' dir='ltr'>ε</span> <span class='ocrx_word' id='word_1_117' title='bbox 1557 664 1617 698; x_wconf 89' lang='lat' dir='ltr'>est</span> <span class='ocrx_word' id='word_1_118' title='bbox 1647 660 1753 700; x_wconf 90' lang='lat' dir='ltr'>enim</span> 
     </span>
     <span class='ocr_line' id='line_1_12' title="bbox 138 705 1753 753; baseline 0 -8"><span class='ocrx_word' id='word_1_119' title='bbox 138 707 410 745; x_wconf 86' lang='lat' dir='ltr'>necessarium</span> <span class='ocrx_word' id='word_1_120' title='bbox 427 706 583 744; x_wconf 90' lang='lat' dir='ltr'>voventi</span> <span class='ocrx_word' id='word_1_121' title='bbox 607 706 680 742; x_wconf 83' lang='lat' dir='ltr'>lioc</span> <span class='ocrx_word' id='word_1_122' title='bbox 700 705 758 741; x_wconf 82' lang='lat' dir='ltr'>vel</span> <span class='ocrx_word' id='word_1_123' title='bbox 780 705 875 741; x_wconf 89' lang='lat' dir='ltr'>illud</span> <span class='ocrx_word' id='word_1_124' title='bbox 899 714 1028 751; x_wconf 81' lang='lat' dir='ltr'>agere,</span> <span class='ocrx_word' id='word_1_125' title='bbox 1051 705 1085 741; x_wconf 87' lang='lat' dir='ltr'>si</span> <span class='ocrx_word' id='word_1_126' title='bbox 1107 705 1364 743; x_wconf 83' lang='lat' dir='ltr'>debetvotum</span> <span class='ocrx_word' id='word_1_127' title='bbox 1382 706 1549 753; x_wconf 79' lang='lat' dir='ltr'>impleri,</span> <span class='ocrx_word' id='word_1_128' title='bbox 1573 710 1640 745; x_wconf 91' lang='lat' dir='ltr'>aut</span> <span class='ocrx_word' id='word_1_129' title='bbox 1659 707 1753 745; x_wconf 87' lang='lat' dir='ltr'>obe·</span> 
     </span>
     <span class='ocr_line' id='line_1_13' title="bbox 136 751 1750 801; baseline 0.001 -10"><span class='ocrx_word' id='word_1_130' title='bbox 136 753 286 792; x_wconf 86' lang='lat' dir='ltr'>dientia</span> <span class='ocrx_word' id='word_1_131' title='bbox 305 753 468 791; x_wconf 84' lang='lat' dir='ltr'>servari.</span> <span class='ocrx_word' id='word_1_132' title='bbox 489 754 582 791; x_wconf 89' lang='lat' dir='ltr'>Cum</span> <span class='ocrx_word' id='word_1_133' title='bbox 609 753 730 800; x_wconf 82' lang='lat' dir='ltr'>igitur</span> <span class='ocrx_word' id='word_1_134' title='bbox 753 752 790 789; x_wconf 82' lang='lat' dir='ltr'>hi</span> <span class='ocrx_word' id='word_1_135' title='bbox 820 751 919 788; x_wconf 83' lang='lat' dir='ltr'>fines</span> <span class='ocrx_word' id='word_1_136' title='bbox 940 752 1161 789; x_wconf 83' lang='lat' dir='ltr'>laudabiles</span> <span class='ocrx_word' id='word_1_137' title='bbox 1182 753 1276 798; x_wconf 86' lang='lat' dir='ltr'>sint,</span> <span class='ocrx_word' id='word_1_138' title='bbox 1306 757 1440 798; x_wconf 83' lang='lat' dir='ltr'>utpote</span> <span class='ocrx_word' id='word_1_139' title='bbox 1463 755 1607 801; x_wconf 77' lang='lat' dir='ltr'>quibus</span> <span class='ocrx_word' id='word_1_140' title='bbox 1629 754 1750 792; x_wconf 85' lang='lat' dir='ltr'>homo</span> 
     </span>
     <span class='ocr_line' id='line_1_14' title="bbox 138 799 1650 848; baseline 0.001 -10"><span class='ocrx_word' id='word_1_141' title='bbox 138 802 218 839; x_wconf 89' lang='lat' dir='ltr'>Deo</span> <span class='ocrx_word' id='word_1_142' title='bbox 238 809 281 838; x_wconf 86' lang='lat' dir='ltr'>se</span> <span class='ocrx_word' id='word_1_143' title='bbox 300 800 474 848; x_wconf 91' lang='lat' dir='ltr'>subjicit,</span> <span class='ocrx_word' id='word_1_144' title='bbox 497 800 717 838; x_wconf 79' lang='lat' dir='ltr'>necessitas</span> <span class='ocrx_word' id='word_1_145' title='bbox 744 799 931 846; x_wconf 83' lang='lat' dir='ltr'>praedicta</span> <span class='ocrx_word' id='word_1_146' title='bbox 951 799 1051 836; x_wconf 83' lang='lat' dir='ltr'>nihil</span> <span class='ocrx_word' id='word_1_147' title='bbox 1070 799 1256 837; x_wconf 89' lang='lat' dir='ltr'>diminuit</span> <span class='ocrx_word' id='word_1_148' title='bbox 1276 799 1323 837; x_wconf 92' lang='lat' dir='ltr'>de</span> <span class='ocrx_word' id='word_1_149' title='bbox 1343 800 1458 838; x_wconf 89' lang='lat' dir='ltr'>laude</span> <span class='ocrx_word' id='word_1_150' title='bbox 1481 801 1650 839; x_wconf 89' lang='lat' dir='ltr'>virtutis.</span> 
     </span>
    </p>

    <p class='ocr_par' dir='ltr' id='par_1_3' title="bbox 135 846 1755 1838">
     <span class='ocr_line' id='line_1_15' title="bbox 186 846 1753 897; baseline 0.001 -12"><span class='ocrx_word' id='word_1_151' title='bbox 186 849 253 885; x_wconf 85' lang='lat' dir='ltr'>Est</span> <span class='ocrx_word' id='word_1_152' title='bbox 272 851 403 885; x_wconf 88' lang='lat' dir='ltr'>autem</span> <span class='ocrx_word' id='word_1_153' title='bbox 435 848 601 885; x_wconf 89' lang='lat' dir='ltr'>ulterius</span> <span class='ocrx_word' id='word_1_154' title='bbox 622 846 969 886; x_wconf 82' lang='lat' dir='ltr'>considerandum,</span> <span class='ocrx_word' id='word_1_155' title='bbox 992 846 1221 892; x_wconf 85' lang='lat' dir='ltr'>quod,dum</span> <span class='ocrx_word' id='word_1_156' title='bbox 1256 847 1471 893; x_wconf 84' lang='lat' dir='ltr'>implentur</span> <span class='ocrx_word' id='word_1_157' title='bbox 1505 849 1637 896; x_wconf 85' lang='lat' dir='ltr'>aliqua</span> <span class='ocrx_word' id='word_1_158' title='bbox 1666 858 1753 897; x_wconf 81' lang='lat' dir='ltr'>quae</span> 
     </span>
     <span class='ocr_line' id='line_1_16' title="bbox 137 893 1755 943; baseline 0.001 -11"><span class='ocrx_word' id='word_1_159' title='bbox 137 896 228 941; x_wconf 78' lang='lat' dir='ltr'>quis</span> <span class='ocrx_word' id='word_1_160' title='bbox 258 895 364 933; x_wconf 83' lang='lat' dir='ltr'>vovit</span> <span class='ocrx_word' id='word_1_161' title='bbox 398 895 457 931; x_wconf 88' lang='lat' dir='ltr'>vel</span> <span class='ocrx_word' id='word_1_162' title='bbox 491 904 577 941; x_wconf 67' lang='lat' dir='ltr'>qua}</span> <span class='ocrx_word' id='word_1_163' title='bbox 616 894 691 931; x_wconf 88' lang='lat' dir='ltr'>sibi</span> <span class='ocrx_word' id='word_1_164' title='bbox 740 894 1022 939; x_wconf 74' lang='lat' dir='ltr'>praecipiuntur</span> <span class='ocrx_word' id='word_1_165' title='bbox 1055 893 1103 930; x_wconf 90' lang='lat' dir='ltr'>ab</span> <span class='ocrx_word' id='word_1_166' title='bbox 1133 903 1180 931; x_wconf 93' lang='lat' dir='ltr'>eo</span> <span class='ocrx_word' id='word_1_167' title='bbox 1215 895 1276 931; x_wconf 90' lang='lat' dir='ltr'>cui</span> <span class='ocrx_word' id='word_1_168' title='bbox 1313 904 1356 931; x_wconf 91' lang='lat' dir='ltr'>se</span> <span class='ocrx_word' id='word_1_169' title='bbox 1389 895 1562 932; x_wconf 89' lang='lat' dir='ltr'>subdidit</span> <span class='ocrx_word' id='word_1_170' title='bbox 1596 901 1755 943; x_wconf 85' lang='lat' dir='ltr'>propter</span> 
     </span>
     <span class='ocr_line' id='line_1_17' title="bbox 139 940 1751 989; baseline 0.002 -11"><span class='ocrx_word' id='word_1_171' title='bbox 139 943 278 986; x_wconf 83' lang='lat' dir='ltr'>Deum,</span> <span class='ocrx_word' id='word_1_172' title='bbox 299 941 438 989; x_wconf 85' lang='lat' dir='ltr'>majori</span> <span class='ocrx_word' id='word_1_173' title='bbox 460 942 575 979; x_wconf 86' lang='lat' dir='ltr'>laude</span> <span class='ocrx_word' id='word_1_174' title='bbox 596 946 634 978; x_wconf 83' lang='lat' dir='ltr'>et</span> <span class='ocrx_word' id='word_1_175' title='bbox 654 941 971 978; x_wconf 82' lang='lat' dir='ltr'>remuneratione</span> <span class='ocrx_word' id='word_1_176' title='bbox 999 943 1093 977; x_wconf 86' lang='lat' dir='ltr'>sunt</span> <span class='ocrx_word' id='word_1_177' title='bbox 1113 940 1245 988; x_wconf 83' lang='lat' dir='ltr'>digna.</span> <span class='ocrx_word' id='word_1_178' title='bbox 1269 942 1469 989; x_wconf 83' lang='lat' dir='ltr'>Contingit</span> <span class='ocrx_word' id='word_1_179' title='bbox 1497 943 1600 980; x_wconf 78' lang='lat' dir='ltr'>enini</span> <span class='ocrx_word' id='word_1_180' title='bbox 1630 952 1751 981; x_wconf 89' lang='lat' dir='ltr'>unum</span> 
     </span>
     <span class='ocr_line' id='line_1_18' title="bbox 139 987 1751 1031; baseline 0.001 -5"><span class='ocrx_word' id='word_1_181' title='bbox 139 993 266 1026; x_wconf 85' lang='lat' dir='ltr'>actum</span> <span class='ocrx_word' id='word_1_182' title='bbox 291 989 459 1026; x_wconf 87' lang='lat' dir='ltr'>duorum</span> <span class='ocrx_word' id='word_1_183' title='bbox 479 989 664 1025; x_wconf 85' lang='lat' dir='ltr'>vitiorum</span> <span class='ocrx_word' id='word_1_184' title='bbox 687 997 789 1031; x_wconf 89' lang='lat' dir='ltr'>esse,</span> <span class='ocrx_word' id='word_1_185' title='bbox 812 987 903 1024; x_wconf 86' lang='lat' dir='ltr'>dum</span> <span class='ocrx_word' id='word_1_186' title='bbox 921 991 1032 1024; x_wconf 90' lang='lat' dir='ltr'>actus</span> <span class='ocrx_word' id='word_1_187' title='bbox 1056 988 1176 1025; x_wconf 91' lang='lat' dir='ltr'>unius</span> <span class='ocrx_word' id='word_1_188' title='bbox 1195 989 1278 1025; x_wconf 90' lang='lat' dir='ltr'>vitii</span> <span class='ocrx_word' id='word_1_189' title='bbox 1296 989 1342 1026; x_wconf 90' lang='lat' dir='ltr'>ad</span> <span class='ocrx_word' id='word_1_190' title='bbox 1359 988 1475 1026; x_wconf 84' lang='lat' dir='ltr'>finem</span> <span class='ocrx_word' id='word_1_191' title='bbox 1491 990 1654 1028; x_wconf 87' lang='lat' dir='ltr'>alterius</span> <span class='ocrx_word' id='word_1_192' title='bbox 1669 990 1751 1028; x_wconf 89' lang='lat' dir='ltr'>vitii</span> 
     </span>
     <span class='ocr_line' id='line_1_19' title="bbox 138 1034 1751 1082; baseline 0.001 -10"><span class='ocrx_word' id='word_1_193' title='bbox 138 1036 368 1080; x_wconf 87' lang='lat' dir='ltr'>ordinatur;</span> <span class='ocrx_word' id='word_1_194' title='bbox 389 1039 444 1079; x_wconf 91' lang='lat' dir='ltr'>ut,</span> <span class='ocrx_word' id='word_1_195' title='bbox 469 1045 556 1072; x_wconf 87' lang='lat' dir='ltr'>curn</span> <span class='ocrx_word' id='word_1_196' title='bbox 577 1036 666 1081; x_wconf 82' lang='lat' dir='ltr'>quis</span> <span class='ocrx_word' id='word_1_197' title='bbox 689 1035 840 1071; x_wconf 80' lang='lat' dir='ltr'>furatur</span> <span class='ocrx_word' id='word_1_198' title='bbox 858 1038 899 1071; x_wconf 92' lang='lat' dir='ltr'>ut</span> <span class='ocrx_word' id='word_1_199' title='bbox 927 1034 1162 1078; x_wconf 74' lang='lat' dir='ltr'>fornicetur,</span> <span class='ocrx_word' id='word_1_200' title='bbox 1199 1040 1309 1072; x_wconf 86' lang='lat' dir='ltr'>actus</span> <span class='ocrx_word' id='word_1_201' title='bbox 1342 1037 1499 1082; x_wconf 84' lang='lat' dir='ltr'>quidem</span> <span class='ocrx_word' id='word_1_202' title='bbox 1534 1037 1751 1074; x_wconf 84' lang='lat' dir='ltr'>secundum</span> 
     </span>
     <span class='ocr_line' id='line_1_20' title="bbox 139 1081 1753 1129; baseline 0.001 -9"><span class='ocrx_word' id='word_1_203' title='bbox 139 1083 310 1129; x_wconf 84' lang='lat' dir='ltr'>speciem</span> <span class='ocrx_word' id='word_1_204' title='bbox 333 1091 444 1119; x_wconf 87' lang='lat' dir='ltr'>suam</span> <span class='ocrx_word' id='word_1_205' title='bbox 466 1086 526 1119; x_wconf 88' lang='lat' dir='ltr'>est</span> <span class='ocrx_word' id='word_1_206' title='bbox 544 1082 730 1125; x_wconf 61' lang='lat' dir='ltr'>avaritiae,</span> <span class='ocrx_word' id='word_1_207' title='bbox 752 1081 969 1118; x_wconf 88' lang='lat' dir='ltr'>secundum</span> <span class='ocrx_word' id='word_1_208' title='bbox 992 1081 1252 1118; x_wconf 85' lang='lat' dir='ltr'>intentionem</span> <span class='ocrx_word' id='word_1_209' title='bbox 1283 1092 1375 1120; x_wconf 83' lang='lat' dir='ltr'>vero</span> <span class='ocrx_word' id='word_1_210' title='bbox 1410 1083 1587 1121; x_wconf 84' lang='lat' dir='ltr'>luxuriae.</span> <span class='ocrx_word' id='word_1_211' title='bbox 1610 1085 1753 1122; x_wconf 88' lang='lat' dir='ltr'>Eodem</span> 
     </span>
     <span class='ocr_line' id='line_1_21' title="bbox 137 1128 1754 1175; baseline 0.001 -9"><span class='ocrx_word' id='word_1_212' title='bbox 137 1133 267 1166; x_wconf 89' lang='lat' dir='ltr'>autem</span> <span class='ocrx_word' id='word_1_213' title='bbox 291 1129 410 1166; x_wconf 91' lang='lat' dir='ltr'>modo</span> <span class='ocrx_word' id='word_1_214' title='bbox 430 1132 466 1165; x_wconf 85' lang='lat' dir='ltr'>et</span> <span class='ocrx_word' id='word_1_215' title='bbox 487 1129 528 1165; x_wconf 90' lang='lat' dir='ltr'>in</span> <span class='ocrx_word' id='word_1_216' title='bbox 549 1129 760 1165; x_wconf 86' lang='lat' dir='ltr'>virtutibus</span> <span class='ocrx_word' id='word_1_217' title='bbox 782 1128 976 1174; x_wconf 85' lang='lat' dir='ltr'>contingit</span> <span class='ocrx_word' id='word_1_218' title='bbox 996 1128 1101 1175; x_wconf 88' lang='lat' dir='ltr'>quod</span> <span class='ocrx_word' id='word_1_219' title='bbox 1121 1132 1232 1166; x_wconf 84' lang='lat' dir='ltr'>actus</span> <span class='ocrx_word' id='word_1_220' title='bbox 1254 1129 1374 1167; x_wconf 91' lang='lat' dir='ltr'>unius</span> <span class='ocrx_word' id='word_1_221' title='bbox 1393 1130 1548 1167; x_wconf 88' lang='lat' dir='ltr'>virtutis</span> <span class='ocrx_word' id='word_1_222' title='bbox 1571 1130 1617 1167; x_wconf 86' lang='lat' dir='ltr'>ad</span> <span class='ocrx_word' id='word_1_223' title='bbox 1635 1132 1754 1168; x_wconf 88' lang='lat' dir='ltr'>aliam</span> 
     </span>
     <span class='ocr_line' id='line_1_22' title="bbox 136 1175 1753 1221; baseline 0.002 -10"><span class='ocrx_word' id='word_1_224' title='bbox 136 1176 320 1213; x_wconf 84' lang='lat' dir='ltr'>virtutem</span> <span class='ocrx_word' id='word_1_225' title='bbox 341 1175 566 1220; x_wconf 86' lang='lat' dir='ltr'>ordinatur3</span> <span class='ocrx_word' id='word_1_226' title='bbox 587 1176 702 1218; x_wconf 89' lang='lat' dir='ltr'>sicut,</span> <span class='ocrx_word' id='word_1_227' title='bbox 725 1184 814 1211; x_wconf 90' lang='lat' dir='ltr'>cum</span> <span class='ocrx_word' id='word_1_228' title='bbox 842 1175 932 1221; x_wconf 85' lang='lat' dir='ltr'>quis</span> <span class='ocrx_word' id='word_1_229' title='bbox 962 1183 1036 1211; x_wconf 85' lang='lat' dir='ltr'>sua</span> <span class='ocrx_word' id='word_1_230' title='bbox 1053 1175 1174 1212; x_wconf 88' lang='lat' dir='ltr'>donat</span> <span class='ocrx_word' id='word_1_231' title='bbox 1190 1179 1233 1212; x_wconf 92' lang='lat' dir='ltr'>ut</span> <span class='ocrx_word' id='word_1_232' title='bbox 1253 1185 1341 1212; x_wconf 90' lang='lat' dir='ltr'>cum</span> <span class='ocrx_word' id='word_1_233' title='bbox 1379 1177 1503 1214; x_wconf 86' lang='lat' dir='ltr'>attero</span> <span class='ocrx_word' id='word_1_234' title='bbox 1539 1177 1753 1215; x_wconf 85' lang='lat' dir='ltr'>amicitiam</span> 
     </span>
     <span class='ocr_line' id='line_1_23' title="bbox 138 1221 1753 1278; baseline 0 -18"><span class='ocrx_word' id='word_1_235' title='bbox 138 1223 281 1260; x_wconf 86' lang='lat' dir='ltr'>habeat</span> <span class='ocrx_word' id='word_1_236' title='bbox 302 1222 651 1266; x_wconf 88' lang='lat' dir='ltr'>charitatis‚actus</span> <span class='ocrx_word' id='word_1_237' title='bbox 672 1221 832 1268; x_wconf 80' lang='lat' dir='ltr'>quidem</span> <span class='ocrx_word' id='word_1_238' title='bbox 866 1231 911 1258; x_wconf 80' lang='lat' dir='ltr'>ex</span> <span class='ocrx_word' id='word_1_239' title='bbox 946 1230 1019 1258; x_wconf 80' lang='lat' dir='ltr'>sua</span> <span class='ocrx_word' id='word_1_240' title='bbox 1051 1222 1183 1274; x_wconf 80' lang='lat' dir='ltr'>specie</span> <span class='ocrx_word' id='word_1_241' title='bbox 1216 1227 1276 1260; x_wconf 88' lang='lat' dir='ltr'>est</span> <span class='ocrx_word' id='word_1_242' title='bbox 1305 1223 1567 1278; x_wconf 51' lang='lat' dir='ltr'>liberalitatis,</span> <span class='ocrx_word' id='word_1_243' title='bbox 1598 1235 1645 1262; x_wconf 86' lang='lat' dir='ltr'>ex</span> <span class='ocrx_word' id='word_1_244' title='bbox 1677 1224 1753 1261; x_wconf 85' lang='lat' dir='ltr'>fine</span> 
     </span>
     <span class='ocr_line' id='line_1_24' title="bbox 135 1269 1754 1318; baseline 0.001 -10"><span class='ocrx_word' id='word_1_245' title='bbox 135 1273 270 1308; x_wconf 85' lang='lat' dir='ltr'>autem</span> <span class='ocrx_word' id='word_1_246' title='bbox 285 1269 504 1308; x_wconf 87' lang='lat' dir='ltr'>charitatis.</span> <span class='ocrx_word' id='word_1_247' title='bbox 516 1269 747 1314; x_wconf 81' lang='lat' dir='ltr'>Huiusmodi</span> <span class='ocrx_word' id='word_1_248' title='bbox 761 1272 891 1305; x_wconf 86' lang='lat' dir='ltr'>autem</span> <span class='ocrx_word' id='word_1_249' title='bbox 908 1272 1020 1306; x_wconf 88' lang='lat' dir='ltr'>actus</span> <span class='ocrx_word' id='word_1_250' title='bbox 1035 1278 1223 1314; x_wconf 68' lang='lat' dir='ltr'>malorem</span> <span class='ocrx_word' id='word_1_251' title='bbox 1244 1269 1400 1307; x_wconf 87' lang='lat' dir='ltr'>laudem</span> <span class='ocrx_word' id='word_1_252' title='bbox 1416 1271 1532 1308; x_wconf 77' lang='lat' dir='ltr'>hahet</span> <span class='ocrx_word' id='word_1_253' title='bbox 1547 1281 1592 1308; x_wconf 85' lang='lat' dir='ltr'>ex</span> <span class='ocrx_word' id='word_1_254' title='bbox 1605 1272 1754 1318; x_wconf 86' lang='lat' dir='ltr'>majore</span> 
     </span>
     <span class='ocr_line' id='line_1_25' title="bbox 135 1315 1754 1367; baseline 0.002 -14"><span class='ocrx_word' id='word_1_255' title='bbox 135 1317 292 1362; x_wconf 84' lang='lat' dir='ltr'>virtute,</span> <span class='ocrx_word' id='word_1_256' title='bbox 314 1316 467 1355; x_wconf 90' lang='lat' dir='ltr'>scilicet</span> <span class='ocrx_word' id='word_1_257' title='bbox 483 1326 530 1354; x_wconf 87' lang='lat' dir='ltr'>ex</span> <span class='ocrx_word' id='word_1_258' title='bbox 550 1316 883 1367; x_wconf 66' lang='lat' dir='ltr'>charitate‚quzim</span> <span class='ocrx_word' id='word_1_259' title='bbox 905 1315 1219 1362; x_wconf 78' lang='lat' dir='ltr'>exliberalitate3</span> <span class='ocrx_word' id='word_1_260' title='bbox 1239 1317 1358 1362; x_wconf 87' lang='lat' dir='ltr'>unde,</span> <span class='ocrx_word' id='word_1_261' title='bbox 1373 1319 1446 1356; x_wconf 91' lang='lat' dir='ltr'>etsi</span> <span class='ocrx_word' id='word_1_262' title='bbox 1470 1319 1691 1357; x_wconf 87' lang='lat' dir='ltr'>remittatur</span> <span class='ocrx_word' id='word_1_263' title='bbox 1712 1320 1754 1358; x_wconf 90' lang='lat' dir='ltr'>in</span> 
     </span>
     <span class='ocr_line' id='line_1_26' title="bbox 139 1362 1755 1416; baseline 0.001 -14"><span class='ocrx_word' id='word_1_264' title='bbox 139 1373 187 1402; x_wconf 84' lang='lat' dir='ltr'>eo</span> <span class='ocrx_word' id='word_1_265' title='bbox 210 1364 316 1412; x_wconf 91' lang='lat' dir='ltr'>quod</span> <span class='ocrx_word' id='word_1_266' title='bbox 338 1364 585 1402; x_wconf 86' lang='lat' dir='ltr'>liberalitatis</span> <span class='ocrx_word' id='word_1_267' title='bbox 607 1367 680 1409; x_wconf 91' lang='lat' dir='ltr'>est,</span> <span class='ocrx_word' id='word_1_268' title='bbox 702 1373 748 1400; x_wconf 86' lang='lat' dir='ltr'>ex</span> <span class='ocrx_word' id='word_1_269' title='bbox 770 1372 817 1400; x_wconf 90' lang='lat' dir='ltr'>eo</span> <span class='ocrx_word' id='word_1_270' title='bbox 836 1362 942 1410; x_wconf 88' lang='lat' dir='ltr'>quod</span> <span class='ocrx_word' id='word_1_271' title='bbox 963 1363 1010 1415; x_wconf 75' lang='lat' dir='ltr'>ad</span> <span class='ocrx_word' id='word_1_272' title='bbox 1027 1363 1266 1416; x_wconf 82' lang='lat' dir='ltr'>charitatem</span> <span class='ocrx_word' id='word_1_273' title='bbox 1287 1365 1493 1402; x_wconf 87' lang='lat' dir='ltr'>ordinatur</span> <span class='ocrx_word' id='word_1_274' title='bbox 1517 1367 1755 1404; x_wconf 85' lang='lat' dir='ltr'>laudabilior</span> 
     </span>
     <span class='ocr_line' id='line_1_27' title="bbox 139 1409 1753 1458; baseline 0.002 -9"><span class='ocrx_word' id='word_1_275' title='bbox 139 1415 178 1449; x_wconf 85' lang='lat' dir='ltr'>et</span> <span class='ocrx_word' id='word_1_276' title='bbox 198 1411 339 1457; x_wconf 86' lang='lat' dir='ltr'>majori</span> <span class='ocrx_word' id='word_1_277' title='bbox 360 1411 540 1448; x_wconf 86' lang='lat' dir='ltr'>mercede</span> <span class='ocrx_word' id='word_1_278' title='bbox 560 1411 706 1456; x_wconf 76' lang='lat' dir='ltr'>dignus</span> <span class='ocrx_word' id='word_1_279' title='bbox 727 1410 799 1447; x_wconf 88' lang='lat' dir='ltr'>erit</span> <span class='ocrx_word' id='word_1_280' title='bbox 815 1419 932 1456; x_wconf 88' lang='lat' dir='ltr'>quam</span> <span class='ocrx_word' id='word_1_281' title='bbox 954 1419 988 1446; x_wconf 84' lang='lat' dir='ltr'>si</span> <span class='ocrx_word' id='word_1_282' title='bbox 1009 1409 1213 1448; x_wconf 86' lang='lat' dir='ltr'>liberalius</span> <span class='ocrx_word' id='word_1_283' title='bbox 1234 1416 1366 1458; x_wconf 86' lang='lat' dir='ltr'>ageret</span> <span class='ocrx_word' id='word_1_284' title='bbox 1387 1421 1467 1450; x_wconf 90' lang='lat' dir='ltr'>non</span> <span class='ocrx_word' id='word_1_285' title='bbox 1487 1413 1528 1450; x_wconf 89' lang='lat' dir='ltr'>in</span> <span class='ocrx_word' id='word_1_286' title='bbox 1550 1413 1687 1452; x_wconf 87' lang='lat' dir='ltr'>ordine</span> <span class='ocrx_word' id='word_1_287' title='bbox 1705 1414 1753 1452; x_wconf 89' lang='lat' dir='ltr'>ad</span> 
     </span>
     <span class='ocr_line' id='line_1_28' title="bbox 142 1457 1754 1508; baseline 0.001 -12"><span class='ocrx_word' id='word_1_288' title='bbox 142 1459 388 1496; x_wconf 87' lang='lat' dir='ltr'>charitatem.</span> <span class='ocrx_word' id='word_1_289' title='bbox 416 1460 615 1495; x_wconf 88' lang='lat' dir='ltr'>Ponamus</span> <span class='ocrx_word' id='word_1_290' title='bbox 637 1466 730 1504; x_wconf 82' lang='lat' dir='ltr'>ergo</span> <span class='ocrx_word' id='word_1_291' title='bbox 753 1457 924 1504; x_wconf 83' lang='lat' dir='ltr'>aliquem</span> <span class='ocrx_word' id='word_1_292' title='bbox 946 1466 1047 1503; x_wconf 86' lang='lat' dir='ltr'>opus</span> <span class='ocrx_word' id='word_1_293' title='bbox 1071 1457 1232 1505; x_wconf 85' lang='lat' dir='ltr'>aliquod</span> <span class='ocrx_word' id='word_1_294' title='bbox 1260 1459 1416 1496; x_wconf 89' lang='lat' dir='ltr'>virtutis</span> <span class='ocrx_word' id='word_1_295' title='bbox 1448 1464 1643 1507; x_wconf 82' lang='lat' dir='ltr'>agentem,</span> <span class='ocrx_word' id='word_1_296' title='bbox 1661 1467 1754 1508; x_wconf 84' lang='lat' dir='ltr'>puta</span> 
     </span>
     <span class='ocr_line' id='line_1_29' title="bbox 136 1504 1753 1554; baseline 0.002 -12"><span class='ocrx_word' id='word_1_297' title='bbox 136 1504 395 1551; x_wconf 84' lang='lat' dir='ltr'>jejunantem,</span> <span class='ocrx_word' id='word_1_298' title='bbox 412 1505 471 1541; x_wconf 87' lang='lat' dir='ltr'>vel</span> <span class='ocrx_word' id='word_1_299' title='bbox 491 1505 759 1542; x_wconf 88' lang='lat' dir='ltr'>continentem</span> <span class='ocrx_word' id='word_1_300' title='bbox 781 1513 824 1540; x_wconf 91' lang='lat' dir='ltr'>se</span> <span class='ocrx_word' id='word_1_301' title='bbox 843 1513 865 1540; x_wconf 89' lang='lat' dir='ltr'>a</span> <span class='ocrx_word' id='word_1_302' title='bbox 884 1504 1084 1548; x_wconf 85' lang='lat' dir='ltr'>venereis;</span> <span class='ocrx_word' id='word_1_303' title='bbox 1106 1509 1143 1540; x_wconf 88' lang='lat' dir='ltr'>et</span> <span class='ocrx_word' id='word_1_304' title='bbox 1162 1505 1379 1553; x_wconf 85' lang='lat' dir='ltr'>quidem,si</span> <span class='ocrx_word' id='word_1_305' title='bbox 1398 1506 1547 1554; x_wconf 83' lang='lat' dir='ltr'>absque</span> <span class='ocrx_word' id='word_1_306' title='bbox 1565 1512 1657 1546; x_wconf 87' lang='lat' dir='ltr'>voto</span> <span class='ocrx_word' id='word_1_307' title='bbox 1678 1509 1753 1546; x_wconf 86' lang='lat' dir='ltr'>hoc</span> 
     </span>
     <span class='ocr_line' id='line_1_30' title="bbox 142 1550 1754 1599; baseline 0.002 -10"><span class='ocrx_word' id='word_1_308' title='bbox 142 1552 273 1596; x_wconf 86' lang='lat' dir='ltr'>faciat,</span> <span class='ocrx_word' id='word_1_309' title='bbox 294 1553 368 1589; x_wconf 87' lang='lat' dir='ltr'>erit</span> <span class='ocrx_word' id='word_1_310' title='bbox 388 1557 499 1589; x_wconf 84' lang='lat' dir='ltr'>actus</span> <span class='ocrx_word' id='word_1_311' title='bbox 521 1552 579 1587; x_wconf 79' lang='lat' dir='ltr'>vel</span> <span class='ocrx_word' id='word_1_312' title='bbox 599 1551 805 1593; x_wconf 83' lang='lat' dir='ltr'>castitatis,</span> <span class='ocrx_word' id='word_1_313' title='bbox 828 1550 887 1586; x_wconf 82' lang='lat' dir='ltr'>vel</span> <span class='ocrx_word' id='word_1_314' title='bbox 909 1550 1177 1596; x_wconf 78' lang='lat' dir='ltr'>abstinentiae;</span> <span class='ocrx_word' id='word_1_315' title='bbox 1200 1552 1233 1589; x_wconf 93' lang='lat' dir='ltr'>si</span> <span class='ocrx_word' id='word_1_316' title='bbox 1255 1556 1385 1590; x_wconf 86' lang='lat' dir='ltr'>autem</span> <span class='ocrx_word' id='word_1_317' title='bbox 1406 1563 1452 1590; x_wconf 89' lang='lat' dir='ltr'>ex</span> <span class='ocrx_word' id='word_1_318' title='bbox 1466 1557 1572 1599; x_wconf 84' lang='lat' dir='ltr'>voto,</span> <span class='ocrx_word' id='word_1_319' title='bbox 1586 1555 1754 1593; x_wconf 80' lang='lat' dir='ltr'>refertur</span> 
     </span>
     <span class='ocr_line' id='line_1_31' title="bbox 139 1598 1754 1645; baseline 0.003 -10"><span class='ocrx_word' id='word_1_320' title='bbox 139 1599 308 1637; x_wconf 86' lang='lat' dir='ltr'>ulterius</span> <span class='ocrx_word' id='word_1_321' title='bbox 328 1599 376 1637; x_wconf 88' lang='lat' dir='ltr'>ad</span> <span class='ocrx_word' id='word_1_322' title='bbox 397 1599 515 1636; x_wconf 89' lang='lat' dir='ltr'>aliam</span> <span class='ocrx_word' id='word_1_323' title='bbox 534 1599 732 1642; x_wconf 77' lang='lat' dir='ltr'>virtutem,</span> <span class='ocrx_word' id='word_1_324' title='bbox 752 1598 866 1643; x_wconf 88' lang='lat' dir='ltr'>cujus</span> <span class='ocrx_word' id='word_1_325' title='bbox 887 1602 946 1635; x_wconf 82' lang='lat' dir='ltr'>est</span> <span class='ocrx_word' id='word_1_326' title='bbox 967 1599 1046 1634; x_wconf 88' lang='lat' dir='ltr'>Deo</span> <span class='ocrx_word' id='word_1_327' title='bbox 1067 1598 1214 1645; x_wconf 77' lang='lat' dir='ltr'>aliquid</span> <span class='ocrx_word' id='word_1_328' title='bbox 1234 1608 1387 1644; x_wconf 82' lang='lat' dir='ltr'>vovere,</span> <span class='ocrx_word' id='word_1_329' title='bbox 1406 1601 1560 1638; x_wconf 90' lang='lat' dir='ltr'>scilicet</span> <span class='ocrx_word' id='word_1_330' title='bbox 1588 1602 1637 1640; x_wconf 88' lang='lat' dir='ltr'>ad</span> <span class='ocrx_word' id='word_1_331' title='bbox 1662 1602 1754 1640; x_wconf 89' lang='lat' dir='ltr'>reli-</span> 
     </span>
     <span class='ocr_line' id='line_1_32' title="bbox 136 1644 1753 1694; baseline 0.003 -11"><span class='ocrx_word' id='word_1_332' title='bbox 136 1646 314 1694; x_wconf 84' lang='lat' dir='ltr'>gionem,</span> <span class='ocrx_word' id='word_1_333' title='bbox 356 1655 444 1693; x_wconf 84' lang='lat' dir='ltr'>quae.</span> <span class='ocrx_word' id='word_1_334' title='bbox 472 1646 603 1691; x_wconf 87' lang='lat' dir='ltr'>potior</span> <span class='ocrx_word' id='word_1_335' title='bbox 630 1649 691 1682; x_wconf 87' lang='lat' dir='ltr'>est</span> <span class='ocrx_word' id='word_1_336' title='bbox 722 1646 901 1682; x_wconf 83' lang='lat' dir='ltr'>castitate</span> <span class='ocrx_word' id='word_1_337' title='bbox 946 1644 1005 1681; x_wconf 84' lang='lat' dir='ltr'>vel</span> <span class='ocrx_word' id='word_1_338' title='bbox 1036 1645 1294 1691; x_wconf 82' lang='lat' dir='ltr'>abstinentia,</span> <span class='ocrx_word' id='word_1_339' title='bbox 1328 1651 1462 1693; x_wconf 79' lang='lat' dir='ltr'>utpote</span> <span class='ocrx_word' id='word_1_340' title='bbox 1496 1648 1646 1688; x_wconf 86' lang='lat' dir='ltr'>faciens</span> <span class='ocrx_word' id='word_1_341' title='bbox 1678 1658 1753 1688; x_wconf 86' lang='lat' dir='ltr'>nos</span> 
     </span>
     <span class='ocr_line' id='line_1_33' title="bbox 140 1691 1753 1738; baseline 0.004 -9"><span class='ocrx_word' id='word_1_342' title='bbox 140 1696 244 1730; x_wconf 88' lang='lat' dir='ltr'>recte</span> <span class='ocrx_word' id='word_1_343' title='bbox 266 1693 409 1730; x_wconf 88' lang='lat' dir='ltr'>habere</span> <span class='ocrx_word' id='word_1_344' title='bbox 431 1693 476 1729; x_wconf 87' lang='lat' dir='ltr'>ad</span> <span class='ocrx_word' id='word_1_345' title='bbox 502 1694 636 1729; x_wconf 89' lang='lat' dir='ltr'>Deum.</span> <span class='ocrx_word' id='word_1_346' title='bbox 657 1692 735 1728; x_wconf 77' lang='lat' dir='ltr'>Eri-t</span> <span class='ocrx_word' id='word_1_347' title='bbox 751 1701 848 1738; x_wconf 76' lang='lat' dir='ltr'>ergo</span> <span class='ocrx_word' id='word_1_348' title='bbox 869 1695 981 1728; x_wconf 86' lang='lat' dir='ltr'>actus</span> <span class='ocrx_word' id='word_1_349' title='bbox 1001 1691 1250 1729; x_wconf 62' lang='lat' dir='ltr'>abstinentia}</span> <span class='ocrx_word' id='word_1_350' title='bbox 1263 1693 1322 1730; x_wconf 87' lang='lat' dir='ltr'>vel</span> <span class='ocrx_word' id='word_1_351' title='bbox 1343 1695 1597 1734; x_wconf 75' lang='lat' dir='ltr'>continentiae</span> <span class='ocrx_word' id='word_1_352' title='bbox 1617 1696 1753 1735; x_wconf 85' lang='lat' dir='ltr'>lauda-</span> 
     </span>
     <span class='ocr_line' id='line_1_34' title="bbox 140 1739 1754 1786; baseline 0.003 -10"><span class='ocrx_word' id='word_1_353' title='bbox 140 1739 261 1777; x_wconf 88' lang='lat' dir='ltr'>bilior</span> <span class='ocrx_word' id='word_1_354' title='bbox 279 1741 383 1782; x_wconf 73' lang='lat' dir='ltr'>ineo</span> <span class='ocrx_word' id='word_1_355' title='bbox 399 1740 502 1786; x_wconf 80' lang='lat' dir='ltr'>quod</span> <span class='ocrx_word' id='word_1_356' title='bbox 525 1750 571 1776; x_wconf 78' lang='lat' dir='ltr'>ex</span> <span class='ocrx_word' id='word_1_357' title='bbox 591 1743 682 1776; x_wconf 84' lang='lat' dir='ltr'>voto</span> <span class='ocrx_word' id='word_1_358' title='bbox 703 1739 809 1782; x_wconf 83' lang='lat' dir='ltr'>facit,</span> <span class='ocrx_word' id='word_1_359' title='bbox 832 1739 988 1775; x_wconf 87' lang='lat' dir='ltr'>etiamsi</span> <span class='ocrx_word' id='word_1_360' title='bbox 1016 1748 1096 1775; x_wconf 88' lang='lat' dir='ltr'>non</span> <span class='ocrx_word' id='word_1_361' title='bbox 1118 1740 1171 1776; x_wconf 82' lang='lat' dir='ltr'>ita</span> <span class='ocrx_word' id='word_1_362' title='bbox 1204 1740 1417 1784; x_wconf 83' lang='lat' dir='ltr'>delectetur</span> <span class='ocrx_word' id='word_1_363' title='bbox 1436 1742 1475 1778; x_wconf 87' lang='lat' dir='ltr'>in</span> <span class='ocrx_word' id='word_1_364' title='bbox 1513 1743 1754 1782; x_wconf 86' lang='lat' dir='ltr'>abstinentia</span> 
     </span>
     <span class='ocr_line' id='line_1_35' title="bbox 138 1785 1752 1838; baseline 0.003 -15"><span class='ocrx_word' id='word_1_365' title='bbox 138 1787 199 1824; x_wconf 85' lang='lat' dir='ltr'>vel</span> <span class='ocrx_word' id='word_1_366' title='bbox 233 1786 491 1828; x_wconf 78' lang='lat' dir='ltr'>continentia,</span> <span class='ocrx_word' id='word_1_367' title='bbox 511 1795 559 1823; x_wconf 82' lang='lat' dir='ltr'>ex</span> <span class='ocrx_word' id='word_1_368' title='bbox 589 1795 636 1823; x_wconf 91' lang='lat' dir='ltr'>eo</span> <span class='ocrx_word' id='word_1_369' title='bbox 656 1785 762 1833; x_wconf 85' lang='lat' dir='ltr'>quod</span> <span class='ocrx_word' id='word_1_370' title='bbox 780 1786 996 1837; x_wconf 74' lang='lat' dir='ltr'>delectatur</span> <span class='ocrx_word' id='word_1_371' title='bbox 1013 1786 1052 1822; x_wconf 89' lang='lat' dir='ltr'>in</span> <span class='ocrx_word' id='word_1_372' title='bbox 1074 1787 1217 1832; x_wconf 87' lang='lat' dir='ltr'>potiori</span> <span class='ocrx_word' id='word_1_373' title='bbox 1236 1788 1377 1825; x_wconf 89' lang='lat' dir='ltr'>virtute</span> <span class='ocrx_word' id='word_1_374' title='bbox 1413 1799 1499 1834; x_wconf 68' lang='lat' dir='ltr'>duce</span> <span class='ocrx_word' id='word_1_375' title='bbox 1520 1794 1580 1827; x_wconf 85' lang='lat' dir='ltr'>est</span> <span class='ocrx_word' id='word_1_376' title='bbox 1596 1791 1752 1838; x_wconf 80' lang='lat' dir='ltr'>religio.</span> 
     </span>
    </p>

    <p class='ocr_par' dir='ltr' id='par_1_4' title="bbox 136 1832 1755 2339">
     <span class='ocr_line' id='line_1_36' title="bbox 184 1832 1755 1883; baseline 0.004 -14"><span class='ocrx_word' id='word_1_377' title='bbox 184 1835 285 1879; x_wconf 82' lang='lat' dir='ltr'>Item,</span> <span class='ocrx_word' id='word_1_378' title='bbox 314 1833 354 1870; x_wconf 92' lang='lat' dir='ltr'>id</span> <span class='ocrx_word' id='word_1_379' title='bbox 383 1833 487 1881; x_wconf 90' lang='lat' dir='ltr'>quod</span> <span class='ocrx_word' id='word_1_380' title='bbox 510 1832 762 1879; x_wconf 87' lang='lat' dir='ltr'>potissimum</span> <span class='ocrx_word' id='word_1_381' title='bbox 785 1836 844 1870; x_wconf 88' lang='lat' dir='ltr'>est</span> <span class='ocrx_word' id='word_1_382' title='bbox 881 1841 922 1869; x_wconf 81' lang='lat' dir='ltr'>in</span> <span class='ocrx_word' id='word_1_383' title='bbox 950 1833 1092 1870; x_wconf 86' lang='lat' dir='ltr'>virtute</span> <span class='ocrx_word' id='word_1_384' title='bbox 1125 1837 1185 1871; x_wconf 88' lang='lat' dir='ltr'>est</span> <span class='ocrx_word' id='word_1_385' title='bbox 1214 1834 1370 1872; x_wconf 86' lang='lat' dir='ltr'>debitus</span> <span class='ocrx_word' id='word_1_386' title='bbox 1398 1834 1519 1874; x_wconf 86' lang='lat' dir='ltr'>finis:</span> <span class='ocrx_word' id='word_1_387' title='bbox 1542 1837 1685 1883; x_wconf 84' lang='lat' dir='ltr'>etideo</span> <span class='ocrx_word' id='word_1_388' title='bbox 1707 1848 1755 1876; x_wconf 81' lang='lat' dir='ltr'>ex</span> 
     </span>
     <span class='ocr_line' id='line_1_37' title="bbox 140 1879 1751 1929; baseline 0.003 -12"><span class='ocrx_word' id='word_1_389' title='bbox 140 1879 220 1918; x_wconf 84' lang='lat' dir='ltr'>fine</span> <span class='ocrx_word' id='word_1_390' title='bbox 252 1880 524 1927; x_wconf 88' lang='lat' dir='ltr'>principaliter</span> <span class='ocrx_word' id='word_1_391' title='bbox 560 1880 662 1917; x_wconf 87' lang='lat' dir='ltr'>ratio</span> <span class='ocrx_word' id='word_1_392' title='bbox 696 1879 792 1917; x_wconf 90' lang='lat' dir='ltr'>boni</span> <span class='ocrx_word' id='word_1_393' title='bbox 829 1883 976 1916; x_wconf 84' lang='lat' dir='ltr'>manat.</span> <span class='ocrx_word' id='word_1_394' title='bbox 1007 1880 1046 1916; x_wconf 88' lang='lat' dir='ltr'>Si</span> <span class='ocrx_word' id='word_1_395' title='bbox 1085 1889 1180 1928; x_wconf 86' lang='lat' dir='ltr'>ergo</span> <span class='ocrx_word' id='word_1_396' title='bbox 1213 1880 1306 1919; x_wconf 87' lang='lat' dir='ltr'>finis</span> <span class='ocrx_word' id='word_1_397' title='bbox 1344 1882 1461 1920; x_wconf 88' lang='lat' dir='ltr'>fuerit</span> <span class='ocrx_word' id='word_1_398' title='bbox 1501 1884 1751 1929; x_wconf 88' lang='lat' dir='ltr'>eminentior,</span> 
     </span>
     <span class='ocr_line' id='line_1_38' title="bbox 136 1926 1755 1980; baseline 0.002 -15"><span class='ocrx_word' id='word_1_399' title='bbox 136 1928 294 1965; x_wconf 84' lang='lat' dir='ltr'>etiamsi</span> <span class='ocrx_word' id='word_1_400' title='bbox 316 1928 358 1965; x_wconf 92' lang='lat' dir='ltr'>in</span> <span class='ocrx_word' id='word_1_401' title='bbox 377 1931 467 1969; x_wconf 84' lang='lat' dir='ltr'>actu</span> <span class='ocrx_word' id='word_1_402' title='bbox 488 1927 634 1974; x_wconf 89' lang='lat' dir='ltr'>aliquis</span> <span class='ocrx_word' id='word_1_403' title='bbox 645 1936 687 1964; x_wconf 92' lang='lat' dir='ltr'>se</span> <span class='ocrx_word' id='word_1_404' title='bbox 702 1926 912 1964; x_wconf 89' lang='lat' dir='ltr'>remissius</span> <span class='ocrx_word' id='word_1_405' title='bbox 934 1926 1064 1980; x_wconf 70' lang='lat' dir='ltr'>babet,</span> <span class='ocrx_word' id='word_1_406' title='bbox 1081 1928 1154 1964; x_wconf 86' lang='lat' dir='ltr'>erit</span> <span class='ocrx_word' id='word_1_407' title='bbox 1168 1927 1253 1974; x_wconf 81' lang='lat' dir='ltr'>eJus</span> <span class='ocrx_word' id='word_1_408' title='bbox 1269 1930 1632 1976; x_wconf 86' lang='lat' dir='ltr'>actusvirtuosior;</span> <span class='ocrx_word' id='word_1_409' title='bbox 1651 1933 1755 1969; x_wconf 87' lang='lat' dir='ltr'>sicut</span> 
     </span>
     <span class='ocr_line' id='line_1_39' title="bbox 139 1974 1753 2023; baseline 0.003 -11"><span class='ocrx_word' id='word_1_410' title='bbox 139 1974 174 2012; x_wconf 86' lang='lat' dir='ltr'>si</span> <span class='ocrx_word' id='word_1_411' title='bbox 196 1974 342 2022; x_wconf 88' lang='lat' dir='ltr'>aliquis</span> <span class='ocrx_word' id='word_1_412' title='bbox 361 1979 557 2021; x_wconf 85' lang='lat' dir='ltr'>proponat</span> <span class='ocrx_word' id='word_1_413' title='bbox 582 1978 740 2020; x_wconf 84' lang='lat' dir='ltr'>propter</span> <span class='ocrx_word' id='word_1_414' title='bbox 758 1974 905 2011; x_wconf 89' lang='lat' dir='ltr'>bonum</span> <span class='ocrx_word' id='word_1_415' title='bbox 920 1977 1075 2011; x_wconf 83' lang='lat' dir='ltr'>virtutis</span> <span class='ocrx_word' id='word_1_416' title='bbox 1094 1975 1255 2022; x_wconf 79' lang='lat' dir='ltr'>longam</span> <span class='ocrx_word' id='word_1_417' title='bbox 1275 1976 1378 2013; x_wconf 88' lang='lat' dir='ltr'>viam</span> <span class='ocrx_word' id='word_1_418' title='bbox 1400 1986 1530 2023; x_wconf 77' lang='lat' dir='ltr'>agere,</span> <span class='ocrx_word' id='word_1_419' title='bbox 1553 1978 1656 2017; x_wconf 86' lang='lat' dir='ltr'>alius</span> <span class='ocrx_word' id='word_1_420' title='bbox 1684 1989 1753 2017; x_wconf 87' lang='lat' dir='ltr'>au-</span> 
     </span>
     <span class='ocr_line' id='line_1_40' title="bbox 138 2021 1751 2069; baseline 0.004 -10"><span class='ocrx_word' id='word_1_421' title='bbox 138 2025 217 2058; x_wconf 86' lang='lat' dir='ltr'>tem</span> <span class='ocrx_word' id='word_1_422' title='bbox 239 2022 411 2067; x_wconf 87' lang='lat' dir='ltr'>brevem,</span> <span class='ocrx_word' id='word_1_423' title='bbox 433 2021 672 2059; x_wconf 86' lang='lat' dir='ltr'>laudabilior</span> <span class='ocrx_word' id='word_1_424' title='bbox 691 2021 764 2058; x_wconf 89' lang='lat' dir='ltr'>erit</span> <span class='ocrx_word' id='word_1_425' title='bbox 782 2021 848 2068; x_wconf 89' lang='lat' dir='ltr'>qui</span> <span class='ocrx_word' id='word_1_426' title='bbox 868 2021 997 2066; x_wconf 88' lang='lat' dir='ltr'>majus</span> <span class='ocrx_word' id='word_1_427' title='bbox 1015 2021 1165 2067; x_wconf 79' lang='lat' dir='ltr'>aliquid</span> <span class='ocrx_word' id='word_1_428' title='bbox 1182 2027 1341 2069; x_wconf 87' lang='lat' dir='ltr'>propter</span> <span class='ocrx_word' id='word_1_429' title='bbox 1358 2023 1541 2062; x_wconf 87' lang='lat' dir='ltr'>virtutem</span> <span class='ocrx_word' id='word_1_430' title='bbox 1570 2025 1751 2066; x_wconf 84' lang='lat' dir='ltr'>intendit,</span> 
     </span>
     <span class='ocr_line' id='line_1_41' title="bbox 136 2067 1754 2121; baseline 0.004 -16"><span class='ocrx_word' id='word_1_431' title='bbox 136 2067 290 2106; x_wconf 81' lang='lat' dir='ltr'>licetin</span> <span class='ocrx_word' id='word_1_432' title='bbox 328 2078 543 2116; x_wconf 85' lang='lat' dir='ltr'>progressu</span> <span class='ocrx_word' id='word_1_433' title='bbox 571 2069 642 2105; x_wconf 88' lang='lat' dir='ltr'>viae</span> <span class='ocrx_word' id='word_1_434' title='bbox 672 2068 803 2105; x_wconf 91' lang='lat' dir='ltr'>lentus</span> <span class='ocrx_word' id='word_1_435' title='bbox 829 2068 1027 2114; x_wconf 83' lang='lat' dir='ltr'>procedat.</span> <span class='ocrx_word' id='word_1_436' title='bbox 1062 2068 1100 2105; x_wconf 90' lang='lat' dir='ltr'>Si</span> <span class='ocrx_word' id='word_1_437' title='bbox 1132 2073 1261 2106; x_wconf 88' lang='lat' dir='ltr'>autem</span> <span class='ocrx_word' id='word_1_438' title='bbox 1298 2070 1442 2117; x_wconf 88' lang='lat' dir='ltr'>aliquis</span> <span class='ocrx_word' id='word_1_439' title='bbox 1475 2072 1570 2110; x_wconf 84' lang='lat' dir='ltr'>facit</span> <span class='ocrx_word' id='word_1_440' title='bbox 1603 2073 1754 2121; x_wconf 87' lang='lat' dir='ltr'>aliquid</span> 
     </span>
     <span class='ocr_line' id='line_1_42' title="bbox 139 2114 1754 2165; baseline 0.004 -13"><span class='ocrx_word' id='word_1_441' title='bbox 139 2119 300 2162; x_wconf 83' lang='lat' dir='ltr'>propter</span> <span class='ocrx_word' id='word_1_442' title='bbox 331 2117 468 2160; x_wconf 90' lang='lat' dir='ltr'>Deum,</span> <span class='ocrx_word' id='word_1_443' title='bbox 490 2115 603 2151; x_wconf 88' lang='lat' dir='ltr'>illum</span> <span class='ocrx_word' id='word_1_444' title='bbox 630 2118 760 2152; x_wconf 88' lang='lat' dir='ltr'>actum</span> <span class='ocrx_word' id='word_1_445' title='bbox 783 2117 862 2152; x_wconf 86' lang='lat' dir='ltr'>Deo</span> <span class='ocrx_word' id='word_1_446' title='bbox 891 2114 1027 2160; x_wconf 79' lang='lat' dir='ltr'>offert3</span> <span class='ocrx_word' id='word_1_447' title='bbox 1055 2115 1139 2161; x_wconf 86' lang='lat' dir='ltr'>sed,</span> <span class='ocrx_word' id='word_1_448' title='bbox 1162 2116 1196 2154; x_wconf 92' lang='lat' dir='ltr'>si</span> <span class='ocrx_word' id='word_1_449' title='bbox 1228 2127 1276 2154; x_wconf 84' lang='lat' dir='ltr'>ex</span> <span class='ocrx_word' id='word_1_450' title='bbox 1303 2121 1395 2155; x_wconf 84' lang='lat' dir='ltr'>voto</span> <span class='ocrx_word' id='word_1_451' title='bbox 1428 2119 1503 2156; x_wconf 87' lang='lat' dir='ltr'>hoc</span> <span class='ocrx_word' id='word_1_452' title='bbox 1532 2120 1639 2165; x_wconf 85' lang='lat' dir='ltr'>facit,</span> <span class='ocrx_word' id='word_1_453' title='bbox 1672 2129 1754 2158; x_wconf 88' lang='lat' dir='ltr'>non</span> 
     </span>
     <span class='ocr_line' id='line_1_43' title="bbox 140 2161 1753 2214; baseline 0.004 -16"><span class='ocrx_word' id='word_1_454' title='bbox 140 2161 272 2198; x_wconf 87' lang='lat' dir='ltr'>solum</span> <span class='ocrx_word' id='word_1_455' title='bbox 294 2165 439 2207; x_wconf 88' lang='lat' dir='ltr'>actum,</span> <span class='ocrx_word' id='word_1_456' title='bbox 461 2162 530 2199; x_wconf 89' lang='lat' dir='ltr'>sed</span> <span class='ocrx_word' id='word_1_457' title='bbox 563 2162 678 2198; x_wconf 86' lang='lat' dir='ltr'>etiam</span> <span class='ocrx_word' id='word_1_458' title='bbox 699 2162 914 2207; x_wconf 86' lang='lat' dir='ltr'>potentiam</span> <span class='ocrx_word' id='word_1_459' title='bbox 937 2161 1052 2199; x_wconf 84' lang='lat' dir='ltr'>offert</span> <span class='ocrx_word' id='word_1_460' title='bbox 1068 2164 1175 2200; x_wconf 89' lang='lat' dir='ltr'>Deo:</span> <span class='ocrx_word' id='word_1_461' title='bbox 1197 2167 1235 2200; x_wconf 89' lang='lat' dir='ltr'>et</span> <span class='ocrx_word' id='word_1_462' title='bbox 1264 2163 1322 2202; x_wconf 92' lang='lat' dir='ltr'>sic</span> <span class='ocrx_word' id='word_1_463' title='bbox 1350 2168 1456 2211; x_wconf 86' lang='lat' dir='ltr'>patet</span> <span class='ocrx_word' id='word_1_464' title='bbox 1484 2167 1590 2214; x_wconf 89' lang='lat' dir='ltr'>quod</span> <span class='ocrx_word' id='word_1_465' title='bbox 1609 2176 1753 2214; x_wconf 87' lang='lat' dir='ltr'>propo-</span> 
     </span>
     <span class='ocr_line' id='line_1_44' title="bbox 139 2208 1752 2261; baseline 0.004 -15"><span class='ocrx_word' id='word_1_466' title='bbox 139 2208 260 2246; x_wconf 90' lang='lat' dir='ltr'>situm</span> <span class='ocrx_word' id='word_1_467' title='bbox 281 2217 399 2246; x_wconf 89' lang='lat' dir='ltr'>suum</span> <span class='ocrx_word' id='word_1_468' title='bbox 419 2212 479 2246; x_wconf 88' lang='lat' dir='ltr'>est</span> <span class='ocrx_word' id='word_1_469' title='bbox 499 2208 546 2245; x_wconf 88' lang='lat' dir='ltr'>ad</span> <span class='ocrx_word' id='word_1_470' title='bbox 568 2208 718 2255; x_wconf 87' lang='lat' dir='ltr'>aliquid</span> <span class='ocrx_word' id='word_1_471' title='bbox 735 2208 864 2254; x_wconf 89' lang='lat' dir='ltr'>majus</span> <span class='ocrx_word' id='word_1_472' title='bbox 891 2209 1270 2260; x_wconf 32' lang='lat' dir='ltr'>Deo-exhibendum.</span> <span class='ocrx_word' id='word_1_473' title='bbox 1293 2212 1373 2247; x_wconf 86' lang='lat' dir='ltr'>Erit</span> <span class='ocrx_word' id='word_1_474' title='bbox 1393 2221 1486 2259; x_wconf 83' lang='lat' dir='ltr'>ergo</span> <span class='ocrx_word' id='word_1_475' title='bbox 1520 2217 1632 2251; x_wconf 88' lang='lat' dir='ltr'>actus</span> <span class='ocrx_word' id='word_1_476' title='bbox 1667 2215 1752 2261; x_wconf 88' lang='lat' dir='ltr'>ejus</span> 
     </span>
     <span class='ocr_line' id='line_1_45' title="bbox 136 2254 1754 2338; baseline 0.004 -46"><span class='ocrx_word' id='word_1_477' title='bbox 136 2255 354 2338; x_wconf 45' lang='lat' dir='ltr'>{irtuosior</span> <span class='ocrx_word' id='word_1_478' title='bbox 370 2255 522 2293; x_wconf 85' lang='lat' dir='ltr'>ratione</span> <span class='ocrx_word' id='word_1_479' title='bbox 544 2255 707 2302; x_wconf 87' lang='lat' dir='ltr'>majoris</span> <span class='ocrx_word' id='word_1_480' title='bbox 727 2254 821 2292; x_wconf 90' lang='lat' dir='ltr'>boni</span> <span class='ocrx_word' id='word_1_481' title='bbox 843 2255 1000 2300; x_wconf 86' lang='lat' dir='ltr'>intenti,</span> <span class='ocrx_word' id='word_1_482' title='bbox 1021 2256 1095 2293; x_wconf 89' lang='lat' dir='ltr'>etsi</span> <span class='ocrx_word' id='word_1_483' title='bbox 1113 2257 1154 2292; x_wconf 93' lang='lat' dir='ltr'>in</span> <span class='ocrx_word' id='word_1_484' title='bbox 1175 2258 1407 2295; x_wconf 81' lang='lat' dir='ltr'>executione</span> <span class='ocrx_word' id='word_1_485' title='bbox 1439 2259 1542 2297; x_wconf 87' lang='lat' dir='ltr'>alius</span> <span class='ocrx_word' id='word_1_486' title='bbox 1577 2260 1754 2298; x_wconf 88' lang='lat' dir='ltr'>videatur</span> 
     </span>
     <span class='ocr_line' id='line_1_46' title="bbox 155 2302 364 2339; baseline 0.005 -1"><span class='ocrx_word' id='word_1_487' title='bbox 155 2302 364 2339; x_wconf 88' lang='lat' dir='ltr'>erventior.</span> 
     </span>
    </p>

    <p class='ocr_par' dir='ltr' id='par_1_5' title="bbox 134 2349 1751 2868">
     <span class='ocr_line' id='line_1_47' title="bbox 184 2349 1751 2396; baseline 0.004 -12"><span class='ocrx_word' id='word_1_488' title='bbox 184 2350 373 2392; x_wconf 64' lang='lat' dir='ltr'>Praeterea,</span> <span class='ocrx_word' id='word_1_489' title='bbox 406 2349 590 2387; x_wconf 84' lang='lat' dir='ltr'>voluntas</span> <span class='ocrx_word' id='word_1_490' title='bbox 619 2349 847 2396; x_wconf 83' lang='lat' dir='ltr'>praecedens</span> <span class='ocrx_word' id='word_1_491' title='bbox 872 2352 1002 2386; x_wconf 90' lang='lat' dir='ltr'>actum</span> <span class='ocrx_word' id='word_1_492' title='bbox 1036 2353 1169 2388; x_wconf 89' lang='lat' dir='ltr'>manet</span> <span class='ocrx_word' id='word_1_493' title='bbox 1192 2350 1336 2389; x_wconf 87' lang='lat' dir='ltr'>virtute</span> <span class='ocrx_word' id='word_1_494' title='bbox 1370 2352 1412 2389; x_wconf 91' lang='lat' dir='ltr'>in</span> <span class='ocrx_word' id='word_1_495' title='bbox 1440 2356 1523 2390; x_wconf 86' lang='lat' dir='ltr'>tota</span> <span class='ocrx_word' id='word_1_496' title='bbox 1559 2363 1751 2392; x_wconf 88' lang='lat' dir='ltr'>consecu-</span> 
     </span>
     <span class='ocr_line' id='line_1_48' title="bbox 136 2395 1751 2446; baseline 0.004 -14"><span class='ocrx_word' id='word_1_497' title='bbox 136 2395 245 2433; x_wconf 81' lang='lat' dir='ltr'>tione</span> <span class='ocrx_word' id='word_1_498' title='bbox 283 2400 416 2442; x_wconf 88' lang='lat' dir='ltr'>actus‚</span> <span class='ocrx_word' id='word_1_499' title='bbox 457 2400 495 2433; x_wconf 86' lang='lat' dir='ltr'>et</span> <span class='ocrx_word' id='word_1_500' title='bbox 520 2397 652 2442; x_wconf 84' lang='lat' dir='ltr'>ipsum</span> <span class='ocrx_word' id='word_1_501' title='bbox 679 2396 916 2433; x_wconf 84' lang='lat' dir='ltr'>laudabilem</span> <span class='ocrx_word' id='word_1_502' title='bbox 949 2397 1095 2442; x_wconf 89' lang='lat' dir='ltr'>reddit,</span> <span class='ocrx_word' id='word_1_503' title='bbox 1129 2396 1246 2434; x_wconf 85' lang='lat' dir='ltr'>etiam</span> <span class='ocrx_word' id='word_1_504' title='bbox 1277 2399 1436 2446; x_wconf 84' lang='lat' dir='ltr'>quando</span> <span class='ocrx_word' id='word_1_505' title='bbox 1464 2399 1511 2436; x_wconf 87' lang='lat' dir='ltr'>de</span> <span class='ocrx_word' id='word_1_506' title='bbox 1546 2401 1751 2446; x_wconf 86' lang='lat' dir='ltr'>proposito</span> 
     </span>
     <span class='ocr_line' id='line_1_49' title="bbox 137 2442 1751 2495; baseline 0.004 -16"><span class='ocrx_word' id='word_1_507' title='bbox 137 2442 370 2487; x_wconf 83' lang='lat' dir='ltr'>voluntatis,</span> <span class='ocrx_word' id='word_1_508' title='bbox 391 2446 551 2490; x_wconf 87' lang='lat' dir='ltr'>propter</span> <span class='ocrx_word' id='word_1_509' title='bbox 570 2442 676 2490; x_wconf 89' lang='lat' dir='ltr'>quod</span> <span class='ocrx_word' id='word_1_510' title='bbox 696 2446 826 2480; x_wconf 88' lang='lat' dir='ltr'>actum</span> <span class='ocrx_word' id='word_1_511' title='bbox 847 2443 1000 2490; x_wconf 86' lang='lat' dir='ltr'>incipit,</span> <span class='ocrx_word' id='word_1_512' title='bbox 1028 2443 1071 2481; x_wconf 91' lang='lat' dir='ltr'>in</span> <span class='ocrx_word' id='word_1_513' title='bbox 1091 2445 1323 2482; x_wconf 79' lang='lat' dir='ltr'>executione</span> <span class='ocrx_word' id='word_1_514' title='bbox 1346 2445 1478 2491; x_wconf 88' lang='lat' dir='ltr'>operis</span> <span class='ocrx_word' id='word_1_515' title='bbox 1499 2454 1580 2483; x_wconf 92' lang='lat' dir='ltr'>non</span> <span class='ocrx_word' id='word_1_516' title='bbox 1602 2448 1751 2495; x_wconf 81' lang='lat' dir='ltr'>cogita-</span> 
     </span>
     <span class='ocr_line' id='line_1_50' title="bbox 134 2488 1751 2542; baseline 0.004 -16"><span class='ocrx_word' id='word_1_517' title='bbox 134 2488 202 2526; x_wconf 87' lang='lat' dir='ltr'>bat</span> <span class='ocrx_word' id='word_1_518' title='bbox 225 2501 234 2534; x_wconf 92' lang='lat'>;</span> <span class='ocrx_word' id='word_1_519' title='bbox 255 2499 334 2527; x_wconf 92' lang='lat' dir='ltr'>non</span> <span class='ocrx_word' id='word_1_520' title='bbox 356 2490 460 2527; x_wconf 91' lang='lat' dir='ltr'>enim</span> <span class='ocrx_word' id='word_1_521' title='bbox 481 2493 635 2536; x_wconf 87' lang='lat' dir='ltr'>oportet</span> <span class='ocrx_word' id='word_1_522' title='bbox 653 2490 780 2537; x_wconf 89' lang='lat' dir='ltr'>utqui</span> <span class='ocrx_word' id='word_1_523' title='bbox 802 2494 962 2536; x_wconf 83' lang='lat' dir='ltr'>propter</span> <span class='ocrx_word' id='word_1_524' title='bbox 980 2492 1102 2528; x_wconf 86' lang='lat' dir='ltr'>Deum</span> <span class='ocrx_word' id='word_1_525' title='bbox 1133 2490 1294 2537; x_wconf 82' lang='lat' dir='ltr'>aliquod</span> <span class='ocrx_word' id='word_1_526' title='bbox 1313 2491 1388 2529; x_wconf 89' lang='lat' dir='ltr'>iter</span> <span class='ocrx_word' id='word_1_527' title='bbox 1406 2492 1571 2540; x_wconf 88' lang='lat' dir='ltr'>arripuit</span> <span class='ocrx_word' id='word_1_528' title='bbox 1593 2493 1635 2532; x_wconf 91' lang='lat' dir='ltr'>in</span> <span class='ocrx_word' id='word_1_529' title='bbox 1655 2504 1751 2542; x_wconf 86' lang='lat' dir='ltr'>qua·</span> 
     </span>
     <span class='ocr_line' id='line_1_51' title="bbox 136 2536 1751 2587; baseline 0.004 -15"><span class='ocrx_word' id='word_1_530' title='bbox 136 2536 232 2573; x_wconf 88' lang='lat' dir='ltr'>libet</span> <span class='ocrx_word' id='word_1_531' title='bbox 251 2540 359 2583; x_wconf 89' lang='lat' dir='ltr'>parte</span> <span class='ocrx_word' id='word_1_532' title='bbox 375 2537 530 2574; x_wconf 85' lang='lat' dir='ltr'>itineris</span> <span class='ocrx_word' id='word_1_533' title='bbox 551 2537 597 2573; x_wconf 91' lang='lat' dir='ltr'>de</span> <span class='ocrx_word' id='word_1_534' title='bbox 618 2538 698 2574; x_wconf 90' lang='lat' dir='ltr'>Deo</span> <span class='ocrx_word' id='word_1_535' title='bbox 719 2537 866 2583; x_wconf 84' lang='lat' dir='ltr'>cogitet</span> <span class='ocrx_word' id='word_1_536' title='bbox 885 2540 988 2574; x_wconf 88' lang='lat' dir='ltr'>actu.</span> <span class='ocrx_word' id='word_1_537' title='bbox 1007 2539 1114 2574; x_wconf 85' lang='lat' dir='ltr'>Patet</span> <span class='ocrx_word' id='word_1_538' title='bbox 1132 2541 1262 2575; x_wconf 88' lang='lat' dir='ltr'>autem</span> <span class='ocrx_word' id='word_1_539' title='bbox 1283 2539 1387 2585; x_wconf 89' lang='lat' dir='ltr'>quod</span> <span class='ocrx_word' id='word_1_540' title='bbox 1409 2539 1475 2576; x_wconf 90' lang='lat' dir='ltr'>ille</span> <span class='ocrx_word' id='word_1_541' title='bbox 1497 2541 1563 2587; x_wconf 83' lang='lat' dir='ltr'>qui</span> <span class='ocrx_word' id='word_1_542' title='bbox 1586 2542 1688 2578; x_wconf 86' lang='lat' dir='ltr'>vovit</span> <span class='ocrx_word' id='word_1_543' title='bbox 1706 2549 1751 2580; x_wconf 88' lang='lat' dir='ltr'>se</span> 
     </span>
     <span class='ocr_line' id='line_1_52' title="bbox 135 2583 1750 2631; baseline 0.005 -12"><span class='ocrx_word' id='word_1_544' title='bbox 135 2583 286 2630; x_wconf 87' lang='lat' dir='ltr'>aliquid</span> <span class='ocrx_word' id='word_1_545' title='bbox 314 2583 509 2622; x_wconf 79' lang='lat' dir='ltr'>iacturum</span> <span class='ocrx_word' id='word_1_546' title='bbox 547 2584 746 2621; x_wconf 89' lang='lat' dir='ltr'>intensius</span> <span class='ocrx_word' id='word_1_547' title='bbox 773 2583 871 2620; x_wconf 88' lang='lat' dir='ltr'>illud</span> <span class='ocrx_word' id='word_1_548' title='bbox 900 2584 1026 2620; x_wconf 90' lang='lat' dir='ltr'>voluit</span> <span class='ocrx_word' id='word_1_549' title='bbox 1045 2593 1162 2631; x_wconf 88' lang='lat' dir='ltr'>quam</span> <span class='ocrx_word' id='word_1_550' title='bbox 1181 2585 1247 2630; x_wconf 79' lang='lat' dir='ltr'>qui</span> <span class='ocrx_word' id='word_1_551' title='bbox 1269 2585 1502 2631; x_wconf 81' lang='lat' dir='ltr'>simpliciter</span> <span class='ocrx_word' id='word_1_552' title='bbox 1519 2587 1647 2626; x_wconf 86' lang='lat' dir='ltr'>facere</span> <span class='ocrx_word' id='word_1_553' title='bbox 1668 2588 1750 2626; x_wconf 89' lang='lat' dir='ltr'>dis-</span> 
     </span>
     <span class='ocr_line' id='line_1_53' title="bbox 148 2629 1749 2678; baseline 0.004 -11"><span class='ocrx_word' id='word_1_554' title='bbox 148 2631 268 2676; x_wconf 78' lang='lat' dir='ltr'>ionit3</span> <span class='ocrx_word' id='word_1_555' title='bbox 289 2630 384 2678; x_wconf 88' lang='lat' dir='ltr'>quia</span> <span class='ocrx_word' id='word_1_556' title='bbox 402 2639 484 2668; x_wconf 90' lang='lat' dir='ltr'>non</span> <span class='ocrx_word' id='word_1_557' title='bbox 502 2630 634 2669; x_wconf 89' lang='lat' dir='ltr'>solum</span> <span class='ocrx_word' id='word_1_558' title='bbox 657 2630 785 2668; x_wconf 86' lang='lat' dir='ltr'>facere</span> <span class='ocrx_word' id='word_1_559' title='bbox 817 2629 957 2672; x_wconf 88' lang='lat' dir='ltr'>voluit,</span> <span class='ocrx_word' id='word_1_560' title='bbox 979 2630 1049 2668; x_wconf 91' lang='lat' dir='ltr'>sed</span> <span class='ocrx_word' id='word_1_561' title='bbox 1077 2631 1203 2667; x_wconf 79' lang='lat' dir='ltr'>voluit</span> <span class='ocrx_word' id='word_1_562' title='bbox 1231 2640 1274 2669; x_wconf 88' lang='lat' dir='ltr'>se</span> <span class='ocrx_word' id='word_1_563' title='bbox 1300 2632 1455 2670; x_wconf 88' lang='lat' dir='ltr'>firmare</span> <span class='ocrx_word' id='word_1_564' title='bbox 1482 2637 1525 2670; x_wconf 92' lang='lat' dir='ltr'>ut</span> <span class='ocrx_word' id='word_1_565' title='bbox 1556 2644 1637 2673; x_wconf 91' lang='lat' dir='ltr'>non</span> <span class='ocrx_word' id='word_1_566' title='bbox 1655 2635 1749 2673; x_wconf 86' lang='lat' dir='ltr'>defi-</span> 
     </span>
     <span class='ocr_line' id='line_1_54' title="bbox 149 2677 1747 2730; baseline 0.004 -16"><span class='ocrx_word' id='word_1_567' title='bbox 149 2679 240 2714; x_wconf 60' lang='grc' dir='ltr'>(πνεῖ</span> <span class='ocrx_word' id='word_1_568' title='bbox 258 2686 283 2716; x_wconf 86' lang='lat' dir='ltr'>a</span> <span class='ocrx_word' id='word_1_569' title='bbox 300 2677 497 2715; x_wconf 84' lang='lat' dir='ltr'>faciendo.</span> <span class='ocrx_word' id='word_1_570' title='bbox 517 2679 572 2715; x_wconf 84' lang='lat' dir='ltr'>Ex</span> <span class='ocrx_word' id='word_1_571' title='bbox 597 2677 673 2715; x_wconf 87' lang='lat' dir='ltr'>hac</span> <span class='ocrx_word' id='word_1_572' title='bbox 707 2677 830 2724; x_wconf 84' lang='lat' dir='ltr'>igitur</span> <span class='ocrx_word' id='word_1_573' title='bbox 863 2677 1092 2730; x_wconf 41' lang='lat' dir='ltr'>voluntatis·</span> <span class='ocrx_word' id='word_1_574' title='bbox 1112 2678 1340 2716; x_wconf 85' lang='lat' dir='ltr'>intensione</span> <span class='ocrx_word' id='word_1_575' title='bbox 1369 2679 1545 2718; x_wconf 86' lang='lat' dir='ltr'>redditur</span> <span class='ocrx_word' id='word_1_576' title='bbox 1563 2683 1747 2722; x_wconf 84' lang='lat' dir='ltr'>executio</span> 
     </span>
     <span class='ocr_line' id='line_1_55' title="bbox 149 2723 1748 2772; baseline 0.003 -10"><span class='ocrx_word' id='word_1_577' title='bbox 149 2724 213 2762; x_wconf 64' lang='lat' dir='ltr'>Vssi</span> <span class='ocrx_word' id='word_1_578' title='bbox 232 2733 323 2763; x_wconf 90' lang='lat' dir='ltr'>cum</span> <span class='ocrx_word' id='word_1_579' title='bbox 343 2725 572 2763; x_wconf 87' lang='lat' dir='ltr'>intensione</span> <span class='ocrx_word' id='word_1_580' title='bbox 591 2724 762 2771; x_wconf 86' lang='lat' dir='ltr'>quadam</span> <span class='ocrx_word' id='word_1_581' title='bbox 793 2723 1020 2768; x_wconf 88' lang='lat' dir='ltr'>laudabilis,</span> <span class='ocrx_word' id='word_1_582' title='bbox 1043 2727 1161 2762; x_wconf 81' lang='lat' dir='ltr'>etlam</span> <span class='ocrx_word' id='word_1_583' title='bbox 1185 2726 1345 2772; x_wconf 86' lang='lat' dir='ltr'>quando</span> <span class='ocrx_word' id='word_1_584' title='bbox 1371 2727 1555 2766; x_wconf 84' lang='lat' dir='ltr'>voluntas</span> <span class='ocrx_word' id='word_1_585' title='bbox 1583 2730 1643 2766; x_wconf 88' lang='lat' dir='ltr'>vel</span> <span class='ocrx_word' id='word_1_586' title='bbox 1666 2738 1748 2767; x_wconf 90' lang='lat' dir='ltr'>non</span> 
     </span>
     <span class='ocr_line' id='line_1_56' title="bbox 152 2769 1750 2824; baseline 0.004 -16"><span class='ocrx_word' id='word_1_587' title='bbox 152 2769 223 2807; x_wconf 63' lang='lat'><strong>³0¹³(</strong></span> <span class='ocrx_word' id='word_1_588' title='bbox 242 2771 368 2810; x_wconf 82' lang='lat' dir='ltr'>fertur</span> <span class='ocrx_word' id='word_1_589' title='bbox 385 2772 428 2809; x_wconf 87' lang='lat' dir='ltr'>in</span> <span class='ocrx_word' id='word_1_590' title='bbox 448 2780 564 2819; x_wconf 85' lang='lat' dir='ltr'>opus,</span> <span class='ocrx_word' id='word_1_591' title='bbox 585 2772 646 2809; x_wconf 88' lang='lat' dir='ltr'>vel</span> <span class='ocrx_word' id='word_1_592' title='bbox 670 2771 794 2809; x_wconf 88' lang='lat' dir='ltr'>fertur</span> <span class='ocrx_word' id='word_1_593' title='bbox 812 2771 994 2809; x_wconf 85' lang='lat' dir='ltr'>remisse.</span> <span class='ocrx_word' id='word_1_594' title='bbox 1014 2771 1078 2809; x_wconf 89' lang='lat' dir='ltr'>Sic</span> <span class='ocrx_word' id='word_1_595' title='bbox 1104 2780 1199 2819; x_wconf 82' lang='lat' dir='ltr'>ergo</span> <span class='ocrx_word' id='word_1_596' title='bbox 1232 2772 1473 2812; x_wconf 84' lang='lat' dir='ltr'>laudabilior</span> <span class='ocrx_word' id='word_1_597' title='bbox 1501 2773 1543 2812; x_wconf 85' lang='lat' dir='ltr'>fit</span> <span class='ocrx_word' id='word_1_598' title='bbox 1573 2777 1680 2824; x_wconf 87' lang='lat' dir='ltr'>quod</span> <span class='ocrx_word' id='word_1_599' title='bbox 1701 2786 1750 2814; x_wconf 79' lang='lat' dir='ltr'>ex</span> 
     </span>
     <span class='ocr_line' id='line_1_57' title="bbox 147 2812 1369 2868; baseline 0.002 -13"><span class='ocrx_word' id='word_1_600' title='bbox 147 2812 289 2855; x_wconf 65' lang='lat' dir='ltr'>vottfit</span> <span class='ocrx_word' id='word_1_601' title='bbox 307 2828 427 2867; x_wconf 86' lang='lat' dir='ltr'>quam</span> <span class='ocrx_word' id='word_1_602' title='bbox 446 2818 554 2868; x_wconf 87' lang='lat' dir='ltr'>quod</span> <span class='ocrx_word' id='word_1_603' title='bbox 573 2817 617 2856; x_wconf 89' lang='lat' dir='ltr'>fit</span> <span class='ocrx_word' id='word_1_604' title='bbox 636 2818 724 2857; x_wconf 89' lang='lat' dir='ltr'>sine</span> <span class='ocrx_word' id='word_1_605' title='bbox 743 2821 850 2863; x_wconf 89' lang='lat' dir='ltr'>voto,</span> <span class='ocrx_word' id='word_1_606' title='bbox 870 2818 1023 2856; x_wconf 82' lang='lat' dir='ltr'>caeteris</span> <span class='ocrx_word' id='word_1_607' title='bbox 1042 2821 1175 2856; x_wconf 85' lang='lat' dir='ltr'>tamen</span> <span class='ocrx_word' id='word_1_608' title='bbox 1195 2820 1369 2866; x_wconf 89' lang='lat' dir='ltr'>paribus.</span> 
     </span>
    </p>
   </div>
  </div>
 </body>
</html>
