<?xml version="1.0" encoding="UTF-8"?>
<!DOCTYPE html PUBLIC "-//W3C//DTD XHTML 1.0 Transitional//EN"
    "http://www.w3.org/TR/xhtml1/DTD/xhtml1-transitional.dtd">
<html xmlns="http://www.w3.org/1999/xhtml" xml:lang="en" lang="en">
 <head>
  <title>
</title>
<meta http-equiv="Content-Type" content="text/html;charset=utf-8" />
  <meta name='ocr-system' content='tesseract 3.04.00' />
  <meta name='ocr-capabilities' content='ocr_page ocr_carea ocr_par ocr_line ocrx_word'/>
</head>
<body>
  <div class='ocr_page' id='page_1' title='image "./deveritatecathol00thomuoft_0413.png"; bbox 0 0 1894 3223; ppageno 0'>
   <div class='ocr_carea' id='block_1_1' title="bbox 674 120 1724 166">
    <p class='ocr_par' dir='ltr' id='par_1_1' title="bbox 674 120 1724 166">
     <span class='ocr_line' id='line_1_1' title="bbox 674 120 1724 166; baseline -0.002 -8"><span class='ocrx_word' id='word_1_1' title='bbox 674 121 760 158; x_wconf 88' lang='lat' dir='ltr'><strong>LIB.</strong></span> <span class='ocrx_word' id='word_1_2' title='bbox 788 122 852 166; x_wconf 84' lang='lat' dir='ltr'>ill,</span> <span class='ocrx_word' id='word_1_3' title='bbox 881 121 981 158; x_wconf 71' lang='lat' dir='ltr'>CAP.</span> <span class='ocrx_word' id='word_1_4' title='bbox 1011 120 1165 157; x_wconf 78' lang='lat' dir='ltr'>Lxxxv.</span> <span class='ocrx_word' id='word_1_5' title='bbox 1656 121 1724 156; x_wconf 81' lang='lat'>373</span> 
     </span>
    </p>
   </div>
   <div class='ocr_carea' id='block_1_2' title="bbox 99 199 1733 2930">
    <p class='ocr_par' dir='ltr' id='par_1_2' title="bbox 99 199 1723 392">
     <span class='ocr_line' id='line_1_2' title="bbox 99 199 1721 253; baseline -0.003 -9"><span class='ocrx_word' id='word_1_6' title='bbox 99 205 219 244; x_wconf 82' lang='lat' dir='ltr'>habet</span> <span class='ocrx_word' id='word_1_7' title='bbox 238 211 399 242; x_wconf 83' lang='lat' dir='ltr'>causam</span> <span class='ocrx_word' id='word_1_8' title='bbox 421 202 462 240; x_wconf 92' lang='lat' dir='ltr'>in</span> <span class='ocrx_word' id='word_1_9' title='bbox 494 205 650 240; x_wconf 81' lang='lat' dir='ltr'>natura.</span> <span class='ocrx_word' id='word_1_10' title='bbox 670 203 766 240; x_wconf 86' lang='lat' dir='ltr'>Nam</span> <span class='ocrx_word' id='word_1_11' title='bbox 787 202 936 240; x_wconf 88' lang='lat' dir='ltr'>malum</span> <span class='ocrx_word' id='word_1_12' title='bbox 957 201 1096 239; x_wconf 84' lang='lat' dir='ltr'>incidit</span> <span class='ocrx_word' id='word_1_13' title='bbox 1112 211 1160 239; x_wconf 83' lang='lat' dir='ltr'>ex</span> <span class='ocrx_word' id='word_1_14' title='bbox 1179 200 1334 238; x_wconf 76' lang='lat' dir='ltr'>defectu</span> <span class='ocrx_word' id='word_1_15' title='bbox 1371 199 1541 247; x_wconf 85' lang='lat' dir='ltr'>alicujus</span> <span class='ocrx_word' id='word_1_16' title='bbox 1573 209 1721 253; x_wconf 78' lang='lat' dir='ltr'>causae,</span> 
     </span>
     <span class='ocr_line' id='line_1_3' title="bbox 99 249 1723 295; baseline -0.004 -5"><span class='ocrx_word' id='word_1_17' title='bbox 99 255 137 290; x_wconf 89' lang='lat' dir='ltr'>et</span> <span class='ocrx_word' id='word_1_18' title='bbox 158 260 239 291; x_wconf 86' lang='lat' dir='ltr'>non</span> <span class='ocrx_word' id='word_1_19' title='bbox 255 249 373 289; x_wconf 83' lang='lat' dir='ltr'>habet</span> <span class='ocrx_word' id='word_1_20' title='bbox 391 257 553 287; x_wconf 86' lang='lat' dir='ltr'>causam</span> <span class='ocrx_word' id='word_1_21' title='bbox 573 257 643 295; x_wconf 85' lang='lat' dir='ltr'>per</span> <span class='ocrx_word' id='word_1_22' title='bbox 659 257 716 294; x_wconf 90' lang='lat' dir='ltr'>se,</span> <span class='ocrx_word' id='word_1_23' title='bbox 740 252 921 295; x_wconf 87' lang='lat' dir='ltr'>utsupra</span> <span class='ocrx_word' id='word_1_24' title='bbox 955 259 1041 295; x_wconf 88' lang='lat' dir='ltr'>cap.</span> <span class='ocrx_word' id='word_1_25' title='bbox 1066 249 1122 294; x_wconf 75' lang='lat'>14)</span> <span class='ocrx_word' id='word_1_26' title='bbox 1145 252 1353 286; x_wconf 89' lang='lat' dir='ltr'>ostensum</span> <span class='ocrx_word' id='word_1_27' title='bbox 1385 250 1460 286; x_wconf 87' lang='lat' dir='ltr'>est.</span> <span class='ocrx_word' id='word_1_28' title='bbox 1481 249 1567 285; x_wconf 85' lang='lat' dir='ltr'>Non</span> <span class='ocrx_word' id='word_1_29' title='bbox 1600 250 1723 295; x_wconf 84' lang='lat' dir='ltr'>igitur</span> 
     </span>
     <span class='ocr_line' id='line_1_4' title="bbox 100 294 1721 346; baseline -0.004 -9"><span class='ocrx_word' id='word_1_30' title='bbox 100 302 159 337; x_wconf 90' lang='lat' dir='ltr'>est</span> <span class='ocrx_word' id='word_1_31' title='bbox 180 296 372 346; x_wconf 90' lang='lat' dir='ltr'>possibile</span> <span class='ocrx_word' id='word_1_32' title='bbox 407 295 513 344; x_wconf 86' lang='lat' dir='ltr'>quod</span> <span class='ocrx_word' id='word_1_33' title='bbox 534 295 750 334; x_wconf 81' lang='lat' dir='ltr'>electiones</span> <span class='ocrx_word' id='word_1_34' title='bbox 766 300 911 334; x_wconf 64' lang='lat' dir='ltr'>nostrae</span> <span class='ocrx_word' id='word_1_35' title='bbox 961 297 1079 333; x_wconf 88' lang='lat' dir='ltr'>irecte</span> <span class='ocrx_word' id='word_1_36' title='bbox 1097 299 1135 333; x_wconf 89' lang='lat' dir='ltr'>ct</span> <span class='ocrx_word' id='word_1_37' title='bbox 1153 304 1222 343; x_wconf 89' lang='lat' dir='ltr'>per</span> <span class='ocrx_word' id='word_1_38' title='bbox 1237 304 1280 333; x_wconf 90' lang='lat' dir='ltr'>sc</span> <span class='ocrx_word' id='word_1_39' title='bbox 1295 305 1317 332; x_wconf 89' lang='lat' dir='ltr'>a</span> <span class='ocrx_word' id='word_1_40' title='bbox 1330 295 1566 341; x_wconf 82' lang='lat' dir='ltr'>corporibus</span> <span class='ocrx_word' id='word_1_41' title='bbox 1585 294 1721 332; x_wconf 88' lang='lat' dir='ltr'>coeles-</span> 
     </span>
     <span class='ocr_line' id='line_1_5' title="bbox 99 343 821 392; baseline -0.006 -9"><span class='ocrx_word' id='word_1_42' title='bbox 99 345 208 385; x_wconf 87' lang='lat' dir='ltr'>tibus</span> <span class='ocrx_word' id='word_1_43' title='bbox 224 343 461 392; x_wconf 86' lang='lat' dir='ltr'>proveniant</span> <span class='ocrx_word' id='word_1_44' title='bbox 479 343 584 380; x_wconf 92' lang='lat' dir='ltr'>sicut</span> <span class='ocrx_word' id='word_1_45' title='bbox 605 352 653 380; x_wconf 82' lang='lat' dir='ltr'>ex</span> <span class='ocrx_word' id='word_1_46' title='bbox 673 343 821 381; x_wconf 84' lang='lat' dir='ltr'>causis.</span> 
     </span>
    </p>

    <p class='ocr_par' dir='ltr' id='par_1_3' title="bbox 99 388 1725 722">
     <span class='ocr_line' id='line_1_6' title="bbox 148 388 1724 437; baseline -0.003 -7"><span class='ocrx_word' id='word_1_47' title='bbox 148 391 295 430; x_wconf 87' lang='lat' dir='ltr'>Poterit</span> <span class='ocrx_word' id='word_1_48' title='bbox 313 394 445 429; x_wconf 86' lang='lat' dir='ltr'>autem</span> <span class='ocrx_word' id='word_1_49' title='bbox 463 390 609 437; x_wconf 85' lang='lat' dir='ltr'>aliquis</span> <span class='ocrx_word' id='word_1_50' title='bbox 631 390 724 427; x_wconf 89' lang='lat' dir='ltr'>huic</span> <span class='ocrx_word' id='word_1_51' title='bbox 744 390 888 427; x_wconf 88' lang='lat' dir='ltr'>rationi</span> <span class='ocrx_word' id='word_1_52' title='bbox 912 389 1085 431; x_wconf 86' lang='lat' dir='ltr'>obviare,</span> <span class='ocrx_word' id='word_1_53' title='bbox 1108 389 1276 427; x_wconf 91' lang='lat' dir='ltr'>dicendo</span> <span class='ocrx_word' id='word_1_54' title='bbox 1309 389 1415 436; x_wconf 85' lang='lat' dir='ltr'>quod</span> <span class='ocrx_word' id='word_1_55' title='bbox 1449 389 1580 427; x_wconf 90' lang='lat' dir='ltr'>omnis</span> <span class='ocrx_word' id='word_1_56' title='bbox 1617 388 1724 426; x_wconf 89' lang='lat' dir='ltr'>mala</span> 
     </span>
     <span class='ocr_line' id='line_1_7' title="bbox 100 436 1720 488; baseline -0.004 -10"><span class='ocrx_word' id='word_1_57' title='bbox 100 438 242 478; x_wconf 76' lang='lat' dir='ltr'>electio</span> <span class='ocrx_word' id='word_1_58' title='bbox 260 447 309 476; x_wconf 86' lang='lat' dir='ltr'>ex</span> <span class='ocrx_word' id='word_1_59' title='bbox 328 437 497 484; x_wconf 87' lang='lat' dir='ltr'>alicujus</span> <span class='ocrx_word' id='word_1_60' title='bbox 515 436 611 474; x_wconf 90' lang='lat' dir='ltr'>boni</span> <span class='ocrx_word' id='word_1_61' title='bbox 632 437 805 484; x_wconf 85' lang='lat' dir='ltr'>appetitu</span> <span class='ocrx_word' id='word_1_62' title='bbox 827 437 1020 483; x_wconf 85' lang='lat' dir='ltr'>provenit,</span> <span class='ocrx_word' id='word_1_63' title='bbox 1042 441 1084 474; x_wconf 91' lang='lat' dir='ltr'>ut</span> <span class='ocrx_word' id='word_1_64' title='bbox 1104 445 1225 483; x_wconf 86' lang='lat' dir='ltr'>supra</span> <span class='ocrx_word' id='word_1_65' title='bbox 1242 436 1341 484; x_wconf 89' lang='lat' dir='ltr'>(cap.</span> <span class='ocrx_word' id='word_1_66' title='bbox 1367 439 1387 473; x_wconf 88' lang='lat'><strong>3</strong></span> <span class='ocrx_word' id='word_1_67' title='bbox 1403 439 1441 473; x_wconf 85' lang='lat' dir='ltr'>et</span> <span class='ocrx_word' id='word_1_68' title='bbox 1459 436 1494 488; x_wconf 77' lang='lat'>4)</span> <span class='ocrx_word' id='word_1_69' title='bbox 1513 439 1720 473; x_wconf 89' lang='lat' dir='ltr'>ostensum</span> 
     </span>
     <span class='ocr_line' id='line_1_8' title="bbox 99 482 1724 530; baseline -0.003 -6"><span class='ocrx_word' id='word_1_70' title='bbox 99 490 173 525; x_wconf 84' lang='lat' dir='ltr'>est.</span> <span class='ocrx_word' id='word_1_71' title='bbox 195 485 305 524; x_wconf 88' lang='lat' dir='ltr'>Sicut</span> <span class='ocrx_word' id='word_1_72' title='bbox 321 484 462 523; x_wconf 76' lang='lat' dir='ltr'>electio</span> <span class='ocrx_word' id='word_1_73' title='bbox 485 484 668 522; x_wconf 85' lang='lat' dir='ltr'>adulterii</span> <span class='ocrx_word' id='word_1_74' title='bbox 690 485 869 530; x_wconf 89' lang='lat' dir='ltr'>provenit</span> <span class='ocrx_word' id='word_1_75' title='bbox 886 494 932 521; x_wconf 78' lang='lat' dir='ltr'>ex</span> <span class='ocrx_word' id='word_1_76' title='bbox 949 484 1122 530; x_wconf 85' lang='lat' dir='ltr'>appetitu</span> <span class='ocrx_word' id='word_1_77' title='bbox 1142 483 1237 521; x_wconf 89' lang='lat' dir='ltr'>boni</span> <span class='ocrx_word' id='word_1_78' title='bbox 1268 483 1514 520; x_wconf 82' lang='lat' dir='ltr'>delectabilis</span> <span class='ocrx_word' id='word_1_79' title='bbox 1535 482 1640 530; x_wconf 88' lang='lat' dir='ltr'>quod</span> <span class='ocrx_word' id='word_1_80' title='bbox 1662 485 1724 520; x_wconf 90' lang='lat' dir='ltr'>est</span> 
     </span>
     <span class='ocr_line' id='line_1_9' title="bbox 99 529 1725 582; baseline -0.003 -11"><span class='ocrx_word' id='word_1_81' title='bbox 99 533 142 571; x_wconf 91' lang='lat' dir='ltr'>in</span> <span class='ocrx_word' id='word_1_82' title='bbox 162 532 366 578; x_wconf 82' lang='lat' dir='ltr'>venereis;</span> <span class='ocrx_word' id='word_1_83' title='bbox 387 531 435 569; x_wconf 89' lang='lat' dir='ltr'>ad</span> <span class='ocrx_word' id='word_1_84' title='bbox 455 531 561 580; x_wconf 85' lang='lat' dir='ltr'>quod</span> <span class='ocrx_word' id='word_1_85' title='bbox 579 530 739 578; x_wconf 84' lang='lat' dir='ltr'>quidem</span> <span class='ocrx_word' id='word_1_86' title='bbox 772 531 921 569; x_wconf 91' lang='lat' dir='ltr'>bonum</span> <span class='ocrx_word' id='word_1_87' title='bbox 954 530 1178 568; x_wconf 84' lang='lat' dir='ltr'>universale</span> <span class='ocrx_word' id='word_1_88' title='bbox 1211 529 1345 576; x_wconf 86' lang='lat' dir='ltr'>aliqua</span> <span class='ocrx_word' id='word_1_89' title='bbox 1364 531 1480 567; x_wconf 80' lang='lat' dir='ltr'>stella</span> <span class='ocrx_word' id='word_1_90' title='bbox 1513 533 1655 567; x_wconf 86' lang='lat' dir='ltr'>movet.</span> <span class='ocrx_word' id='word_1_91' title='bbox 1680 531 1725 582; x_wconf 62' lang='lat' dir='ltr'>Et</span> 
     </span>
     <span class='ocr_line' id='line_1_10' title="bbox 100 576 1723 626; baseline -0.003 -8"><span class='ocrx_word' id='word_1_92' title='bbox 100 579 178 618; x_wconf 89' lang='grc'>1100</span> <span class='ocrx_word' id='word_1_93' title='bbox 197 579 470 619; x_wconf 86' lang='lat' dir='ltr'>necessarium</span> <span class='ocrx_word' id='word_1_94' title='bbox 494 582 555 616; x_wconf 91' lang='lat' dir='ltr'>est</span> <span class='ocrx_word' id='word_1_95' title='bbox 573 578 620 616; x_wconf 90' lang='lat' dir='ltr'>ad</span> <span class='ocrx_word' id='word_1_96' title='bbox 641 579 920 626; x_wconf 83' lang='lat' dir='ltr'>generationes</span> <span class='ocrx_word' id='word_1_97' title='bbox 940 578 1171 615; x_wconf 84' lang='lat' dir='ltr'>animalium</span> <span class='ocrx_word' id='word_1_98' title='bbox 1192 576 1465 624; x_wconf 87' lang='lat' dir='ltr'>perficiendas.</span> <span class='ocrx_word' id='word_1_99' title='bbox 1490 579 1567 620; x_wconf 74' lang='lat' dir='ltr'>Nec</span> <span class='ocrx_word' id='word_1_100' title='bbox 1587 576 1723 614; x_wconf 84' lang='lat' dir='ltr'>debuit</span> 
     </span>
     <span class='ocr_line' id='line_1_11' title="bbox 101 623 1723 672; baseline -0.004 -6"><span class='ocrx_word' id='word_1_101' title='bbox 101 626 178 666; x_wconf 90' lang='lat' dir='ltr'>hoc</span> <span class='ocrx_word' id='word_1_102' title='bbox 194 635 407 666; x_wconf 87' lang='lat' dir='ltr'>commune</span> <span class='ocrx_word' id='word_1_103' title='bbox 425 625 574 664; x_wconf 90' lang='lat' dir='ltr'>bonum</span> <span class='ocrx_word' id='word_1_104' title='bbox 593 626 836 671; x_wconf 84' lang='lat' dir='ltr'>praetcrmitti</span> <span class='ocrx_word' id='word_1_105' title='bbox 858 629 1015 672; x_wconf 90' lang='lat' dir='ltr'>propter</span> <span class='ocrx_word' id='word_1_106' title='bbox 1034 625 1183 663; x_wconf 84' lang='lat' dir='ltr'>malum</span> <span class='ocrx_word' id='word_1_107' title='bbox 1209 624 1444 672; x_wconf 85' lang='lat' dir='ltr'>particulare</span> <span class='ocrx_word' id='word_1_108' title='bbox 1477 623 1723 671; x_wconf 66' lang='lat' dir='ltr'>hujusmodi,</span> 
     </span>
     <span class='ocr_line' id='line_1_12' title="bbox 101 673 799 722; baseline -0.004 -10"><span class='ocrx_word' id='word_1_109' title='bbox 101 673 208 722; x_wconf 88' lang='lat' dir='ltr'>quod</span> <span class='ocrx_word' id='word_1_110' title='bbox 229 683 277 711; x_wconf 86' lang='lat' dir='ltr'>ex</span> <span class='ocrx_word' id='word_1_111' title='bbox 297 673 489 711; x_wconf 91' lang='lat' dir='ltr'>instinctu</span> <span class='ocrx_word' id='word_1_112' title='bbox 506 673 618 720; x_wconf 83' lang='lat' dir='ltr'>eligit</span> <span class='ocrx_word' id='word_1_113' title='bbox 637 673 799 710; x_wconf 86' lang='lat' dir='ltr'>malum.</span> 
     </span>
    </p>

    <p class='ocr_par' dir='ltr' id='par_1_4' title="bbox 101 718 1729 1377">
     <span class='ocr_line' id='line_1_13' title="bbox 150 718 1724 766; baseline -0.003 -7"><span class='ocrx_word' id='word_1_114' title='bbox 150 721 239 759; x_wconf 83' lang='lat' dir='ltr'>Haec</span> <span class='ocrx_word' id='word_1_115' title='bbox 254 724 385 758; x_wconf 83' lang='lat' dir='ltr'>autem</span> <span class='ocrx_word' id='word_1_116' title='bbox 406 720 616 766; x_wconf 83' lang='lat' dir='ltr'>responsio</span> <span class='ocrx_word' id='word_1_117' title='bbox 637 719 842 758; x_wconf 83' lang='lat' dir='ltr'>sufficiens</span> <span class='ocrx_word' id='word_1_118' title='bbox 863 728 943 756; x_wconf 90' lang='lat' dir='ltr'>nou</span> <span class='ocrx_word' id='word_1_119' title='bbox 975 722 1048 762; x_wconf 91' lang='lat' dir='ltr'>est,</span> <span class='ocrx_word' id='word_1_120' title='bbox 1071 719 1121 756; x_wconf 87' lang='lat' dir='ltr'>si·</span> <span class='ocrx_word' id='word_1_121' title='bbox 1138 722 1338 765; x_wconf 79' lang='lat' dir='ltr'>ponantur</span> <span class='ocrx_word' id='word_1_122' title='bbox 1357 727 1524 764; x_wconf 59' lang='lat' dir='ltr'>cospora</span> <span class='ocrx_word' id='word_1_123' title='bbox 1544 718 1724 756; x_wconf 84' lang='lat' dir='ltr'>coelestia</span> 
     </span>
     <span class='ocr_line' id='line_1_14' title="bbox 101 764 1723 815; baseline -0.003 -9"><span class='ocrx_word' id='word_1_124' title='bbox 101 777 171 815; x_wconf 88' lang='lat' dir='ltr'>per</span> <span class='ocrx_word' id='word_1_125' title='bbox 190 777 233 805; x_wconf 90' lang='lat' dir='ltr'>se</span> <span class='ocrx_word' id='word_1_126' title='bbox 250 777 373 805; x_wconf 89' lang='lat' dir='ltr'>causa</span> <span class='ocrx_word' id='word_1_127' title='bbox 399 767 637 804; x_wconf 76' lang='lat' dir='ltr'>electionum</span> <span class='ocrx_word' id='word_1_128' title='bbox 667 770 908 808; x_wconf 87' lang='lat' dir='ltr'>nostrarum,</span> <span class='ocrx_word' id='word_1_129' title='bbox 930 769 1064 812; x_wconf 84' lang='lat' dir='ltr'>utpote</span> <span class='ocrx_word' id='word_1_130' title='bbox 1082 774 1151 811; x_wconf 87' lang='lat' dir='ltr'>per</span> <span class='ocrx_word' id='word_1_131' title='bbox 1171 774 1214 803; x_wconf 90' lang='lat' dir='ltr'>se</span> <span class='ocrx_word' id='word_1_132' title='bbox 1234 765 1502 811; x_wconf 80' lang='lat' dir='ltr'>imprimentia</span> <span class='ocrx_word' id='word_1_133' title='bbox 1535 765 1575 802; x_wconf 91' lang='lat' dir='ltr'>in</span> <span class='ocrx_word' id='word_1_134' title='bbox 1609 764 1723 802; x_wconf 91' lang='lat' dir='ltr'>intel-</span> 
     </span>
     <span class='ocr_line' id='line_1_15' title="bbox 101 812 1725 860; baseline -0.002 -8"><span class='ocrx_word' id='word_1_135' title='bbox 101 815 246 852; x_wconf 88' lang='lat' dir='ltr'>lectum</span> <span class='ocrx_word' id='word_1_136' title='bbox 287 818 324 852; x_wconf 86' lang='lat' dir='ltr'>et</span> <span class='ocrx_word' id='word_1_137' title='bbox 362 814 619 852; x_wconf 88' lang='lat' dir='ltr'>voluntatem.</span> <span class='ocrx_word' id='word_1_138' title='bbox 640 815 735 851; x_wconf 88' lang='lat' dir='ltr'>Nam</span> <span class='ocrx_word' id='word_1_139' title='bbox 772 813 984 860; x_wconf 89' lang='lat' dir='ltr'>impressio</span> <span class='ocrx_word' id='word_1_140' title='bbox 1020 812 1259 850; x_wconf 87' lang='lat' dir='ltr'>universalis</span> <span class='ocrx_word' id='word_1_141' title='bbox 1292 821 1424 850; x_wconf 65' lang='lat' dir='ltr'>causae</span> <span class='ocrx_word' id='word_1_142' title='bbox 1456 812 1645 858; x_wconf 86' lang='lat' dir='ltr'>recipitur</span> <span class='ocrx_word' id='word_1_143' title='bbox 1682 812 1725 848; x_wconf 90' lang='lat' dir='ltr'>in</span> 
     </span>
     <span class='ocr_line' id='line_1_16' title="bbox 103 858 1725 909; baseline -0.002 -10"><span class='ocrx_word' id='word_1_144' title='bbox 103 871 346 909; x_wconf 83' lang='lat' dir='ltr'>unoquoque</span> <span class='ocrx_word' id='word_1_145' title='bbox 379 861 598 899; x_wconf 89' lang='lat' dir='ltr'>secuudum</span> <span class='ocrx_word' id='word_1_146' title='bbox 632 861 794 898; x_wconf 90' lang='lat' dir='ltr'>modum</span> <span class='ocrx_word' id='word_1_147' title='bbox 825 870 957 898; x_wconf 90' lang='lat' dir='ltr'>suum.</span> <span class='ocrx_word' id='word_1_148' title='bbox 981 858 1150 897; x_wconf 76' lang='lat' dir='ltr'>Effectus</span> <span class='ocrx_word' id='word_1_149' title='bbox 1182 869 1277 907; x_wconf 87' lang='lat' dir='ltr'>ergo</span> <span class='ocrx_word' id='word_1_150' title='bbox 1304 859 1428 896; x_wconf 81' lang='lat' dir='ltr'>stellae</span> <span class='ocrx_word' id='word_1_151' title='bbox 1450 859 1646 896; x_wconf 86' lang='lat' dir='ltr'>moventis</span> <span class='ocrx_word' id='word_1_152' title='bbox 1676 858 1725 896; x_wconf 88' lang='lat' dir='ltr'>ad</span> 
     </span>
     <span class='ocr_line' id='line_1_17' title="bbox 103 906 1726 956; baseline -0.002 -10"><span class='ocrx_word' id='word_1_153' title='bbox 103 908 406 947; x_wconf 83' lang='lat' dir='ltr'>delectationem</span> <span class='ocrx_word' id='word_1_154' title='bbox 426 917 514 956; x_wconf 85' lang='lat' dir='ltr'>quae</span> <span class='ocrx_word' id='word_1_155' title='bbox 533 911 593 945; x_wconf 88' lang='lat' dir='ltr'>est</span> <span class='ocrx_word' id='word_1_156' title='bbox 613 907 654 945; x_wconf 91' lang='lat' dir='ltr'>in</span> <span class='ocrx_word' id='word_1_157' title='bbox 672 908 952 954; x_wconf 86' lang='lat' dir='ltr'>conjunctione</span> <span class='ocrx_word' id='word_1_158' title='bbox 973 907 1155 944; x_wconf 87' lang='lat' dir='ltr'>ordinata</span> <span class='ocrx_word' id='word_1_159' title='bbox 1169 907 1216 944; x_wconf 88' lang='lat' dir='ltr'>ad</span> <span class='ocrx_word' id='word_1_160' title='bbox 1233 907 1530 954; x_wconf 83' lang='lat' dir='ltr'>generationem</span> <span class='ocrx_word' id='word_1_161' title='bbox 1563 906 1726 952; x_wconf 90' lang='lat' dir='ltr'>recipie-</span> 
     </span>
     <span class='ocr_line' id='line_1_18' title="bbox 102 952 1726 1006; baseline -0.002 -13"><span class='ocrx_word' id='word_1_162' title='bbox 102 956 226 993; x_wconf 90' lang='lat' dir='ltr'>turin</span> <span class='ocrx_word' id='word_1_163' title='bbox 245 955 422 1003; x_wconf 88' lang='lat' dir='ltr'>quolibet</span> <span class='ocrx_word' id='word_1_164' title='bbox 449 954 667 993; x_wconf 84' lang='lat' dir='ltr'>secundum</span> <span class='ocrx_word' id='word_1_165' title='bbox 701 954 860 992; x_wconf 89' lang='lat' dir='ltr'>modum</span> <span class='ocrx_word' id='word_1_166' title='bbox 896 954 1099 1000; x_wconf 88' lang='lat' dir='ltr'>proprium</span> <span class='ocrx_word' id='word_1_167' title='bbox 1132 953 1223 998; x_wconf 89' lang='lat' dir='ltr'>sibi,</span> <span class='ocrx_word' id='word_1_168' title='bbox 1258 955 1363 991; x_wconf 91' lang='lat' dir='ltr'>sicut</span> <span class='ocrx_word' id='word_1_169' title='bbox 1398 954 1579 990; x_wconf 87' lang='lat' dir='ltr'>videmus</span> <span class='ocrx_word' id='word_1_170' title='bbox 1611 952 1726 1006; x_wconf 54' lang='lat' dir='ltr'>oquod</span> 
     </span>
     <span class='ocr_line' id='line_1_19' title="bbox 104 1000 1724 1047; baseline -0.002 -7"><span class='ocrx_word' id='word_1_171' title='bbox 104 1002 260 1040; x_wconf 82' lang='lat' dir='ltr'>diversa</span> <span class='ocrx_word' id='word_1_172' title='bbox 280 1002 469 1039; x_wconf 85' lang='lat' dir='ltr'>animalia</span> <span class='ocrx_word' id='word_1_173' title='bbox 488 1001 634 1039; x_wconf 88' lang='lat' dir='ltr'>habent</span> <span class='ocrx_word' id='word_1_174' title='bbox 653 1001 808 1039; x_wconf 86' lang='lat' dir='ltr'>diversa</span> <span class='ocrx_word' id='word_1_175' title='bbox 829 1005 1006 1047; x_wconf 87' lang='lat' dir='ltr'>tempora</span> <span class='ocrx_word' id='word_1_176' title='bbox 1025 1004 1063 1038; x_wconf 90' lang='lat' dir='ltr'>et</span> <span class='ocrx_word' id='word_1_177' title='bbox 1090 1001 1270 1039; x_wconf 88' lang='lat' dir='ltr'>diversos</span> <span class='ocrx_word' id='word_1_178' title='bbox 1303 1000 1444 1038; x_wconf 89' lang='lat' dir='ltr'>modos</span> <span class='ocrx_word' id='word_1_179' title='bbox 1475 1000 1724 1037; x_wconf 83' lang='lat' dir='ltr'>commixtio-</span> 
     </span>
     <span class='ocr_line' id='line_1_20' title="bbox 104 1047 1729 1096; baseline -0.002 -10"><span class='ocrx_word' id='word_1_180' title='bbox 104 1049 168 1087; x_wconf 87' lang='lat' dir='ltr'>nis</span> <span class='ocrx_word' id='word_1_181' title='bbox 189 1049 408 1087; x_wconf 88' lang='lat' dir='ltr'>secundum</span> <span class='ocrx_word' id='word_1_182' title='bbox 433 1048 734 1096; x_wconf 84' lang='lat' dir='ltr'>congruentiam</span> <span class='ocrx_word' id='word_1_183' title='bbox 755 1057 839 1086; x_wconf 83' lang='lat' dir='ltr'>suae</span> <span class='ocrx_word' id='word_1_184' title='bbox 860 1052 1023 1092; x_wconf 83' lang='lat' dir='ltr'>naturae,</span> <span class='ocrx_word' id='word_1_185' title='bbox 1043 1051 1086 1084; x_wconf 93' lang='lat' dir='ltr'>ut</span> <span class='ocrx_word' id='word_1_186' title='bbox 1101 1048 1333 1085; x_wconf 81' lang='lat' dir='ltr'>Aristoteles</span> <span class='ocrx_word' id='word_1_187' title='bbox 1353 1047 1449 1084; x_wconf 88' lang='lat' dir='ltr'>dicit</span> <span class='ocrx_word' id='word_1_188' title='bbox 1468 1047 1509 1084; x_wconf 88' lang='lat' dir='ltr'>in</span> <span class='ocrx_word' id='word_1_189' title='bbox 1546 1047 1647 1084; x_wconf 88' lang='lat' dir='ltr'>libro</span> <span class='ocrx_word' id='word_1_190' title='bbox 1675 1048 1729 1082; x_wconf 83' lang='lat' dir='ltr'>De</span> 
     </span>
     <span class='ocr_line' id='line_1_21' title="bbox 104 1094 1727 1142; baseline -0.002 -10"><span class='ocrx_word' id='word_1_191' title='bbox 104 1097 267 1133; x_wconf 80' lang='lat' dir='ltr'>historiis</span> <span class='ocrx_word' id='word_1_192' title='bbox 303 1096 520 1132; x_wconf 76' lang='lat' dir='ltr'>animalium</span> <span class='ocrx_word' id='word_1_193' title='bbox 558 1095 613 1142; x_wconf 82' lang='lat' dir='ltr'>(V,</span> <span class='ocrx_word' id='word_1_194' title='bbox 638 1104 723 1142; x_wconf 79' lang='lat' dir='ltr'>cap,</span> <span class='ocrx_word' id='word_1_195' title='bbox 743 1095 795 1142; x_wconf 84' lang='lat'>7).</span> <span class='ocrx_word' id='word_1_196' title='bbox 838 1095 1041 1141; x_wconf 86' lang='lat' dir='ltr'>Recipient</span> <span class='ocrx_word' id='word_1_197' title='bbox 1078 1103 1172 1141; x_wconf 86' lang='lat' dir='ltr'>ergo</span> <span class='ocrx_word' id='word_1_198' title='bbox 1208 1095 1433 1131; x_wconf 90' lang='lat' dir='ltr'>intellectus</span> <span class='ocrx_word' id='word_1_199' title='bbox 1472 1098 1510 1131; x_wconf 91' lang='lat' dir='ltr'>et</span> <span class='ocrx_word' id='word_1_200' title='bbox 1540 1094 1727 1131; x_wconf 88' lang='lat' dir='ltr'>voluntas</span> 
     </span>
     <span class='ocr_line' id='line_1_22' title="bbox 103 1140 1726 1190; baseline -0.002 -10"><span class='ocrx_word' id='word_1_201' title='bbox 103 1141 411 1190; x_wconf 85' lang='lat' dir='ltr'>impressionem</span> <span class='ocrx_word' id='word_1_202' title='bbox 430 1141 541 1180; x_wconf 88' lang='lat' dir='ltr'>illius</span> <span class='ocrx_word' id='word_1_203' title='bbox 560 1141 684 1180; x_wconf 81' lang='lat' dir='ltr'>stellae</span> <span class='ocrx_word' id='word_1_204' title='bbox 705 1142 925 1179; x_wconf 90' lang='lat' dir='ltr'>secundum</span> <span class='ocrx_word' id='word_1_205' title='bbox 946 1141 1107 1178; x_wconf 90' lang='lat' dir='ltr'>modum</span> <span class='ocrx_word' id='word_1_206' title='bbox 1128 1150 1260 1179; x_wconf 90' lang='lat' dir='ltr'>suum.</span> <span class='ocrx_word' id='word_1_207' title='bbox 1283 1142 1379 1179; x_wconf 89' lang='lat' dir='ltr'>Cum</span> <span class='ocrx_word' id='word_1_208' title='bbox 1411 1144 1542 1178; x_wconf 86' lang='lat' dir='ltr'>autem</span> <span class='ocrx_word' id='word_1_209' title='bbox 1575 1140 1726 1187; x_wconf 85' lang='lat' dir='ltr'>aliquid</span> 
     </span>
     <span class='ocr_line' id='line_1_23' title="bbox 106 1188 1726 1236; baseline -0.002 -9"><span class='ocrx_word' id='word_1_210' title='bbox 106 1190 302 1236; x_wconf 83' lang='lat' dir='ltr'>appetitur</span> <span class='ocrx_word' id='word_1_211' title='bbox 324 1188 545 1227; x_wconf 90' lang='lat' dir='ltr'>secundum</span> <span class='ocrx_word' id='word_1_212' title='bbox 568 1188 730 1226; x_wconf 88' lang='lat' dir='ltr'>modum</span> <span class='ocrx_word' id='word_1_213' title='bbox 752 1189 978 1226; x_wconf 90' lang='lat' dir='ltr'>intellectus</span> <span class='ocrx_word' id='word_1_214' title='bbox 998 1192 1035 1225; x_wconf 92' lang='lat' dir='ltr'>et</span> <span class='ocrx_word' id='word_1_215' title='bbox 1056 1188 1236 1230; x_wconf 88' lang='lat' dir='ltr'>rationis,</span> <span class='ocrx_word' id='word_1_216' title='bbox 1261 1197 1341 1225; x_wconf 93' lang='lat' dir='ltr'>non</span> <span class='ocrx_word' id='word_1_217' title='bbox 1364 1188 1507 1225; x_wconf 87' lang='lat' dir='ltr'>accidit</span> <span class='ocrx_word' id='word_1_218' title='bbox 1523 1191 1726 1233; x_wconf 88' lang='lat' dir='ltr'>peccatum</span> 
     </span>
     <span class='ocr_line' id='line_1_24' title="bbox 105 1234 1727 1283; baseline -0.002 -9"><span class='ocrx_word' id='word_1_219' title='bbox 105 1237 147 1274; x_wconf 90' lang='lat' dir='ltr'>in</span> <span class='ocrx_word' id='word_1_220' title='bbox 167 1236 374 1281; x_wconf 89' lang='lat' dir='ltr'>electione,</span> <span class='ocrx_word' id='word_1_221' title='bbox 399 1245 486 1283; x_wconf 82' lang='lat' dir='ltr'>quae</span> <span class='ocrx_word' id='word_1_222' title='bbox 512 1235 671 1282; x_wconf 80' lang='lat' dir='ltr'>quidem</span> <span class='ocrx_word' id='word_1_223' title='bbox 693 1245 849 1281; x_wconf 88' lang='lat' dir='ltr'>semper</span> <span class='ocrx_word' id='word_1_224' title='bbox 866 1245 913 1272; x_wconf 84' lang='lat' dir='ltr'>ex</span> <span class='ocrx_word' id='word_1_225' title='bbox 932 1236 1007 1272; x_wconf 90' lang='lat' dir='ltr'>hoc</span> <span class='ocrx_word' id='word_1_226' title='bbox 1028 1235 1132 1272; x_wconf 87' lang='lat' dir='ltr'>mala</span> <span class='ocrx_word' id='word_1_227' title='bbox 1143 1235 1326 1282; x_wconf 81' lang='lat' dir='ltr'>est,quod</span> <span class='ocrx_word' id='word_1_228' title='bbox 1342 1239 1491 1273; x_wconf 86' lang='lat' dir='ltr'>nonest</span> <span class='ocrx_word' id='word_1_229' title='bbox 1507 1234 1727 1272; x_wconf 89' lang='lat' dir='ltr'>secundum</span> 
     </span>
     <span class='ocr_line' id='line_1_25' title="bbox 106 1282 1725 1330; baseline -0.002 -9"><span class='ocrx_word' id='word_1_230' title='bbox 106 1283 301 1321; x_wconf 89' lang='lat' dir='ltr'>rationem</span> <span class='ocrx_word' id='word_1_231' title='bbox 321 1286 481 1322; x_wconf 89' lang='lat' dir='ltr'>rectam.</span> <span class='ocrx_word' id='word_1_232' title='bbox 504 1284 590 1320; x_wconf 92' lang='lat' dir='ltr'>Non</span> <span class='ocrx_word' id='word_1_233' title='bbox 610 1283 731 1328; x_wconf 86' lang='lat' dir='ltr'>igitur</span> <span class='ocrx_word' id='word_1_234' title='bbox 751 1283 784 1321; x_wconf 91' lang='lat' dir='ltr'>si</span> <span class='ocrx_word' id='word_1_235' title='bbox 805 1291 973 1330; x_wconf 86' lang='lat' dir='ltr'>corpora</span> <span class='ocrx_word' id='word_1_236' title='bbox 990 1282 1169 1320; x_wconf 86' lang='lat' dir='ltr'>coelestia</span> <span class='ocrx_word' id='word_1_237' title='bbox 1189 1287 1324 1320; x_wconf 82' lang='lat' dir='ltr'>essent</span> <span class='ocrx_word' id='word_1_238' title='bbox 1344 1291 1466 1320; x_wconf 86' lang='lat' dir='ltr'>causa</span> <span class='ocrx_word' id='word_1_239' title='bbox 1487 1282 1725 1319; x_wconf 89' lang='lat' dir='ltr'>electionum</span> 
     </span>
     <span class='ocr_line' id='line_1_26' title="bbox 106 1329 1160 1377; baseline -0.001 -9"><span class='ocrx_word' id='word_1_240' title='bbox 106 1334 348 1376; x_wconf 88' lang='lat' dir='ltr'>nostrarum,</span> <span class='ocrx_word' id='word_1_241' title='bbox 367 1334 474 1368; x_wconf 88' lang='lat' dir='ltr'>esset</span> <span class='ocrx_word' id='word_1_242' title='bbox 493 1339 668 1377; x_wconf 85' lang='lat' dir='ltr'>unquam</span> <span class='ocrx_word' id='word_1_243' title='bbox 687 1330 727 1366; x_wconf 92' lang='lat' dir='ltr'>in</span> <span class='ocrx_word' id='word_1_244' title='bbox 749 1330 866 1367; x_wconf 91' lang='lat' dir='ltr'>nobis</span> <span class='ocrx_word' id='word_1_245' title='bbox 883 1330 1024 1366; x_wconf 85' lang='lat' dir='ltr'>electio</span> <span class='ocrx_word' id='word_1_246' title='bbox 1045 1329 1160 1367; x_wconf 89' lang='lat' dir='ltr'>mala.</span> 
     </span>
    </p>

    <p class='ocr_par' dir='ltr' id='par_1_5' title="bbox 107 1375 1731 1705">
     <span class='ocr_line' id='line_1_27' title="bbox 154 1375 1728 1424; baseline -0.003 -9"><span class='ocrx_word' id='word_1_247' title='bbox 154 1377 337 1424; x_wconf 79' lang='lat' dir='ltr'>Amplius,</span> <span class='ocrx_word' id='word_1_248' title='bbox 360 1377 472 1415; x_wconf 85' lang='lat' dir='ltr'>nulla</span> <span class='ocrx_word' id='word_1_249' title='bbox 489 1377 615 1414; x_wconf 90' lang='lat' dir='ltr'>virtus</span> <span class='ocrx_word' id='word_1_250' title='bbox 635 1377 762 1414; x_wconf 87' lang='lat' dir='ltr'>activa</span> <span class='ocrx_word' id='word_1_251' title='bbox 781 1386 824 1414; x_wconf 92' lang='lat' dir='ltr'>se</span> <span class='ocrx_word' id='word_1_252' title='bbox 845 1377 1019 1414; x_wconf 79' lang='lat' dir='ltr'>extendit</span> <span class='ocrx_word' id='word_1_253' title='bbox 1038 1376 1087 1414; x_wconf 85' lang='lat' dir='ltr'>ad</span> <span class='ocrx_word' id='word_1_254' title='bbox 1105 1385 1152 1414; x_wconf 88' lang='lat' dir='ltr'>ea</span> <span class='ocrx_word' id='word_1_255' title='bbox 1171 1386 1258 1424; x_wconf 85' lang='lat' dir='ltr'>quae</span> <span class='ocrx_word' id='word_1_256' title='bbox 1279 1380 1373 1414; x_wconf 89' lang='lat' dir='ltr'>sunt</span> <span class='ocrx_word' id='word_1_257' title='bbox 1406 1385 1527 1423; x_wconf 84' lang='lat' dir='ltr'>supra</span> <span class='ocrx_word' id='word_1_258' title='bbox 1555 1375 1728 1421; x_wconf 90' lang='lat' dir='ltr'>speciem</span> 
     </span>
     <span class='ocr_line' id='line_1_28' title="bbox 107 1423 1731 1472; baseline -0.001 -11"><span class='ocrx_word' id='word_1_259' title='bbox 107 1427 146 1461; x_wconf 90' lang='lat' dir='ltr'>et</span> <span class='ocrx_word' id='word_1_260' title='bbox 163 1428 344 1462; x_wconf 86' lang='lat' dir='ltr'>naturam</span> <span class='ocrx_word' id='word_1_261' title='bbox 360 1424 533 1471; x_wconf 84' lang='lat' dir='ltr'>agentis,</span> <span class='ocrx_word' id='word_1_262' title='bbox 555 1424 649 1472; x_wconf 86' lang='lat' dir='ltr'>quia</span> <span class='ocrx_word' id='word_1_263' title='bbox 669 1432 785 1462; x_wconf 91' lang='lat' dir='ltr'>omne</span> <span class='ocrx_word' id='word_1_264' title='bbox 808 1433 931 1471; x_wconf 84' lang='lat' dir='ltr'>agens</span> <span class='ocrx_word' id='word_1_265' title='bbox 953 1423 1034 1470; x_wconf 84' lang='lat' dir='ltr'>agit</span> <span class='ocrx_word' id='word_1_266' title='bbox 1055 1432 1125 1469; x_wconf 90' lang='lat' dir='ltr'>per</span> <span class='ocrx_word' id='word_1_267' title='bbox 1144 1432 1258 1461; x_wconf 89' lang='lat' dir='ltr'>suam</span> <span class='ocrx_word' id='word_1_268' title='bbox 1285 1424 1467 1461; x_wconf 80' lang='lat' dir='ltr'>formam,</span> <span class='ocrx_word' id='word_1_269' title='bbox 1489 1423 1564 1460; x_wconf 90' lang='lat' dir='ltr'>Sed</span> <span class='ocrx_word' id='word_1_270' title='bbox 1598 1423 1731 1467; x_wconf 85' lang='lat' dir='ltr'>ipsum</span> 
     </span>
     <span class='ocr_line' id='line_1_29' title="bbox 107 1469 1727 1517; baseline 0 -11"><span class='ocrx_word' id='word_1_271' title='bbox 107 1470 208 1508; x_wconf 89' lang='lat' dir='ltr'>velle</span> <span class='ocrx_word' id='word_1_272' title='bbox 225 1471 470 1509; x_wconf 86' lang='lat' dir='ltr'>transcendit</span> <span class='ocrx_word' id='word_1_273' title='bbox 488 1479 648 1508; x_wconf 90' lang='lat' dir='ltr'>omnem</span> <span class='ocrx_word' id='word_1_274' title='bbox 669 1471 841 1517; x_wconf 90' lang='lat' dir='ltr'>speciem</span> <span class='ocrx_word' id='word_1_275' title='bbox 862 1470 1122 1516; x_wconf 89' lang='lat' dir='ltr'>corporalem,</span> <span class='ocrx_word' id='word_1_276' title='bbox 1142 1470 1247 1508; x_wconf 89' lang='lat' dir='ltr'>sicut</span> <span class='ocrx_word' id='word_1_277' title='bbox 1267 1473 1305 1507; x_wconf 90' lang='lat' dir='ltr'>et</span> <span class='ocrx_word' id='word_1_278' title='bbox 1325 1470 1458 1516; x_wconf 87' lang='lat' dir='ltr'>ipsum</span> <span class='ocrx_word' id='word_1_279' title='bbox 1490 1469 1727 1516; x_wconf 86' lang='lat' dir='ltr'>intelligere.</span> 
     </span>
     <span class='ocr_line' id='line_1_30' title="bbox 109 1515 1730 1565; baseline -0.001 -11"><span class='ocrx_word' id='word_1_280' title='bbox 109 1518 217 1555; x_wconf 84' lang='lat' dir='ltr'>Sicut</span> <span class='ocrx_word' id='word_1_281' title='bbox 235 1518 341 1555; x_wconf 89' lang='lat' dir='ltr'>enim</span> <span class='ocrx_word' id='word_1_282' title='bbox 359 1517 620 1565; x_wconf 83' lang='lat' dir='ltr'>intelligimus</span> <span class='ocrx_word' id='word_1_283' title='bbox 641 1517 895 1562; x_wconf 82' lang='lat' dir='ltr'>universalia,</span> <span class='ocrx_word' id='word_1_284' title='bbox 917 1517 970 1554; x_wconf 87' lang='lat' dir='ltr'>ita</span> <span class='ocrx_word' id='word_1_285' title='bbox 991 1521 1028 1553; x_wconf 90' lang='lat' dir='ltr'>et</span> <span class='ocrx_word' id='word_1_286' title='bbox 1044 1517 1230 1554; x_wconf 88' lang='lat' dir='ltr'>voluntas</span> <span class='ocrx_word' id='word_1_287' title='bbox 1245 1521 1382 1554; x_wconf 89' lang='lat' dir='ltr'>nostra</span> <span class='ocrx_word' id='word_1_288' title='bbox 1402 1517 1443 1553; x_wconf 92' lang='lat' dir='ltr'>in</span> <span class='ocrx_word' id='word_1_289' title='bbox 1459 1516 1620 1563; x_wconf 82' lang='lat' dir='ltr'>aliquod</span> <span class='ocrx_word' id='word_1_290' title='bbox 1642 1515 1730 1554; x_wconf 88' lang='lat' dir='ltr'>uni·</span> 
     </span>
     <span class='ocr_line' id='line_1_31' title="bbox 107 1562 1730 1612; baseline 0 -12"><span class='ocrx_word' id='word_1_291' title='bbox 107 1565 259 1602; x_wconf 82' lang='lat' dir='ltr'>versale</span> <span class='ocrx_word' id='word_1_292' title='bbox 280 1565 413 1607; x_wconf 84' lang='lat' dir='ltr'>fertur,</span> <span class='ocrx_word' id='word_1_293' title='bbox 436 1569 529 1611; x_wconf 87' lang='lat' dir='ltr'>puta</span> <span class='ocrx_word' id='word_1_294' title='bbox 548 1564 655 1612; x_wconf 87' lang='lat' dir='ltr'>quod</span> <span class='ocrx_word' id='word_1_295' title='bbox 678 1564 837 1603; x_wconf 89' lang='lat' dir='ltr'>odimus</span> <span class='ocrx_word' id='word_1_296' title='bbox 860 1573 977 1602; x_wconf 88' lang='lat' dir='ltr'>omne</span> <span class='ocrx_word' id='word_1_297' title='bbox 998 1564 1195 1601; x_wconf 86' lang='lat' dir='ltr'>latronum</span> <span class='ocrx_word' id='word_1_298' title='bbox 1230 1573 1372 1611; x_wconf 88' lang='lat' dir='ltr'>genus,</span> <span class='ocrx_word' id='word_1_299' title='bbox 1398 1568 1441 1600; x_wconf 89' lang='lat' dir='ltr'>ut</span> <span class='ocrx_word' id='word_1_300' title='bbox 1461 1562 1730 1608; x_wconf 87' lang='lat' dir='ltr'>Philosophus</span> 
     </span>
     <span class='ocr_line' id='line_1_32' title="bbox 110 1611 1731 1696; baseline -0.001 -47"><span class='ocrx_word' id='word_1_301' title='bbox 110 1612 205 1649; x_wconf 90' lang='lat' dir='ltr'>dicit</span> <span class='ocrx_word' id='word_1_302' title='bbox 224 1611 264 1649; x_wconf 89' lang='lat' dir='ltr'>in</span> <span class='ocrx_word' id='word_1_303' title='bbox 281 1613 563 1696; x_wconf 69' lang='lat' dir='ltr'>suathetorica</span> <span class='ocrx_word' id='word_1_304' title='bbox 582 1611 664 1658; x_wconf 90' lang='lat' dir='ltr'>(lib.</span> <span class='ocrx_word' id='word_1_305' title='bbox 687 1620 730 1657; x_wconf 88' lang='lat'>11,</span> <span class='ocrx_word' id='word_1_306' title='bbox 751 1621 836 1658; x_wconf 84' lang='lat' dir='ltr'>cap.</span> <span class='ocrx_word' id='word_1_307' title='bbox 857 1611 908 1659; x_wconf 82' lang='lat'>4).</span> <span class='ocrx_word' id='word_1_308' title='bbox 932 1613 1116 1650; x_wconf 89' lang='lat' dir='ltr'>Nostrum</span> <span class='ocrx_word' id='word_1_309' title='bbox 1139 1611 1260 1658; x_wconf 88' lang='lat' dir='ltr'>igitur</span> <span class='ocrx_word' id='word_1_310' title='bbox 1279 1611 1379 1649; x_wconf 88' lang='lat' dir='ltr'>velle</span> <span class='ocrx_word' id='word_1_311' title='bbox 1400 1620 1480 1648; x_wconf 89' lang='lat' dir='ltr'>non</span> <span class='ocrx_word' id='word_1_312' title='bbox 1501 1613 1690 1648; x_wconf 85' lang='lat' dir='ltr'>causatur</span> <span class='ocrx_word' id='word_1_313' title='bbox 1707 1618 1731 1647; x_wconf 83' lang='lat' dir='ltr'>a</span> 
     </span>
     <span class='ocr_line' id='line_1_33' title="bbox 108 1662 459 1705; baseline 0.003 -10"><span class='ocrx_word' id='word_1_314' title='bbox 108 1667 274 1705; x_wconf 88' lang='lat' dir='ltr'>corpore</span> <span class='ocrx_word' id='word_1_315' title='bbox 294 1668 353 1697; x_wconf 90' lang='lat' dir='ltr'>coe</span> <span class='ocrx_word' id='word_1_316' title='bbox 371 1662 459 1697; x_wconf 83' lang='lat' dir='ltr'>esti.</span> 
     </span>
    </p>

    <p class='ocr_par' dir='ltr' id='par_1_6' title="bbox 107 1705 1732 2026">
     <span class='ocr_line' id='line_1_34' title="bbox 155 1705 1729 1752; baseline -0.001 -9"><span class='ocrx_word' id='word_1_317' title='bbox 155 1707 345 1747; x_wconf 69' lang='lat' dir='ltr'>Praeterea,</span> <span class='ocrx_word' id='word_1_318' title='bbox 368 1715 415 1743; x_wconf 84' lang='lat' dir='ltr'>ea</span> <span class='ocrx_word' id='word_1_319' title='bbox 433 1714 521 1752; x_wconf 78' lang='lat' dir='ltr'>quae</span> <span class='ocrx_word' id='word_1_320' title='bbox 541 1709 634 1743; x_wconf 91' lang='lat' dir='ltr'>sunt</span> <span class='ocrx_word' id='word_1_321' title='bbox 652 1706 703 1743; x_wconf 86' lang='lat' dir='ltr'>ad</span> <span class='ocrx_word' id='word_1_322' title='bbox 723 1705 839 1743; x_wconf 87' lang='lat' dir='ltr'>finem</span> <span class='ocrx_word' id='word_1_323' title='bbox 877 1706 1228 1752; x_wconf 83' lang='lat' dir='ltr'>proportionantur</span> <span class='ocrx_word' id='word_1_324' title='bbox 1246 1705 1330 1743; x_wconf 89' lang='lat' dir='ltr'>fini.</span> <span class='ocrx_word' id='word_1_325' title='bbox 1353 1705 1575 1743; x_wconf 89' lang='lat' dir='ltr'>Electiones</span> <span class='ocrx_word' id='word_1_326' title='bbox 1598 1708 1729 1743; x_wconf 89' lang='lat' dir='ltr'>autem</span> 
     </span>
     <span class='ocr_line' id='line_1_35' title="bbox 109 1751 1729 1800; baseline 0 -10"><span class='ocrx_word' id='word_1_327' title='bbox 109 1751 294 1790; x_wconf 72' lang='lat' dir='ltr'>humanae</span> <span class='ocrx_word' id='word_1_328' title='bbox 315 1752 550 1790; x_wconf 87' lang='lat' dir='ltr'>ordinantur</span> <span class='ocrx_word' id='word_1_329' title='bbox 571 1752 620 1790; x_wconf 88' lang='lat' dir='ltr'>ad</span> <span class='ocrx_word' id='word_1_330' title='bbox 640 1752 882 1797; x_wconf 83' lang='lat' dir='ltr'>felicitatem,</span> <span class='ocrx_word' id='word_1_331' title='bbox 902 1753 1009 1790; x_wconf 88' lang='lat' dir='ltr'>sicut</span> <span class='ocrx_word' id='word_1_332' title='bbox 1028 1753 1077 1790; x_wconf 89' lang='lat' dir='ltr'>ad</span> <span class='ocrx_word' id='word_1_333' title='bbox 1095 1753 1278 1790; x_wconf 77' lang='lat' dir='ltr'>ultimum</span> <span class='ocrx_word' id='word_1_334' title='bbox 1299 1752 1431 1790; x_wconf 85' lang='lat' dir='ltr'>finem.</span> <span class='ocrx_word' id='word_1_335' title='bbox 1455 1753 1549 1796; x_wconf 78' lang='lat' dir='ltr'>Quae</span> <span class='ocrx_word' id='word_1_336' title='bbox 1570 1752 1729 1800; x_wconf 86' lang='lat' dir='ltr'>quidem</span> 
     </span>
     <span class='ocr_line' id='line_1_36' title="bbox 108 1798 1732 1846; baseline -0.001 -8"><span class='ocrx_word' id='word_1_337' title='bbox 108 1808 191 1838; x_wconf 86' lang='lat' dir='ltr'>non</span> <span class='ocrx_word' id='word_1_338' title='bbox 210 1799 398 1838; x_wconf 89' lang='lat' dir='ltr'>consistit</span> <span class='ocrx_word' id='word_1_339' title='bbox 421 1799 463 1837; x_wconf 90' lang='lat' dir='ltr'>in</span> <span class='ocrx_word' id='word_1_340' title='bbox 494 1798 696 1846; x_wconf 86' lang='lat' dir='ltr'>aliquibus</span> <span class='ocrx_word' id='word_1_341' title='bbox 727 1799 1002 1845; x_wconf 86' lang='lat' dir='ltr'>corporalibus</span> <span class='ocrx_word' id='word_1_342' title='bbox 1034 1800 1167 1845; x_wconf 89' lang='lat' dir='ltr'>bonis,</span> <span class='ocrx_word' id='word_1_343' title='bbox 1188 1800 1319 1837; x_wconf 89' lang='lat' dir='ltr'>sedin</span> <span class='ocrx_word' id='word_1_344' title='bbox 1342 1800 1419 1838; x_wconf 91' lang='grc'>1100</span> <span class='ocrx_word' id='word_1_345' title='bbox 1454 1799 1560 1846; x_wconf 89' lang='lat' dir='ltr'>quod</span> <span class='ocrx_word' id='word_1_346' title='bbox 1598 1800 1732 1837; x_wconf 85' lang='lat' dir='ltr'>anima</span> 
     </span>
     <span class='ocr_line' id='line_1_37' title="bbox 109 1846 1728 1894; baseline -0.001 -10"><span class='ocrx_word' id='word_1_347' title='bbox 109 1846 376 1894; x_wconf 85' lang='lat' dir='ltr'>conjungatur</span> <span class='ocrx_word' id='word_1_348' title='bbox 391 1855 461 1893; x_wconf 89' lang='lat' dir='ltr'>per</span> <span class='ocrx_word' id='word_1_349' title='bbox 477 1846 722 1884; x_wconf 86' lang='lat' dir='ltr'>intellectum</span> <span class='ocrx_word' id='word_1_350' title='bbox 743 1846 862 1884; x_wconf 89' lang='lat' dir='ltr'>rebus</span> <span class='ocrx_word' id='word_1_351' title='bbox 882 1846 1042 1890; x_wconf 87' lang='lat' dir='ltr'>divinis,</span> <span class='ocrx_word' id='word_1_352' title='bbox 1064 1849 1107 1884; x_wconf 90' lang='lat' dir='ltr'>ut</span> <span class='ocrx_word' id='word_1_353' title='bbox 1127 1856 1247 1893; x_wconf 86' lang='lat' dir='ltr'>supra</span> <span class='ocrx_word' id='word_1_354' title='bbox 1265 1846 1364 1893; x_wconf 86' lang='lat' dir='ltr'>(cap.</span> <span class='ocrx_word' id='word_1_355' title='bbox 1394 1850 1454 1890; x_wconf 75' lang='lat'>25,</span> <span class='ocrx_word' id='word_1_356' title='bbox 1477 1849 1517 1883; x_wconf 85' lang='lat'>37</span> <span class='ocrx_word' id='word_1_357' title='bbox 1555 1849 1594 1884; x_wconf 87' lang='lat' dir='ltr'>et</span> <span class='ocrx_word' id='word_1_358' title='bbox 1630 1847 1728 1893; x_wconf 85' lang='lat' dir='ltr'>seq.)</span> 
     </span>
     <span class='ocr_line' id='line_1_38' title="bbox 108 1893 1729 1942; baseline -0.001 -11"><span class='ocrx_word' id='word_1_359' title='bbox 108 1897 314 1931; x_wconf 89' lang='lat' dir='ltr'>ostensum</span> <span class='ocrx_word' id='word_1_360' title='bbox 335 1897 408 1937; x_wconf 90' lang='lat' dir='ltr'>est,</span> <span class='ocrx_word' id='word_1_361' title='bbox 428 1896 506 1931; x_wconf 90' lang='lat' dir='ltr'>tam</span> <span class='ocrx_word' id='word_1_362' title='bbox 527 1893 747 1931; x_wconf 86' lang='lat' dir='ltr'>secundum</span> <span class='ocrx_word' id='word_1_363' title='bbox 766 1893 1005 1932; x_wconf 88' lang='lat' dir='ltr'>sententiam</span> <span class='ocrx_word' id='word_1_364' title='bbox 1025 1894 1131 1938; x_wconf 87' lang='lat' dir='ltr'>fidei,</span> <span class='ocrx_word' id='word_1_365' title='bbox 1152 1903 1270 1942; x_wconf 83' lang='lat' dir='ltr'>quam</span> <span class='ocrx_word' id='word_1_366' title='bbox 1298 1893 1519 1932; x_wconf 86' lang='lat' dir='ltr'>secundum</span> <span class='ocrx_word' id='word_1_367' title='bbox 1551 1893 1729 1939; x_wconf 86' lang='lat' dir='ltr'>philoso-</span> 
     </span>
     <span class='ocr_line' id='line_1_39' title="bbox 107 1941 1730 1993; baseline 0 -15"><span class='ocrx_word' id='word_1_368' title='bbox 107 1941 278 1993; x_wconf 75' lang='lat' dir='ltr'>phorum</span> <span class='ocrx_word' id='word_1_369' title='bbox 299 1941 719 1988; x_wconf 70' lang='lat' dir='ltr'>opiniones-corpora</span> <span class='ocrx_word' id='word_1_370' title='bbox 738 1941 860 1988; x_wconf 83' lang='lat' dir='ltr'>igitur</span> <span class='ocrx_word' id='word_1_371' title='bbox 880 1941 1059 1979; x_wconf 88' lang='lat' dir='ltr'>coelestia</span> <span class='ocrx_word' id='word_1_372' title='bbox 1078 1950 1159 1978; x_wconf 91' lang='lat' dir='ltr'>non</span> <span class='ocrx_word' id='word_1_373' title='bbox 1180 1945 1348 1987; x_wconf 88' lang='lat' dir='ltr'>possunt</span> <span class='ocrx_word' id='word_1_374' title='bbox 1368 1950 1457 1979; x_wconf 91' lang='lat' dir='ltr'>esse</span> <span class='ocrx_word' id='word_1_375' title='bbox 1485 1950 1608 1978; x_wconf 88' lang='lat' dir='ltr'>causa</span> <span class='ocrx_word' id='word_1_376' title='bbox 1628 1941 1730 1978; x_wconf 89' lang='lat' dir='ltr'>elec·</span> 
     </span>
     <span class='ocr_line' id='line_1_40' title="bbox 109 1991 1454 2026; baseline 0.001 -2"><span class='ocrx_word' id='word_1_377' title='bbox 109 1991 266 2025; x_wconf 84' lang='lat' dir='ltr'>tionum</span> <span class='ocrx_word' id='word_1_378' title='bbox 282 1991 525 2026; x_wconf 89' lang='lat' dir='ltr'>nostrarum.</span> <span class='ocrx_word' id='word_1_379' title='bbox 1261 2010 1264 2013; x_wconf 90' lang='lat'><em>-</em></span> <span class='ocrx_word' id='word_1_380' title='bbox 1452 2015 1454 2017; x_wconf 27' lang='grc' dir='ltr'>ψ</span> 
     </span>
    </p>

    <p class='ocr_par' dir='ltr' id='par_1_7' title="bbox 109 2034 1733 2128">
     <span class='ocr_line' id='line_1_41' title="bbox 157 2034 1733 2082; baseline -0.001 -11"><span class='ocrx_word' id='word_1_381' title='bbox 157 2035 255 2073; x_wconf 90' lang='lat' dir='ltr'>Hinc</span> <span class='ocrx_word' id='word_1_382' title='bbox 274 2035 453 2082; x_wconf 85' lang='lat' dir='ltr'>estquod</span> <span class='ocrx_word' id='word_1_383' title='bbox 474 2034 631 2080; x_wconf 89' lang='lat' dir='ltr'>dicitur,</span> <span class='ocrx_word' id='word_1_384' title='bbox 654 2035 773 2080; x_wconf 89' lang='lat' dir='ltr'>Hier.‚</span> <span class='ocrx_word' id='word_1_385' title='bbox 793 2043 835 2080; x_wconf 87' lang='lat' dir='ltr'>x,</span> <span class='ocrx_word' id='word_1_386' title='bbox 855 2037 892 2080; x_wconf 79' lang='lat'>2,</span> <span class='ocrx_word' id='word_1_387' title='bbox 920 2037 940 2072; x_wconf 90' lang='lat'><strong>3</strong></span> <span class='ocrx_word' id='word_1_388' title='bbox 970 2046 978 2071; x_wconf 94' lang='lat'>:</span> <span class='ocrx_word' id='word_1_389' title='bbox 1003 2036 1038 2071; x_wconf 87' lang='lat' dir='ltr'><strong><em>A</em></strong></span> <span class='ocrx_word' id='word_1_390' title='bbox 1067 2037 1183 2081; x_wconf 66' lang='lat' dir='ltr'>signis</span> <span class='ocrx_word' id='word_1_391' title='bbox 1212 2037 1290 2073; x_wconf 78' lang='lat' dir='ltr'>caeli</span> <span class='ocrx_word' id='word_1_392' title='bbox 1307 2036 1417 2072; x_wconf 80' lang='lat' dir='ltr'>nolite</span> <span class='ocrx_word' id='word_1_393' title='bbox 1448 2038 1613 2079; x_wconf 71' lang='lat' dir='ltr'>metuere,</span> <span class='ocrx_word' id='word_1_394' title='bbox 1654 2046 1733 2081; x_wconf 79' lang='lat' dir='ltr'>quae</span> 
     </span>
     <span class='ocr_line' id='line_1_42' title="bbox 109 2082 1073 2128; baseline 0.002 -11"><span class='ocrx_word' id='word_1_395' title='bbox 109 2084 228 2126; x_wconf 65' lang='lat' dir='ltr'>gentes</span> <span class='ocrx_word' id='word_1_396' title='bbox 248 2082 385 2126; x_wconf 76' lang='lat' dir='ltr'>timent,</span> <span class='ocrx_word' id='word_1_397' title='bbox 407 2083 496 2128; x_wconf 79' lang='lat' dir='ltr'>quia</span> <span class='ocrx_word' id='word_1_398' title='bbox 513 2082 604 2127; x_wconf 63' lang='lat' dir='ltr'>leges</span> <span class='ocrx_word' id='word_1_399' title='bbox 619 2083 835 2128; x_wconf 79' lang='lat' dir='ltr'>populorum</span> <span class='ocrx_word' id='word_1_400' title='bbox 853 2092 957 2118; x_wconf 76' lang='lat' dir='ltr'>vanae</span> <span class='ocrx_word' id='word_1_401' title='bbox 977 2085 1073 2119; x_wconf 81' lang='lat' dir='ltr'>sunt.</span> 
     </span>
    </p>

    <p class='ocr_par' dir='ltr' id='par_1_8' title="bbox 107 2127 1732 2556">
     <span class='ocr_line' id='line_1_43' title="bbox 159 2127 1729 2181; baseline 0.001 -16"><span class='ocrx_word' id='word_1_402' title='bbox 159 2129 231 2165; x_wconf 84' lang='lat' dir='ltr'>Per</span> <span class='ocrx_word' id='word_1_403' title='bbox 249 2127 326 2166; x_wconf 90' lang='lat' dir='ltr'>hoc</span> <span class='ocrx_word' id='word_1_404' title='bbox 344 2132 476 2181; x_wconf 77' lang='lat' dir='ltr'>autem</span> <span class='ocrx_word' id='word_1_405' title='bbox 495 2129 718 2166; x_wconf 86' lang='lat' dir='ltr'>excluditur</span> <span class='ocrx_word' id='word_1_406' title='bbox 736 2129 883 2175; x_wconf 89' lang='lat' dir='ltr'>positio</span> <span class='ocrx_word' id='word_1_407' title='bbox 902 2128 1135 2174; x_wconf 88' lang='lat' dir='ltr'>stoicorum,</span> <span class='ocrx_word' id='word_1_408' title='bbox 1152 2130 1218 2177; x_wconf 90' lang='lat' dir='ltr'>qui</span> <span class='ocrx_word' id='word_1_409' title='bbox 1238 2130 1439 2177; x_wconf 84' lang='lat' dir='ltr'>ponebant</span> <span class='ocrx_word' id='word_1_410' title='bbox 1459 2139 1600 2167; x_wconf 91' lang='lat' dir='ltr'>omnes</span> <span class='ocrx_word' id='word_1_411' title='bbox 1618 2133 1729 2166; x_wconf 87' lang='lat' dir='ltr'>actus</span> 
     </span>
     <span class='ocr_line' id='line_1_44' title="bbox 110 2175 1727 2223; baseline 0 -11"><span class='ocrx_word' id='word_1_412' title='bbox 110 2178 272 2212; x_wconf 87' lang='lat' dir='ltr'>nostros</span> <span class='ocrx_word' id='word_1_413' title='bbox 303 2178 342 2212; x_wconf 92' lang='lat' dir='ltr'>et</span> <span class='ocrx_word' id='word_1_414' title='bbox 366 2179 485 2213; x_wconf 84' lang='lat' dir='ltr'>etiam</span> <span class='ocrx_word' id='word_1_415' title='bbox 503 2175 720 2213; x_wconf 85' lang='lat' dir='ltr'>electiones</span> <span class='ocrx_word' id='word_1_416' title='bbox 736 2179 897 2214; x_wconf 86' lang='lat' dir='ltr'>nostras</span> <span class='ocrx_word' id='word_1_417' title='bbox 918 2176 1137 2213; x_wconf 88' lang='lat' dir='ltr'>secundum</span> <span class='ocrx_word' id='word_1_418' title='bbox 1167 2186 1336 2223; x_wconf 87' lang='lat' dir='ltr'>corpora</span> <span class='ocrx_word' id='word_1_419' title='bbox 1353 2177 1532 2214; x_wconf 87' lang='lat' dir='ltr'>coelestia</span> <span class='ocrx_word' id='word_1_420' title='bbox 1552 2177 1727 2222; x_wconf 86' lang='lat' dir='ltr'>disponi.</span> 
     </span>
     <span class='ocr_line' id='line_1_45' title="bbox 111 2221 1729 2270; baseline 0.001 -12"><span class='ocrx_word' id='word_1_421' title='bbox 111 2222 204 2265; x_wconf 75' lang='lat' dir='ltr'>Quae</span> <span class='ocrx_word' id='word_1_422' title='bbox 223 2221 341 2259; x_wconf 88' lang='lat' dir='ltr'>etiam</span> <span class='ocrx_word' id='word_1_423' title='bbox 361 2221 506 2260; x_wconf 90' lang='lat' dir='ltr'>dicitur</span> <span class='ocrx_word' id='word_1_424' title='bbox 524 2221 649 2260; x_wconf 86' lang='lat' dir='ltr'>fuisse</span> <span class='ocrx_word' id='word_1_425' title='bbox 670 2221 816 2269; x_wconf 90' lang='lat' dir='ltr'>positio</span> <span class='ocrx_word' id='word_1_426' title='bbox 833 2222 1113 2270; x_wconf 86' lang='lat' dir='ltr'>antiquissima</span> <span class='ocrx_word' id='word_1_427' title='bbox 1133 2224 1425 2262; x_wconf 81' lang='lat' dir='ltr'>Pharisaeorum</span> <span class='ocrx_word' id='word_1_428' title='bbox 1443 2224 1545 2269; x_wconf 89' lang='lat' dir='ltr'>apud</span> <span class='ocrx_word' id='word_1_429' title='bbox 1556 2223 1729 2260; x_wconf 74' lang='lat' dir='ltr'>iudaeos.</span> 
     </span>
     <span class='ocr_line' id='line_1_46' title="bbox 111 2268 1732 2320; baseline 0.002 -15"><span class='ocrx_word' id='word_1_430' title='bbox 111 2268 422 2320; x_wconf 67' lang='lat' dir='ltr'>priscillianistae</span> <span class='ocrx_word' id='word_1_431' title='bbox 443 2269 562 2307; x_wconf 88' lang='lat' dir='ltr'>etiam</span> <span class='ocrx_word' id='word_1_432' title='bbox 582 2268 701 2316; x_wconf 88' lang='lat' dir='ltr'>hujus</span> <span class='ocrx_word' id='word_1_433' title='bbox 722 2269 868 2307; x_wconf 87' lang='lat' dir='ltr'>erroris</span> <span class='ocrx_word' id='word_1_434' title='bbox 883 2270 939 2306; x_wconf 90' lang='lat' dir='ltr'>rei</span> <span class='ocrx_word' id='word_1_435' title='bbox 959 2269 1132 2313; x_wconf 84' lang='lat' dir='ltr'>fuerunt,</span> <span class='ocrx_word' id='word_1_436' title='bbox 1149 2274 1194 2308; x_wconf 90' lang='lat' dir='ltr'>ut</span> <span class='ocrx_word' id='word_1_437' title='bbox 1213 2271 1358 2309; x_wconf 88' lang='lat' dir='ltr'>dicitur</span> <span class='ocrx_word' id='word_1_438' title='bbox 1377 2271 1419 2308; x_wconf 89' lang='lat' dir='ltr'>in</span> <span class='ocrx_word' id='word_1_439' title='bbox 1456 2270 1558 2308; x_wconf 90' lang='lat' dir='ltr'>libro</span> <span class='ocrx_word' id='word_1_440' title='bbox 1580 2274 1732 2316; x_wconf 88' lang='lat' dir='ltr'>Augus-</span> 
     </span>
     <span class='ocr_line' id='line_1_47' title="bbox 110 2314 1725 2367; baseline 0.001 -15"><span class='ocrx_word' id='word_1_441' title='bbox 110 2316 182 2367; x_wconf 77' lang='lat' dir='ltr'>tini</span> <span class='ocrx_word' id='word_1_442' title='bbox 213 2317 266 2352; x_wconf 86' lang='lat' dir='ltr'>De</span> <span class='ocrx_word' id='word_1_443' title='bbox 283 2315 476 2353; x_wconf 79' lang='lat' dir='ltr'>haeresz’bus</span> <span class='ocrx_word' id='word_1_444' title='bbox 495 2314 595 2363; x_wconf 85' lang='lat' dir='ltr'>(cap.</span> <span class='ocrx_word' id='word_1_445' title='bbox 617 2315 693 2362; x_wconf 86' lang='lat'><strong>70).</strong></span> <span class='ocrx_word' id='word_1_446' title='bbox 715 2317 804 2354; x_wconf 84' lang='lat' dir='ltr'>Haec</span> <span class='ocrx_word' id='word_1_447' title='bbox 822 2317 941 2354; x_wconf 88' lang='lat' dir='ltr'>etiam</span> <span class='ocrx_word' id='word_1_448' title='bbox 961 2317 1035 2354; x_wconf 88' lang='lat' dir='ltr'>fuit</span> <span class='ocrx_word' id='word_1_449' title='bbox 1053 2317 1189 2362; x_wconf 89' lang='lat' dir='ltr'>opinio</span> <span class='ocrx_word' id='word_1_450' title='bbox 1201 2318 1453 2365; x_wconf 85' lang='lat' dir='ltr'>antiquorum</span> <span class='ocrx_word' id='word_1_451' title='bbox 1470 2317 1725 2360; x_wconf 87' lang='lat' dir='ltr'>naturalium,</span> 
     </span>
     <span class='ocr_line' id='line_1_48' title="bbox 109 2362 1729 2410; baseline 0 -11"><span class='ocrx_word' id='word_1_452' title='bbox 109 2371 176 2409; x_wconf 86' lang='lat' dir='ltr'>qul</span> <span class='ocrx_word' id='word_1_453' title='bbox 194 2362 395 2408; x_wconf 88' lang='lat' dir='ltr'>ponebant</span> <span class='ocrx_word' id='word_1_454' title='bbox 413 2371 578 2401; x_wconf 87' lang='lat' dir='ltr'>sensum</span> <span class='ocrx_word' id='word_1_455' title='bbox 599 2366 637 2400; x_wconf 92' lang='lat' dir='ltr'>et</span> <span class='ocrx_word' id='word_1_456' title='bbox 654 2363 898 2401; x_wconf 87' lang='lat' dir='ltr'>intellectum</span> <span class='ocrx_word' id='word_1_457' title='bbox 918 2372 998 2401; x_wconf 91' lang='lat' dir='ltr'>non</span> <span class='ocrx_word' id='word_1_458' title='bbox 1019 2363 1190 2402; x_wconf 83' lang='lat' dir='ltr'>differre.</span> <span class='ocrx_word' id='word_1_459' title='bbox 1212 2365 1318 2402; x_wconf 89' lang='lat' dir='ltr'>Unde</span> <span class='ocrx_word' id='word_1_460' title='bbox 1339 2364 1597 2410; x_wconf 88' lang='lat' dir='ltr'>Empedocles</span> <span class='ocrx_word' id='word_1_461' title='bbox 1629 2363 1729 2402; x_wconf 81' lang='lat' dir='ltr'>dixit</span> 
     </span>
     <span class='ocr_line' id='line_1_49' title="bbox 109 2409 1727 2462; baseline 0.002 -16"><span class='ocrx_word' id='word_1_462' title='bbox 109 2409 216 2456; x_wconf 91' lang='lat' dir='ltr'>quod</span> <span class='ocrx_word' id='word_1_463' title='bbox 228 2409 420 2462; x_wconf 33' lang='lat' dir='ltr'>&#39;voluntas</span> <span class='ocrx_word' id='word_1_464' title='bbox 440 2419 488 2447; x_wconf 92' lang='lat' dir='ltr'>au</span> <span class='ocrx_word' id='word_1_465' title='bbox 521 2413 607 2447; x_wconf 89' lang='lat' dir='ltr'>etur</span> <span class='ocrx_word' id='word_1_466' title='bbox 625 2410 668 2448; x_wconf 91' lang='lat' dir='ltr'>in</span> <span class='ocrx_word' id='word_1_467' title='bbox 696 2410 940 2455; x_wconf 87' lang='lat' dir='ltr'>hominibus,</span> <span class='ocrx_word' id='word_1_468' title='bbox 962 2411 1066 2448; x_wconf 88' lang='lat' dir='ltr'>sicut</span> <span class='ocrx_word' id='word_1_469' title='bbox 1086 2411 1127 2448; x_wconf 91' lang='grc'>10</span> <span class='ocrx_word' id='word_1_470' title='bbox 1147 2411 1238 2448; x_wconf 89' lang='lat' dir='ltr'>aliis</span> <span class='ocrx_word' id='word_1_471' title='bbox 1267 2411 1522 2455; x_wconf 79' lang='lat' dir='ltr'>animalibus,</span> <span class='ocrx_word' id='word_1_472' title='bbox 1545 2410 1594 2447; x_wconf 85' lang='lat' dir='ltr'>ad</span> <span class='ocrx_word' id='word_1_473' title='bbox 1627 2419 1727 2457; x_wconf 83' lang='lat' dir='ltr'>prae·</span> 
     </span>
     <span class='ocr_line' id='line_1_50' title="bbox 109 2456 1728 2503; baseline 0.001 -10"><span class='ocrx_word' id='word_1_474' title='bbox 109 2464 204 2494; x_wconf 89' lang='lat' dir='ltr'>sens</span> <span class='ocrx_word' id='word_1_475' title='bbox 224 2456 265 2494; x_wconf 91' lang='lat' dir='ltr'>1d</span> <span class='ocrx_word' id='word_1_476' title='bbox 282 2459 343 2494; x_wconf 91' lang='lat' dir='ltr'>est</span> <span class='ocrx_word' id='word_1_477' title='bbox 361 2465 485 2494; x_wconf 91' lang='lat' dir='ltr'>secun</span> <span class='ocrx_word' id='word_1_478' title='bbox 517 2465 582 2494; x_wconf 87' lang='lat' dir='ltr'>um</span> <span class='ocrx_word' id='word_1_479' title='bbox 599 2465 775 2503; x_wconf 83' lang='lat' dir='ltr'>praesens</span> <span class='ocrx_word' id='word_1_480' title='bbox 796 2462 1056 2502; x_wconf 90' lang='lat' dir='ltr'>momentum,</span> <span class='ocrx_word' id='word_1_481' title='bbox 1077 2467 1124 2495; x_wconf 83' lang='lat' dir='ltr'>ex</span> <span class='ocrx_word' id='word_1_482' title='bbox 1145 2461 1255 2496; x_wconf 86' lang='lat' dir='ltr'>motu</span> <span class='ocrx_word' id='word_1_483' title='bbox 1275 2458 1366 2496; x_wconf 89' lang='lat' dir='ltr'>coeli</span> <span class='ocrx_word' id='word_1_484' title='bbox 1404 2461 1595 2495; x_wconf 85' lang='lat' dir='ltr'>causante</span> <span class='ocrx_word' id='word_1_485' title='bbox 1632 2461 1646 2493; x_wconf 89' lang='lat' dir='ltr'>t</span> <span class='ocrx_word' id='word_1_486' title='bbox 1673 2466 1728 2495; x_wconf 92' lang='lat' dir='ltr'>m-</span> 
     </span>
     <span class='ocr_line' id='line_1_51' title="bbox 107 2467 1709 2556; baseline 0.001 -16"><span class='ocrx_word' id='word_1_487' title='bbox 107 2506 257 2556; x_wconf 33' lang='lat' dir='ltr'>pus„ut</span> <span class='ocrx_word' id='word_1_488' title='bbox 274 2503 506 2541; x_wconf 88' lang='lat' dir='ltr'>Aristoteles</span> <span class='ocrx_word' id='word_1_489' title='bbox 522 2503 738 2541; x_wconf 88' lang='lat' dir='ltr'>introducit</span> <span class='ocrx_word' id='word_1_490' title='bbox 757 2504 798 2556; x_wconf 84' lang='lat' dir='ltr'>in</span> <span class='ocrx_word' id='word_1_491' title='bbox 818 2504 885 2541; x_wconf 91' lang='lat' dir='ltr'>lib.</span> <span class='ocrx_word' id='word_1_492' title='bbox 909 2505 1085 2541; x_wconf 89' lang='lat' dir='ltr'>secundo</span> <span class='ocrx_word' id='word_1_493' title='bbox 1104 2506 1156 2541; x_wconf 84' lang='lat' dir='ltr'>De</span> <span class='ocrx_word' id='word_1_494' title='bbox 1174 2506 1299 2541; x_wconf 80' lang='lat' dir='ltr'>anima</span> <span class='ocrx_word' id='word_1_495' title='bbox 1317 2504 1425 2552; x_wconf 81' lang='lat' dir='ltr'>(text.</span> <span class='ocrx_word' id='word_1_496' title='bbox 1447 2513 1591 2542; x_wconf 89' lang='lat' dir='ltr'>comm.</span> <span class='ocrx_word' id='word_1_497' title='bbox 1615 2467 1709 2552; x_wconf 42' lang='lat'><strong>155».</strong></span> 
     </span>
    </p>

    <p class='ocr_par' dir='ltr' id='par_1_9' title="bbox 107 2550 1732 2930">
     <span class='ocr_line' id='line_1_52' title="bbox 155 2550 1730 2598; baseline 0.001 -10"><span class='ocrx_word' id='word_1_498' title='bbox 155 2550 364 2588; x_wconf 79' lang='lat' dir='ltr'>selendum</span> <span class='ocrx_word' id='word_1_499' title='bbox 386 2554 518 2588; x_wconf 85' lang='lat' dir='ltr'>tamen</span> <span class='ocrx_word' id='word_1_500' title='bbox 536 2553 597 2588; x_wconf 92' lang='lat' dir='ltr'>est</span> <span class='ocrx_word' id='word_1_501' title='bbox 616 2550 736 2598; x_wconf 89' lang='lat' dir='ltr'>quod,</span> <span class='ocrx_word' id='word_1_502' title='bbox 758 2550 850 2588; x_wconf 85' lang='lat' dir='ltr'>licet</span> <span class='ocrx_word' id='word_1_503' title='bbox 863 2559 1030 2597; x_wconf 88' lang='lat' dir='ltr'>corpora</span> <span class='ocrx_word' id='word_1_504' title='bbox 1048 2551 1228 2589; x_wconf 87' lang='lat' dir='ltr'>coelestia</span> <span class='ocrx_word' id='word_1_505' title='bbox 1245 2560 1327 2590; x_wconf 88' lang='lat' dir='ltr'>non</span> <span class='ocrx_word' id='word_1_506' title='bbox 1347 2552 1429 2589; x_wconf 89' lang='lat' dir='ltr'>sint</span> <span class='ocrx_word' id='word_1_507' title='bbox 1445 2552 1591 2589; x_wconf 88' lang='lat' dir='ltr'>directe</span> <span class='ocrx_word' id='word_1_508' title='bbox 1606 2560 1730 2589; x_wconf 85' lang='lat' dir='ltr'>causa</span> 
     </span>
     <span class='ocr_line' id='line_1_53' title="bbox 108 2597 1727 2650; baseline 0.001 -16"><span class='ocrx_word' id='word_1_509' title='bbox 108 2597 349 2650; x_wconf 71' lang='lat' dir='ltr'>electionum</span> <span class='ocrx_word' id='word_1_510' title='bbox 370 2601 612 2643; x_wconf 87' lang='lat' dir='ltr'>nostrarum,</span> <span class='ocrx_word' id='word_1_511' title='bbox 634 2598 748 2645; x_wconf 81' lang='lat' dir='ltr'>quasi</span> <span class='ocrx_word' id='word_1_512' title='bbox 766 2597 912 2635; x_wconf 89' lang='lat' dir='ltr'>directe</span> <span class='ocrx_word' id='word_1_513' title='bbox 936 2599 978 2634; x_wconf 90' lang='lat' dir='ltr'>in</span> <span class='ocrx_word' id='word_1_514' title='bbox 997 2598 1221 2636; x_wconf 88' lang='lat' dir='ltr'>voluntates</span> <span class='ocrx_word' id='word_1_515' title='bbox 1252 2602 1411 2637; x_wconf 88' lang='lat' dir='ltr'>nostras</span> <span class='ocrx_word' id='word_1_516' title='bbox 1443 2599 1727 2645; x_wconf 85' lang='lat' dir='ltr'>imprimentia,</span> 
     </span>
     <span class='ocr_line' id='line_1_54' title="bbox 107 2644 1729 2692; baseline 0.001 -11"><span class='ocrx_word' id='word_1_517' title='bbox 107 2644 298 2683; x_wconf 82' lang='lat' dir='ltr'>indlrecte</span> <span class='ocrx_word' id='word_1_518' title='bbox 324 2648 456 2683; x_wconf 87' lang='lat' dir='ltr'>tamen</span> <span class='ocrx_word' id='word_1_519' title='bbox 490 2654 538 2683; x_wconf 79' lang='lat' dir='ltr'>ex</span> <span class='ocrx_word' id='word_1_520' title='bbox 576 2644 641 2683; x_wconf 87' lang='lat' dir='ltr'>his</span> <span class='ocrx_word' id='word_1_521' title='bbox 675 2644 808 2692; x_wconf 84' lang='lat' dir='ltr'>aliqua</span> <span class='ocrx_word' id='word_1_522' title='bbox 841 2645 1000 2683; x_wconf 86' lang='lat' dir='ltr'>occasio</span> <span class='ocrx_word' id='word_1_523' title='bbox 1032 2645 1182 2684; x_wconf 90' lang='lat' dir='ltr'>nostris</span> <span class='ocrx_word' id='word_1_524' title='bbox 1209 2645 1472 2684; x_wconf 89' lang='lat' dir='ltr'>electionibus</span> <span class='ocrx_word' id='word_1_525' title='bbox 1506 2649 1729 2692; x_wconf 72' lang='lat' dir='ltr'>praestatur,</span> 
     </span>
     <span class='ocr_line' id='line_1_55' title="bbox 109 2691 1727 2740; baseline 0 -11"><span class='ocrx_word' id='word_1_526' title='bbox 109 2692 329 2730; x_wconf 89' lang='lat' dir='ltr'>secundum</span> <span class='ocrx_word' id='word_1_527' title='bbox 351 2692 457 2740; x_wconf 86' lang='lat' dir='ltr'>quod</span> <span class='ocrx_word' id='word_1_528' title='bbox 477 2691 623 2730; x_wconf 86' lang='lat' dir='ltr'>habent</span> <span class='ocrx_word' id='word_1_529' title='bbox 642 2691 947 2738; x_wconf 89' lang='lat' dir='ltr'>impressionem</span> <span class='ocrx_word' id='word_1_530' title='bbox 980 2701 1100 2738; x_wconf 85' lang='lat' dir='ltr'>super</span> <span class='ocrx_word' id='word_1_531' title='bbox 1125 2702 1305 2740; x_wconf 83' lang='lat' dir='ltr'>corpora,</span> <span class='ocrx_word' id='word_1_532' title='bbox 1326 2696 1365 2731; x_wconf 88' lang='lat' dir='ltr'>et</span> <span class='ocrx_word' id='word_1_533' title='bbox 1392 2694 1468 2731; x_wconf 88' lang='lat' dir='ltr'>hoc</span> <span class='ocrx_word' id='word_1_534' title='bbox 1488 2693 1697 2740; x_wconf 83' lang='lat' dir='ltr'>dupliciter</span> <span class='ocrx_word' id='word_1_535' title='bbox 1718 2704 1727 2729; x_wconf 90' lang='lat'>:</span> 
     </span>
     <span class='ocr_line' id='line_1_56' title="bbox 109 2739 1728 2788; baseline 0.001 -13"><span class='ocrx_word' id='word_1_536' title='bbox 109 2748 189 2776; x_wconf 88' lang='lat' dir='ltr'>uno</span> <span class='ocrx_word' id='word_1_537' title='bbox 207 2739 367 2787; x_wconf 88' lang='lat' dir='ltr'>quidem</span> <span class='ocrx_word' id='word_1_538' title='bbox 388 2739 520 2785; x_wconf 91' lang='lat' dir='ltr'>modo,</span> <span class='ocrx_word' id='word_1_539' title='bbox 543 2739 761 2778; x_wconf 89' lang='lat' dir='ltr'>secundum</span> <span class='ocrx_word' id='word_1_540' title='bbox 783 2739 888 2786; x_wconf 89' lang='lat' dir='ltr'>quod</span> <span class='ocrx_word' id='word_1_541' title='bbox 908 2739 1196 2786; x_wconf 85' lang='lat' dir='ltr'>impressiones</span> <span class='ocrx_word' id='word_1_542' title='bbox 1216 2750 1425 2788; x_wconf 87' lang='lat' dir='ltr'>corporum</span> <span class='ocrx_word' id='word_1_543' title='bbox 1447 2741 1669 2778; x_wconf 85' lang='lat' dir='ltr'>coelestium</span> <span class='ocrx_word' id='word_1_544' title='bbox 1686 2740 1728 2777; x_wconf 89' lang='lat' dir='ltr'>in</span> 
     </span>
     <span class='ocr_line' id='line_1_57' title="bbox 109 2786 1732 2834; baseline 0.001 -12"><span class='ocrx_word' id='word_1_545' title='bbox 109 2787 304 2824; x_wconf 86' lang='lat' dir='ltr'>exteriora</span> <span class='ocrx_word' id='word_1_546' title='bbox 324 2796 491 2833; x_wconf 86' lang='lat' dir='ltr'>corpora</span> <span class='ocrx_word' id='word_1_547' title='bbox 509 2789 602 2824; x_wconf 86' lang='lat' dir='ltr'>sunt</span> <span class='ocrx_word' id='word_1_548' title='bbox 622 2786 739 2824; x_wconf 92' lang='lat' dir='ltr'>nobis</span> <span class='ocrx_word' id='word_1_549' title='bbox 760 2787 920 2824; x_wconf 89' lang='lat' dir='ltr'>occasio</span> <span class='ocrx_word' id='word_1_550' title='bbox 959 2787 1128 2833; x_wconf 87' lang='lat' dir='ltr'>alicujus</span> <span class='ocrx_word' id='word_1_551' title='bbox 1159 2787 1381 2834; x_wconf 89' lang='lat' dir='ltr'>electionis,</span> <span class='ocrx_word' id='word_1_552' title='bbox 1403 2788 1521 2833; x_wconf 89' lang='lat' dir='ltr'>sicut,</span> <span class='ocrx_word' id='word_1_553' title='bbox 1549 2797 1639 2829; x_wconf 84' lang='lat' dir='ltr'>cnm</span> <span class='ocrx_word' id='word_1_554' title='bbox 1661 2796 1732 2834; x_wconf 85' lang='lat' dir='ltr'>per</span> 
     </span>
     <span class='ocr_line' id='line_1_58' title="bbox 110 2833 1727 2885; baseline 0.001 -16"><span class='ocrx_word' id='word_1_555' title='bbox 110 2841 277 2885; x_wconf 82' lang='lat' dir='ltr'>corpora</span> <span class='ocrx_word' id='word_1_556' title='bbox 294 2834 474 2872; x_wconf 83' lang='lat' dir='ltr'>coelestia</span> <span class='ocrx_word' id='word_1_557' title='bbox 493 2834 718 2880; x_wconf 89' lang='lat' dir='ltr'>disponitur</span> <span class='ocrx_word' id='word_1_558' title='bbox 739 2842 805 2871; x_wconf 84' lang='lat' dir='ltr'>aer</span> <span class='ocrx_word' id='word_1_559' title='bbox 823 2833 871 2871; x_wconf 92' lang='lat' dir='ltr'>ad</span> <span class='ocrx_word' id='word_1_560' title='bbox 894 2833 1020 2881; x_wconf 83' lang='lat' dir='ltr'>frigus</span> <span class='ocrx_word' id='word_1_561' title='bbox 1042 2834 1257 2880; x_wconf 88' lang='lat' dir='ltr'>intensum,</span> <span class='ocrx_word' id='word_1_562' title='bbox 1278 2835 1463 2882; x_wconf 82' lang='lat' dir='ltr'>eligimus</span> <span class='ocrx_word' id='word_1_563' title='bbox 1487 2835 1657 2872; x_wconf 82' lang='lat' dir='ltr'>calefieri</span> <span class='ocrx_word' id='word_1_564' title='bbox 1680 2833 1727 2870; x_wconf 90' lang='lat' dir='ltr'>ad</span> 
     </span>
     <span class='ocr_line' id='line_1_59' title="bbox 110 2880 1730 2930; baseline 0.001 -15"><span class='ocrx_word' id='word_1_565' title='bbox 110 2888 258 2926; x_wconf 82' lang='lat' dir='ltr'>ignem,</span> <span class='ocrx_word' id='word_1_566' title='bbox 278 2881 340 2919; x_wconf 87' lang='lat' dir='ltr'>vel</span> <span class='ocrx_word' id='word_1_567' title='bbox 360 2882 495 2930; x_wconf 86' lang='lat' dir='ltr'>aliqua</span> <span class='ocrx_word' id='word_1_568' title='bbox 514 2880 745 2929; x_wconf 86' lang='lat' dir='ltr'>hujusmodi</span> <span class='ocrx_word' id='word_1_569' title='bbox 765 2881 894 2919; x_wconf 86' lang='lat' dir='ltr'>facere</span> <span class='ocrx_word' id='word_1_570' title='bbox 916 2890 1003 2928; x_wconf 81' lang='lat' dir='ltr'>quae</span> <span class='ocrx_word' id='word_1_571' title='bbox 1032 2886 1258 2929; x_wconf 86' lang='lat' dir='ltr'>congruunt</span> <span class='ocrx_word' id='word_1_572' title='bbox 1289 2883 1471 2929; x_wconf 86' lang='lat' dir='ltr'>tempori.</span> <span class='ocrx_word' id='word_1_573' title='bbox 1494 2883 1578 2919; x_wconf 64' lang='lat' dir='ltr'>Alio</span> <span class='ocrx_word' id='word_1_574' title='bbox 1610 2881 1730 2919; x_wconf 88' lang='lat' dir='ltr'>modo</span> 
     </span>
    </p>
   </div>
  </div>
 </body>
</html>
