1894 3223
728 88 815 125 ιιΒ.
843 89 890 133 11,
917 88 1019 143 cAP.
1046 88 1150 126 an.
1683 90 1747 123 185

789 240 957 282 CAPUT
988 241 1086 281 LXI.

280 354 380 388 QUOD
396 354 601 384 PRAEDICTA
618 353 770 383 POSITIO
790 354 861 382 EST
877 354 1025 382 CONTRA
1048 354 1295 383 SENTENTIAM
1318 353 1580 383 ARISTOTELIS.

168 463 258 509 Sed,
282 463 377 511 quia
395 463 693 548 huic‘fositioni
716 463 934 500 Averrhoes
956 466 1141 508 priestare
1162 462 1284 500 robur
1312 462 1563 500 auctoritatis
1585 462 1741 509 nititur,

121 514 280 559 propter
299 512 376 549 hoc
408 519 487 558 quo
550 509 646 548 dicit
676 510 925 547 Aristotelem
960 511 1013 547 ita
1034 510 1226 554 sensisse,
1249 509 1508 548 ostendemus
1529 510 1740 547 manifeste

120 558 228 607 quod
249 558 436 605 praedicta
455 557 604 604 positio
624 561 684 595 est
703 561 841 595 contra
862 557 1099 594 sententiam
1120 557 1359 594 Aristotelis.

169 605 302 643 Primo
323 604 497 653 quidem,
518 605 614 652 quia
648 605 881 642 Aristoteles
903 604 966 650 (De
985 606 1120 645 anima,
1144 614 1186 648 11,
1208 608 1299 640 text.
1328 614 1471 653 comm.
1495 606 1529 647 6,
1549 604 1587 651 7)
1612 603 1748 641 definit

122 653 309 698 animam,
331 652 469 690 dicens
498 652 603 700 quod
638 656 697 689 est
731 655 831 688 actus
850 653 991 697 primus
1019 652 1164 697 physici
1187 652 1360 696 corporis,
1384 652 1561 695 orpcznici,
1580 652 1746 697 potentia

120 702 234 737 vitam
252 700 443 742 habentis;
466 703 503 736 et
523 703 662 745 postea
682 699 887 745 subjungit
920 698 1027 745 (text.
1051 698 1194 735 comm.
1218 697 1253 743 8)
1275 698 1382 744 quod
1405 699 1478 734 haec
1499 702 1551 733 est
1583 699 1747 744 definitio

71 758 75 760 ·
119 747 375 784 universaliter
401 746 500 782 dicta
522 747 565 782 de
595 748 692 782 omni
717 748 865 789 anima3
888 754 966 782 non
998 746 1102 782 sicut
1131 744 1343 790 praedictus
1378 745 1598 782 Averrhoes
1632 745 1745 792 fingit

121 794 284 842 (comm.
309 794 381 840 11),
401 793 475 831 sub
507 793 753 830 dubitatione
790 793 866 830 hoc
899 792 1118 838 proferens,
1149 796 1192 828 ut
1223 795 1331 837 patet
1366 801 1414 828 ex
1449 792 1743 838 exemplaribus

121 842 263 889 graecis
283 845 321 879 et
342 841 603 878 translatione
625 841 763 878 Boetii.
787 839 1044 877 Postmodum
1060 842 1205 882 autem,
1222 840 1264 875 in
1285 837 1422 876 eodem
1440 839 1614 885 capitulo
1636 839 1742 886 (text.

122 898 267 926 comm.
287 888 336 935 9),
358 887 564 934 subjungit
595 897 685 925 esse
712 886 904 934 quasdam
937 889 1068 931 partes
1101 886 1244 923 animae
1273 887 1530 932 separabiles,
1555 896 1642 933 quae
1662 895 1742 923 non

123 939 215 989 sunt
236 936 313 973 nisi
336 935 600 972 intellectivae.
623 934 872 981 Relinquitur
891 933 1013 980 igitur
1032 933 1139 980 quod
1157 932 1235 970 illae
1255 937 1388 979 partes
1409 938 1503 970 sunt
1524 937 1638 971 actus
1656 942 1743 970 cor-

151 992 247 1021 oris.

123 993 147 1030 p
168 1032 245 1067 Nec
265 1032 326 1066 est
342 1033 479 1067 contra
506 1029 583 1065 hoc
612 1028 718 1074 quod
747 1030 887 1074 postea
918 1027 1026 1074 (text.
1063 1036 1207 1064 comm.
1229 1027 1288 1073 21)
1314 1027 1522 1074 subJ'ungit
1541 1040 1549 1064 :
1570 1030 1619 1064 De
1639 1029 1745 1063 intel-

121 1078 212 1113 lectu
245 1079 364 1112 autem
395 1080 428 1112 et
457 1077 686 1122 perspectiva
711 1077 874 1120 potentia
906 1075 1001 1110 nihil
1020 1077 1072 1110 esi
1105 1075 1223 1110 adhuc
1253 1075 1503 1119 manifestum,
1524 1075 1587 1109 scd
1601 1075 1748 1110 videtur

123 1125 255 1160 animae
275 1124 427 1160 alterum
457 1133 569 1168 qenus
589 1132 674 1159 esse.
697 1123 783 1158 Non
814 1122 919 1159 enim
940 1131 1009 1167 per
1028 1122 1104 1158 hoc
1133 1121 1215 1158 vult
1243 1121 1488 1158 intellectum
1525 1121 1699 1158 alienare
1719 1131 1741 1158 a

125 1171 328 1208 communi
364 1169 594 1207 definitione
626 1169 782 1212 animae,
815 1169 883 1206 sed
917 1178 940 1205 a
968 1169 1138 1214 propriis
1171 1168 1325 1205 naturis
1357 1168 1524 1205 aliarum
1546 1168 1744 1214 partiun1;

121 1218 225 1256 sicut
251 1218 318 1265 qui
338 1217 433 1254 dicit
451 1216 556 1264 quod
574 1216 739 1254 alterum
763 1225 890 1263 genus
912 1216 1098 1252 animalis
1118 1220 1177 1252 est
1196 1215 1356 1252 volatile
1376 1225 1398 1252 a
1420 1215 1638 1262 gressibili,
1662 1224 1744 1252 non

125 1265 252 1303 aufert
272 1275 296 1302 a
326 1265 478 1302 volatili
511 1272 760 1301 communem
796 1263 1068 1300 definitionem
1093 1263 1293 1300 animalis.
1316 1263 1439 1307 Unde,
1462 1266 1504 1299 ut
1521 1262 1748 1300 ostenderet

120 1313 161 1350 in
184 1320 262 1359 quo
284 1312 426 1350 dixerit
445 1312 611 1357 alterum,
635 1311 841 1358 subJungit
860 1323 870 1346 ε
891 1313 939 1347 Et
959 1311 1021 1346 hoc
1042 1311 1154 1346 solum
1172 1311 1348 1355 continyii
1361 1312 1540 1355 separari,
1564 1312 1657 1346 sicui
1666 1321 1750 1355 per-

117 1361 268 1407 petuam
301 1370 324 1395 a
355 1359 598 1405 corruptibili.
620 1360 697 1395 Nec
730 1362 790 1395 est
818 1358 985 1395 intentio
1003 1358 1241 1401 Aristotelis,
1263 1361 1304 1394 ut
1335 1358 1628 1394 commentator
1649 1366 1746 1403 prae-

122 1407 251 1444 dictus
284 1406 412 1454 fingit,
439 1406 569 1443 dicere
588 1404 694 1452 quod
715 1405 892 1442 nondum
929 1409 990 1442 est
1017 1405 1274 1442 manifestum
1304 1404 1350 1441 de
1382 1405 1584 1441 intellectu
1615 1409 1746 1440 utrum

121 1454 348 1491 intellectus
369 1454 420 1491 sit
441 1453 586 1496 anima,
609 1452 713 1489 sicut
729 1452 776 1489 de
798 1453 889 1489 aliis
911 1452 1133 1498 principiis.
1157 1454 1241 1488 Non
1267 1452 1372 1488 enim
1394 1455 1524 1488 textus
1544 1455 1656 1488 vetus
1678 1451 1745 1487 lia-

120 1500 186 1538 bet
205 1501 300 1536 nihil
318 1503 369 1536 est
389 1501 611 1536 declaratum
622 1500 704 1536 sive
725 1500 819 1535 nihii
839 1503 889 1535 est
909 1500 1058 1543 dicium,
1079 1499 1149 1536 sed
1169 1499 1264 1534 nihii
1291 1501 1342 1534 esi
1361 1501 1618 1543 vianifcstum3
1642 1498 1747 1544 quod

122 1547 424 1595 intelligendum
446 1551 506 1584 est
525 1550 715 1593 quantum
738 1546 785 1583 ad
817 1546 856 1583 id
873 1546 978 1593 quod
999 1550 1058 1583 cst
1079 1546 1283 1592 proprium
1305 1546 1355 1590 ei,
1379 1555 1459 1583 non
1482 1549 1675 1592 quantum
1698 1545 1747 1582 ad

121 1603 372 1632 communem
393 1594 678 1631 definitionem.
701 1593 739 1629 Si
759 1597 905 1638 autem,
928 1597 970 1629 ut
990 1593 1074 1638 ipse
1096 1593 1203 1637 dicit,
1227 1593 1362 1629 anima
1377 1593 1578 1639 aequivoce
1603 1592 1745 1629 dicitur

123 1641 429 1680 deintellectuet
443 1641 683 1687 aliis‚prim0
695 1640 943 1678 distinxisset
957 1650 1012 1687 aeq
1021 1641 1324 1685 uivocationem,
1338 1645 1476 1685 postea
1485 1639 1745 1683 definivisset,

122 1689 225 1727 sicut
245 1692 305 1726 est
323 1688 572 1726 consuetudo
593 1697 692 1732 sua;
715 1687 815 1724 alias
834 1687 1062 1734 procederet
1090 1688 1130 1723 in
1153 1687 1371 1734 aequivo00,
1395 1687 1501 1734 quod
1522 1696 1601 1723 non
1625 1690 1684 1723 est
1703 1686 1744 1723 in

123 1736 303 1774 scientiis
323 1735 661 1774 demonstrativis.

164 1784 265 1823 Item,
287 1783 328 1819 in
348 1782 524 1820 secundo
545 1784 594 1818 De
613 1782 737 1817 anima
761 1782 867 1828 (text.
897 1791 1043 1818 comm.
1066 1782 1140 1827 27),
1162 1781 1405 1817 intellectum
1440 1785 1622 1817 numerat
1644 1781 1747 1817 inter

118 1830 317 1877 potentias
334 1830 477 1867 animae
497 1832 548 1874 et,
569 1829 611 1865 in
646 1829 880 1866 auctoritate
902 1829 1020 1865 etiam
1040 1828 1239 1874 praedicta,
1264 1828 1445 1865 nominat
1465 1828 1743 1874 perspectivan

117 1877 348 1924 potentiam.
371 1879 457 1914 Non
486 1880 548 1914 est
578 1875 700 1922 igitur
730 1875 958 1913 intellectus
989 1880 1097 1912 extra
1130 1875 1304 1912 animam
1337 1875 1568 1919 humanam,
1593 1875 1663 1911 sed
1685 1878 1743 1911 est

123 1924 302 1972 quaedam
329 1923 506 1971 potentia
526 1923 625 1970 ejus.

164 1973 266 2013 Item,
290 1972 331 2008 in
354 1971 470 2008 tertio
489 1973 539 2007 De
567 1971 692 2006 anima
713 1970 820 2016 (text.
847 1979 992 2007 comm.
1015 1970 1064 2016 l),
1084 1969 1281 2015 incipiens
1314 1969 1425 2016 loqui
1467 1970 1513 2006 de
1541 1969 1746 2006 intellectu

118 2018 319 2066 possibili,
350 2019 532 2055 nominat
561 2026 649 2054 eum
686 2021 837 2063 partem
871 2018 1027 2061 animae,
1058 2017 1195 2053 dicens
1216 2029 1223 2053 :
1247 2018 1298 2052 De
1314 2019 1424 2061 parte
1455 2019 1574 2052 autem
1603 2018 1743 2059 animae,

119 2075 195 2111 qua
213 2066 390 2109 coqnoscit
407 2067 531 2101 anima
557 2066 591 2100 ei
608 2066 732 2110 sapit3
755 2064 797 2101 in
817 2073 895 2111 quo
925 2064 1135 2102 manifeste
1170 2062 1344 2101 ostendit
1377 2063 1481 2111 quod
1517 2063 1744 2100 intellectus

119 2112 328 2157 possibilis
349 2112 402 2148 sit
418 2111 567 2158 aliquid
585 2112 741 2148 animae.

166 2158 302 2195 Adhuc
320 2162 450 2195 autem
471 2158 735 2203 manifestius,
754 2168 823 2204 per
842 2158 882 2196 id
903 2158 1010 2206 quod
1031 2161 1170 2204 postea
1190 2157 1410 2204 subjungit,
1434 2157 1609 2194 declarat
1630 2160 1744 2193 natu-

118 2214 202 2243 ram
232 2205 455 2242 intellectus
486 2205 709 2251 possibilis,
729 2206 866 2242 dicens
889 2218 896 2242 :
919 2208 1005 2242 Dico
1037 2209 1157 2241 autem
1188 2206 1408 2241 intellectum
1428 2215 1497 2250 quo
1519 2207 1693 2250 opinatur
1713 2207 1745 2239 et

118 2252 292 2297 intelliqit
310 2254 434 2288 anima
453 2251 562 2299 (text.
583 2261 726 2289 comm.
750 2253 812 2299 5);
836 2253 876 2289 in
897 2262 976 2299 quo
997 2253 1208 2289 manifeste
1240 2252 1464 2289 ostenditur
1493 2252 1743 2288 intellectum

120 2307 211 2336 esse
229 2299 379 2351 aliquid
399 2300 540 2337 animae
559 2299 756 2339 humanae,
786 2308 865 2346 quo
889 2300 1023 2336 anima
1042 2300 1220 2336 humana
1237 2299 1440 2345 intelligit.

169 2347 236 2383 Est
255 2347 376 2393 igitur
395 2346 581 2391 praedicta
601 2346 749 2392 positio
769 2350 906 2383 contra
928 2347 1168 2383 sententiam
1189 2346 1413 2383 Aristotelis
1432 2348 1470 2381 et
1488 2348 1628 2382 contra
1647 2344 1745 2380 veri-

123 2395 268 2438 tatem;
290 2392 395 2430 unde
415 2397 603 2440 tanquam
623 2392 762 2430 fictitia
781 2393 1026 2439 repudianda
1044 2397 1116 2429 est.

776 2533 944 2574 CAPUT
980 2533 1102 2573 LXII.

353 2648 505 2677 CONTRA
526 2647 740 2676 OPINIONEM
760 2645 987 2674 ALEXANDRI
1003 2645 1057 2674 DE
1081 2645 1316 2675 INTELLEGTU
1330 2646 1530 2675 POSSIBILI.

164 2757 232 2794 His
251 2756 372 2803 igitur
390 2755 522 2793 verbis
548 2754 771 2792 Aristotelis
792 2753 1072 2799 consideratis,
1094 2754 1312 2791 Alexander
1333 2755 1468 2800 posuit
1490 2755 1743 2792 intellectum

115 2803 351 2849 possibilem
368 2812 458 2841 esse
478 2803 652 2849 aliquam
670 2801 852 2838 virtutem
876 2802 917 2837 in
937 2801 1068 2845 nobis,
1090 2805 1134 2838 ut
1164 2802 1222 2838 sic
1243 2801 1420 2839 definitio
1443 2802 1667 2839 communis
1692 2803 1740 2838 de

117 2849 254 2887 anima
283 2850 487 2898 assignata
522 2851 569 2887 ab
601 2848 811 2887 Aristotele
831 2849 894 2895 (Dc
915 2849 1050 2889 anima,
1071 2848 1115 2896 Π)
1135 2849 1263 2895 possit
1293 2849 1370 2886 sibi
1391 2850 1618 2886 convenire.
1641 2850 1738 2893 Quia
