1803 3223
99 94 162 130 xil
438 92 576 128 BERN.
603 91 761 128 MARJAE
787 91 847 126 DE
873 90 1037 127 RUBEIS
1064 89 1378 127 DISSERTATIO.

101 196 250 234 contra
284 193 490 233 Joannem
526 192 577 230 de
609 191 859 230 Montesono
891 190 1056 240 scripsit
1083 190 1196 230 circa
1221 201 1381 230 annum
1403 191 1571 230 Domini
1593 192 1714 242 1388,

101 258 239 308 capite
253 257 293 305 3,
315 257 503 297 conclus.
519 257 560 304 3,
576 253 772 294 corollar.
789 255 829 303 1,
843 255 955 305 apud
971 255 1166 295 Carolum
1181 255 1447 305 Duplessium
1469 256 1713 308 d'Argentre

99 321 145 366 in
159 321 413 362 collectione
433 320 696 373 judiciorum
716 319 767 358 de
796 318 918 358 Novis
946 318 1171 368 erroribus,
1205 322 1248 359 et
1278 320 1389 370 apud
1414 320 1651 360 Launoium
1668 321 1713 360 in

99 385 208 426 libro
226 384 286 425 De
305 385 420 425 varia
448 381 667 424 Aristotelis
685 381 862 434 fortuna,
879 394 971 433 cap.
993 384 1058 423 10.
1083 397 1103 421 «
1122 384 1170 423 In
1200 383 1298 434 ipsis
1329 384 1586 423 arduissimis
1619 384 1715 425 fidei

101 451 304 500 articulis,
325 448 568 500 inquientis,
589 450 634 488 et
651 447 883 487 humanam
902 447 1109 486 rationem
1142 448 1552 498 transcendentibus,
1580 449 1715 488 utitur

99 516 187 567 ipse
208 514 420 567 (Thomas)
439 513 562 553 dictis
575 512 825 560 AristoteliS,
847 515 891 551 et
909 511 1119 552 immiscet
1150 512 1243 563 ejus
1265 512 1576 564 philosophiam
1613 514 1713 554 doc-

99 580 222 620 trinae
243 580 354 628 fidei,
388 578 497 618 sicut
520 581 639 628 patet
668 575 842 617 cuilibet
875 575 1057 615 intuenti
1082 576 1229 626 :quod
1258 577 1417 627 praebet
1447 578 1713 618 occasionem

101 644 267 683 errandi
296 657 334 682 ».
366 643 467 682 Haec
497 641 728 681 instaurata
760 640 933 690 querela
966 651 990 679 a
1033 639 1231 678 Casimiro
1267 641 1448 690 Oudino,
1481 646 1524 682 et
1551 643 1708 684 Jacobo

99 707 327 756 Bruckero‚
347 707 391 746 in
410 705 613 757 peculiari
634 704 923 745 dissertatione
943 703 1047 743 mihi
1068 706 1130 743 est
1147 703 1382 743 refutanda.

153 773 368 812 Humanas
393 771 578 810 rationes
619 781 668 810 ac
701 768 1048 820 philosophorum
1075 768 1187 808 dicta
1215 769 1477 819 frequentius
1509 771 1561 811 ab
1591 772 1717 822 Aqui-

99 841 198 878 nate
236 836 423 876 adhibita
454 835 568 874 haud
604 846 704 874 sane
740 833 993 873 inficiamur.
1034 833 1116 873 Cur
1151 844 1251 874 vero
1287 833 1353 873 his
1397 833 1580 874 Thomas
1612 847 1716 875 usus

100 902 242 949 fuerit,
273 901 438 951 quodve
470 899 571 938 insit
600 899 756 938 eisdem
787 901 1069 945 momentum,
1098 908 1196 936 cum
1225 898 1277 937 ad
1309 909 1526 948 supremas
1559 899 1718 939 divinas

99 966 296 1007 veritates
314 964 580 1014 exponendas
599 963 842 1011 trahuntur,
870 963 957 1013 ipse
976 963 1100 1001 docet
1115 966 1353 1013 praeceptor
1370 963 1583 1014 angelicus
1613 964 1717 1004 locis

101 1030 306 1082 plurimis.
329 1029 538 1080 Insignem
560 1027 688 1066 affero
707 1030 888 1074 textum,
908 1027 981 1076 qui
995 1027 1101 1067 libro
1120 1039 1135 1068 1
1155 1029 1307 1078 operis,
1340 1029 1391 1068 de
1419 1041 1504 1079 quo
1536 1030 1712 1081 agimus,

102 1096 238 1146 capite
257 1096 298 1143 8,
319 1093 523 1133 habetur:
551 1106 570 1129 «
592 1092 965 1139 Considerandum,
987 1093 1101 1141 quod
1123 1104 1189 1133 res
1221 1093 1392 1142 quidem
1413 1093 1625 1133 sensibiles
1656 1093 1717 1145 (et

101 1163 304 1201 creaturae
341 1157 525 1209 omnes),
563 1169 613 1197 ex
649 1156 786 1209 quibus
824 1156 995 1195 saumana
1033 1157 1136 1196 ratio
1175 1157 1424 1209 cognitionis
1458 1159 1713 1209 principium

101 1226 243 1274 sumit,
277 1223 448 1276 aliquale
483 1222 684 1274 vestiyium
719 1222 759 1260 in
789 1233 828 1261 se
862 1221 1001 1261 divinae
1033 1221 1262 1260 imitationis
1289 1222 1487 1270 retinent,
1520 1222 1716 1264 videlicet

101 1290 217 1341 quod
235 1293 347 1337 sunt,
370 1291 412 1327 et
431 1287 542 1327 hona
560 1290 657 1326 sunt
680 1299 689 1325 :
712 1286 771 1325 ita
800 1289 945 1326 tamen
976 1285 1244 1337 imperfectum
1271 1286 1385 1336 quod
1417 1287 1469 1325 ad
1505 1287 1717 1327 declaran-

102 1355 199 1394 dam
219 1353 346 1404 ipsius
360 1352 433 1391 Dei
455 1351 735 1390 substantiam
750 1350 902 1389 omnino
920 1350 1158 1402 insufficiens
1178 1350 1402 1390 invenitur.
1419 1351 1582 1390 Habent
1602 1352 1714 1392 enim

102 1411 275 1458 effectus
292 1427 464 1456 suarum
486 1426 708 1454 causarum
735 1426 810 1453 suo
844 1415 970 1454 modo
1000 1414 1336 1461 similitudinem,
1357 1426 1455 1454 cum
1476 1427 1601 1467 agens
1621 1420 1717 1467 agat

102 1483 180 1524 sibi
200 1482 334 1522 simile
357 1494 366 1519 z
389 1492 475 1519 non
494 1484 638 1518 tamen
668 1478 841 1517 effectus
860 1479 912 1517 ad
938 1478 1170 1527 perfectam
1202 1478 1365 1530 agentis
1394 1479 1715 1520 similitudinem

99 1559 247 1599 semper
265 1545 479 1596 pertingit.
501 1543 689 1582 Humana
718 1543 840 1594 iqitur
868 1542 987 1590 ratio,
1010 1542 1061 1581 ad
1083 1543 1419 1593 cognoscendam
1449 1541 1545 1594 fidei
1567 1543 1714 1582 uerita-

103 1616 191 1656 tem,
214 1620 309 1660 quae
329 1609 465 1648 solum
484 1607 722 1647 videntibus
742 1607 924 1646 divinam
945 1606 1169 1646 essentiam
1197 1605 1350 1657 (altiori
1379 1607 1540 1646 lumine
1574 1608 1716 1660 gloriae

100 1673 325 1725 roboratis)
354 1675 492 1722 potest
520 1682 607 1711 esse
632 1670 848 1710 notissima
865 1701 875 1719 ‚
910 1671 969 1711 ita
998 1683 1040 1711 se
1068 1670 1195 1710 habet
1220 1670 1333 1720 quod
1366 1670 1418 1709 ad
1453 1681 1546 1709 eam
1579 1675 1716 1721 potest

101 1737 253 1790 aliquas
272 1747 384 1775 veras
411 1734 678 1774 similitudines
698 1734 911 1785 colligere,
933 1746 1028 1784 quae
1045 1738 1190 1774 tamen
1206 1745 1292 1773 non
1312 1734 1526 1774 sufficiunt
1554 1735 1607 1774 ad
1634 1734 1716 1774 hoc

100 1802 215 1854 quod
253 1801 452 1851 praedicta
487 1799 661 1847 veritas,
700 1800 816 1850 quasi
847 1799 1167 1846 demonstrative,
1207 1799 1271 1838 vel
1310 1810 1385 1849 per
1418 1810 1460 1838 se
1497 1799 1716 1838 intellectu

101 1865 496 1916 comprehendatur.
523 1862 624 1903 Utile
642 1866 787 1902 tamen
807 1869 870 1903 est
890 1867 937 1902 ut
967 1864 1011 1902 in
1039 1862 1284 1914 hujusmodi
1314 1862 1561 1911 rationibus,
1589 1875 1716 1915 (sican-

103 1937 344 1982 tunicamque
378 1927 579 1976 debilibus,
620 1940 663 1967 se
702 1940 818 1967 mens
855 1928 1039 1966 humana
1077 1930 1299 1966 exerceat:
1341 1926 1574 1967 dummodo
1611 1928 1719 1966 desit

100 1992 443 2047 comprehendendi
468 1993 532 2032 vel
564 1991 852 2032 demonstrandi
877 1992 1165 2042 praesumptio,
1191 1990 1290 2041 quia
1309 1990 1355 2030 de
1372 1990 1485 2030 rebus
1502 1991 1714 2040 altissimis,

101 2060 228 2101 etiam
245 2070 373 2110 parva
392 2063 429 2097 et
448 2056 566 2096 debili
593 2057 909 2104 consideratione,
938 2057 1096 2107 aliquid
1124 2067 1242 2106 posse
1267 2056 1472 2106 inspicere
1494 2055 1716 2107 jucundis-

100 2124 254 2164 simum
287 2127 350 2162 est
381 2135 421 2161 υ.
454 2122 638 2172 Sapienti
671 2122 952 2172 prudentique
986 2121 1159 2161 consilio
1193 2121 1449 2161 adamussim
1489 2121 1718 2170 respondet

100 2200 224 2240 opuS,
245 2188 359 2239 quod
377 2186 564 2237 Aquinas
585 2186 858 2226 elucubravit.

151 2253 222 2294 III.
243 2252 508 2302 Amplissima
526 2251 570 2290 in
589 2250 672 2291 hoc
692 2262 811 2300 opus,
834 2262 919 2300 quo
944 2250 995 2289 de
1016 2250 1192 2301 agimus,
1216 2249 1524 2289 Commentaria
1551 2249 1717 2299 scripsit

98 2317 343 2358 Franciscus
363 2316 573 2363 Silvester,
597 2315 730 2366 patria
751 2318 793 2354 et
809 2314 1022 2366 religionis
1042 2314 1298 2364 professione
1320 2314 1608 2362 Ferrariensis,
1626 2313 1714 2353 Ma·

100 2381 226 2434 gister
247 2380 376 2420 etiam
396 2379 607 2419 Generalis
626 2380 758 2419 totius
779 2379 943 2419 Ordinis
962 2379 1308 2427 Praedicatomm,
1331 2390 1441 2418 anno
1471 2380 1590 2427 1525,
1611 2379 1718 2418 elec·

101 2449 183 2485 tus.
206 2446 364 2485 Eadem
385 2444 670 2495 compleverat
701 2447 864 2491 auctor,
893 2446 935 2482 et
966 2443 1169 2484 Clementi
1189 2443 1274 2489 VII,
1307 2443 1501 2482 Pontifici
1533 2443 1714 2482 Maximo

97 2513 415 2559 nuncupaverat
440 2524 458 2546 «
476 2509 690 2556 Bononiae,
713 2508 901 2547 kalendis
929 2507 1143 2547 sextilibus
1173 2508 1290 2556 1524,
1313 2518 1398 2557 quo
1428 2505 1610 2546 Venetiis
1641 2505 1716 2545 im-

99 2585 236 2625 pressa
256 2574 374 2613 fuere
398 2584 564 2612 summa
584 2573 816 2624 diligentia,
839 2577 880 2612 et
900 2572 1089 2623 expensis
1116 2571 1268 2611 nobilis
1297 2571 1373 2610 viri
1401 2571 1450 2610 D.
1473 2571 1597 2609 Lucae
1628 2571 1712 2609 An-

96 2638 204 2678 tonii
222 2638 350 2678 Junta
363 2636 593 2676 Florentini
619 2636 724 2676 diex
738 2636 943 2684 Octobris,
960 2636 1004 2675 in
1016 2636 1089 2676 fol.
1106 2637 1267 2676 Titulus
1288 2641 1352 2675 est
1370 2648 1381 2674 :
1402 2633 1545 2673 Sancti
1560 2633 1717 2674 Thomae

23 2698 30 2702 ⁴
96 2707 234 2742 contra
254 2700 435 2749 Gentiles,
456 2713 542 2739 eum
561 2699 858 2740 Commentariis
877 2700 1081 2740 ancisci
1096 2699 1376 2747 Feri-ariensis,
1401 2697 1495 2737 Ord.
1519 2698 1715 2738 Praedica-

101 2771 242 2805 torum.

147 2831 263 2870 Hanc
295 2830 505 2881 ignorasse
534 2830 764 2869 editionem
795 2830 960 2869 videtur
989 2830 1171 2870 Jacobus
1205 2828 1434 2876 Echardus,
1469 2827 1591 2878 cujus
1620 2826 1714 2867 haec
