1894 3223
150 116 218 154 622
635 152 637 154 ,
676 99 678 101 ’
718 108 804 150 nm.
830 96 894 153 1v,⁷
918 109 1019 149 cAP.
1045 84 1190 150 mtxxi.

151 196 198 234 ad
217 195 436 239 materiam,
446 194 560 241 quasi
570 193 730 231 realiter
742 193 795 230 sit
809 193 886 230 alia
899 193 948 231 ab
963 197 1148 241 utroque;
1164 195 1271 241 quia,
1283 205 1404 242 quum
1418 205 1487 241 per
1500 195 1665 232 formam
1679 204 1764 233 ma-

150 243 248 280 teria
265 241 333 278 fiat
351 242 427 278 hoc
446 240 596 288 aliquid
621 244 724 284 actu,
744 244 788 277 ut
803 240 948 277 dicitur
966 241 1008 277 in
1023 241 1200 278 secundo
1213 244 1264 277 De
1282 244 1405 278 anima
1419 242 1525 288 (text.
1547 251 1692 279 comm.
1708 242 1760 289 8),

150 289 220 326 illa
240 288 354 324 tertia
374 287 501 324 forma
529 296 781 334 consequens
813 296 895 323 non
926 291 1034 324 essct
1064 287 1350 333 substantialis,
1387 289 1456 326 sed
1489 288 1760 326 accidentalis.

151 335 293 372 Dicunt
309 338 439 370 autem
457 333 614 380 quidam
633 334 739 380 quod
759 334 886 370 forma
897 335 1020 379 partis
1039 335 1173 371 eadem
1190 339 1249 371 est
1264 338 1302 371 et
1314 335 1440 372 forma
1453 337 1596 380 totius3
1618 336 1688 373 sed
1703 336 1762 372 di-

152 381 253 418 citur
265 381 390 418 forma
404 381 540 426 partis,
562 381 781 417 secundum
799 381 904 427 quod
916 381 1009 417 facit
1022 382 1226 417 materiam
1240 390 1328 418 esse
1341 382 1383 418 in
1395 387 1504 427 actu;
1523 383 1650 419 forma
1668 391 1763 420 vero

151 428 276 464 totius
297 428 439 464 dicitur
455 427 674 464 secundum
695 427 800 474 quod
821 428 992 473 complet
1020 429 1165 473 speciei
1198 428 1390 464 rationem
1420 439 1429 463 :
1468 433 1506 466 et
1543 429 1764 466 secundum

151 474 228 512 hoc
249 475 475 511 humanitas
492 483 573 511 non
591 478 650 511 est
671 474 778 511 aliud
798 475 953 511 realiter
972 484 1091 522 quam
1117 475 1250 511 anima
1279 475 1497 512 rationalis.
1528 476 1635 513 Unde
1657 479 1765 522 patet

151 521 271 568 quod,
290 526 475 567 corrupto
495 530 673 567 corpore,
696 530 777 557 non
806 521 909 557 cedit
937 522 978 557 in
1010 521 1192 558 nihilum.
1228 522 1315 564 Sed,
1348 521 1439 568 quia
1457 522 1685 560 humanitas
1702 526 1764 560 est

152 569 326 605 essentia
345 568 533 608 1100111115,
565 568 737 604 essentia
757 573 887 604 autem
905 569 959 605 rei
985 572 1046 604 est
1065 578 1183 614 quam
1204 569 1335 614 signat
1363 568 1554 613 definitio,
1587 570 1764 606 definitio

152 619 284 652 autem
303 615 358 652 rei
379 615 572 652 naturalis
592 624 671 652 non
695 615 826 661 signat
849 619 1000 652 tantum
1021 616 1202 659 sormam,
1219 615 1288 652 sed
1306 616 1472 652 formam
1489 620 1528 652 et
1544 617 1762 660 materiam,

152 663 423 699 necessarium
444 667 504 699 est
524 662 626 708 quod
650 662 876 699 humanitas
891 662 1039 708 aliquid
1054 662 1252 709 significet
1262 663 1527 708 compositum
1540 673 1586 699 ex
1601 664 1766 700 materia

153 713 190 745 et
210 709 349 752 forma,
372 709 472 746 sicut
499 713 536 745 et
569 709 701 749 homo,
737 708 961 746 differenter
997 713 1138 745 tamen.
1176 711 1272 745 Nam
1312 709 1537 746 humanitas
1567 709 1766 757 significat

151 756 344 802 principia
363 756 590 792 essentialia
612 756 753 801 speciei
776 760 853 792 tam
875 757 1055 793 formalia
1084 765 1200 802 quam
1238 757 1470 796 materialia,
1505 766 1594 793 cum
1629 757 1763 802 praeci-

153 803 266 839 sione
287 803 569 848 principiorum
603 803 903 840 individualium
925 815 934 847 ;
968 803 1111 839 dicitur
1146 803 1250 839 enim
1287 803 1514 840 humanitas
1545 803 1763 840 secundum

153 859 270 896 quam
291 849 435 896 aliquis
455 854 515 886 est
536 850 655 886 homo
675 862 684 893 3
707 850 826 886 homo
848 855 977 886 autem
1000 859 1080 886 non
1104 854 1164 886 est
1183 850 1324 896 aliquis
1345 860 1391 886 ex
1409 849 1485 886 1100
1513 850 1617 897 0000
1650 850 1768 886 habet

151 896 345 942 principia
363 897 633 939 individualia,
655 897 720 933 sed
744 907 789 934 ex
805 897 881 933 1100
909 898 1040 934 501001
1058 898 1163 943 0000
1184 897 1301 934 habet
1319 898 1514 943 principia
1534 897 1767 934 essentialia

152 943 312 989 speciei.
341 944 572 980 Humanitas
606 944 725 990 igitur
758 944 953 991 significat
988 944 1074 980 sola
1111 944 1300 990 principia
1331 944 1474 989 speciei
1506 944 1765 981 essentialia:

151 990 256 1027 unde
278 990 523 1037 significatur
543 1001 610 1036 per
625 991 785 1027 modum
808 992 943 1037 partis.
967 993 1090 1027 Homo
1112 996 1240 1027 autem
1264 990 1653 1038 significatquaedam
1666 991 1768 1037 prin-

153 1038 255 1083 cipia
273 1038 502 1074 essentialia
523 1038 680 1082 speciei,
703 1038 769 1074 sed
794 1047 871 1074 non
895 1039 1067 1074 excludit
1102 1039 1293 1084 principia
1325 1038 1611 1075 individuantia
1643 1047 1666 1074 a
1703 1038 1767 1074 sui

153 1084 468 1131 significatione;
491 1094 580 1121 nam
605 1085 724 1121 homo
746 1085 890 1121 dicitur
917 1086 983 1132 001
1014 1085 1131 1121 habet
1162 1085 1461 1129 humanitatem,
1493 1095 1540 1121 ex
1569 1094 1648 1131 quo
1683 1093 1766 1122 non

152 1132 373 1168 excluditur
394 1132 488 1178 quin
514 1132 589 1168 alia
608 1132 750 1168 habere
773 1133 925 1177 possit:
959 1136 995 1168 et
1013 1136 1173 1177 propter
1201 1133 1278 1169 1100
1313 1132 1432 1168 homo
1466 1132 1662 1179 significat
1698 1141 1768 1178 per

153 1179 315 1215 modum
336 1179 459 1216 totius
477 1191 484 1222 ;
501 1178 697 1224 significat
717 1180 819 1215 00101
846 1179 1038 1224 principia
1057 1179 1200 1224 speciei
1222 1180 1453 1215 essentialia
1472 1179 1511 1214 in
1536 1182 1638 1223 actu,
1660 1179 1767 1215 indi—

151 1225 354 1262 viduantia
371 1235 463 1262 vero
482 1226 523 1262 in
539 1227 740 1271 potentiam
763 1227 944 1262 Socrates
963 1235 1053 1262 vero
1075 1225 1270 1272 significat
1293 1230 1455 1272 utraque
1478 1226 1518 1261 in
1538 1230 1641 1269 actu,
1662 1225 1766 1262 sicut

153 1275 192 1309 et
207 1271 466 1309 differentiam
488 1282 615 1317 genus
636 1273 752 1309 habet
774 1276 979 1317 potestate.
1001 1273 1154 1318 species
1173 1282 1266 1309 vero
1287 1277 1390 1309 actu.
1407 1273 1513 1308 Unde
1534 1277 1640 1317 patet
1659 1272 1766 1318 quod

153 1322 193 1356 et
209 1319 330 1356 homo
348 1319 448 1355 redit
466 1320 567 1355 idem
589 1329 754 1356 numero
774 1321 814 1356 in
836 1321 1139 1363 resurrectione,
1156 1324 1192 1356 et
1206 1320 1431 1356 humanitas
1447 1319 1583 1356 eadem
1599 1328 1767 1356 numero

151 1371 311 1412 propter
331 1367 472 1403 01110110
495 1367 700 1402 rationalis
721 1367 1032 1412 permanentiam
1053 1371 1091 1402 et
1112 1367 1284 1403 materiae
1301 1367 1505 1402 unitatem.

201 1414 314 1457 Quod
336 1423 425 1450 vero
446 1414 561 1450 tertio
582 1413 776 1459 objicitur.
799 1414 902 1459 quod
922 1422 1010 1449 esse
1032 1422 1110 1449 non
1131 1417 1191 1450 est
1210 1422 1348 1455 unum,
1370 1413 1461 1459 quia
1483 1422 1563 1449 non
1585 1416 1645 1449 est
1676 1421 1769 1450 con-

152 1460 322 1504 tinuum,
342 1460 444 1497 salso
463 1460 645 1496 innititur
665 1460 934 1496 fundamento.
957 1461 1205 1496 Manifestum
1232 1464 1293 1496 est
1320 1460 1425 1497 enim
1455 1459 1560 1506 quod
1591 1459 1768 1496 materiae

153 1511 191 1544 et
220 1509 356 1544 formae
375 1517 497 1544 unum
522 1511 582 1543 est
601 1516 704 1551 esse,
724 1516 803 1543 non
823 1507 927 1550 00101
960 1507 1125 1543 materia
1152 1507 1268 1543 habet
1297 1516 1386 1543 esse
1413 1506 1453 1543 in
1479 1510 1569 1543 actu
1600 1506 1679 1543 nisi
1698 1515 1770 1552 per

152 1553 335 1592 formam.
357 1554 490 1591 Differt
510 1559 639 1590 tamen
662 1557 852 1600 quantum
877 1555 924 1590 ad
946 1554 1022 1590 hoc
1041 1555 1173 1590 anima
1193 1554 1400 1590 rationalis
1421 1553 1468 1590 ab
1483 1554 1573 1590 aliis
1594 1554 1734 1590 formis
1753 1563 1766 1590 r:

153 1611 245 1639 nam
272 1611 360 1638 esse
385 1602 549 1638 aliarum
584 1601 797 1637 formarum
831 1610 911 1637 non
941 1605 999 1637 est
1027 1601 1105 1637 nisi
1135 1601 1174 1637 in
1197 1601 1450 1637 concretione
1481 1601 1698 1637 formarum
1718 1599 1768 1637 ad

151 1649 369 1692 materiam,
390 1657 469 1685 non
491 1648 596 1684 enim
616 1648 808 1684 excedunt
826 1648 1030 1684 materiam
1052 1658 1178 1694 neque
1198 1649 1238 1684 in
1270 1657 1358 1684 esse
1381 1657 1509 1694 neque
1526 1647 1567 1683 in
1588 1647 1766 1693 operari;

153 1696 283 1733 anima
301 1705 394 1732 vero
413 1695 620 1732 rationalis
652 1695 907 1731 manifestum
934 1700 994 1731 est
1016 1695 1121 1741 quod
1142 1695 1294 1731 excedit
1311 1696 1518 1730 materiam
1537 1694 1579 1730 in
1596 1694 1767 1740 operari,

153 1743 271 1780 habet
305 1743 410 1779 enim
444 1743 614 1788 aliquam
649 1743 916 1787 operationem
947 1742 1096 1788 absque
1125 1742 1426 1787 participatione
1454 1741 1594 1789 organi
1623 1750 1768 1786 corpo-

152 1790 262 1834 ralis,
285 1790 437 1826 scilicet
457 1790 677 1835 intelligere
698 1801 706 1825 :
735 1789 838 1825 unde
858 1794 895 1826 et
915 1799 1003 1826 esse
1026 1798 1143 1825 suum
1177 1798 1257 1826 non
1279 1793 1337 1825 est
1370 1789 1501 1826 501001
1530 1788 1571 1824 10
1602 1797 1764 1825 concre-

153 1837 261 1873 tione
280 1837 328 1873 00
353 1837 572 1873 materiam.
602 1838 695 1872 Esse
729 1837 850 1882 igitur
881 1837 966 1881 ejus
1000 1836 1106 1882 quod
1139 1841 1221 1872 erat
1251 1836 1475 1881 compositi,
1510 1839 1642 1871 manet
1677 1835 1766 1880 ipso

153 1893 317 1929 corpore
345 1884 555 1927 dissoluto,
589 1888 639 1926 et,
661 1887 840 1928 reparato
863 1892 1026 1928 corpore
1059 1884 1099 1919 in
1129 1883 1431 1922 resurrectione,
1468 1883 1509 1917 in
1542 1882 1646 1918 idem
1676 1890 1765 1918 esse

152 1930 365 1974 reducitur,
385 1930 490 1976 quod
506 1930 696 1966 remansit
716 1931 757 1965 in
778 1930 922 1966 anima.

201 1977 313 2021 Quod
342 1978 459 2013 etiam
495 1980 634 2023 quarto
667 1977 850 2021 objicitur
894 1977 1139 2023 resurgentis
1166 1976 1355 2012 unitatem
1389 1985 1468 2012 non
1501 1975 1617 2012 tollit.
1653 1975 1766 2018 Quod

153 2025 258 2061 enim
280 2033 360 2060 non
381 2024 543 2069 impedit
555 2024 741 2060 unitatem
761 2024 979 2059 secundum
1001 2033 1208 2059 numerum
1229 2024 1267 2059 in
1281 2023 1456 2066 homine,
1471 2022 1563 2059 dum
1578 2023 1765 2059 continue

152 2071 258 2115 vivit,
281 2071 536 2108 manifestum
556 2075 614 2106 est
635 2070 740 2116 quod
761 2079 840 2106 non
864 2074 992 2115 potest
1012 2070 1200 2115 impedire
1227 2071 1416 2106 unitatem
1438 2069 1698 2116 resurgentis.
1720 2071 1764 2106 In

153 2127 318 2164 corpore
351 2122 479 2154 autem
513 2117 702 2158 hominis,
720 2118 907 2164 quamdiu
936 2118 1044 2158 vivit,
1067 2126 1147 2153 non
1169 2126 1324 2162 semper
1345 2120 1439 2153 sunt
1467 2117 1613 2153 eaedem
1632 2120 1764 2162 partes

153 2165 371 2202 secundum
409 2165 626 2205 materiam,
662 2164 730 2201 sed
770 2164 899 2201 5010111
937 2164 1156 2201 5000110001
1197 2165 1391 2209 speciem;
1414 2163 1633 2200 secundum
1670 2171 1765 2200 vero

151 2212 357 2249 materiam
375 2216 505 2257 partes
524 2211 653 2248 fluunt
669 2215 706 2248 et
731 2211 915 2248 refluunt.
938 2213 1015 2248 Nec
1034 2216 1192 2257 propter
1210 2212 1285 2248 hoc
1298 2211 1510 2256 impeditur
1529 2210 1624 2257 quin
1644 2210 1766 2262 homo

153 2259 205 2296 sit
225 2268 329 2296 unus
347 2268 512 2296 numero
533 2258 762 2304 aprincipio
780 2259 867 2295 vitae
883 2267 1009 2305 usque
1030 2259 1068 2294 in
1092 2260 1211 2294 tinem
1231 2270 1239 2294 :
1262 2259 1376 2304 quus
1396 2258 1619 2303 exemplum
1639 2257 1764 2303 accipi

150 2310 282 2352 potest
297 2316 343 2343 ex
364 2306 562 2353 igne‚qui‚
576 2315 665 2342 cum
686 2306 873 2342 continue
889 2307 1011 2349 ardet,
1033 2314 1137 2342 nnus
1158 2314 1323 2342 numero
1345 2305 1499 2350 dicitur,
1520 2303 1764 2350 propterhoc

153 2353 260 2399 quod
280 2354 433 2399 species
449 2353 532 2399 eJus
545 2356 691 2396 manet,
709 2353 799 2389 licet
819 2353 927 2398 ligna
946 2357 1233 2389 consumantur
1247 2356 1284 2388 et
1303 2353 1350 2389 de
1372 2361 1474 2388 novo
1499 2355 1762 2397 apponantur.

150 2400 215 2437 Sic
235 2401 351 2436 etiam
373 2404 432 2436 est
450 2401 488 2436 in
512 2409 675 2445 corpore
697 2400 870 2436 humano
888 2411 897 2443 ;
919 2409 1011 2436 nam
1031 2400 1158 2436 forma
1178 2403 1215 2435 et
1229 2400 1383 2445 species
1400 2399 1665 2446 singularium
1679 2407 1764 2444 par-

150 2447 248 2483 tium
267 2447 352 2493 0305
370 2448 556 2484 continue
574 2450 707 2483 manet
722 2456 791 2492 per
806 2450 929 2486 totam
948 2447 1081 2490 vitam,
1097 2446 1167 2483 sed
1181 2446 1346 2482 01010110
1362 2447 1532 2492 partium
1553 2446 1764 2483 resolvitur

150 2503 221 2539 per
239 2495 435 2531 actionem
456 2494 600 2531 caloris
631 2493 823 2530 naturalis
844 2497 881 2530 et
912 2493 959 2530 de
991 2502 1093 2530 novo
1126 2493 1388 2540 adgeneratur
1419 2503 1488 2538 per
1513 2492 1760 2533 alimentum,

152 2542 237 2577 Non
273 2545 331 2577 est
353 2546 484 2577 autem
505 2541 606 2578 alius
629 2549 795 2577 numero
817 2541 936 2577 homo
958 2540 1177 2577 secundum
1199 2540 1373 2577 diversas
1404 2543 1535 2586 partes
1556 2544 1594 2576 et
1613 2543 1761 2583 aetates,

153 2588 332 2633 quamvis
369 2597 446 2625 non
487 2588 672 2635 quicquid
716 2588 969 2624 materialiter
1001 2591 1059 2624 est
1104 2588 1146 2624 10
1182 2586 1344 2624 11001100
1383 2587 1602 2624 secundum
1640 2595 1762 2623 unum

154 2638 298 2670 statum
321 2635 372 2672 sit
390 2635 431 2671 in
455 2644 502 2671 eo
523 2634 743 2672 secundum
767 2634 901 2671 alium.
924 2635 987 2671 Sic
1004 2635 1126 2682 igitur
1145 2643 1225 2670 non
1245 2634 1471 2680 requiritur,
1492 2633 1539 2670 ad
1563 2633 1638 2671 hoc
1658 2632 1763 2680 quod

153 2685 334 2727 resurgat
372 2682 490 2718 homo
522 2682 627 2718 idem
664 2690 843 2725 numero,
877 2682 982 2728 quod
1016 2681 1200 2729 quicquid
1242 2681 1314 2718 suit
1350 2681 1604 2718 materialiter
1640 2680 1681 2716 in
1717 2687 1764 2716 eo

153 2728 372 2763 secundum
417 2733 542 2765 totum
580 2733 736 2774 tempus
777 2729 864 2765 vitae
911 2737 1018 2771 sure,
1062 2733 1286 2765 resumatur
1331 2728 1400 2765 sed
1435 2732 1587 2764 tantum
1626 2736 1673 2763 ex
1716 2735 1765 2762 eo

154 2778 344 2819 quantum
366 2775 513 2811 sufficit
532 2776 580 2812 ad
598 2776 929 2821 complementum
953 2775 1092 2812 debitae
1113 2775 1359 2821 quantitatis,
1380 2779 1418 2811 et
1443 2775 1636 2820 praecipue
1665 2772 1764 2810 illud

153 2821 432 2857 resumendum
449 2822 602 2858 videtur
621 2822 725 2868 quod
746 2823 959 2868 perfectius
981 2823 1054 2858 fuit
1074 2823 1147 2859 sub
1165 2823 1292 2858 forma
1306 2826 1344 2858 et
1363 2821 1493 2867 specie
1508 2819 1765 2856 humanitatis

152 2867 391 2904 consistens.
420 2868 457 2904 Si
487 2869 579 2914 quid
596 2878 688 2905 vero
707 2869 831 2906 defuit
859 2869 906 2906 ad
928 2869 1266 2915 complementum
1286 2868 1425 2905 debitae
1444 2866 1686 2914 quantitatis,
1705 2866 1765 2903 vel

1686 0 1721 15 «ἑ

1725 0 1763 30 ·ἷ

1776 0 1799 11 ‘t
