1894 3223
694 119 783 161 Lm.
811 120 875 164 111,
899 119 1005 156 GAP.
1031 118 1178 155 CXLIV.
1674 119 1747 155 463

124 202 372 246 charitatem,
390 210 460 248 per
479 209 597 248 quam
621 203 682 238 est
702 201 874 238 societas
912 200 1118 237 beatorum
1156 203 1195 236 et
1230 198 1477 236 tendentium
1507 197 1547 235 in
1580 197 1746 235 beatitu-

125 250 272 290 dinem,
287 249 328 286 in
363 253 553 286 aeternum
589 246 705 284 debet
723 247 869 293 puniri,
893 248 1074 294 quamvis
1106 246 1241 293 aliqua
1275 245 1383 283 brevi
1419 245 1611 292 temporis
1632 255 1744 283 mora

153 296 359 336 eccaverit.
1207 307 1221 321 ν

124 307 150 345 p
171 345 361 386 Praeterea‚
383 341 485 388 apud
507 340 684 378 divinum
700 340 895 387 judicium
916 341 1101 378 voluntas
1120 350 1191 386 pro
1210 340 1314 377 sacto
1341 343 1613 386 computatur3
1635 339 1743 387 quia,

126 389 231 429 sicut
248 389 432 427 homines
449 387 583 425 vident
603 397 650 425 ea
669 396 757 435 quae
770 388 944 424 exterius
962 391 1147 434 aguntur,
1168 387 1224 424 ita
1242 388 1347 424 Deus
1363 387 1526 432 inspicit
1538 387 1742 424 hominum

127 436 260 475 corda.
281 435 355 480 Qui
371 439 502 473 autem
524 439 685 481 propter
699 435 859 481 aliquod
879 435 1093 480 temporale
1109 435 1256 471 bonum
1276 443 1439 471 aversus
1458 437 1518 471 est
1538 434 1585 471 ab
1605 434 1745 471 ultimo

125 483 218 527 fine,
238 483 307 531 qui
332 483 374 519 in
395 486 586 520 aeternum
607 482 846 528 possidetur,
870 481 1088 527 praeposuit
1109 481 1338 518 fruitionem
1358 481 1615 526 temporalem
1634 481 1746 518 illius

125 531 220 569 boni
256 529 488 576 temporalis
527 533 683 567 aeternae
705 528 882 566 fruitioni
922 528 1050 565 ultimi
1084 527 1202 572 finis;
1224 528 1328 564 unde
1352 531 1454 574 patet
1493 528 1596 575 quod
1618 528 1749 565 multo

127 577 258 631 magis
284 576 479 615 voluisset
509 576 549 613 in
577 580 766 614 aeternum
797 575 867 613 illo
901 575 1009 613 bono
1048 574 1256 621 temporali
1278 575 1367 611 frui.
1389 576 1502 622 Ergo,
1523 575 1742 613 seeundum

127 624 304 664 divinum
345 624 548 664 'udieium,
568 623 623 660 ita
653 623 785 670 puniri
824 622 938 660 debet
974 632 1018 659 ae
1057 623 1091 659 si
1129 621 1367 659 {eternaliter
1400 625 1618 667 peccasset.
1640 622 1745 660 Nulli

127 675 259 710 autem
291 671 342 709 du
374 672 455 708 ium
492 675 554 709 est
585 670 681 718 quin
718 679 789 716 pro
833 674 981 707 aeterno
1016 673 1177 716 peccato
1207 672 1353 706 aeterna
1392 669 1509 715 poena
1543 669 1743 707 debeatur.

128 718 300 804 negetur
319 719 441 766 igitur
458 717 494 755 ei
515 717 580 765 qui
603 717 650 755 ab
674 717 814 755 ultimo
835 716 913 754 fine
934 717 1122 754 avertitur
1141 724 1258 762 poena
1277 719 1436 753 aeterna.

213 765 319 806 dhuc,
341 765 478 804 eadem
509 764 674 812 justitiae
700 765 852 802 ratione
874 774 990 810 poena
1007 764 1179 810 peccatis
1197 763 1375 800 redditur
1395 762 1570 801 ethonis
1589 763 1745 801 actibus

130 813 350 861 praemium.
373 811 581 850 Praemium
601 816 730 849 autem
746 812 901 849 virtutis
919 815 980 848 est
997 810 1311 858 beatitudo,quae
1331 810 1489 863 quidem
1506 813 1567 848 est
1584 814 1743 855 zeter-na,

131 863 315 945 dnbsupra
333 864 539 898 ostensum
572 864 645 897 est.
669 861 767 907 Ergo
789 863 827 896 et
847 868 963 906 poena
980 868 1057 906 qua
1082 858 1174 905 quis
1205 866 1229 894 a
1254 857 1498 895 beatitudine
1527 857 1750 894 excluditur

158 917 179 945 e
209 911 247 944 et
261 916 350 945 esse
369 910 530 945 aeterna.

179 955 279 992 Hinc
316 959 377 991 est
411 953 516 1001 quod
551 952 695 990 dicitur
717 965 725 989 ε
744 954 851 990 Ibunt
870 954 910 988 lu·
929 954 966 988 z'n
991 953 1210 999 supplicium
1244 955 1429 992 aeternum,
1445 951 1545 997 justi
1571 955 1690 988 autem
1708 954 1752 988 in·

131 1001 246 1039 vitam
262 1003 447 1038 aeternam.
472 1001 630 1047 (Mamm
651 1008 746 1044 xxv,
767 1000 842 1047 46.)

180 1049 254 1086 Per
271 1048 348 1086 hoc
371 1052 500 1085 autem
521 1047 743 1084 excluditur
769 1056 878 1084 error
896 1045 1110 1084 dicentium
1130 1055 1270 1092 poenas
1291 1045 1487 1083 malorum
1508 1045 1748 1093 quandoque

134 1104 224 1133 esse
247 1094 532 1132 terminandas.
557 1094 651 1138 Quae
668 1093 827 1140 quidem
848 1094 995 1140 positio
1031 1096 1158 1130 ortum
1181 1093 1371 1130 habuisse
1406 1093 1561 1129 videtur
1588 1102 1612 1130 a
1643 1092 1750 1139 posi-

131 1142 241 1180 tione
261 1141 522 1188 quorumdam
537 1140 883 1186 philosophorum,
902 1141 967 1186 qui
981 1140 1163 1176 dicebant
1181 1148 1320 1177 omnes
1340 1148 1478 1185 poenas
1497 1140 1747 1185 purgatorias

134 1197 238 1234 esse,
259 1192 298 1225 et
330 1188 385 1226 ita
413 1187 650 1235 quandoque
670 1187 954 1224 terminandas.
970 1186 1182 1224 Videbatur
1213 1190 1342 1223 autem
1367 1186 1444 1223 hoc
1462 1186 1744 1231 persuasibile:

132 1240 276 1273 -tum
310 1245 358 1273 ex
391 1234 568 1272 humana
586 1234 896 1279 consuetudine;
918 1243 1043 1280 poenae
1064 1234 1170 1271 enim
1191 1233 1378 1270 humanis
1395 1233 1552 1280 legibus
1570 1233 1747 1270 inserun-

115 1287 199 1326 ,tur
225 1282 275 1321 ad
305 1281 624 1320 emendationem
643 1281 854 1326 vitiorum;
876 1281 982 1319 uude
1004 1281 1107 1318 sicut
1126 1280 1334 1317 medicinae
1360 1279 1540 1327 quaedam
1563 1284 1682 1325 sunt;
1703 1300 1749 1306 -

132 1333 218 1368 tum
237 1328 355 1367 etiam
378 1329 530 1367 ratione
546 1340 555 1373 ;
574 1329 608 1367 si
624 1329 730 1366 enim
750 1337 868 1375 poena
886 1337 965 1366 non
981 1331 1139 1375 propter
1149 1327 1257 1365 aliud
1274 1326 1486 1365 inferretur
1504 1336 1528 1365 a
1545 1327 1749 1374 puniente,

136 1377 208 1416 sed
222 1381 387 1462 (propter
405 1385 449 1415 se
470 1379 638 1421 tantum,
652 1380 884 1423 sequeretur
898 1375 1002 1422 quod
1023 1376 1062 1411 in
1084 1375 1213 1421 poenis
1231 1378 1392 1421 propter
1405 1383 1448 1412 se
1468 1373 1746 1417 delectaretur;

138 1433 217 1472 quo
263 1423 431 1462 bonitati
453 1423 595 1461 divinae
627 1432 708 1460 non
729 1423 912 1469 congruit
932 1435 941 1467 ;
964 1426 1117 1468 oportet
1141 1422 1264 1469 igitur
1281 1431 1421 1468 poenas
1452 1426 1611 1468 propter
1642 1421 1748 1458 aliud

135 1471 290 1516 inferri,
311 1481 384 1508 nec
414 1471 569 1508 videtur
602 1470 705 1508 alius
734 1470 1036 1508 convenientior
1052 1469 1147 1506 finis
1164 1477 1284 1516 quam
1303 1468 1528 1506 emendatio
1548 1469 1747 1506 vitiorum.

134 1517 296 1555 Videtur
322 1517 444 1563 igitur
468 1517 750 1555 convenienter
781 1517 858 1554 diei
890 1525 1030 1554 omnes
1058 1525 1197 1562 poenas
1227 1515 1479 1562 purgatorias
1504 1524 1607 1561 esse,
1627 1519 1665 1552 et
1681 1524 1752 1561 per

139 1573 392 1612 consequens
409 1564 649 1612 quandoque
671 1563 956 1607 terminandas,
978 1572 1100 1611 quum
1121 1562 1238 1599 etiam
1255 1562 1355 1599 illud
1374 1562 1480 1610 quod
1516 1566 1576 1599 est
1604 1571 1749 1609 purga·

136 1612 217 1650 hile
247 1611 490 1650 accidentale
522 1611 574 1649 sit
599 1610 752 1648 ratione
786 1615 976 1648 creaturae
1015 1614 1054 1647 et
1086 1610 1216 1656 possit
1242 1609 1434 1647 removeri
1472 1608 1623 1657 absque
1655 1617 1749 1647 con·

137 1659 365 1705 sumptione
385 1658 632 1696 substantiae.

181 1708 252 1744 Est
269 1710 401 1744 autem
420 1705 718 1743 concedendum
731 1704 843 1752 ‘quod
864 1714 990 1752 poenae
1010 1704 1233 1742 inferuntur
1247 1714 1270 1741 a
1289 1705 1382 1747 Deo,
1401 1713 1482 1741 non
1513 1707 1673 1751 propter
1691 1712 1750 1749 se,

135 1753 251 1801 quasi
273 1754 378 1791 Deus
398 1751 440 1789 in
460 1752 560 1798 ipsis
579 1752 806 1797 delectetur,
824 1752 893 1789 sed
915 1755 1073 1798 propter
1088 1751 1210 1795 aliud,
1232 1751 1386 1788 scilicet
1400 1754 1560 1797 propter
1571 1750 1750 1788 ordinem

135 1799 423 1847 imponendum
461 1799 668 1844 creaturis,
689 1799 728 1836 in
764 1807 842 1845 quo
875 1799 1024 1836 bonum
1056 1798 1231 1835 universi
1251 1797 1451 1835 consistit.
1472 1798 1602 1845 Exigit
1620 1802 1751 1836 autem

134 1846 213 1888 hoc
231 1847 329 1885 ordo
360 1855 489 1884 rerum
513 1850 556 1883 ut
582 1845 932 1893 proportionaliter
951 1845 1087 1882 omnia
1104 1844 1296 1882 divinitus
1316 1845 1621 1891 dispensentur;
1639 1854 1753 1892 prop·

133 1897 194 1931 ter
211 1894 316 1942 quod
350 1893 494 1931 dicitur
513 1893 555 1930 in
584 1893 685 1930 libro
702 1893 924 1939 Sapientiae,
941 1901 998 1937 xl,
1016 1895 1077 1938 2¹,
1097 1891 1202 1939 quod
1234 1893 1340 1930 Deus
1359 1893 1481 1929 omnia
1499 1892 1593 1929 facit
1611 1893 1652 1928 in
1665 1902 1753 1938 pon-

136 1942 232 1983 dere,
245 1950 393 1977 numero
409 1943 444 1976 et
468 1950 652 1993 mensura.
675 1939 785 1977 Sicut
803 1944 934 1977 autem
955 1939 1115 1986 praemia
1143 1939 1493 1986 proportionaliter
1511 1939 1753 1985 respondent

136 1988 290 2034 actibus
310 1988 515 2032 virtuosis,
535 1987 591 2025 ita
617 1996 735 2034 poena
764 1987 958 2034 peccatis;
982 1991 1020 2024 et
1056 1986 1295 2034 quibusdam
1328 1987 1502 2033 peccatis
1528 1986 1750 2033 proportio-

136 2039 282 2073 nantur
297 2044 424 2082 poenae
445 2034 708 2081 sempiternae,
728 2038 771 2072 ut
802 2038 1008 2072 ostensum
1045 2037 1117 2071 est.
1135 2032 1283 2081 Infligit
1311 2033 1434 2080 igitur
1452 2035 1557 2071 Deus
1578 2042 1648 2079 pro
1666 2033 1751 2081 qui-

135 2081 318 2134 busdam·
337 2082 508 2127 peccatis
528 2090 667 2127 poenas
689 2085 869 2126 aeternas,
890 2085 933 2118 ut
952 2080 1109 2119 debitus
1127 2080 1225 2118 ordo
1261 2084 1438 2118 servetur
1458 2081 1498 2118 in
1528 2080 1662 2126 rebus,
1683 2080 1751 2128 qui

136 2129 222 2176 ejus
236 2128 472 2174 saplentiam
493 2128 755 2165 demonstrat.
1103 2158 1106 2159 γ

187 2176 224 2213 Si
241 2175 331 2222 quis
350 2179 483 2211 tamen
497 2175 688 2212 concedat
702 2183 842 2212 omnes
857 2183 998 2221 poenas
1017 2173 1066 2212 ad
1084 2175 1402 2212 emendationem
1415 2173 1600 2211 vitiorum
1616 2174 1752 2211 induci

137 2225 174 2260 et
206 2231 287 2259 non
317 2221 640 2273 propteraliud,
670 2230 751 2259 non
781 2226 912 2258 tamen
944 2225 1103 2268 propter
1133 2222 1210 2258 hoc
1265 2221 1397 2267 ogitur
1426 2229 1574 2266 ponere
1613 2229 1753 2258 omnes

134 2277 276 2316 poenas
290 2272 542 2316 purgatorias
562 2271 600 2305 et
619 2268 891 2306 terminabiles
909 2277 1013 2306 esse.
1031 2270 1126 2306 Nam
1139 2272 1179 2304 et
1192 2267 1411 2305 secundum
1427 2270 1536 2314 leges
1556 2268 1751 2305 humanas

137 2316 260 2363 aliqui
288 2319 415 2353 morte
434 2315 654 2361 puniuntur
679 2324 759 2352 non
780 2315 938 2362 quidem
957 2315 1004 2352 ad
1023 2315 1338 2352 emendationem
1362 2314 1438 2354 sui,
1461 2314 1530 2352 sed
1551 2315 1746 2358 aliorum;

134 2362 231 2401 hinc
261 2366 321 2400 est
352 2362 457 2410 quod
479 2362 649 2399 dicitur:
669 2363 862 2400 Pestilente
887 2363 1081 2407 flagellum,
1114 2363 1246 2398 stultus
1276 2363 1475 2407 sapientior
1500 2362 1581 2397 erit.
1613 2361 1751 2407 (Ρνου.,

132 2417 220 2455 xlx,
239 2409 317 2454 25.)
335 2409 502 2454 Quidam
537 2409 657 2447 etiam
695 2408 914 2447 secundum
947 2410 1143 2446 humanas
1174 2409 1283 2456 leges
1315 2418 1338 2445 a
1368 2408 1525 2446 civitate
1561 2412 1754 2454 perpetuo

132 2457 258 2496 exilio
286 2456 565 2500 excluduntur,
594 2459 665 2502 ut,
697 2456 758 2494 eis
790 2455 1020 2502 subtractis,
1057 2455 1197 2493 civitas
1227 2455 1366 2501 purior
1400 2454 1608 2499 reddatur;
1647 2454 1752 2492 unde

135 2503 284 2542 dicitur
303 2515 313 2541 ε
334 2503 437 2549 Ejice
469 2502 676 2549 derisorem,
707 2505 743 2540 et
774 2503 888 2539 exibit
917 2513 998 2539 cum
1028 2513 1066 2540 eo
1089 2503 1269 2548 jur-qiam,
1291 2501 1548 2547 cessabuntque
1573 2511 1690 2538 causae
1719 2504 1757 2538 et

135 2551 368 2587 contumeliae.
403 2550 539 2597 (Prov.‚
572 2558 668 2595 xxn,
704 2550 777 2596 10.)
797 2549 903 2588 Nihil
923 2550 1044 2596 igitur
1071 2549 1267 2595 prohibet,
1301 2548 1418 2586 etiam
1450 2549 1486 2585 si
1506 2557 1632 2594 poenae
1653 2557 1752 2585 non-

133 2598 217 2635 nisi
246 2597 295 2635 ad
333 2597 651 2634 emendationem
689 2606 845 2634 morum
876 2595 1151 2641 adhibeantur,
1190 2595 1285 2643 quin
1319 2594 1537 2632 secundum
1575 2595 1753 2633 divinum

133 2644 331 2692 judicium
361 2644 484 2691 aliqui
507 2643 677 2681 debeant
697 2654 721 2681 a
751 2644 940 2681 societate
971 2643 1166 2680 bonorum
1202 2645 1393 2688 perpetuo
1431 2642 1606 2688 separari
1639 2646 1677 2679 et
1711 2643 1752 2679 in

136 2694 329 2730 aet'ernum
348 2691 494 2738 puniri,
517 2694 558 2727 ut
576 2700 624 2727 ex
640 2695 838 2737 perpetuae
857 2699 984 2736 poenae
1007 2691 1149 2727 timore
1165 2689 1351 2726 homines
1369 2698 1532 2735 peceare
1559 2689 1753 2726 desistant

136 2742 178 2776 et
195 2739 394 2777 bonorum
415 2738 587 2775 societas
606 2738 744 2784 purior
761 2748 810 2775 ex
830 2746 966 2774 eorum
981 2737 1230 2783 separatione
1248 2735 1447 2782 reddatur,
1467 2737 1572 2774 sicut
1588 2736 1752 2773 dicitur:

134 2785 219 2824 Non
235 2786 390 2822 intrabit
421 2787 461 2821 in
481 2795 571 2826 eam,
588 2784 628 2821 id
646 2788 707 2822 est
734 2784 776 2822 in
800 2784 1018 2821 Jerusalem
1041 2783 1255 2823 coelestem,
1274 2792 1344 2829 per
1367 2793 1484 2830 quam
1520 2783 1754 2830 designatur

137 2832 310 2870 societas
329 2833 541 2876 bonorum,
557 2832 709 2877 aliquod
738 2833 1023 2878 coinquinatum,
1043 2833 1108 2867 aut
1127 2830 1427 2867 abominationem
1447 2831 1586 2875 faciens
1604 2834 1638 2866 et
1656 2840 1754 2865 men-

137 2879 294 2917 dacium.
313 2879 457 2927 (Apum,
476 2887 559 2925 XXI,
582 2878 658 2926 27.)
