1894 3223
99 88 145 122 42
691 84 777 119 LIB.
805 84 834 127 Ι,
863 84 963 120 ΟΑΡ.
990 85 1131 120 ΧΧΧΙΧ.

147 167 334 211 Amplius,
361 164 673 203 communicatio
703 173 793 201 esse
820 168 857 200 et
891 164 1082 202 bonitatis
1111 176 1158 202 ex
1187 166 1364 205 bonitate
1394 168 1586 215 procedit,
1620 169 1726 216 quod

101 214 260 261 quidem
281 216 386 258 patet
418 223 464 249 ex
487 213 573 257 ipsa
603 214 743 247 natura
769 210 865 248 boni
893 215 930 248 et
966 221 1012 249 ex
1033 212 1118 258 ejus
1138 213 1306 251 ratione.
1341 216 1580 252 Naturaliter
1618 216 1725 255 enim

101 260 251 297 bonnm
273 259 590 305 uniuscujusque
615 260 674 293 est
700 257 803 294 actio
837 261 874 294 et
893 258 1082 304 perfectio
1104 259 1203 305 eJ'us.
1240 261 1557 309 Unumquodque
1593 266 1725 300 autem

102 317 150 343 ex
169 307 242 343 boc
265 306 346 352 agit
381 305 485 356 quod
519 308 607 340 actu
635 307 707 340 est.
729 304 892 351 Agendo
913 309 1044 342 autem
1065 315 1154 343 esse
1173 310 1210 344 et
1230 306 1447 345 bonitatem
1477 312 1514 345 et
1535 309 1615 346 alia
1653 309 1724 347 dif-

102 354 244 391 fundit.
269 353 375 389 Unde
398 356 435 388 et
454 359 614 396 signum
633 350 889 402 perfectionis
907 356 967 390 est
1001 353 1171 397 alicujus
1191 354 1297 400 quod
1329 355 1460 391 simile
1490 355 1566 392 sibi
1592 356 1722 401 possit

102 400 334 446 producere,
346 402 386 435 ut
400 402 502 443 patet
514 397 878 444 perPhtlosophum
892 398 931 435 in
947 404 1087 446 quarto
1097 401 1376 437 Metheoreorum
1387 402 1722 449 (text.cornm.18).

101 448 215 483 Ratio
256 455 346 481 vero
367 445 461 481 boni
492 448 552 481 est
585 454 633 480 ex
654 444 729 481 hoc
791 445 867 482 uod
897 450 958 483 est
996 447 1221 493 appetibile,
1256 449 1361 494 quod
1395 453 1455 485 est
1492 448 1597 492 finis,
1638 459 1725 495 quae

100 494 219 530 etiam
235 495 365 543 movet
385 495 567 537 agentem
590 491 637 527 ad
657 455 877 544 ammaum..
893 494 1175 544 propterquod
1197 495 1340 532 dicitur
1358 495 1505 532 bonum
1535 505 1624 533 esse
1651 496 1725 532 dif-

103 540 275 577 fusivum
292 547 354 575 sui
372 548 474 575 esse.
494 540 580 574 Haec
595 542 725 574 autem
745 537 907 575 diffusio
924 541 1002 577 Deo
1013 541 1213 586 competit.
1227 543 1441 580 ostensum
1455 547 1515 580 est
1530 543 1634 579 enim
1663 552 1727 580 su-

102 596 171 633 pra
193 585 481 637 (cap.13)·quod
507 587 609 622 Deus
631 588 690 621 est
711 585 802 622 aliis
822 595 945 622 causa
973 587 1148 632 essendi,
1182 587 1286 625 sicut
1318 599 1387 635 per
1407 599 1449 626 se
1472 599 1544 627 ens
1561 599 1726 627 necesse

104 642 206 669 esse.
232 635 296 669 Est
315 633 437 679 igitur
457 642 545 668 vere
563 632 707 668 bonus.

150 680 247 715 Hinc
267 683 328 715 est
347 679 453 725 quod
473 679 514 715 in
536 680 598 715 Ps.
619 686 748 723 LXXXI,
773 683 804 724 1,
827 679 972 716 dicitur
999 692 1006 716 :
1034 681 1148 724 Quam
1181 681 1292 717 bonus
1323 683 1436 719 Israel
1462 685 1554 719 Deus
1587 684 1644 719 his
1664 684 1729 729 qui

101 729 194 761 recto
213 730 297 761 sunt
317 726 440 768 corde,·
462 729 499 762 et
511 727 669 770 serem„
682 726 822 763 Thren.
838 735 896 772 111,
911 727 1078 764 dicitur:
1100 729 1221 765 Bonus
1239 730 1292 765 est
1303 730 1477 766 Dominus
1491 730 1723 776 sperantibus

102 774 143 808 z'n
156 783 206 814 sc,
227 776 356 808 ansfnae
375 774 551 819 quaerenti
567 773 684 809 illum.
708 776 738 818 (1
758 778 874 817 part„
898 783 935 820 q.
958 779 1031 821 vl.)

707 913 876 954 CAPUT
901 912 1119 953 XXXVIII.

599 1027 700 1061 Qcon
727 1028 824 1056 nErs
844 1027 915 1066 EST
940 1027 1028 1055 IPSA
1048 1026 1227 1055 BoxrrAs.

152 1128 206 1164 Ex
221 1126 285 1162 his
307 1129 438 1162 autem
458 1124 594 1162 haberi
615 1127 760 1170 potest,
781 1123 887 1171 quod
908 1125 1012 1161 Deus
1031 1123 1084 1161 sit
1103 1132 1178 1161 sua
1196 1123 1472 1162 bonitas.Esse
1491 1123 1599 1161 enim
1621 1127 1727 1168 actu,

102 1173 146 1210 in
166 1181 408 1219 unoquoque
429 1176 489 1209 est
508 1172 659 1209 bonum
679 1171 820 1217 ipsius.
844 1171 918 1208 Sed
941 1172 1044 1208 Deus
1067 1179 1148 1207 non
1169 1175 1230 1208 est
1259 1170 1390 1208 solum
1419 1180 1491 1208 ens
1522 1174 1627 1215 actu,
1655 1170 1726 1208 sed

105 1223 166 1257 cst
185 1220 315 1266 ipsum
330 1228 447 1256 suum
464 1228 567 1263 esse,
588 1222 630 1255 ut
651 1227 772 1265 supra
793 1218 892 1264 (cap.
910 1218 969 1265 22)
987 1221 1194 1255 ostensum
1213 1221 1285 1255 est.
1309 1219 1376 1256 Est
1395 1217 1518 1264 igitur
1541 1217 1630 1264 ipsa
1658 1217 1729 1255 bo·

106 1267 227 1310 nitas,
250 1275 330 1303 non
350 1270 502 1302 tantum
519 1265 665 1302 bonus.

151 1315 342 1353 Praeterea,
371 1313 560 1358 perfectio
595 1311 911 1358 uniuscujusque
946 1315 1007 1348 est
1040 1311 1197 1350 bonitas
1227 1312 1314 1359 ejus
1348 1316 1389 1350 ut
1424 1316 1633 1350 ostensum
1669 1315 1730 1349 est

107 1361 205 1407 (cap.
241 1360 313 1407 37).
338 1360 529 1396 perfectio
551 1363 681 1396 autem
703 1359 825 1395 divini
850 1367 939 1395 esse
963 1367 1044 1394 non
1075 1359 1295 1399 ‚attenditur
1325 1359 1544 1396 secundum
1578 1358 1730 1405 aliquid

105 1408 283 1444 additum
305 1416 426 1452 supra
451 1407 597 1451 ipsum,
617 1406 686 1443 sed
705 1405 798 1452 quia
813 1406 944 1451 ipsum
966 1406 1187 1442 secundum
1215 1406 1392 1452 seipsum
1415 1406 1631 1451 perfectum
1654 1409 1728 1450 est,

105 1457 150 1491 ut
179 1459 300 1499 supra
332 1453 430 1499 (cap.
454 1455 512 1499 28)
535 1457 742 1490 ostensum
764 1456 835 1489 est.
857 1452 1019 1490 Bonitas
1038 1453 1159 1499 igitur
1179 1453 1247 1489 Dei
1270 1462 1350 1490 non
1371 1457 1432 1490 est
1449 1452 1601 1500 aliquid
1621 1452 1727 1489 addi-

104 1505 187 1538 tum
210 1510 292 1537 suae
313 1501 560 1544 substantiae,
583 1500 652 1536 sed
674 1509 747 1536 sua
768 1499 994 1536 substantia
1017 1503 1077 1536 est
1092 1509 1165 1537 sua
1182 1500 1356 1537 bonitas.

153 1549 254 1592 Item,
278 1547 591 1594 unumquodque
610 1547 760 1583 bonum
781 1547 884 1593 quod
919 1555 1000 1583 non
1033 1551 1094 1583 est
1120 1556 1194 1584 sua
1221 1547 1394 1591 bonitas,
1426 1546 1732 1593 participatione

105 1595 252 1632 dicitur
272 1594 436 1631 bonum.
461 1595 573 1638 Quod
595 1597 725 1631 autem
748 1604 817 1640 per
836 1594 1181 1640 participationem
1203 1594 1361 1639 dicitur,
1381 1594 1532 1641 aliquid
1566 1598 1656 1630 ante
1689 1603 1732 1631 36

105 1642 392 1688 praesupponit,
415 1651 437 1678 a
457 1651 536 1688 quo
558 1642 752 1678 rationem
774 1641 944 1687 suscipit
964 1641 1168 1678 bonitatis.
1192 1643 1273 1679 Hoc
1306 1645 1438 1679 autem
1470 1642 1511 1677 in
1532 1640 1732 1679 infinitum

106 1698 189 1726 non
208 1693 268 1725 est
285 1689 479 1734 possibile
499 1688 621 1733 abire,
644 1689 737 1735 quia
757 1688 799 1724 in
817 1688 953 1725 causis
973 1687 1163 1726 finalibus
1196 1697 1278 1725 non
1309 1688 1537 1734 proceditur
1568 1688 1608 1724 in
1643 1687 1732 1725 infi-

107 1736 248 1772 nitum.
272 1736 474 1772 Infinitum
495 1736 601 1772 enim
633 1738 828 1781 repugnat
847 1735 1088 1772 fini.Bonum
1111 1739 1242 1772 autem
1261 1735 1456 1772 rationem
1476 1734 1569 1772 finis
1599 1735 1729 1772 hahet.

108 1783 269 1828 Oportet
288 1783 408 1828 igitur
427 1782 611 1819 devenire
633 1782 680 1819 ad
699 1783 861 1829 aliquod
879 1783 1049 1828 primum
1070 1783 1234 1826 bonum,
1266 1782 1373 1829 quod
1405 1791 1485 1819 non
1519 1782 1731 1828 participa-

106 1830 215 1866 tione
237 1830 289 1866 sit
309 1830 459 1866 bonum
478 1839 548 1875 per
568 1829 750 1866 ordinem
769 1829 816 1866 ad
832 1829 993 1875 aliquod
1006 1830 1128 1875 aliud,
1142 1829 1211 1867 sed
1227 1829 1279 1866 sit
1294 1839 1364 1876 per
1383 1830 1602 1867 essentiam
1618 1838 1734 1868 suam

105 1876 270 1915 bonum.
293 1877 374 1913 Hoc
395 1880 527 1913 autem
549 1878 653 1914 Deus
671 1880 743 1914 est.
768 1878 833 1913 Est
853 1877 974 1923 igitur
995 1878 1100 1914 Deus
1121 1886 1196 1914 sua
1213 1877 1389 1914 bonitas.

152 1924 255 1967 Item,
275 1923 315 1960 id
333 1923 438 1970 quod
460 1927 534 1967 est,
554 1924 790 1969 participare
812 1923 962 1969 aliquid
980 1928 1130 1969 potest;
1152 1924 1282 1970 ipsum
1309 1927 1441 1961 autem
1479 1933 1585 1968 esse,
1615 1923 1732 1963 nihili.

108 1970 223 2015 Quod
243 1970 349 2007 euim
370 1970 591 2016 participat,
613 1971 790 2017 potentia
811 1975 883 2008 est.
910 1973 1004 2008 Esse
1026 1975 1158 2008 autem
1178 1974 1292 2008 actus
1326 1975 1400 2009 est.
1428 1971 1504 2008 Sed
1536 1972 1641 2008 Deus
1674 1974 1736 2010 est

106 2018 240 2101 ipsium
262 2021 428 2100 ‘³835'qu
446 2017 655 2063 probatum
674 2021 734 2055 est
760 2017 860 2064 (cap.
879 2018 955 2066 22).
978 2020 1064 2055 Non
1086 2022 1146 2056 est
1163 2018 1287 2065 igitur
1299 2018 1432 2056 bonus
1446 2018 1734 2066 participative,

109 2073 151 2101 se
199 2073 316 2101 essen
338 2074 376 2101 la
395 2075 405 2100 1
426 2074 481 2101 er.

154 2112 338 2156 Amplius,
358 2120 476 2148 omne
497 2111 681 2158 simplex,
704 2121 822 2150 suum
844 2117 1000 2156 esse,et
1021 2113 1060 2150 id
1081 2112 1189 2160 quod
1206 2116 1281 2159 est,
1304 2122 1428 2150 unum
1449 2113 1684 2151 habet.Nam
1699 2113 1734 2150 si

107 2158 161 2195 sit
184 2158 292 2195 aliud
309 2162 347 2194 et
373 2159 494 2203 aliud,
525 2159 607 2205 jam
641 2160 879 2205 simplicitas
911 2160 1130 2197 tolleretur.
1159 2162 1265 2198 Deus
1302 2164 1434 2198 autem
1470 2164 1532 2198 est
1569 2161 1736 2198 omnino

108 2205 290 2251 simplex,
316 2209 359 2242 ut
378 2209 586 2243 ostensum
610 2211 670 2243 est
690 2207 789 2253 (cap.
814 2206 886 2253 18).
919 2207 1044 2253 Igitur
1081 2208 1214 2254 ipsum
1247 2216 1336 2245 esse
1368 2207 1518 2245 bonum
1555 2216 1637 2245 non
1675 2211 1736 2245 est

108 2252 216 2290 aliud
238 2261 354 2298 quam
377 2253 479 2299 ipse.
502 2255 567 2290 Est
586 2253 709 2300 igitur
727 2262 803 2291 sua
819 2254 993 2291 bonitas.

155 2301 229 2336 Per
256 2299 394 2336 eadem
426 2300 546 2337 etiam
579 2304 686 2345 patet
713 2301 819 2347 quod
850 2301 1005 2337 nuilum
1038 2301 1146 2338 aliud
1181 2301 1333 2339 bonum
1359 2304 1421 2339 est
1453 2311 1527 2339 sua
1559 2301 1733 2345 bonitas.

107 2347 270 2392 Propter
290 2347 396 2392 quod
416 2347 561 2384 dicitur
576 2348 785 2385 Matth.xlx
806 2359 815 2384 :
838 2349 948 2386 Nemo
969 2348 1093 2393 bonus,
1109 2349 1184 2383 nisi
1201 2349 1298 2385 solus
1316 2351 1425 2386 Deus.
1447 2348 1628 2395 (Sanctus
1647 2349 1737 2386 doc-

106 2396 170 2429 tor
189 2394 333 2430 erravit
352 2394 394 2430 in
413 2394 488 2431 hac
507 2394 712 2438 citatione,
739 2398 872 2432 textus
890 2403 1010 2437 quem
1043 2395 1085 2432 in
1114 2395 1247 2433 medio
1279 2394 1394 2433 affert
1428 2396 1598 2434 habetur
1629 2395 1735 2444 apud

107 2440 281 2477 Marcum
299 2448 341 2486 x,
361 2443 418 2486 18,
441 2444 478 2478 et
499 2442 591 2479 Luc.
611 2449 728 2487 xvm,
751 2441 826 2490 19.)
847 2444 874 2491 (l
897 2448 1012 2491 part„
1035 2456 1072 2493 q.
1093 2447 1168 2495 vr.)

735 2584 905 2626 CAPUT
931 2583 1114 2626 XXXIX.

521 2697 623 2730 ouon
642 2696 687 2726 m
702 2697 779 2727 1)Εο
800 2698 882 2728 NON
904 2698 1039 2728 Possrr
1057 2698 1153 2727 ESSE
1168 2695 1320 2731 mum

157 2794 212 2830 Ex
228 2793 304 2830 hoc
325 2796 456 2831 autem
473 2793 731 2831 manifestum
750 2797 912 2840 apparet
931 2794 1038 2841 quod
1057 2794 1101 2830 in
1123 2796 1204 2830 Deo
1221 2801 1301 2829 non
1317 2794 1448 2837 potest
1465 2799 1555 2828 esse
1569 2790 1735 2830 malum.

111 2839 207 2878 Esse
226 2841 348 2887 enim,
368 2844 407 2878 et
424 2841 599 2887 bonitas,
620 2844 660 2879 et
679 2841 815 2879 omnia
835 2851 922 2889 quae
934 2851 1004 2888 per
1023 2840 1240 2878 essentiam
1254 2838 1455 2883 dicuntur,
1474 2838 1576 2876 nihil
1592 2842 1735 2885 praeter
