1894 3223
118 181 193 215 532
704 176 789 211 Llss.
821 175 877 216 lv,
906 175 1006 209 CAP.
1032 174 1155 210 XXIII.

757 343 923 383 CAPUT
958 342 1102 382 XXIII.

289 465 447 494 SOLUTIO
474 463 676 493 RATIONUM
703 463 826 491 SI‘PRA
859 462 1114 491 INDUCTARUM
1138 461 1291 491 CONTRA
1314 462 1574 492 DIVINITATEM

758 521 931 549 SPIRITUS
956 521 1104 549 SANCTI-

170 635 303 670 Restat
321 636 449 668 autem
482 631 635 667 solvere
667 639 787 675 supra
806 629 959 675 positas
988 629 1178 672 rationes,
1200 628 1345 675 quibus
1366 629 1549 666 concludi
1581 630 1738 667 videba-

123 684 186 718 tur
205 679 310 727 quod
332 679 502 724 Spiritus
523 675 686 714 sanctus
709 676 760 713 sit
781 680 973 719 creatura,
995 679 1033 712 et
1051 684 1131 712 non
1152 677 1269 712 Deus.

171 727 278 764 Circa
301 725 407 772 quod
443 723 777 761 considerandum
799 726 859 759 est
891 723 1019 769 primo
1040 722 1147 769 quod
1181 731 1328 759 nomen
1347 724 1500 767 spiritus
1528 733 1550 759 a
1570 723 1740 769 respira-

123 775 230 811 tione
254 772 485 809 animalium
507 775 709 816 sumptum
733 770 901 813 videtur,
925 770 963 805 in
986 778 1064 816 quo
1087 779 1155 806 aer
1182 778 1271 806 cum
1293 769 1463 816 quodam
1491 773 1600 806 motu
1621 770 1740 806 inser-

124 825 187 858 tur
210 825 247 857 et
279 819 494 862 emittitur3
517 818 621 854 unde
651 826 797 854 nornen
831 818 986 862 spiritus
1017 817 1065 853 ad
1096 825 1255 853 omnem
1291 816 1507 862 impulsum
1531 819 1568 852 et
1588 820 1740 853 motum

125 867 410 914 cujiiscumque
432 865 536 902 aerei
555 864 734 910 corporis
747 864 938 906 trahitur;
963 868 999 899 el
1017 863 1076 900 sic
1090 867 1230 900 ventus
1251 863 1394 899 dicitur
1407 863 1585 908 spiritus,
1603 872 1742 900 secun-

124 915 216 951 dum
250 914 347 950 illud
374 925 381 949 :
404 914 517 956 tynis,
551 911 703 957 gyrando,
732 913 811 951 nim,
847 912 989 955 glacies,
1012 912 1165 955 spiritus
1190 911 1448 955 procellarum,
1486 921 1564 955 quae
1596 911 1742 954 faciunt

125 962 269 997 verbum
285 961 362 1006 ejus
385 959 532 1006 (Psalm.
557 967 714 1002 cxnvm,
737 958 771 1003 8)
790 970 798 1001 ;
822 959 880 994 sic
901 958 1018 993 etiam
1040 966 1160 1003 vapor
1180 957 1312 994 tenuis
1334 955 1505 993 diffusus
1527 966 1595 1002 per
1618 965 1739 993 mem-

125 1009 194 1045 bra
227 1008 274 1044 ad
308 1016 443 1043 eorum
478 1009 609 1042 molus
643 1005 806 1051 spiritus
838 1009 1011 1041 vocatur.
1031 1006 1197 1048 Rursus,
1220 1003 1314 1051 quia
1340 1003 1638 1041 aerinvisibilis
1665 1007 1740 1047 est,

128 1055 362 1092 translatum
384 1057 444 1090 est
473 1053 640 1090 ulterius
661 1052 826 1098 spiritus
845 1060 990 1088 nomen
1012 1051 1060 1088 ad
1091 1060 1231 1088 omnes
1248 1051 1413 1088 virtutes
1435 1054 1472 1087 et
1492 1050 1739 1088 substantias

128 1102 351 1138 invisibiles
373 1105 410 1137 et
430 1101 598 1137 motivas
618 1111 627 1143 3
650 1103 688 1136 et
707 1102 866 1145 propter
887 1099 961 1135 hoc
982 1102 1020 1135 et
1039 1098 1172 1135 anima
1192 1097 1397 1135 sensibilis
1418 1101 1456 1134 et
1476 1098 1609 1134 anima
1626 1098 1743 1134 ratio-

127 1149 230 1185 nalis
251 1153 288 1184 et
322 1148 452 1194 angeli
474 1151 512 1183 et
544 1149 647 1183 Deus
679 1146 843 1191 spiritus
876 1146 1086 1189 dicuntum
1109 1149 1146 1181 et
1165 1145 1321 1190 proprie
1356 1146 1458 1182 Deus
1490 1154 1559 1190 per
1579 1145 1740 1182 modum

126 1195 273 1233 amoris
291 1195 524 1240 procedens,
545 1194 639 1240 quia
673 1202 784 1229 amor
804 1193 986 1228 virtutem
1020 1192 1230 1238 quamdam
1255 1191 1440 1228 motivam
1463 1191 1654 1228 insinuat.
1677 1191 1740 1229 Sic

126 1243 246 1290 igitur
279 1242 384 1288 quod
414 1244 533 1277 Amos
566 1240 687 1276 dicit:
722 1240 854 1276 creans
886 1241 1055 1284 spiritum
1071 1239 1142 1285 (iv,
1166 1238 1237 1285 13),
1259 1238 1306 1274 de
1333 1242 1449 1275 vento
1478 1238 1675 1283 intelligit,
1699 1241 1740 1274 ut

128 1293 266 1326 nostra
303 1288 509 1324 translatio
542 1286 771 1332 expressius
805 1286 944 1328 babet;
966 1285 1070 1332 quod
1102 1285 1220 1322 etiam
1248 1289 1443 1321 consonat
1464 1285 1496 1321 ei
1517 1286 1621 1331 quod
1644 1293 1740 1331 prae·

127 1336 296 1372 mittitur
319 1347 326 1371 :
349 1337 523 1370 Formans
550 1337 698 1369 montes.
723 1333 832 1377 Quod
866 1342 958 1369 vero
989 1332 1198 1369 Zacharias
1227 1332 1274 1368 de
1309 1334 1387 1368 Deo
1424 1332 1531 1375 dicit,
1555 1333 1659 1378 quod
1681 1335 1742 1368 est

127 1392 268 1420 creans
287 1382 346 1417 vel
367 1384 501 1427 finqens
521 1382 691 1425 spiritum
711 1381 865 1415 hominis
885 1381 924 1414 in
944 1389 981 1414 eo
1002 1379 1084 1425 (xn,
1107 1379 1153 1425 1),
1173 1379 1220 1415 de
1241 1378 1373 1415 anima
1402 1378 1576 1415 humana
1595 1379 1739 1415 intelli-

126 1430 185 1476 git
206 1441 214 1472 ;
237 1429 341 1465 unde
363 1427 547 1464 concludi
573 1436 652 1473 non
673 1430 803 1472 potest
825 1426 931 1472 quod
951 1426 1120 1471 Spiritus
1135 1429 1299 1462 sanctus
1317 1425 1369 1462 sit
1386 1429 1578 1462 creatura.

176 1476 366 1512 Similiter
384 1479 528 1518 autem,
553 1483 624 1509 nec
646 1483 693 1509 ex
710 1474 784 1509 hoc
806 1473 911 1518 quod
932 1472 1225 1509 Dominusdicit
1241 1472 1287 1509 de
1302 1472 1447 1517 Spiritu
1469 1476 1607 1508 sancto
1630 1473 1737 1510 :Non

127 1523 292 1568 loquetur
311 1533 333 1556 α
352 1523 550 1566 semetipso,
571 1521 634 1556 sed
669 1530 897 1566 quaecumque
917 1519 1053 1562 audiet,
1074 1520 1238 1564 loquetur
1263 1519 1424 1564 (Joann.‚
1445 1527 1527 1561 ΧΠ,
1554 1518 1624 1565 13),
1647 1528 1740 1556 con-

128 1570 235 1606 cludi
255 1573 384 1614 potest
404 1568 509 1614 quod
530 1568 582 1603 sit
602 1571 792 1603 creatura.
815 1567 1027 1603 ostensum
1048 1570 1109 1603 est
1129 1566 1233 1602 enim
1261 1565 1367 1612 quod
1388 1565 1557 1611 Spiritus
1577 1570 1741 1603 sanctus

126 1620 186 1653 est
208 1618 312 1653 Deus
330 1615 376 1652 de
398 1617 476 1652 Deo
506 1614 750 1661 procedens;
773 1613 876 1650 unde
906 1616 1061 1659 oportet
1095 1612 1200 1659 quod
1219 1613 1435 1649 essentiam
1461 1621 1573 1649 suam
1593 1612 1641 1650 ab
1662 1613 1740 1650 alio

126 1663 282 1706 habeat,
305 1663 409 1699 sicut
425 1666 462 1698 et
491 1662 538 1698 de
559 1661 657 1698 Filio
688 1661 755 1697 Dei
787 1660 934 1697 dictum
965 1663 1024 1697 est
1058 1668 1180 1706 supra
1208 1658 1258 1707 (c.
1282 1658 1338 1706 14)
1357 1671 1366 1702 ;
1388 1662 1426 1696 et
1460 1659 1532 1704 sic,
1554 1668 1676 1707 quum
1696 1660 1739 1697 in

124 1711 206 1748 Deo
231 1714 269 1746 et
288 1709 454 1746 scientia
476 1712 513 1744 et
544 1708 668 1745 virtus
688 1712 724 1744 et
742 1707 919 1753 operatio
956 1707 1022 1743 Dei
1045 1706 1097 1743 sit
1114 1706 1201 1753 ers
1230 1707 1417 1751 essentia,
1440 1707 1572 1744 omnis
1593 1707 1679 1744 Filii
1702 1710 1741 1744 et

125 1756 296 1802 Spiritus
318 1757 443 1793 sancti
465 1755 634 1792 scientia
652 1760 690 1791 et
717 1755 841 1791 virtus
862 1758 900 1790 et
919 1754 1094 1799 operatio
1115 1757 1176 1791 est
1195 1753 1243 1790 ab
1264 1753 1355 1797 alio,
1378 1754 1447 1790 sed
1478 1754 1563 1790 Filii
1585 1763 1607 1790 a
1629 1756 1740 1791 Patre

125 1807 294 1848 tantum,
314 1804 481 1848 Spiritus
510 1807 642 1839 autem
661 1802 788 1839 sancti
809 1811 831 1838 a
851 1803 963 1838 Patre
984 1804 1022 1837 et
1040 1801 1152 1838 Filio.
1171 1800 1271 1845 Quia
1291 1800 1412 1847 igitur
1433 1809 1512 1838 una
1532 1800 1578 1837 de
1599 1810 1739 1847 opera-

123 1851 304 1887 tionibus
335 1851 505 1896 Spiritus
535 1849 661 1886 sancti
682 1852 743 1885 est
772 1848 877 1895 quod
899 1848 1083 1894 loquatur
1102 1848 1143 1884 in
1163 1847 1312 1884 sanctis
1334 1847 1440 1892 viris,
1464 1851 1506 1884 ut
1532 1851 1738 1885 ostensum

125 1901 199 1941 est,
217 1901 375 1943 propter
402 1897 476 1932 hoc
508 1896 652 1932 dicitur
682 1895 785 1942 quod
809 1904 889 1931 non
922 1895 1095 1941 loquitur
1125 1904 1149 1931 a
1179 1895 1407 1939 semetipso,
1430 1894 1523 1940 quia
1555 1904 1578 1930 a
1597 1904 1640 1931 se
1660 1903 1740 1931 non

120 1947 324 1990 operatur.
346 1943 488 1980 Audire
509 1947 639 1979 autem
659 1942 787 1988 ipsius
809 1946 869 1978 est
886 1942 1063 1986 accipere
1084 1941 1305 1980 scientiam,
1320 1940 1423 1977 sicut
1443 1944 1480 1976 et
1502 1941 1734 1986 essentiam,

124 2001 149 2029 a
168 1992 279 2027 Patre
300 1994 337 2026 et
356 1990 466 2032 Filio,
490 1998 534 2026 eo
553 1988 659 2035 quod
681 1998 754 2025 nos
776 1998 843 2034 per
861 1988 1038 2024 auditum
1060 1987 1268 2024 scientiam
1285 1987 1529 2032 accipimus;
1554 1991 1613 2024 est
1627 1988 1734 2025 enim

122 2041 361 2075 consuetum
381 2037 418 2072 in
440 2036 640 2081 Scriptura
654 2039 695 2072 ut
715 2036 847 2071 divina
868 2044 935 2080 pei·
956 2034 1117 2071 modum
1139 2034 1403 2071 humanorum
1421 2033 1636 2071 tradantur.
1655 2036 1734 2072 Nec

125 2093 282 2121 movere
303 2087 455 2129 oportet
475 2083 579 2129 quod
601 2082 844 2126 dicitaudz‘et,
861 2082 975 2128 quasi
994 2081 1041 2118 de
1060 2081 1191 2118 futuro
1212 2081 1394 2128 loquenS‚
1414 2090 1533 2127 quum
1557 2081 1735 2127 accipere

125 2131 313 2177 Spiritum
346 2134 526 2167 sanctum
561 2129 611 2166 sit
644 2133 858 2172 aeternum;
882 2137 972 2165 nam
993 2132 1139 2165 aeterno
1168 2128 1287 2165 verba
1315 2128 1528 2174 cujuslibet
1548 2129 1738 2174 temporis

121 2178 251 2225 ⁴aptari
269 2181 452 2223 possunt,
474 2185 521 2213 eo
543 2176 648 2223 quod
668 2176 867 2213 aeternitas
885 2179 1011 2212 totum
1040 2179 1196 2220 tempus
1220 2175 1506 2221 complectitur.

172 2225 395 2261 Secundum
416 2223 553 2261 eadem
573 2223 691 2260 etiam
719 2224 879 2269 apparet
897 2222 1002 2269 quod
1022 2222 1164 2259 missio
1184 2232 1263 2268 qua
1281 2222 1449 2267 Spiritus
1465 2224 1626 2259 sanctus
1638 2221 1740 2258 milti

127 2271 270 2308 dicitur
290 2281 312 2308 a
330 2273 440 2307 Patre
462 2272 499 2307 et
519 2270 617 2307 Filio
637 2279 716 2306 non
751 2272 880 2315 potest
908 2269 1145 2306 concludere
1166 2278 1257 2306 eum
1278 2278 1367 2305 esse
1396 2273 1630 2305 creaturam.
1652 2269 1740 2306 Dic·

125 2321 208 2355 tum
227 2320 286 2355 est
306 2319 412 2354 enim
432 2327 553 2364 supra
569 2317 673 2363 quod
697 2317 818 2354 Filius
839 2316 907 2353 Dei
937 2316 1157 2354 secundum
1182 2316 1258 2352 hoc
1278 2316 1429 2352 missus
1452 2316 1575 2353 fuisse
1599 2316 1742 2353 dicitur

124 2365 231 2412 quod
252 2366 292 2401 in
307 2374 424 2402 carne
442 2364 591 2401 visibili
612 2364 842 2402 hominibus
862 2363 1043 2409 apparuit
1059 2375 1068 2407 ;
1085 2365 1123 2400 et
1139 2363 1197 2399 sic
1217 2371 1319 2401 novo
1340 2362 1512 2408 quodam
1531 2362 1650 2399 modo
1666 2362 1740 2399 fuit

125 2413 166 2448 in
187 2412 335 2449 mundo
356 2421 434 2458 quo
455 2412 566 2457 prius
585 2420 667 2449 non
687 2412 823 2455 tuerat,
843 2412 996 2447 scilicet
1015 2409 1238 2452 visibiliter,
1269 2409 1312 2447 in
1332 2419 1410 2456 quo
1432 2413 1563 2446 tamen
1582 2418 1739 2455 semper

126 2458 253 2496 suerat
272 2459 525 2496 invisibiliter
552 2462 594 2495 ut
626 2460 743 2495 Deus.
781 2457 893 2501 Quod
926 2461 1058 2494 autem
1090 2457 1165 2494 hoc
1199 2456 1321 2494 Filius
1353 2460 1499 2504 ageret,
1521 2457 1556 2493 ei
1577 2466 1600 2493 a
1623 2458 1736 2494 Patre

125 2506 216 2549 suit;
237 2506 340 2542 unde
362 2508 400 2542 et
420 2505 639 2542 secundum
660 2505 736 2542 hoc
755 2515 779 2542 a
799 2506 911 2541 Patre
929 2504 1073 2541 dicitur
1092 2503 1256 2541 missus.
1279 2504 1341 2541 Sic
1361 2507 1494 2541 autem
1514 2507 1552 2540 et
1570 2503 1739 2549 Spiritus

125 2557 289 2589 sanctus
309 2553 518 2589 visibiliter
537 2552 719 2598 apparuit
736 2556 773 2588 ct
793 2551 833 2588 in
854 2551 985 2597 specie
1015 2550 1207 2588 columbae
1228 2560 1346 2596 super
1372 2551 1570 2588 Christum
1588 2551 1629 2587 in
1651 2550 1740 2595 bap·

125 2598 258 2641 tismo,
281 2604 318 2636 et
337 2600 376 2636 in
401 2599 549 2646 linguis
581 2599 710 2646 igneis
744 2608 864 2645 super
893 2598 1119 2644 apostolos;
1151 2601 1202 2641 et,
1234 2598 1324 2634 licet
1353 2607 1432 2634 non
1467 2598 1583 2634 fuerit
1613 2597 1739 2648 factus

124 2646 308 2682 columba
321 2647 382 2683 vel
407 2647 527 2693 ignis,
549 2647 654 2684 sicut
674 2647 795 2683 Filius
819 2646 944 2682 factus
972 2647 1033 2682 est
1069 2645 1202 2688 homo,
1225 2647 1369 2689 tamen,
1399 2645 1503 2682 sicut
1536 2645 1577 2680 in
1610 2643 1739 2690 signis

125 2692 364 2743 quibusdam
400 2693 540 2739 ipsius,
571 2693 611 2729 in
645 2692 874 2739 hujusmodi
904 2691 1131 2729 visibilibus
1161 2691 1372 2738 speciebus
1406 2690 1597 2737 apparuit.
1620 2691 1663 2726 Et
1680 2689 1738 2726 sic

120 2741 244 2790 etiam
266 2739 349 2783 ipse
368 2740 540 2786 quodam
561 2748 664 2777 novo
690 2739 824 2784 modo,
847 2739 1000 2776 scilicet
1018 2738 1241 2783 visibiliter,
1262 2738 1303 2775 in
1327 2738 1476 2775 mundo
1493 2737 1582 2780 suit;
1605 2740 1642 2773 et
1663 2735 1739 2773 hoc

126 2783 200 2821 fuit
220 2794 244 2821 a
263 2787 374 2837 Patre
395 2789 432 2821 et
451 2787 563 2831 Filio,
587 2787 689 2824 unde
708 2791 746 2823 et
765 2787 850 2832 ipse
870 2796 894 2823 a
914 2788 1026 2823 Patre
1042 2789 1096 2822 -et
1126 2785 1225 2823 Filio
1256 2785 1401 2822 dicitur
1430 2784 1604 2827 missus;
1632 2783 1739 2830 quod

124 2839 205 2868 non
236 2833 541 2869 minorationem
564 2834 605 2870 in
625 2834 728 2879 ipso,
751 2833 819 2870 sed
838 2832 1138 2879 processionem
1158 2832 1345 2869 ostendit.
1366 2851 1413 2858 —
1441 2833 1507 2867 Est
1536 2833 1668 2867 tamen
1700 2833 1740 2868 et

125 2878 230 2915 alius
251 2879 394 2915 modus
413 2887 492 2925 quo
513 2883 591 2916 lam
609 2880 732 2916 Filius
752 2889 869 2926 quam
888 2880 1058 2925 Spiritus
1077 2882 1240 2916 sanctus
1271 2877 1525 2915 invisibiliter
1554 2876 1655 2914 mitti
1679 2876 1738 2915 di-

121 2927 281 2962 cuntur.
311 2927 419 2962 Patet
438 2924 543 2962 enim
564 2935 611 2963 ex
644 2926 760 2963 dictis
792 2926 895 2973 quod
930 2926 1052 2963 Filius
1084 2925 1296 2971 procedita
1327 2926 1438 2960 Patre
1471 2932 1540 2969 per
1571 2923 1734 2961 modum
