1894 3223
168 157 239 192 262
786 150 874 186 LIB.
903 151 968 194 111,
997 150 1097 186 CAP.
1124 150 1184 186 lv.

169 239 380 315 naturamb
392 231 676 314 determinettur
718 230 811 268 sinis
858 230 906 268 ab
947 231 1082 278 aliquo
1121 231 1309 278 appetitu.
1349 233 1473 270 Omne
1513 232 1635 279 igitur
1675 241 1799 280 agens

198 285 329 326 roptcr
385 287 507 315 onum
540 288 634 324 agi.

169 292 194 329 p
217 329 318 366 Item,
356 326 533 371 ejusdem
566 324 735 361 rationis
764 327 827 362 est
857 324 993 372 fugere
1025 326 1174 363 malum
1208 329 1245 362 et
1278 328 1460 372 appetere
1492 324 1664 371 bonum,
1698 326 1802 363 sicut

179 374 359 419 ejusdem
372 373 540 409 rationis
561 376 621 409 est
642 372 790 408 moveri
813 381 837 409 a
854 371 1044 417 deorsum
1063 377 1101 410 et
1134 373 1283 410 moveri
1306 382 1484 410 sursum.
1506 372 1649 410 Omnia
1669 377 1802 410 autem

170 421 432 458 inveniuntur
452 420 600 456 malum
623 419 758 465 fugere
777 430 786 463 ;
806 428 898 456 nam
920 419 1080 466 agentia
1102 429 1171 466 per
1194 419 1441 457 intellectum
1462 420 1537 457 hac
1555 420 1708 457 ratione
1731 420 1802 456 ali-

171 468 268 515 quid
304 467 462 513 fugiunt
495 466 589 513 quia
621 465 925 511 apprehendunt
952 467 1051 504 illud
1073 472 1116 504 ut
1135 467 1311 512 malum;
1334 467 1470 504 omnia
1488 470 1620 504 autem
1643 467 1804 513 agentia

170 514 384 555 naturalia,
406 517 598 561 quantum
621 513 768 550 habent
787 512 834 550 de
853 513 1012 559 virtute,
1033 517 1188 551 tantum
1210 514 1404 551 resistunt
1429 514 1693 560 corruptioni,
1716 523 1803 561 quae

172 565 232 599 est
252 562 401 598 malum
421 560 754 607 uniuscujusque.
774 560 916 597 Omnia
933 561 1056 607 igitur
1076 564 1200 608 agunt
1219 565 1379 607 propter
1398 561 1563 599 bonum.

219 608 364 649 Adhuc,
387 608 494 654 quod
525 608 707 654 provenit
737 617 785 644 ex
815 606 985 654 alicujus
1019 608 1176 654 agentis
1198 609 1355 645 actione
1370 612 1511 654 praeter
1531 608 1798 645 intentionem

172 656 317 702 ipsius,
350 654 495 692 dicitur
525 664 548 692 a
574 664 671 692 casu
691 654 751 690 vel
778 654 945 692 ‚fortuna
978 655 1171 691 accidere.
1192 655 1381 692 Videmus
1402 660 1534 692 autem
1553 655 1593 692 in
1615 655 1803 701 operibus

172 707 325 740 naturae
344 703 406 739 vel
424 710 582 747 semper
599 702 661 738 vel
679 701 925 748 frequentius
947 701 1054 748 quod
1071 702 1216 738 melius
1239 706 1323 746 est3
1348 702 1452 740 sicut
1472 703 1513 739 in
1534 703 1682 749 plantis
1707 702 1805 739 folia

174 751 232 787 sic
255 758 344 787 esse
366 749 562 795 disposita
584 752 628 786 ut
656 749 878 794 producant
899 749 1068 793 fructus,
1091 752 1129 785 et
1148 752 1280 794 partes
1304 749 1540 786 animalium
1565 750 1623 786 sic
1643 749 1803 795 disponi

173 801 217 834 ut
237 797 386 833 animal
408 796 552 834 salvari
573 796 715 842 possit.
738 796 774 833 Si
798 805 891 842 ergo
914 796 998 833 haec
1031 796 1219 832 eveniunt
1244 800 1385 842 praeter
1404 796 1666 832 intentionem
1691 799 1806 832 natu-

173 845 271 881 ralis
292 844 463 891 agentis,
489 844 565 880 hoc
583 844 658 880 erit
678 842 864 880 accidens
885 852 908 879 a
930 852 1026 880 casu
1048 843 1107 879 vel
1132 844 1303 880 fortuna.
1327 843 1403 880 Sed
1424 843 1500 880 hoc
1521 846 1581 880 est
1617 842 1806 888 impossi-

173 891 393 935 bile;nam
433 900 479 927 ea
516 899 604 937 quae
636 890 823 927 accidunt
852 899 1011 936 semper
1043 891 1104 926 vel
1138 891 1365 937 frequenter
1394 898 1474 927 non
1501 895 1595 927 sunt
1627 889 1808 927 casualia

175 948 305 985 neque
326 939 506 982 fortuita,
523 938 593 974 sed
610 946 696 984 quae
717 937 905 975 accidunt
919 938 960 974 in
979 937 1255 983 paucioribus.
1279 937 1467 974 Naturale
1488 946 1583 985 ergo
1604 946 1730 984 agens
1750 937 1809 974 in-

174 986 303 1022 tendit
331 986 381 1023 ad
414 985 453 1021 id
477 985 582 1032 quod
620 984 765 1021 melius
787 988 861 1029 est,
882 988 919 1021 et
940 985 1065 1021 multo
1089 985 1345 1022 manifestius
1371 983 1479 1032 quod
1498 985 1582 1032 agit
1600 993 1670 1030 per
1688 983 1805 1021 intel-

175 1033 337 1070 lectum.
359 1034 481 1069 Omne
500 1033 622 1079 igitur
640 1041 764 1078 agens
787 1031 957 1068 intendit
977 1032 1130 1068 honuni
1157 1032 1197 1068 in
1215 1031 1386 1078 agendo.

222 1081 324 1124 Item,
347 1088 465 1116 omne
501 1079 607 1125 quod
640 1082 821 1115 movetur
856 1079 1016 1115 ducitur
1040 1079 1088 1115 ad
1119 1079 1335 1115 terminum
1369 1081 1503 1116 motus
1524 1088 1548 1115 a
1568 1081 1751 1114 movente
1770 1080 1808 1114 et

179 1130 334 1173 agente.
358 1127 518 1172 Oportet
550 1126 673 1172 igitur
692 1135 860 1165 movens
890 1129 927 1162 et
957 1130 1109 1163 motum
1140 1126 1186 1162 ad
1222 1126 1326 1162 idem
1357 1125 1518 1162 tendere
1550 1125 1591 1161 in
1613 1128 1807 1172 quantum

178 1177 372 1211 movetur.
397 1173 509 1217 Quod
530 1177 660 1209 autem
683 1177 876 1217 movetur,
894 1182 1017 1219 quum
1040 1173 1092 1209 sit
1120 1173 1160 1209 in
1180 1173 1370 1219 potentia,
1389 1172 1514 1209 tendit
1535 1172 1583 1208 ad
1601 1176 1748 1215 actum,
1769 1175 1809 1208 et

178 1222 234 1258 ita
255 1220 303 1257 ad
323 1222 543 1266 perfectum
562 1224 599 1256 et
618 1220 793 1264 honum3
819 1229 886 1265 per
908 1224 1060 1256 motum
1080 1221 1186 1256 enim
1215 1220 1295 1256 exit
1321 1219 1369 1256 de
1398 1219 1575 1265 potentia
1593 1219 1633 1255 in
1656 1222 1802 1255 actum.

178 1270 281 1313 Ergo
302 1272 340 1304 et
359 1276 524 1304 movens
555 1271 591 1303 et
609 1276 733 1313 agens
755 1275 912 1313 semper
933 1267 974 1302 in
996 1267 1193 1304 movendo
1214 1271 1252 1304 et
1273 1266 1427 1313 agendo
1449 1266 1618 1302 intendit
1638 1265 1806 1303 bonum.

228 1315 326 1352 Hinc
357 1318 418 1351 est
455 1314 560 1361 quod
593 1314 852 1360 philosophi,
888 1313 1125 1351 definientes
1163 1314 1315 1351 bonum
1345 1313 1717 1351 dixeruntzBonum
1756 1315 1808 1349 est

178 1362 277 1407 quod
307 1363 430 1405 omnia
458 1363 659 1407 appetu71t3
694 1364 731 1397 et
766 1361 982 1407 Dionysius
1004 1360 1068 1407 (De
1101 1361 1217 1397 divin.
1253 1363 1406 1406 nomin„
1439 1370 1474 1397 c.
1511 1360 1545 1406 4)
1581 1360 1676 1397 dicit
1701 1359 1808 1407 quod

177 1410 301 1445 omniu
332 1409 462 1445 bonum
498 1411 532 1444 et
563 1409 739 1454 optimum
766 1409 1040 1454 concupiscunt.
1069 1407 1097 1455 (I
1131 1411 1248 1454 part„
1271 1418 1311 1455 q.
1332 1416 1398 1454 cv,
1419 1409 1492 1445 art.
1521 1409 1565 1452 5;
1587 1411 1625 1444 et
1644 1409 1696 1443 De
1713 1417 1805 1452 ver„

177 1465 217 1503 q.
237 1464 334 1502 xxii,
354 1458 426 1493 art.
451 1458 502 1500 1.)

862 1562 1032 1604 CAPUT
1060 1562 1126 1603 iv.

466 1677 566 1711 QUOD
591 1676 729 1707 MALUM
752 1677 826 1706 EST
849 1676 1012 1706 PRAETER
1036 1676 1304 1706 INTENTIONEM
1328 1677 1369 1706 IN
1392 1676 1529 1706 REBUS.

229 1790 282 1824 Ex
308 1787 384 1825 hoc
405 1789 536 1823 autem
566 1788 727 1831 apparet
746 1785 852 1833 quod
872 1785 1022 1823 malum
1041 1788 1102 1823 est
1120 1789 1261 1832 praeter
1286 1785 1550 1823 intentionem
1569 1784 1611 1821 in
1631 1784 1750 1822 rebus
1771 1787 1811 1822 et

180 1835 323 1871 incidit
342 1838 483 1880 praeter
504 1834 767 1870 intentionem
783 1833 1002 1879 agentium.

229 1881 341 1926 Quod
376 1881 481 1917 enim
503 1889 550 1917 ex
570 1880 724 1917 actione
742 1880 1002 1927 consequitur
1028 1879 1229 1917 diversum
1250 1879 1298 1917 ab
1315 1888 1363 1916 eo
1383 1879 1490 1926 quod
1511 1881 1593 1915 erat
1613 1878 1654 1915 in
1675 1878 1807 1915 inten-

181 1929 289 1966 tione
312 1928 394 1964 sive
416 1928 611 1964 intentum
634 1927 682 1964 ab
709 1930 864 1973 agente,
886 1926 1140 1964 manifestum
1163 1931 1222 1964 est
1248 1930 1390 1973 praeter
1415 1926 1678 1963 intentionem
1705 1925 1810 1963 acci-

182 1976 288 2013 dere.
308 1975 450 2012 Maium
473 1977 603 2010 autem
625 1974 825 2011 diversum
846 1977 906 2011 est
928 1973 1085 2019 abono,
1108 1974 1214 2021 quod
1235 1973 1408 2010 intendit
1427 1982 1544 2011 omne
1572 1981 1712 2019 agens.
1743 1974 1811 2010 Est

181 2023 306 2070 igitur
326 2022 476 2058 malum
493 2025 635 2067 praeter
657 2021 920 2058 intentionem
942 2021 1144 2058 eveniens.

228 2071 329 2110 Item,
361 2069 539 2106 defectus
571 2068 613 2104 in
641 2068 781 2104 effectu
815 2072 852 2104 et
886 2068 1043 2105 actione
1073 2067 1333 2114 consequitur
1356 2067 1529 2115 aliquem
1550 2066 1747 2104 defectum
1767 2066 1811 2104 in

181 2115 392 2164 principiis
425 2115 610 2160 actionis,
645 2116 749 2152 sicut
780 2125 828 2152 ex
857 2116 990 2162 aliqua
1009 2115 1262 2161 corruptione
1283 2115 1451 2152 seminis
1471 2114 1652 2161 sequitur
1671 2117 1810 2161 partus

181 2167 480 2207 monstruosus,
515 2168 554 2199 et
579 2172 627 2199 ex
655 2162 844 2199 curvitate
874 2163 1001 2199 cruris
1035 2163 1216 2210 sequitur
1245 2161 1498 2200 claudicatio.
1527 2165 1658 2208 Agens
1678 2164 1810 2199 aulem

180 2211 265 2258 agit
298 2210 520 2248 secundum
549 2209 655 2257 quod
688 2209 807 2247 habet
839 2210 886 2246 de
917 2211 1060 2246 virtute
1090 2210 1230 2255 activa,
1262 2218 1344 2247 non
1375 2208 1596 2247 secundum
1625 2208 1666 2246 id
1703 2207 1812 2256 quod

182 2258 381 2295 defectum
401 2256 558 2294 virtutis
579 2257 747 2303 patitur;
768 2257 987 2294 secundum
1004 2260 1135 2294 autem
1156 2255 1262 2304 quod
1285 2256 1379 2303 agit,
1401 2257 1460 2294 sic
1484 2255 1655 2293 intendit
1673 2254 1809 2293 finem.

181 2304 354 2342 Intendit
375 2304 497 2351 igitur
516 2303 634 2341 finem
665 2304 1042 2351 correspondentem
1061 2304 1222 2349 virtuti;
1251 2303 1357 2351 quod
1378 2304 1500 2351 igitur
1519 2303 1700 2350 sequitur
1726 2310 1809 2341 res·

182 2352 364 2398 pondens
385 2351 556 2389 defectui
576 2351 748 2396 virtutis,
771 2352 845 2388 erit
863 2355 1006 2398 praeter
1023 2352 1285 2389 intentionem
1307 2351 1476 2398 agentis.
1502 2352 1583 2388 Hoc
1604 2353 1736 2387 autem
1749 2351 1812 2387 est

181 2399 347 2437 malum.
369 2398 521 2436 Accidit
539 2398 661 2446 igitur
679 2399 828 2436 malum
848 2402 989 2445 praeter
1010 2399 1285 2436 intentionem.

228 2446 373 2491 Adhuc,
397 2446 446 2484 ad
472 2446 578 2483 idem
601 2446 728 2483 tendit
747 2449 883 2484 motus
906 2446 1070 2483 mobilis
1091 2450 1129 2483 et
1147 2446 1273 2484 motio
1295 2443 1654 2483 moventis.Mobile
1672 2447 1807 2482 autem

181 2494 308 2530 tendit
338 2503 407 2539 per
438 2502 482 2531 se
513 2493 561 2530 ad
590 2492 755 2538 bonum,
776 2493 826 2531 ad
847 2493 995 2531 malum
1017 2496 1149 2531 autem
1169 2503 1238 2540 per
1258 2493 1445 2531 accidens
1462 2495 1502 2530 et
1518 2495 1660 2539 praeter
1678 2491 1807 2528 inten-

181 2541 358 2585 tionem3
393 2540 500 2587 quod
518 2540 677 2587 quidem
709 2541 882 2578 maxime
920 2541 961 2577 in
999 2541 1256 2587 generatione
1287 2543 1326 2577 et
1345 2539 1599 2587 corruptione
1630 2541 1804 2584 apparet.

181 2588 342 2624 Materia
363 2588 483 2632 enim,
509 2597 630 2635 quum
647 2591 707 2625 est
724 2587 799 2625 sub
823 2597 904 2625 una
924 2588 1064 2629 forma.
1088 2591 1149 2626 est
1173 2588 1215 2624 in
1241 2587 1420 2635 potentia
1436 2587 1484 2624 ad
1503 2585 1809 2637 formam-aliam

183 2637 222 2684 et
240 2635 501 2679 privationem
522 2635 659 2672 formae
682 2634 765 2682 jam
786 2635 944 2681 habitae,
966 2635 1084 2680 sicut,
1111 2643 1234 2683 quum
1261 2638 1322 2673 est
1353 2634 1428 2672 sub
1459 2634 1587 2670 forma
1606 2641 1724 2677 aeris,
1749 2635 1812 2670 est

183 2689 225 2716 in
247 2681 422 2726 potentia
442 2682 490 2718 ad
512 2682 681 2719 formam
703 2682 810 2729 ignis
835 2686 872 2720 et
893 2682 1156 2729 privationem
1178 2682 1315 2720 formae
1336 2681 1455 2724 aeris,
1478 2679 1578 2732 etad
1593 2682 1808 2731 utrumque

182 2728 463 2765 transmutatio
484 2729 659 2767 materiae
677 2729 914 2767 terminatur
938 2729 1059 2767 simul
1081 2729 1334 2767 :adformam
1349 2727 1508 2775 quidem
1523 2734 1645 2773 lgnls,
1669 2735 1810 2764 secun-

183 2773 278 2810 dum
299 2774 404 2821 quod
416 2779 630 2828 generatur
645 2776 753 2823 ignis
771 2788 780 2822 3
802 2777 851 2815 ad
869 2776 1131 2824 privationem
1152 2779 1284 2815 autem
1304 2773 1569 2827 formaeaeriS,
1585 2773 1808 2826 secundum

178 2820 290 2868 quod
310 2826 576 2873 corrumpitur
595 2832 675 2860 aer.
710 2826 797 2861 Non
828 2828 960 2861 autem
992 2823 1161 2861 intentio
1191 2828 1229 2860 et
1261 2825 1458 2869 appetitus
1479 2824 1653 2858 materia}
1676 2820 1807 2858 estad

182 2868 459 2914 privationem,
479 2868 550 2906 sed
569 2869 617 2906 ad
639 2870 807 2908 formam
825 2882 834 2915 ;
856 2879 938 2908 non
960 2870 1067 2908 enim
1085 2869 1211 2907 tendit
1227 2869 1277 2907 ad
1297 2866 1549 2915 impossibile
1567 2879 1575 2912 ;
1599 2871 1656 2905 est
1675 2870 1807 2905 autem

181 2915 432 2962 impossihile
465 2915 671 2954 materiam
707 2919 862 2955 tantum
890 2916 966 2955 sub
984 2917 1206 2964 privatione
1225 2924 1330 2962 esse,
1358 2923 1448 2954 esse
1477 2923 1572 2953 vero
1604 2924 1690 2953 eam
1726 2914 1802 2952 sub
