<?xml version="1.0" encoding="UTF-8"?>
<!DOCTYPE html PUBLIC "-//W3C//DTD XHTML 1.0 Transitional//EN"
    "http://www.w3.org/TR/xhtml1/DTD/xhtml1-transitional.dtd">
<html xmlns="http://www.w3.org/1999/xhtml" xml:lang="en" lang="en">
 <head>
  <title>
</title>
<meta http-equiv="Content-Type" content="text/html;charset=utf-8" />
  <meta name='ocr-system' content='tesseract 3.04.00' />
  <meta name='ocr-capabilities' content='ocr_page ocr_carea ocr_par ocr_line ocrx_word'/>
</head>
<body>
  <div class='ocr_page' id='page_1' title='image "./deveritatecathol00thomuoft_0138.png"; bbox 0 0 1894 3223; ppageno 0'>
   <div class='ocr_carea' id='block_1_1' title="bbox 191 106 1213 153">
    <p class='ocr_par' dir='ltr' id='par_1_1' title="bbox 191 106 1213 153">
     <span class='ocr_line' id='line_1_1' title="bbox 191 106 1213 153; baseline 0 -7"><span class='ocrx_word' id='word_1_1' title='bbox 191 115 235 151; x_wconf 84' lang='lat'>98</span> <span class='ocrx_word' id='word_1_2' title='bbox 791 110 879 146; x_wconf 87' lang='lat' dir='ltr'><strong>LIB.</strong></span> <span class='ocrx_word' id='word_1_3' title='bbox 907 109 936 153; x_wconf 93' lang='lat' dir='ltr'>l,</span> <span class='ocrx_word' id='word_1_4' title='bbox 965 109 1064 145; x_wconf 85' lang='lat' dir='ltr'><strong>CAP.</strong></span> <span class='ocrx_word' id='word_1_5' title='bbox 1090 106 1213 146; x_wconf 76' lang='lat' dir='ltr'>xctm</span> 
     </span>
    </p>
   </div>
   <div class='ocr_carea' id='block_1_2' title="bbox 192 189 1822 2117">
    <p class='ocr_par' dir='ltr' id='par_1_2' title="bbox 192 189 1810 282">
     <span class='ocr_line' id='line_1_2' title="bbox 192 189 1810 241; baseline -0.003 -7"><span class='ocrx_word' id='word_1_6' title='bbox 192 200 266 240; x_wconf 84' lang='lat' dir='ltr'>est,</span> <span class='ocrx_word' id='word_1_7' title='bbox 298 198 341 232; x_wconf 90' lang='lat' dir='ltr'>ut</span> <span class='ocrx_word' id='word_1_8' title='bbox 372 203 492 241; x_wconf 91' lang='lat' dir='ltr'>supra</span> <span class='ocrx_word' id='word_1_9' title='bbox 515 193 615 240; x_wconf 89' lang='lat' dir='ltr'>(cap.</span> <span class='ocrx_word' id='word_1_10' title='bbox 648 191 709 238; x_wconf 84' lang='lat'>23)</span> <span class='ocrx_word' id='word_1_11' title='bbox 742 194 948 227; x_wconf 87' lang='lat' dir='ltr'>ostensum</span> <span class='ocrx_word' id='word_1_12' title='bbox 984 194 1056 227; x_wconf 89' lang='lat' dir='ltr'>est.</span> <span class='ocrx_word' id='word_1_13' title='bbox 1079 191 1203 237; x_wconf 81' lang='lat' dir='ltr'>Igitur</span> <span class='ocrx_word' id='word_1_14' title='bbox 1231 199 1304 227; x_wconf 91' lang='lat' dir='ltr'>nec</span> <span class='ocrx_word' id='word_1_15' title='bbox 1323 189 1448 226; x_wconf 82' lang='lat' dir='ltr'>vii-tus</span> <span class='ocrx_word' id='word_1_16' title='bbox 1478 189 1614 238; x_wconf 85' lang='lat' dir='ltr'>aliqua</span> <span class='ocrx_word' id='word_1_17' title='bbox 1644 189 1687 227; x_wconf 90' lang='lat' dir='ltr'>in</span> <span class='ocrx_word' id='word_1_18' title='bbox 1713 191 1810 237; x_wconf 83' lang='lat' dir='ltr'>Deo,</span> 
     </span>
     <span class='ocr_line' id='line_1_3' title="bbox 192 236 1525 282; baseline -0.006 -1"><span class='ocrx_word' id='word_1_19' title='bbox 192 242 412 282; x_wconf 87' lang='lat' dir='ltr'>secundum</span> <span class='ocrx_word' id='word_1_20' title='bbox 434 241 612 277; x_wconf 81' lang='lat' dir='ltr'>habitum</span> <span class='ocrx_word' id='word_1_21' title='bbox 637 238 795 282; x_wconf 87' lang='lat' dir='ltr'>dicitur,</span> <span class='ocrx_word' id='word_1_22' title='bbox 815 237 886 274; x_wconf 89' lang='lat' dir='ltr'>sed</span> <span class='ocrx_word' id='word_1_23' title='bbox 904 237 1035 274; x_wconf 90' lang='lat' dir='ltr'>solum</span> <span class='ocrx_word' id='word_1_24' title='bbox 1057 237 1276 275; x_wconf 89' lang='lat' dir='ltr'>secundum</span> <span class='ocrx_word' id='word_1_25' title='bbox 1295 236 1525 274; x_wconf 86' lang='lat' dir='ltr'><strong>essentiam.</strong></span> 
     </span>
    </p>

    <p class='ocr_par' dir='ltr' id='par_1_3' title="bbox 192 283 1818 613">
     <span class='ocr_line' id='line_1_4' title="bbox 241 283 1815 331; baseline -0.003 -5"><span class='ocrx_word' id='word_1_26' title='bbox 241 291 333 326; x_wconf 88' lang='lat' dir='ltr'>Cum</span> <span class='ocrx_word' id='word_1_27' title='bbox 360 292 490 325; x_wconf 88' lang='lat' dir='ltr'>autem</span> <span class='ocrx_word' id='word_1_28' title='bbox 510 287 674 322; x_wconf 88' lang='lat' dir='ltr'>virtutes</span> <span class='ocrx_word' id='word_1_29' title='bbox 698 284 882 321; x_wconf 78' lang='lat' dir='ltr'>humanae</span> <span class='ocrx_word' id='word_1_30' title='bbox 918 284 999 321; x_wconf 89' lang='lat' dir='ltr'>sint</span> <span class='ocrx_word' id='word_1_31' title='bbox 1029 284 1174 330; x_wconf 84' lang='lat' dir='ltr'>quihus</span> <span class='ocrx_word' id='word_1_32' title='bbox 1205 285 1378 321; x_wconf 89' lang='lat' dir='ltr'>humana</span> <span class='ocrx_word' id='word_1_33' title='bbox 1395 284 1474 321; x_wconf 92' lang='lat' dir='ltr'>vita</span> <span class='ocrx_word' id='word_1_34' title='bbox 1494 283 1702 331; x_wconf 80' lang='lat' dir='ltr'>dirigitur3</span> <span class='ocrx_word' id='word_1_35' title='bbox 1736 284 1815 322; x_wconf 87' lang='lat' dir='ltr'>hu·-</span> 
     </span>
     <span class='ocr_line' id='line_1_5' title="bbox 192 330 1814 378; baseline -0.004 -4"><span class='ocrx_word' id='word_1_36' title='bbox 192 346 310 375; x_wconf 88' lang='lat' dir='ltr'>mana</span> <span class='ocrx_word' id='word_1_37' title='bbox 327 340 456 372; x_wconf 87' lang='lat' dir='ltr'>autern</span> <span class='ocrx_word' id='word_1_38' title='bbox 475 333 554 369; x_wconf 78' lang='lat' dir='ltr'>vita</span> <span class='ocrx_word' id='word_1_39' title='bbox 571 335 631 368; x_wconf 87' lang='lat' dir='ltr'>est</span> <span class='ocrx_word' id='word_1_40' title='bbox 649 331 806 377; x_wconf 78' lang='lat' dir='ltr'>duplex,</span> <span class='ocrx_word' id='word_1_41' title='bbox 822 331 1126 377; x_wconf 88' lang='lat' dir='ltr'>contemplativa</span> <span class='ocrx_word' id='word_1_42' title='bbox 1143 336 1181 368; x_wconf 91' lang='lat' dir='ltr'>et</span> <span class='ocrx_word' id='word_1_43' title='bbox 1201 331 1346 376; x_wconf 87' lang='lat' dir='ltr'>activa;</span> <span class='ocrx_word' id='word_1_44' title='bbox 1363 340 1450 377; x_wconf 82' lang='lat' dir='ltr'>quae</span> <span class='ocrx_word' id='word_1_45' title='bbox 1471 330 1629 378; x_wconf 90' lang='lat' dir='ltr'>quidem</span> <span class='ocrx_word' id='word_1_46' title='bbox 1651 331 1700 368; x_wconf 88' lang='lat' dir='ltr'>ad</span> <span class='ocrx_word' id='word_1_47' title='bbox 1715 331 1814 370; x_wconf 83' lang='lat' dir='ltr'>acti·</span> 
     </span>
     <span class='ocr_line' id='line_1_6' title="bbox 192 377 1811 425; baseline -0.003 -4"><span class='ocrx_word' id='word_1_48' title='bbox 192 393 282 421; x_wconf 85' lang='lat' dir='ltr'>vam</span> <span class='ocrx_word' id='word_1_49' title='bbox 298 383 418 419; x_wconf 89' lang='lat' dir='ltr'>vitam</span> <span class='ocrx_word' id='word_1_50' title='bbox 433 380 598 416; x_wconf 89' lang='lat' dir='ltr'>virtutes</span> <span class='ocrx_word' id='word_1_51' title='bbox 617 380 828 425; x_wconf 81' lang='lat' dir='ltr'>pertinent,</span> <span class='ocrx_word' id='word_1_52' title='bbox 849 382 966 425; x_wconf 89' lang='lat' dir='ltr'>prout</span> <span class='ocrx_word' id='word_1_53' title='bbox 984 379 1085 415; x_wconf 83' lang='lat' dir='ltr'>hanc</span> <span class='ocrx_word' id='word_1_54' title='bbox 1105 378 1223 415; x_wconf 85' lang='lat' dir='ltr'>vitam</span> <span class='ocrx_word' id='word_1_55' title='bbox 1241 377 1463 424; x_wconf 88' lang='lat' dir='ltr'>perficiunt,</span> <span class='ocrx_word' id='word_1_56' title='bbox 1488 379 1566 415; x_wconf 89' lang='lat' dir='ltr'>Deo</span> <span class='ocrx_word' id='word_1_57' title='bbox 1587 381 1811 424; x_wconf 80' lang='lat' dir='ltr'><strong>competere</strong></span> 
     </span>
     <span class='ocr_line' id='line_1_7' title="bbox 193 425 1814 476; baseline -0.004 -8"><span class='ocrx_word' id='word_1_58' title='bbox 193 440 274 468; x_wconf 93' lang='lat' dir='ltr'>non</span> <span class='ocrx_word' id='word_1_59' title='bbox 293 425 572 476; x_wconf 88' lang='lat' dir='ltr'>possunt.Vita</span> <span class='ocrx_word' id='word_1_60' title='bbox 592 426 698 462; x_wconf 91' lang='lat' dir='ltr'>enim</span> <span class='ocrx_word' id='word_1_61' title='bbox 720 425 846 462; x_wconf 87' lang='lat' dir='ltr'>activa</span> <span class='ocrx_word' id='word_1_62' title='bbox 868 426 1043 463; x_wconf 85' lang='lat' dir='ltr'>hominis</span> <span class='ocrx_word' id='word_1_63' title='bbox 1063 425 1104 462; x_wconf 92' lang='lat' dir='ltr'>in</span> <span class='ocrx_word' id='word_1_64' title='bbox 1122 434 1197 462; x_wconf 92' lang='lat' dir='ltr'>usu</span> <span class='ocrx_word' id='word_1_65' title='bbox 1219 425 1485 471; x_wconf 80' lang='lat' dir='ltr'>corporalium</span> <span class='ocrx_word' id='word_1_66' title='bbox 1502 425 1700 462; x_wconf 87' lang='lat' dir='ltr'>bonorum</span> <span class='ocrx_word' id='word_1_67' title='bbox 1720 433 1814 462; x_wconf 87' lang='lat' dir='ltr'>con·</span> 
     </span>
     <span class='ocr_line' id='line_1_8' title="bbox 195 472 1818 519; baseline -0.003 -5"><span class='ocrx_word' id='word_1_68' title='bbox 195 477 313 515; x_wconf 86' lang='lat' dir='ltr'>sistit.</span> <span class='ocrx_word' id='word_1_69' title='bbox 336 474 443 511; x_wconf 87' lang='lat' dir='ltr'>Unde</span> <span class='ocrx_word' id='word_1_70' title='bbox 478 477 516 510; x_wconf 88' lang='lat' dir='ltr'>et</span> <span class='ocrx_word' id='word_1_71' title='bbox 543 472 708 510; x_wconf 89' lang='lat' dir='ltr'>virtutes</span> <span class='ocrx_word' id='word_1_72' title='bbox 737 472 902 509; x_wconf 76' lang='lat' dir='ltr'><strong>activam</strong></span> <span class='ocrx_word' id='word_1_73' title='bbox 925 472 1041 509; x_wconf 89' lang='lat' dir='ltr'>vitam</span> <span class='ocrx_word' id='word_1_74' title='bbox 1067 472 1255 519; x_wconf 87' lang='lat' dir='ltr'>dirigunt,</span> <span class='ocrx_word' id='word_1_75' title='bbox 1282 472 1427 519; x_wconf 80' lang='lat' dir='ltr'>quihus</span> <span class='ocrx_word' id='word_1_76' title='bbox 1459 472 1524 510; x_wconf 90' lang='lat' dir='ltr'>his</span> <span class='ocrx_word' id='word_1_77' title='bbox 1556 472 1676 510; x_wconf 89' lang='lat' dir='ltr'>honis</span> <span class='ocrx_word' id='word_1_78' title='bbox 1706 475 1818 509; x_wconf 85' lang='lat' dir='ltr'>recte-</span> 
     </span>
     <span class='ocr_line' id='line_1_9' title="bbox 194 518 1816 567; baseline -0.002 -7"><span class='ocrx_word' id='word_1_79' title='bbox 194 524 355 561; x_wconf 87' lang='lat' dir='ltr'>utimur.</span> <span class='ocrx_word' id='word_1_80' title='bbox 378 519 613 567; x_wconf 88' lang='lat' dir='ltr'>Hujusmodi</span> <span class='ocrx_word' id='word_1_81' title='bbox 634 523 763 556; x_wconf 87' lang='lat' dir='ltr'>autem</span> <span class='ocrx_word' id='word_1_82' title='bbox 787 521 865 555; x_wconf 89' lang='lat' dir='ltr'>Deo</span> <span class='ocrx_word' id='word_1_83' title='bbox 884 519 1095 556; x_wconf 87' lang='lat' dir='ltr'>convenire</span> <span class='ocrx_word' id='word_1_84' title='bbox 1116 528 1195 556; x_wconf 90' lang='lat' dir='ltr'>non</span> <span class='ocrx_word' id='word_1_85' title='bbox 1216 523 1398 565; x_wconf 86' lang='lat' dir='ltr'>possunt.</span> <span class='ocrx_word' id='word_1_86' title='bbox 1421 519 1547 567; x_wconf 83' lang='lat' dir='ltr'>Igitur</span> <span class='ocrx_word' id='word_1_87' title='bbox 1571 527 1645 558; x_wconf 91' lang='lat' dir='ltr'>nec</span> <span class='ocrx_word' id='word_1_88' title='bbox 1671 518 1816 566; x_wconf 86' lang='lat' dir='ltr'>hujus·</span> 
     </span>
     <span class='ocr_line' id='line_1_10' title="bbox 193 566 1112 613; baseline -0.007 -5"><span class='ocrx_word' id='word_1_89' title='bbox 193 570 300 607; x_wconf 89' lang='lat' dir='ltr'>modi</span> <span class='ocrx_word' id='word_1_90' title='bbox 321 568 501 611; x_wconf 87' lang='lat' dir='ltr'>virtutes,</span> <span class='ocrx_word' id='word_1_91' title='bbox 523 571 640 613; x_wconf 87' lang='lat' dir='ltr'>prout</span> <span class='ocrx_word' id='word_1_92' title='bbox 661 567 763 603; x_wconf 89' lang='lat' dir='ltr'>hanc</span> <span class='ocrx_word' id='word_1_93' title='bbox 783 566 900 603; x_wconf 90' lang='lat' dir='ltr'>vitam</span> <span class='ocrx_word' id='word_1_94' title='bbox 924 566 1112 612; x_wconf 83' lang='lat' dir='ltr'>dirigunt.</span> 
     </span>
    </p>

    <p class='ocr_par' dir='ltr' id='par_1_4' title="bbox 195 612 1816 805">
     <span class='ocr_line' id='line_1_11' title="bbox 240 612 1816 662; baseline -0.002 -9"><span class='ocrx_word' id='word_1_95' title='bbox 240 616 384 656; x_wconf 79' lang='lat' dir='ltr'>Adhuc,</span> <span class='ocrx_word' id='word_1_96' title='bbox 408 614 639 662; x_wconf 83' lang='lat' dir='ltr'>hujusmodi</span> <span class='ocrx_word' id='word_1_97' title='bbox 658 614 823 650; x_wconf 86' lang='lat' dir='ltr'>virtutes</span> <span class='ocrx_word' id='word_1_98' title='bbox 852 621 984 649; x_wconf 90' lang='lat' dir='ltr'>mores</span> <span class='ocrx_word' id='word_1_99' title='bbox 1016 613 1221 649; x_wconf 89' lang='lat' dir='ltr'>hominum</span> <span class='ocrx_word' id='word_1_100' title='bbox 1244 612 1464 650; x_wconf 89' lang='lat' dir='ltr'>secundum</span> <span class='ocrx_word' id='word_1_101' title='bbox 1496 612 1698 659; x_wconf 80' lang='lat' dir='ltr'>politicam</span> <span class='ocrx_word' id='word_1_102' title='bbox 1717 621 1816 650; x_wconf 89' lang='lat' dir='ltr'>con·</span> 
     </span>
     <span class='ocr_line' id='line_1_12' title="bbox 195 659 1815 708; baseline -0.002 -9"><span class='ocrx_word' id='word_1_103' title='bbox 195 663 462 701; x_wconf 80' lang='lat' dir='ltr'>versationem</span> <span class='ocrx_word' id='word_1_104' title='bbox 492 661 714 708; x_wconf 87' lang='lat' dir='ltr'>perficiunt.</span> <span class='ocrx_word' id='word_1_105' title='bbox 734 659 842 696; x_wconf 88' lang='lat' dir='ltr'>Unde</span> <span class='ocrx_word' id='word_1_106' title='bbox 873 660 968 703; x_wconf 90' lang='lat' dir='ltr'>illis,</span> <span class='ocrx_word' id='word_1_107' title='bbox 991 659 1058 706; x_wconf 86' lang='lat' dir='ltr'>qui</span> <span class='ocrx_word' id='word_1_108' title='bbox 1091 659 1253 705; x_wconf 88' lang='lat' dir='ltr'>politica</span> <span class='ocrx_word' id='word_1_109' title='bbox 1272 660 1574 697; x_wconf 89' lang='lat' dir='ltr'>conversatione</span> <span class='ocrx_word' id='word_1_110' title='bbox 1594 668 1676 697; x_wconf 89' lang='lat' dir='ltr'>non</span> <span class='ocrx_word' id='word_1_111' title='bbox 1694 662 1815 697; x_wconf 89' lang='lat' dir='ltr'>utun-</span> 
     </span>
     <span class='ocr_line' id='line_1_13' title="bbox 196 706 1815 754; baseline -0.002 -7"><span class='ocrx_word' id='word_1_112' title='bbox 196 714 274 754; x_wconf 91' lang='lat' dir='ltr'>tur,</span> <span class='ocrx_word' id='word_1_113' title='bbox 297 710 508 746; x_wconf 87' lang='lat' dir='ltr'>convenire</span> <span class='ocrx_word' id='word_1_114' title='bbox 536 717 615 745; x_wconf 91' lang='lat' dir='ltr'>non</span> <span class='ocrx_word' id='word_1_115' title='bbox 643 708 809 744; x_wconf 89' lang='lat' dir='ltr'>multum</span> <span class='ocrx_word' id='word_1_116' title='bbox 829 706 1025 743; x_wconf 86' lang='lat' dir='ltr'>videntur.</span> <span class='ocrx_word' id='word_1_117' title='bbox 1046 707 1167 743; x_wconf 87' lang='lat' dir='ltr'>Multo</span> <span class='ocrx_word' id='word_1_118' title='bbox 1200 706 1321 752; x_wconf 84' lang='lat' dir='ltr'>igitur</span> <span class='ocrx_word' id='word_1_119' title='bbox 1345 707 1478 744; x_wconf 89' lang='lat' dir='ltr'>minus</span> <span class='ocrx_word' id='word_1_120' title='bbox 1500 708 1580 744; x_wconf 90' lang='lat' dir='ltr'>Deo</span> <span class='ocrx_word' id='word_1_121' title='bbox 1599 706 1815 744; x_wconf 83' lang='lat' dir='ltr'>convenire</span> 
     </span>
     <span class='ocr_line' id='line_1_14' title="bbox 195 753 1673 805; baseline -0.003 -11"><span class='ocrx_word' id='word_1_122' title='bbox 195 761 377 805; x_wconf 85' lang='lat' dir='ltr'>possunt,</span> <span class='ocrx_word' id='word_1_123' title='bbox 400 756 513 802; x_wconf 88' lang='lat' dir='ltr'>cujus</span> <span class='ocrx_word' id='word_1_124' title='bbox 540 754 789 792; x_wconf 81' lang='lat' dir='ltr'>conversatio</span> <span class='ocrx_word' id='word_1_125' title='bbox 811 757 848 791; x_wconf 91' lang='lat' dir='ltr'>et</span> <span class='ocrx_word' id='word_1_126' title='bbox 864 754 943 790; x_wconf 89' lang='lat' dir='ltr'>vita</span> <span class='ocrx_word' id='word_1_127' title='bbox 962 754 1079 800; x_wconf 85' lang='lat' dir='ltr'>longe</span> <span class='ocrx_word' id='word_1_128' title='bbox 1101 757 1160 790; x_wconf 90' lang='lat' dir='ltr'>est</span> <span class='ocrx_word' id='word_1_129' title='bbox 1181 763 1204 790; x_wconf 92' lang='lat' dir='ltr'>a</span> <span class='ocrx_word' id='word_1_130' title='bbox 1222 753 1341 790; x_wconf 92' lang='lat' dir='ltr'>modo</span> <span class='ocrx_word' id='word_1_131' title='bbox 1367 753 1551 790; x_wconf 84' lang='lat' dir='ltr'>humanae</span> <span class='ocrx_word' id='word_1_132' title='bbox 1569 753 1673 790; x_wconf 83' lang='lat' dir='ltr'>vitae.</span> 
     </span>
    </p>

    <p class='ocr_par' dir='ltr' id='par_1_5' title="bbox 194 799 1816 1131">
     <span class='ocr_line' id='line_1_15' title="bbox 243 799 1809 848; baseline -0.002 -8"><span class='ocrx_word' id='word_1_133' title='bbox 243 806 387 840; x_wconf 83' lang='lat' dir='ltr'>Harum</span> <span class='ocrx_word' id='word_1_134' title='bbox 409 805 526 841; x_wconf 88' lang='lat' dir='ltr'>etiam</span> <span class='ocrx_word' id='word_1_135' title='bbox 558 803 747 839; x_wconf 87' lang='lat' dir='ltr'>virtutum</span> <span class='ocrx_word' id='word_1_136' title='bbox 783 810 869 848; x_wconf 88' lang='lat' dir='ltr'>quae</span> <span class='ocrx_word' id='word_1_137' title='bbox 890 801 995 838; x_wconf 88' lang='lat' dir='ltr'>circa</span> <span class='ocrx_word' id='word_1_138' title='bbox 1024 800 1192 838; x_wconf 85' lang='lat' dir='ltr'>activam</span> <span class='ocrx_word' id='word_1_139' title='bbox 1222 800 1342 837; x_wconf 89' lang='lat' dir='ltr'>vitam</span> <span class='ocrx_word' id='word_1_140' title='bbox 1362 803 1469 843; x_wconf 85' lang='lat' dir='ltr'>sunt,</span> <span class='ocrx_word' id='word_1_141' title='bbox 1501 800 1680 847; x_wconf 82' lang='lat' dir='ltr'>quaedam</span> <span class='ocrx_word' id='word_1_142' title='bbox 1702 799 1809 838; x_wconf 85' lang='lat' dir='ltr'>circa</span> 
     </span>
     <span class='ocr_line' id='line_1_16' title="bbox 194 847 1814 898; baseline -0.002 -10"><span class='ocrx_word' id='word_1_143' title='bbox 194 852 405 898; x_wconf 87' lang='lat' dir='ltr'>passiones</span> <span class='ocrx_word' id='word_1_144' title='bbox 439 859 514 887; x_wconf 90' lang='lat' dir='ltr'>nos</span> <span class='ocrx_word' id='word_1_145' title='bbox 549 849 725 896; x_wconf 82' lang='lat' dir='ltr'>dirigunt</span> <span class='ocrx_word' id='word_1_146' title='bbox 761 857 860 895; x_wconf 89' lang='lat' dir='ltr'>quas</span> <span class='ocrx_word' id='word_1_147' title='bbox 896 848 936 884; x_wconf 92' lang='lat' dir='ltr'>in</span> <span class='ocrx_word' id='word_1_148' title='bbox 971 849 1050 885; x_wconf 93' lang='lat' dir='ltr'>Deo</span> <span class='ocrx_word' id='word_1_149' title='bbox 1084 856 1231 893; x_wconf 87' lang='lat' dir='ltr'>ponere</span> <span class='ocrx_word' id='word_1_150' title='bbox 1262 856 1342 884; x_wconf 90' lang='lat' dir='ltr'>non</span> <span class='ocrx_word' id='word_1_151' title='bbox 1377 855 1608 893; x_wconf 89' lang='lat' dir='ltr'>possumus.</span> <span class='ocrx_word' id='word_1_152' title='bbox 1641 847 1814 884; x_wconf 84' lang='lat' dir='ltr'>Virtutes</span> 
     </span>
     <span class='ocr_line' id='line_1_17' title="bbox 196 893 1816 944; baseline -0.002 -10"><span class='ocrx_word' id='word_1_153' title='bbox 196 899 301 935; x_wconf 89' lang='lat' dir='ltr'>enim</span> <span class='ocrx_word' id='word_1_154' title='bbox 332 907 419 944; x_wconf 84' lang='lat' dir='ltr'>quae</span> <span class='ocrx_word' id='word_1_155' title='bbox 441 897 546 934; x_wconf 89' lang='lat' dir='ltr'>circa</span> <span class='ocrx_word' id='word_1_156' title='bbox 565 896 776 942; x_wconf 89' lang='lat' dir='ltr'>passiones</span> <span class='ocrx_word' id='word_1_157' title='bbox 798 899 904 939; x_wconf 81' lang='lat' dir='ltr'>sunt,</span> <span class='ocrx_word' id='word_1_158' title='bbox 927 905 974 932; x_wconf 79' lang='lat' dir='ltr'>ex</span> <span class='ocrx_word' id='word_1_159' title='bbox 1001 895 1101 941; x_wconf 89' lang='lat' dir='ltr'>ipsis</span> <span class='ocrx_word' id='word_1_160' title='bbox 1121 893 1379 941; x_wconf 84' lang='lat' dir='ltr'>passionibus</span> <span class='ocrx_word' id='word_1_161' title='bbox 1400 894 1573 940; x_wconf 89' lang='lat' dir='ltr'>speciem</span> <span class='ocrx_word' id='word_1_162' title='bbox 1593 894 1816 931; x_wconf 87' lang='lat' dir='ltr'>sortiuntur</span> 
     </span>
     <span class='ocr_line' id='line_1_18' title="bbox 196 939 1814 990; baseline -0.003 -8"><span class='ocrx_word' id='word_1_163' title='bbox 196 945 300 983; x_wconf 90' lang='lat' dir='ltr'>sicut</span> <span class='ocrx_word' id='word_1_164' title='bbox 336 954 383 981; x_wconf 82' lang='lat' dir='ltr'>ex</span> <span class='ocrx_word' id='word_1_165' title='bbox 413 944 583 990; x_wconf 89' lang='lat' dir='ltr'>propriis</span> <span class='ocrx_word' id='word_1_166' title='bbox 612 942 803 990; x_wconf 82' lang='lat' dir='ltr'>obJ&#39;ectis3</span> <span class='ocrx_word' id='word_1_167' title='bbox 824 942 927 979; x_wconf 91' lang='lat' dir='ltr'>unde</span> <span class='ocrx_word' id='word_1_168' title='bbox 959 946 996 978; x_wconf 85' lang='lat' dir='ltr'>et</span> <span class='ocrx_word' id='word_1_169' title='bbox 1027 941 1287 988; x_wconf 85' lang='lat' dir='ltr'>temperantia</span> <span class='ocrx_word' id='word_1_170' title='bbox 1306 951 1329 978; x_wconf 91' lang='lat' dir='ltr'>a</span> <span class='ocrx_word' id='word_1_171' title='bbox 1348 940 1580 978; x_wconf 87' lang='lat' dir='ltr'>fortitudine</span> <span class='ocrx_word' id='word_1_172' title='bbox 1607 939 1750 981; x_wconf 87' lang='lat' dir='ltr'>differt,</span> <span class='ocrx_word' id='word_1_173' title='bbox 1771 940 1814 977; x_wconf 91' lang='lat' dir='ltr'>in</span> 
     </span>
     <span class='ocr_line' id='line_1_19' title="bbox 195 987 1812 1038; baseline -0.001 -10"><span class='ocrx_word' id='word_1_174' title='bbox 195 995 384 1038; x_wconf 89' lang='lat' dir='ltr'>quantum</span> <span class='ocrx_word' id='word_1_175' title='bbox 406 992 490 1028; x_wconf 82' lang='lat' dir='ltr'>haec</span> <span class='ocrx_word' id='word_1_176' title='bbox 511 991 615 1028; x_wconf 90' lang='lat' dir='ltr'>circa</span> <span class='ocrx_word' id='word_1_177' title='bbox 632 989 955 1036; x_wconf 77' lang='lat' dir='ltr'>concupiscibile,</span> <span class='ocrx_word' id='word_1_178' title='bbox 987 989 1055 1025; x_wconf 91' lang='lat' dir='ltr'>illa</span> <span class='ocrx_word' id='word_1_179' title='bbox 1077 997 1169 1026; x_wconf 89' lang='lat' dir='ltr'>vero</span> <span class='ocrx_word' id='word_1_180' title='bbox 1208 989 1313 1026; x_wconf 90' lang='lat' dir='ltr'>circa</span> <span class='ocrx_word' id='word_1_181' title='bbox 1339 988 1504 1026; x_wconf 89' lang='lat' dir='ltr'>timores</span> <span class='ocrx_word' id='word_1_182' title='bbox 1539 992 1577 1025; x_wconf 90' lang='lat' dir='ltr'>et</span> <span class='ocrx_word' id='word_1_183' title='bbox 1606 987 1812 1026; x_wconf 79' lang='lat' dir='ltr'>audacias.</span> 
     </span>
     <span class='ocr_line' id='line_1_20' title="bbox 196 1035 1816 1084; baseline -0.002 -8"><span class='ocrx_word' id='word_1_184' title='bbox 196 1041 240 1076; x_wconf 92' lang='lat' dir='ltr'>In</span> <span class='ocrx_word' id='word_1_185' title='bbox 263 1041 342 1075; x_wconf 81' lang='lat' dir='ltr'>Deo</span> <span class='ocrx_word' id='word_1_186' title='bbox 363 1043 494 1075; x_wconf 87' lang='lat' dir='ltr'>autem</span> <span class='ocrx_word' id='word_1_187' title='bbox 525 1037 738 1084; x_wconf 86' lang='lat' dir='ltr'>passiones</span> <span class='ocrx_word' id='word_1_188' title='bbox 771 1046 848 1074; x_wconf 91' lang='lat' dir='ltr'>non</span> <span class='ocrx_word' id='word_1_189' title='bbox 883 1040 988 1079; x_wconf 87' lang='lat' dir='ltr'>sunt,</span> <span class='ocrx_word' id='word_1_190' title='bbox 1017 1040 1057 1072; x_wconf 89' lang='lat' dir='ltr'>ut</span> <span class='ocrx_word' id='word_1_191' title='bbox 1079 1039 1285 1073; x_wconf 88' lang='lat' dir='ltr'>ostensum</span> <span class='ocrx_word' id='word_1_192' title='bbox 1307 1039 1367 1073; x_wconf 87' lang='lat' dir='ltr'>est</span> <span class='ocrx_word' id='word_1_193' title='bbox 1386 1035 1485 1083; x_wconf 89' lang='lat' dir='ltr'>(cap.</span> <span class='ocrx_word' id='word_1_194' title='bbox 1507 1035 1582 1082; x_wconf 88' lang='lat'><strong>89).</strong></span> <span class='ocrx_word' id='word_1_195' title='bbox 1602 1035 1726 1083; x_wconf 84' lang='lat' dir='ltr'>Igitur</span> <span class='ocrx_word' id='word_1_196' title='bbox 1740 1043 1816 1073; x_wconf 86' lang='lat' dir='ltr'>nec</span> 
     </span>
     <span class='ocr_line' id='line_1_21' title="bbox 199 1084 1107 1131; baseline -0.003 -8"><span class='ocrx_word' id='word_1_197' title='bbox 199 1085 430 1131; x_wconf 71' lang='lat' dir='ltr'>huiusmodi</span> <span class='ocrx_word' id='word_1_198' title='bbox 451 1086 616 1122; x_wconf 83' lang='lat' dir='ltr'>virtutes</span> <span class='ocrx_word' id='word_1_199' title='bbox 644 1084 685 1120; x_wconf 91' lang='lat' dir='ltr'>in</span> <span class='ocrx_word' id='word_1_200' title='bbox 708 1085 787 1121; x_wconf 91' lang='lat' dir='ltr'>Deo</span> <span class='ocrx_word' id='word_1_201' title='bbox 816 1093 904 1120; x_wconf 88' lang='lat' dir='ltr'>esse</span> <span class='ocrx_word' id='word_1_202' title='bbox 924 1087 1107 1129; x_wconf 84' lang='lat' dir='ltr'>possunt.</span> 
     </span>
    </p>

    <p class='ocr_par' dir='ltr' id='par_1_6' title="bbox 195 1129 1814 1368">
     <span class='ocr_line' id='line_1_22' title="bbox 244 1129 1814 1178; baseline -0.002 -9"><span class='ocrx_word' id='word_1_203' title='bbox 244 1134 344 1173; x_wconf 81' lang='lat' dir='ltr'>Item,</span> <span class='ocrx_word' id='word_1_204' title='bbox 365 1132 592 1178; x_wconf 85' lang='lat' dir='ltr'>hujusmodi</span> <span class='ocrx_word' id='word_1_205' title='bbox 626 1131 805 1175; x_wconf 88' lang='lat' dir='ltr'>virtutes,</span> <span class='ocrx_word' id='word_1_206' title='bbox 825 1139 905 1167; x_wconf 91' lang='lat' dir='ltr'>non</span> <span class='ocrx_word' id='word_1_207' title='bbox 926 1131 967 1166; x_wconf 91' lang='lat' dir='ltr'>in</span> <span class='ocrx_word' id='word_1_208' title='bbox 986 1133 1097 1176; x_wconf 88' lang='lat' dir='ltr'>parte</span> <span class='ocrx_word' id='word_1_209' title='bbox 1126 1129 1366 1167; x_wconf 85' lang='lat' dir='ltr'>intellectiva</span> <span class='ocrx_word' id='word_1_210' title='bbox 1385 1129 1528 1166; x_wconf 83' lang='lat' dir='ltr'>animae</span> <span class='ocrx_word' id='word_1_211' title='bbox 1554 1133 1660 1174; x_wconf 90' lang='lat' dir='ltr'>sunt,</span> <span class='ocrx_word' id='word_1_212' title='bbox 1682 1129 1751 1166; x_wconf 90' lang='lat' dir='ltr'>sed</span> <span class='ocrx_word' id='word_1_213' title='bbox 1772 1129 1814 1166; x_wconf 91' lang='lat' dir='ltr'>in</span> 
     </span>
     <span class='ocr_line' id='line_1_23' title="bbox 195 1176 1811 1226; baseline -0.002 -10"><span class='ocrx_word' id='word_1_214' title='bbox 195 1184 304 1226; x_wconf 85' lang='lat' dir='ltr'>parte</span> <span class='ocrx_word' id='word_1_215' title='bbox 319 1180 523 1224; x_wconf 83' lang='lat' dir='ltr'>sensitiva,</span> <span class='ocrx_word' id='word_1_216' title='bbox 543 1179 583 1215; x_wconf 90' lang='lat' dir='ltr'>in</span> <span class='ocrx_word' id='word_1_217' title='bbox 605 1187 681 1225; x_wconf 90' lang='lat' dir='ltr'>qua</span> <span class='ocrx_word' id='word_1_218' title='bbox 696 1178 783 1215; x_wconf 90' lang='lat' dir='ltr'>sola</span> <span class='ocrx_word' id='word_1_219' title='bbox 797 1177 1006 1224; x_wconf 87' lang='lat' dir='ltr'>passiones</span> <span class='ocrx_word' id='word_1_220' title='bbox 1018 1186 1107 1214; x_wconf 89' lang='lat' dir='ltr'>esse</span> <span class='ocrx_word' id='word_1_221' title='bbox 1121 1180 1304 1223; x_wconf 88' lang='lat' dir='ltr'>possunt,</span> <span class='ocrx_word' id='word_1_222' title='bbox 1321 1181 1362 1213; x_wconf 88' lang='lat' dir='ltr'>ut</span> <span class='ocrx_word' id='word_1_223' title='bbox 1373 1177 1562 1222; x_wconf 86' lang='lat' dir='ltr'>probatur</span> <span class='ocrx_word' id='word_1_224' title='bbox 1578 1177 1621 1214; x_wconf 91' lang='lat' dir='ltr'>in</span> <span class='ocrx_word' id='word_1_225' title='bbox 1641 1176 1811 1223; x_wconf 88' lang='lat' dir='ltr'>septimo</span> 
     </span>
     <span class='ocr_line' id='line_1_24' title="bbox 195 1223 1814 1272; baseline -0.002 -8"><span class='ocrx_word' id='word_1_226' title='bbox 195 1228 344 1271; x_wconf 73' lang='lat' dir='ltr'>Physic.</span> <span class='ocrx_word' id='word_1_227' title='bbox 380 1226 486 1272; x_wconf 76' lang='lat' dir='ltr'>(text.</span> <span class='ocrx_word' id='word_1_228' title='bbox 521 1234 664 1263; x_wconf 90' lang='lat' dir='ltr'>comm.</span> <span class='ocrx_word' id='word_1_229' title='bbox 689 1224 759 1271; x_wconf 82' lang='lat'>18).</span> <span class='ocrx_word' id='word_1_230' title='bbox 785 1227 827 1261; x_wconf 88' lang='lat' dir='ltr'>ln</span> <span class='ocrx_word' id='word_1_231' title='bbox 847 1226 926 1261; x_wconf 90' lang='lat' dir='ltr'>Deo</span> <span class='ocrx_word' id='word_1_232' title='bbox 948 1228 1078 1261; x_wconf 89' lang='lat' dir='ltr'>autem</span> <span class='ocrx_word' id='word_1_233' title='bbox 1096 1233 1177 1261; x_wconf 91' lang='lat' dir='ltr'>non</span> <span class='ocrx_word' id='word_1_234' title='bbox 1197 1228 1256 1261; x_wconf 90' lang='lat' dir='ltr'>est</span> <span class='ocrx_word' id='word_1_235' title='bbox 1273 1224 1465 1261; x_wconf 88' lang='lat' dir='ltr'>sensitiva</span> <span class='ocrx_word' id='word_1_236' title='bbox 1483 1232 1590 1269; x_wconf 89' lang='lat' dir='ltr'>pars,</span> <span class='ocrx_word' id='word_1_237' title='bbox 1611 1223 1682 1261; x_wconf 89' lang='lat' dir='ltr'>sed</span> <span class='ocrx_word' id='word_1_238' title='bbox 1701 1223 1814 1261; x_wconf 89' lang='lat' dir='ltr'>solus</span> 
     </span>
     <span class='ocr_line' id='line_1_25' title="bbox 198 1270 1814 1319; baseline -0.002 -9"><span class='ocrx_word' id='word_1_239' title='bbox 198 1273 439 1310; x_wconf 89' lang='lat' dir='ltr'>intellectus.</span> <span class='ocrx_word' id='word_1_240' title='bbox 475 1273 722 1319; x_wconf 85' lang='lat' dir='ltr'>Relinquitur</span> <span class='ocrx_word' id='word_1_241' title='bbox 739 1272 861 1319; x_wconf 81' lang='lat' dir='ltr'>igitur</span> <span class='ocrx_word' id='word_1_242' title='bbox 880 1272 983 1318; x_wconf 91' lang='lat' dir='ltr'>quod</span> <span class='ocrx_word' id='word_1_243' title='bbox 1005 1271 1047 1308; x_wconf 93' lang='lat' dir='ltr'>in</span> <span class='ocrx_word' id='word_1_244' title='bbox 1068 1273 1147 1308; x_wconf 89' lang='lat' dir='ltr'>Deo</span> <span class='ocrx_word' id='word_1_245' title='bbox 1184 1270 1412 1318; x_wconf 87' lang='lat' dir='ltr'>hujusmodi</span> <span class='ocrx_word' id='word_1_246' title='bbox 1433 1271 1598 1308; x_wconf 87' lang='lat' dir='ltr'>virtutes</span> <span class='ocrx_word' id='word_1_247' title='bbox 1623 1279 1713 1308; x_wconf 89' lang='lat' dir='ltr'>esse</span> <span class='ocrx_word' id='word_1_248' title='bbox 1733 1279 1814 1307; x_wconf 92' lang='lat' dir='ltr'>non</span> 
     </span>
     <span class='ocr_line' id='line_1_26' title="bbox 197 1318 1154 1368; baseline -0.003 -10"><span class='ocrx_word' id='word_1_249' title='bbox 197 1321 369 1368; x_wconf 88' lang='lat' dir='ltr'>possint,</span> <span class='ocrx_word' id='word_1_250' title='bbox 387 1320 505 1356; x_wconf 87' lang='lat' dir='ltr'>etiam</span> <span class='ocrx_word' id='word_1_251' title='bbox 524 1319 743 1357; x_wconf 88' lang='lat' dir='ltr'>secundum</span> <span class='ocrx_word' id='word_1_252' title='bbox 764 1319 943 1365; x_wconf 89' lang='lat' dir='ltr'>proprias</span> <span class='ocrx_word' id='word_1_253' title='bbox 963 1318 1154 1355; x_wconf 87' lang='lat' dir='ltr'>rationes.</span> 
     </span>
    </p>

    <p class='ocr_par' dir='ltr' id='par_1_7' title="bbox 197 1364 1822 2117">
     <span class='ocr_line' id='line_1_27' title="bbox 245 1364 1814 1412; baseline -0.001 -8"><span class='ocrx_word' id='word_1_254' title='bbox 245 1367 483 1404; x_wconf 79' lang='lat' dir='ltr'>passionum</span> <span class='ocrx_word' id='word_1_255' title='bbox 516 1370 647 1403; x_wconf 91' lang='lat' dir='ltr'>autem</span> <span class='ocrx_word' id='word_1_256' title='bbox 679 1366 785 1402; x_wconf 87' lang='lat' dir='ltr'>circa</span> <span class='ocrx_word' id='word_1_257' title='bbox 814 1374 913 1412; x_wconf 88' lang='lat' dir='ltr'>quas</span> <span class='ocrx_word' id='word_1_258' title='bbox 932 1365 1097 1402; x_wconf 85' lang='lat' dir='ltr'>virtutes</span> <span class='ocrx_word' id='word_1_259' title='bbox 1129 1368 1236 1409; x_wconf 89' lang='lat' dir='ltr'>sunt,</span> <span class='ocrx_word' id='word_1_260' title='bbox 1259 1364 1439 1412; x_wconf 70' lang='lat' dir='ltr'>quaedam</span> <span class='ocrx_word' id='word_1_261' title='bbox 1472 1368 1566 1402; x_wconf 90' lang='lat' dir='ltr'>sunt</span> <span class='ocrx_word' id='word_1_262' title='bbox 1591 1364 1814 1402; x_wconf 88' lang='lat' dir='ltr'>secundum</span> 
     </span>
     <span class='ocr_line' id='line_1_28' title="bbox 197 1411 1815 1459; baseline -0.001 -8"><span class='ocrx_word' id='word_1_263' title='bbox 197 1414 497 1454; x_wconf 84' lang='lat' dir='ltr'>inclinationem</span> <span class='ocrx_word' id='word_1_264' title='bbox 519 1413 716 1459; x_wconf 88' lang='lat' dir='ltr'>appetitus</span> <span class='ocrx_word' id='word_1_265' title='bbox 737 1413 777 1449; x_wconf 88' lang='lat' dir='ltr'>in</span> <span class='ocrx_word' id='word_1_266' title='bbox 798 1412 958 1459; x_wconf 86' lang='lat' dir='ltr'>aliquod</span> <span class='ocrx_word' id='word_1_267' title='bbox 974 1412 1178 1458; x_wconf 88' lang='lat' dir='ltr'>corporale</span> <span class='ocrx_word' id='word_1_268' title='bbox 1199 1412 1363 1456; x_wconf 86' lang='lat' dir='ltr'>bonum,</span> <span class='ocrx_word' id='word_1_269' title='bbox 1377 1411 1483 1459; x_wconf 89' lang='lat' dir='ltr'>quod</span> <span class='ocrx_word' id='word_1_270' title='bbox 1504 1415 1564 1449; x_wconf 87' lang='lat' dir='ltr'>est</span> <span class='ocrx_word' id='word_1_271' title='bbox 1580 1411 1815 1450; x_wconf 84' lang='lat' dir='ltr'>delectabile</span> 
     </span>
     <span class='ocr_line' id='line_1_29' title="bbox 198 1459 1815 1506; baseline -0.002 -7"><span class='ocrx_word' id='word_1_272' title='bbox 198 1461 419 1499; x_wconf 88' lang='lat' dir='ltr'>secundum</span> <span class='ocrx_word' id='word_1_273' title='bbox 450 1469 630 1501; x_wconf 90' lang='lat' dir='ltr'>sensum,</span> <span class='ocrx_word' id='word_1_274' title='bbox 669 1460 774 1497; x_wconf 86' lang='lat' dir='ltr'>sicut</span> <span class='ocrx_word' id='word_1_275' title='bbox 804 1463 898 1497; x_wconf 90' lang='lat' dir='ltr'>sunt</span> <span class='ocrx_word' id='word_1_276' title='bbox 932 1459 1008 1496; x_wconf 89' lang='lat' dir='ltr'>cibi</span> <span class='ocrx_word' id='word_1_277' title='bbox 1030 1463 1068 1495; x_wconf 91' lang='lat' dir='ltr'>et</span> <span class='ocrx_word' id='word_1_278' title='bbox 1097 1462 1228 1506; x_wconf 86' lang='lat' dir='ltr'>potus,</span> <span class='ocrx_word' id='word_1_279' title='bbox 1250 1462 1288 1495; x_wconf 91' lang='lat' dir='ltr'>et</span> <span class='ocrx_word' id='word_1_280' title='bbox 1317 1468 1499 1503; x_wconf 89' lang='lat' dir='ltr'>venerea,</span> <span class='ocrx_word' id='word_1_281' title='bbox 1521 1459 1815 1506; x_wconf 79' lang='lat' dir='ltr'>circaquorum</span> 
     </span>
     <span class='ocr_line' id='line_1_30' title="bbox 197 1505 1818 1553; baseline -0.002 -8"><span class='ocrx_word' id='word_1_282' title='bbox 197 1507 543 1553; x_wconf 86' lang='lat' dir='ltr'>concupiscentias</span> <span class='ocrx_word' id='word_1_283' title='bbox 577 1510 637 1544; x_wconf 91' lang='lat' dir='ltr'>est</span> <span class='ocrx_word' id='word_1_284' title='bbox 663 1506 873 1550; x_wconf 87' lang='lat' dir='ltr'>sobrietas,</span> <span class='ocrx_word' id='word_1_285' title='bbox 907 1506 1083 1550; x_wconf 89' lang='lat' dir='ltr'>castitas,</span> <span class='ocrx_word' id='word_1_286' title='bbox 1115 1509 1154 1543; x_wconf 88' lang='lat' dir='ltr'>et</span> <span class='ocrx_word' id='word_1_287' title='bbox 1190 1505 1467 1543; x_wconf 89' lang='lat' dir='ltr'>universaliter</span> <span class='ocrx_word' id='word_1_288' title='bbox 1497 1505 1759 1552; x_wconf 88' lang='lat' dir='ltr'>temperantia</span> <span class='ocrx_word' id='word_1_289' title='bbox 1778 1508 1818 1543; x_wconf 90' lang='lat' dir='ltr'>et</span> 
     </span>
     <span class='ocr_line' id='line_1_31' title="bbox 198 1552 1816 1601; baseline -0.002 -9"><span class='ocrx_word' id='word_1_290' title='bbox 198 1555 463 1599; x_wconf 85' lang='lat' dir='ltr'>continentia;</span> <span class='ocrx_word' id='word_1_291' title='bbox 486 1554 604 1599; x_wconf 90' lang='lat' dir='ltr'>unde,</span> <span class='ocrx_word' id='word_1_292' title='bbox 640 1554 734 1601; x_wconf 89' lang='lat' dir='ltr'>quia</span> <span class='ocrx_word' id='word_1_293' title='bbox 762 1553 989 1600; x_wconf 83' lang='lat' dir='ltr'>corporales</span> <span class='ocrx_word' id='word_1_294' title='bbox 1022 1552 1305 1590; x_wconf 85' lang='lat' dir='ltr'>delectationes</span> <span class='ocrx_word' id='word_1_295' title='bbox 1325 1553 1490 1590; x_wconf 92' lang='lat' dir='ltr'>omnino</span> <span class='ocrx_word' id='word_1_296' title='bbox 1510 1562 1534 1589; x_wconf 92' lang='lat' dir='ltr'>a</span> <span class='ocrx_word' id='word_1_297' title='bbox 1553 1554 1633 1590; x_wconf 89' lang='lat' dir='ltr'>Deo</span> <span class='ocrx_word' id='word_1_298' title='bbox 1654 1556 1816 1590; x_wconf 82' lang='lat' dir='ltr'>remotae</span> 
     </span>
     <span class='ocr_line' id='line_1_32' title="bbox 199 1599 1816 1647; baseline -0.002 -7"><span class='ocrx_word' id='word_1_299' title='bbox 199 1606 305 1643; x_wconf 88' lang='lat' dir='ltr'>sunt,</span> <span class='ocrx_word' id='word_1_300' title='bbox 330 1602 493 1638; x_wconf 83' lang='lat' dir='ltr'>virtutes</span> <span class='ocrx_word' id='word_1_301' title='bbox 511 1600 706 1647; x_wconf 84' lang='lat' dir='ltr'>praedictae</span> <span class='ocrx_word' id='word_1_302' title='bbox 725 1609 796 1637; x_wconf 88' lang='lat' dir='ltr'>nec</span> <span class='ocrx_word' id='word_1_303' title='bbox 815 1601 972 1647; x_wconf 88' lang='lat' dir='ltr'>proprie</span> <span class='ocrx_word' id='word_1_304' title='bbox 994 1601 1072 1637; x_wconf 87' lang='lat' dir='ltr'>Deo</span> <span class='ocrx_word' id='word_1_305' title='bbox 1093 1599 1348 1644; x_wconf 89' lang='lat' dir='ltr'>conveniunt,</span> <span class='ocrx_word' id='word_1_306' title='bbox 1370 1608 1461 1637; x_wconf 89' lang='lat' dir='ltr'>cum</span> <span class='ocrx_word' id='word_1_307' title='bbox 1478 1600 1584 1637; x_wconf 88' lang='lat' dir='ltr'>circa</span> <span class='ocrx_word' id='word_1_308' title='bbox 1603 1600 1816 1646; x_wconf 88' lang='lat' dir='ltr'>passiones</span> 
     </span>
     <span class='ocr_line' id='line_1_33' title="bbox 198 1647 1818 1694; baseline -0.002 -8"><span class='ocrx_word' id='word_1_309' title='bbox 198 1649 293 1693; x_wconf 87' lang='lat' dir='ltr'>sint,</span> <span class='ocrx_word' id='word_1_310' title='bbox 318 1658 390 1686; x_wconf 87' lang='lat' dir='ltr'>nec</span> <span class='ocrx_word' id='word_1_311' title='bbox 412 1649 529 1685; x_wconf 87' lang='lat' dir='ltr'>etiam</span> <span class='ocrx_word' id='word_1_312' title='bbox 560 1648 827 1694; x_wconf 82' lang='lat' dir='ltr'>metaphorice</span> <span class='ocrx_word' id='word_1_313' title='bbox 850 1647 896 1684; x_wconf 90' lang='lat' dir='ltr'>de</span> <span class='ocrx_word' id='word_1_314' title='bbox 915 1649 994 1684; x_wconf 90' lang='lat' dir='ltr'>Deo</span> <span class='ocrx_word' id='word_1_315' title='bbox 1015 1647 1199 1684; x_wconf 90' lang='lat' dir='ltr'>dicuntur</span> <span class='ocrx_word' id='word_1_316' title='bbox 1218 1647 1259 1683; x_wconf 92' lang='lat' dir='ltr'>in</span> <span class='ocrx_word' id='word_1_317' title='bbox 1279 1647 1504 1693; x_wconf 85' lang='lat' dir='ltr'>scripturis,</span> <span class='ocrx_word' id='word_1_318' title='bbox 1542 1648 1635 1694; x_wconf 90' lang='lat' dir='ltr'>quia</span> <span class='ocrx_word' id='word_1_319' title='bbox 1657 1656 1736 1684; x_wconf 90' lang='lat' dir='ltr'>non</span> <span class='ocrx_word' id='word_1_320' title='bbox 1755 1650 1818 1684; x_wconf 92' lang='lat' dir='ltr'>est</span> 
     </span>
     <span class='ocr_line' id='line_1_34' title="bbox 198 1693 1813 1742; baseline -0.001 -10"><span class='ocrx_word' id='word_1_321' title='bbox 198 1696 377 1742; x_wconf 83' lang='lat' dir='ltr'>accipere</span> <span class='ocrx_word' id='word_1_322' title='bbox 396 1695 698 1733; x_wconf 88' lang='lat' dir='ltr'>similitudinem</span> <span class='ocrx_word' id='word_1_323' title='bbox 719 1695 896 1741; x_wconf 89' lang='lat' dir='ltr'>ipsarum</span> <span class='ocrx_word' id='word_1_324' title='bbox 917 1695 958 1731; x_wconf 90' lang='lat' dir='ltr'>in</span> <span class='ocrx_word' id='word_1_325' title='bbox 977 1696 1056 1731; x_wconf 92' lang='lat' dir='ltr'>Deo</span> <span class='ocrx_word' id='word_1_326' title='bbox 1075 1694 1294 1731; x_wconf 90' lang='lat' dir='ltr'>secundum</span> <span class='ocrx_word' id='word_1_327' title='bbox 1315 1694 1620 1732; x_wconf 90' lang='lat' dir='ltr'>similitudinem</span> <span class='ocrx_word' id='word_1_328' title='bbox 1641 1693 1813 1740; x_wconf 89' lang='lat' dir='ltr'>alicujus</span> 
     </span>
     <span class='ocr_line' id='line_1_35' title="bbox 198 1741 1814 1788; baseline -0.001 -8"><span class='ocrx_word' id='word_1_329' title='bbox 198 1742 378 1780; x_wconf 79' lang='lat' dir='ltr'>effectus.</span> <span class='ocrx_word' id='word_1_330' title='bbox 401 1742 586 1787; x_wconf 81' lang='lat' dir='ltr'>Quaedam</span> <span class='ocrx_word' id='word_1_331' title='bbox 604 1751 697 1779; x_wconf 90' lang='lat' dir='ltr'>vero</span> <span class='ocrx_word' id='word_1_332' title='bbox 716 1741 928 1788; x_wconf 86' lang='lat' dir='ltr'>passiones</span> <span class='ocrx_word' id='word_1_333' title='bbox 947 1744 1042 1778; x_wconf 91' lang='lat' dir='ltr'>sunt</span> <span class='ocrx_word' id='word_1_334' title='bbox 1059 1741 1278 1778; x_wconf 90' lang='lat' dir='ltr'>secundum</span> <span class='ocrx_word' id='word_1_335' title='bbox 1293 1741 1594 1779; x_wconf 88' lang='lat' dir='ltr'>inclinationem</span> <span class='ocrx_word' id='word_1_336' title='bbox 1615 1742 1814 1788; x_wconf 87' lang='lat' dir='ltr'>appetitus</span> 
     </span>
     <span class='ocr_line' id='line_1_36' title="bbox 197 1787 1816 1836; baseline -0.001 -10"><span class='ocrx_word' id='word_1_337' title='bbox 197 1790 241 1826; x_wconf 92' lang='lat' dir='ltr'>in</span> <span class='ocrx_word' id='word_1_338' title='bbox 262 1790 422 1836; x_wconf 80' lang='lat' dir='ltr'>aliquod</span> <span class='ocrx_word' id='word_1_339' title='bbox 458 1789 662 1835; x_wconf 84' lang='lat' dir='ltr'>spirituale</span> <span class='ocrx_word' id='word_1_340' title='bbox 682 1789 845 1829; x_wconf 88' lang='lat' dir='ltr'>bonum,</span> <span class='ocrx_word' id='word_1_341' title='bbox 881 1788 985 1825; x_wconf 89' lang='lat' dir='ltr'>sicut</span> <span class='ocrx_word' id='word_1_342' title='bbox 1002 1791 1063 1825; x_wconf 90' lang='lat' dir='ltr'>est</span> <span class='ocrx_word' id='word_1_343' title='bbox 1090 1787 1232 1832; x_wconf 90' lang='lat' dir='ltr'>honor,</span> <span class='ocrx_word' id='word_1_344' title='bbox 1265 1787 1501 1833; x_wconf 88' lang='lat' dir='ltr'>dominium,</span> <span class='ocrx_word' id='word_1_345' title='bbox 1532 1788 1712 1834; x_wconf 86' lang='lat' dir='ltr'>victoria,</span> <span class='ocrx_word' id='word_1_346' title='bbox 1730 1788 1816 1825; x_wconf 90' lang='lat' dir='ltr'>vin-</span> 
     </span>
     <span class='ocr_line' id='line_1_37' title="bbox 199 1835 1817 1882; baseline -0.001 -9"><span class='ocrx_word' id='word_1_347' title='bbox 199 1836 317 1879; x_wconf 89' lang='lat' dir='ltr'>dicta,</span> <span class='ocrx_word' id='word_1_348' title='bbox 338 1840 375 1872; x_wconf 86' lang='lat' dir='ltr'>et</span> <span class='ocrx_word' id='word_1_349' title='bbox 409 1836 487 1873; x_wconf 82' lang='lat' dir='ltr'>alia</span> <span class='ocrx_word' id='word_1_350' title='bbox 518 1835 746 1882; x_wconf 85' lang='lat' dir='ltr'>hujusmodi</span> <span class='ocrx_word' id='word_1_351' title='bbox 770 1847 779 1872; x_wconf 77' lang='grc' dir='ltr'><strong><em>ε</em></strong></span> <span class='ocrx_word' id='word_1_352' title='bbox 802 1835 907 1872; x_wconf 90' lang='lat' dir='ltr'>circa</span> <span class='ocrx_word' id='word_1_353' title='bbox 941 1843 1110 1881; x_wconf 89' lang='lat' dir='ltr'>quorum</span> <span class='ocrx_word' id='word_1_354' title='bbox 1141 1835 1296 1881; x_wconf 89' lang='lat' dir='ltr'>species</span> <span class='ocrx_word' id='word_1_355' title='bbox 1316 1838 1354 1872; x_wconf 88' lang='lat' dir='ltr'>et</span> <span class='ocrx_word' id='word_1_356' title='bbox 1383 1835 1571 1873; x_wconf 90' lang='lat' dir='ltr'>audacias</span> <span class='ocrx_word' id='word_1_357' title='bbox 1592 1839 1630 1873; x_wconf 89' lang='lat' dir='ltr'>et</span> <span class='ocrx_word' id='word_1_358' title='bbox 1650 1835 1817 1873; x_wconf 90' lang='lat' dir='ltr'>omnino</span> 
     </span>
     <span class='ocr_line' id='line_1_38' title="bbox 201 1881 1815 1930; baseline -0.001 -10"><span class='ocrx_word' id='word_1_359' title='bbox 201 1882 398 1929; x_wconf 88' lang='lat' dir='ltr'>appetitus</span> <span class='ocrx_word' id='word_1_360' title='bbox 425 1886 518 1920; x_wconf 89' lang='lat' dir='ltr'>sunt</span> <span class='ocrx_word' id='word_1_361' title='bbox 546 1882 748 1923; x_wconf 83' lang='lat' dir='ltr'>fortitudo,</span> <span class='ocrx_word' id='word_1_362' title='bbox 771 1882 1094 1929; x_wconf 85' lang='lat' dir='ltr'>magnanimitas,</span> <span class='ocrx_word' id='word_1_363' title='bbox 1127 1881 1391 1919; x_wconf 89' lang='lat' dir='ltr'>mansuetudo</span> <span class='ocrx_word' id='word_1_364' title='bbox 1413 1885 1450 1918; x_wconf 90' lang='lat' dir='ltr'>et</span> <span class='ocrx_word' id='word_1_365' title='bbox 1470 1882 1558 1920; x_wconf 84' lang='lat' dir='ltr'>aliae</span> <span class='ocrx_word' id='word_1_366' title='bbox 1584 1881 1815 1930; x_wconf 86' lang='lat' dir='ltr'>hujusmodi</span> 
     </span>
     <span class='ocr_line' id='line_1_39' title="bbox 197 1928 1820 1976; baseline -0.001 -10"><span class='ocrx_word' id='word_1_367' title='bbox 197 1932 377 1967; x_wconf 89' lang='lat' dir='ltr'>virtutes.</span> <span class='ocrx_word' id='word_1_368' title='bbox 414 1930 506 1974; x_wconf 83' lang='lat' dir='ltr'>Quae</span> <span class='ocrx_word' id='word_1_369' title='bbox 527 1929 684 1976; x_wconf 87' lang='lat' dir='ltr'>quidem</span> <span class='ocrx_word' id='word_1_370' title='bbox 706 1930 748 1966; x_wconf 90' lang='lat' dir='ltr'>in</span> <span class='ocrx_word' id='word_1_371' title='bbox 780 1931 860 1966; x_wconf 93' lang='lat' dir='ltr'>Deo</span> <span class='ocrx_word' id='word_1_372' title='bbox 887 1928 1044 1975; x_wconf 88' lang='lat' dir='ltr'>proprie</span> <span class='ocrx_word' id='word_1_373' title='bbox 1077 1937 1166 1966; x_wconf 91' lang='lat' dir='ltr'>esse</span> <span class='ocrx_word' id='word_1_374' title='bbox 1196 1937 1276 1965; x_wconf 91' lang='lat' dir='ltr'>non</span> <span class='ocrx_word' id='word_1_375' title='bbox 1297 1932 1480 1975; x_wconf 86' lang='lat' dir='ltr'>possunt,</span> <span class='ocrx_word' id='word_1_376' title='bbox 1505 1938 1552 1966; x_wconf 91' lang='lat' dir='ltr'>eo</span> <span class='ocrx_word' id='word_1_377' title='bbox 1582 1929 1689 1976; x_wconf 91' lang='lat' dir='ltr'>quod</span> <span class='ocrx_word' id='word_1_378' title='bbox 1713 1929 1820 1966; x_wconf 88' lang='lat' dir='ltr'>circa</span> 
     </span>
     <span class='ocr_line' id='line_1_40' title="bbox 198 1975 1819 2024; baseline -0.001 -10"><span class='ocrx_word' id='word_1_379' title='bbox 198 1977 410 2024; x_wconf 87' lang='lat' dir='ltr'>passiones</span> <span class='ocrx_word' id='word_1_380' title='bbox 431 1980 537 2014; x_wconf 89' lang='lat' dir='ltr'>sunt.</span> <span class='ocrx_word' id='word_1_381' title='bbox 559 1977 748 2013; x_wconf 85' lang='lat' dir='ltr'>Dicuntur</span> <span class='ocrx_word' id='word_1_382' title='bbox 768 1980 897 2013; x_wconf 87' lang='lat' dir='ltr'>tamen</span> <span class='ocrx_word' id='word_1_383' title='bbox 918 1977 959 2012; x_wconf 93' lang='lat' dir='ltr'>in</span> <span class='ocrx_word' id='word_1_384' title='bbox 980 1976 1180 2022; x_wconf 88' lang='lat' dir='ltr'>Scriptura</span> <span class='ocrx_word' id='word_1_385' title='bbox 1199 1976 1468 2021; x_wconf 85' lang='lat' dir='ltr'>metaphorice</span> <span class='ocrx_word' id='word_1_386' title='bbox 1487 1975 1536 2013; x_wconf 90' lang='lat' dir='ltr'>de</span> <span class='ocrx_word' id='word_1_387' title='bbox 1556 1977 1636 2014; x_wconf 91' lang='lat' dir='ltr'>Deo</span> <span class='ocrx_word' id='word_1_388' title='bbox 1656 1978 1819 2023; x_wconf 81' lang='lat' dir='ltr'>propter</span> 
     </span>
     <span class='ocr_line' id='line_1_41' title="bbox 199 2023 1822 2070; baseline -0.002 -8"><span class='ocrx_word' id='word_1_389' title='bbox 199 2023 502 2062; x_wconf 89' lang='lat' dir='ltr'>similitudinem</span> <span class='ocrx_word' id='word_1_390' title='bbox 521 2023 699 2069; x_wconf 85' lang='lat' dir='ltr'>effectus,</span> <span class='ocrx_word' id='word_1_391' title='bbox 722 2026 765 2061; x_wconf 91' lang='lat' dir='ltr'>ut</span> <span class='ocrx_word' id='word_1_392' title='bbox 783 2027 843 2060; x_wconf 89' lang='lat' dir='ltr'>est</span> <span class='ocrx_word' id='word_1_393' title='bbox 863 2023 961 2060; x_wconf 93' lang='lat' dir='ltr'>illud</span> <span class='ocrx_word' id='word_1_394' title='bbox 984 2025 996 2059; x_wconf 94' lang='lat'>1</span> <span class='ocrx_word' id='word_1_395' title='bbox 1016 2024 1127 2070; x_wconf 85' lang='lat' dir='ltr'>Reg.,</span> <span class='ocrx_word' id='word_1_396' title='bbox 1149 2032 1192 2067; x_wconf 91' lang='lat'>11,</span> <span class='ocrx_word' id='word_1_397' title='bbox 1211 2026 1235 2059; x_wconf 85' lang='lat'><strong>2</strong></span> <span class='ocrx_word' id='word_1_398' title='bbox 1256 2035 1265 2059; x_wconf 70' lang='grc' dir='ltr'>ε</span> <span class='ocrx_word' id='word_1_399' title='bbox 1286 2025 1365 2060; x_wconf 87' lang='lat' dir='ltr'>Non</span> <span class='ocrx_word' id='word_1_400' title='bbox 1384 2025 1437 2059; x_wconf 84' lang='lat' dir='ltr'>est</span> <span class='ocrx_word' id='word_1_401' title='bbox 1464 2023 1573 2067; x_wconf 78' lang='lat' dir='ltr'>fortis</span> <span class='ocrx_word' id='word_1_402' title='bbox 1600 2024 1696 2060; x_wconf 77' lang='lat' dir='ltr'>sicut</span> <span class='ocrx_word' id='word_1_403' title='bbox 1724 2024 1822 2059; x_wconf 62' lang='lat' dir='ltr'>Dein</span> 
     </span>
     <span class='ocr_line' id='line_1_42' title="bbox 199 2069 1528 2117; baseline 0 -10"><span class='ocrx_word' id='word_1_404' title='bbox 199 2074 340 2115; x_wconf 62' lang='lat' dir='ltr'>nostem</span> <span class='ocrx_word' id='word_1_405' title='bbox 357 2074 396 2108; x_wconf 88' lang='lat' dir='ltr'>et</span> <span class='ocrx_word' id='word_1_406' title='bbox 417 2071 610 2117; x_wconf 65' lang='lat' dir='ltr'>sophon„</span> <span class='ocrx_word' id='word_1_407' title='bbox 632 2078 676 2116; x_wconf 92' lang='lat'>11,</span> <span class='ocrx_word' id='word_1_408' title='bbox 696 2072 718 2108; x_wconf 83' lang='lat'><strong>3</strong></span> <span class='ocrx_word' id='word_1_409' title='bbox 741 2082 751 2107; x_wconf 81' lang='lat'>2</span> <span class='ocrx_word' id='word_1_410' title='bbox 774 2070 929 2114; x_wconf 78' lang='lat' dir='ltr'>Quaerite</span> <span class='ocrx_word' id='word_1_411' title='bbox 941 2069 1098 2116; x_wconf 74' lang='lat' dir='ltr'>justum,</span> <span class='ocrx_word' id='word_1_412' title='bbox 1124 2071 1273 2115; x_wconf 75' lang='lat' dir='ltr'>quaem’te</span> <span class='ocrx_word' id='word_1_413' title='bbox 1290 2072 1528 2107; x_wconf 81' lang='lat' dir='ltr'>mansuetum.</span> 
     </span>
    </p>
   </div>
   <div class='ocr_carea' id='block_1_3' title="bbox 839 2198 1184 2240">
    <p class='ocr_par' dir='ltr' id='par_1_8' title="bbox 839 2198 1184 2240">
     <span class='ocr_line' id='line_1_43' title="bbox 839 2198 1184 2240; baseline -0.003 0"><span class='ocrx_word' id='word_1_414' title='bbox 839 2199 1007 2240; x_wconf 86' lang='lat' dir='ltr'><strong>CAPUT</strong></span> <span class='ocrx_word' id='word_1_415' title='bbox 1042 2198 1184 2240; x_wconf 88' lang='lat' dir='ltr'><strong>XCIII.</strong></span> 
     </span>
    </p>
   </div>
   <div class='ocr_carea' id='block_1_4' title="bbox 401 2305 1617 2342">
    <p class='ocr_par' dir='ltr' id='par_1_9' title="bbox 401 2305 1617 2342">
     <span class='ocr_line' id='line_1_44' title="bbox 401 2305 1617 2342; baseline -0.002 -6"><span class='ocrx_word' id='word_1_416' title='bbox 401 2307 501 2342; x_wconf 79' lang='lat' dir='ltr'><strong>QUOD</strong></span> <span class='ocrx_word' id='word_1_417' title='bbox 527 2307 568 2336; x_wconf 82' lang='lat' dir='ltr'>IN</span> <span class='ocrx_word' id='word_1_418' title='bbox 589 2307 662 2336; x_wconf 90' lang='lat' dir='ltr'>DEO</span> <span class='ocrx_word' id='word_1_419' title='bbox 690 2307 787 2336; x_wconf 86' lang='lat' dir='ltr'>SUNT</span> <span class='ocrx_word' id='word_1_420' title='bbox 812 2307 1003 2336; x_wconf 81' lang='lat' dir='ltr'>VIRTUTES</span> <span class='ocrx_word' id='word_1_421' title='bbox 1030 2307 1117 2341; x_wconf 81' lang='lat' dir='ltr'>QUAE</span> <span class='ocrx_word' id='word_1_422' title='bbox 1142 2307 1239 2335; x_wconf 81' lang='lat' dir='ltr'>SUNT</span> <span class='ocrx_word' id='word_1_423' title='bbox 1270 2306 1385 2336; x_wconf 74' lang='lat' dir='ltr'>GIRGA</span> <span class='ocrx_word' id='word_1_424' title='bbox 1414 2305 1617 2336; x_wconf 76' lang='lat' dir='ltr'>ACTIONES.</span> 
     </span>
    </p>
   </div>
   <div class='ocr_carea' id='block_1_5' title="bbox 199 2397 1830 2914">
    <p class='ocr_par' dir='ltr' id='par_1_10' title="bbox 199 2397 1830 2726">
     <span class='ocr_line' id='line_1_45' title="bbox 247 2397 1820 2446; baseline -0.001 -8"><span class='ocrx_word' id='word_1_425' title='bbox 247 2400 344 2438; x_wconf 89' lang='lat' dir='ltr'>Sunt</span> <span class='ocrx_word' id='word_1_426' title='bbox 375 2403 507 2436; x_wconf 89' lang='lat' dir='ltr'>autem</span> <span class='ocrx_word' id='word_1_427' title='bbox 537 2399 702 2437; x_wconf 90' lang='lat' dir='ltr'>virtutes</span> <span class='ocrx_word' id='word_1_428' title='bbox 734 2399 877 2446; x_wconf 84' lang='lat' dir='ltr'>aliquae</span> <span class='ocrx_word' id='word_1_429' title='bbox 907 2399 1026 2436; x_wconf 89' lang='lat' dir='ltr'>vitam</span> <span class='ocrx_word' id='word_1_430' title='bbox 1058 2397 1226 2436; x_wconf 87' lang='lat' dir='ltr'>activam</span> <span class='ocrx_word' id='word_1_431' title='bbox 1263 2397 1440 2436; x_wconf 89' lang='lat' dir='ltr'>hominis</span> <span class='ocrx_word' id='word_1_432' title='bbox 1473 2397 1707 2445; x_wconf 86' lang='lat' dir='ltr'>dirigentes,</span> <span class='ocrx_word' id='word_1_433' title='bbox 1728 2405 1820 2445; x_wconf 77' lang='lat' dir='ltr'>quae</span> 
     </span>
     <span class='ocr_line' id='line_1_46' title="bbox 200 2444 1828 2493; baseline -0.001 -9"><span class='ocrx_word' id='word_1_434' title='bbox 200 2454 282 2484; x_wconf 89' lang='lat' dir='ltr'>non</span> <span class='ocrx_word' id='word_1_435' title='bbox 303 2447 406 2484; x_wconf 88' lang='lat' dir='ltr'>circa</span> <span class='ocrx_word' id='word_1_436' title='bbox 438 2447 663 2493; x_wconf 87' lang='lat' dir='ltr'>passiones,</span> <span class='ocrx_word' id='word_1_437' title='bbox 697 2446 767 2483; x_wconf 92' lang='lat' dir='ltr'>sed</span> <span class='ocrx_word' id='word_1_438' title='bbox 787 2447 892 2483; x_wconf 87' lang='lat' dir='ltr'>circa</span> <span class='ocrx_word' id='word_1_439' title='bbox 911 2446 1090 2483; x_wconf 90' lang='lat' dir='ltr'>actiones</span> <span class='ocrx_word' id='word_1_440' title='bbox 1111 2450 1218 2490; x_wconf 92' lang='lat' dir='ltr'>sunt,</span> <span class='ocrx_word' id='word_1_441' title='bbox 1241 2449 1283 2482; x_wconf 89' lang='lat' dir='ltr'>ut</span> <span class='ocrx_word' id='word_1_442' title='bbox 1305 2445 1464 2489; x_wconf 89' lang='lat' dir='ltr'>veritas,</span> <span class='ocrx_word' id='word_1_443' title='bbox 1481 2444 1652 2492; x_wconf 87' lang='lat' dir='ltr'>justitia,</span> <span class='ocrx_word' id='word_1_444' title='bbox 1674 2444 1828 2482; x_wconf 65' lang='lat' dir='ltr'>libera-1</span> 
     </span>
     <span class='ocr_line' id='line_1_47' title="bbox 200 2490 1817 2543; baseline -0.001 -13"><span class='ocrx_word' id='word_1_445' title='bbox 200 2493 307 2537; x_wconf 79' lang='lat' dir='ltr'>litas,</span> <span class='ocrx_word' id='word_1_446' title='bbox 356 2493 664 2541; x_wconf 82' lang='lat' dir='ltr'>magnificentia,</span> <span class='ocrx_word' id='word_1_447' title='bbox 698 2493 919 2539; x_wconf 86' lang='lat' dir='ltr'>prudentia,</span> <span class='ocrx_word' id='word_1_448' title='bbox 952 2502 1030 2530; x_wconf 89' lang='lat' dir='ltr'>ars.</span> <span class='ocrx_word' id='word_1_449' title='bbox 1054 2493 1150 2530; x_wconf 90' lang='lat' dir='ltr'>Cum</span> <span class='ocrx_word' id='word_1_450' title='bbox 1193 2496 1324 2530; x_wconf 88' lang='lat' dir='ltr'>autem</span> <span class='ocrx_word' id='word_1_451' title='bbox 1357 2492 1481 2530; x_wconf 90' lang='lat' dir='ltr'>virtus</span> <span class='ocrx_word' id='word_1_452' title='bbox 1513 2501 1561 2529; x_wconf 85' lang='lat' dir='ltr'>ex</span> <span class='ocrx_word' id='word_1_453' title='bbox 1581 2491 1735 2543; x_wconf 82' lang='lat' dir='ltr'>objecto</span> <span class='ocrx_word' id='word_1_454' title='bbox 1754 2490 1817 2528; x_wconf 88' lang='lat' dir='ltr'>vel</span> 
     </span>
     <span class='ocr_line' id='line_1_48' title="bbox 199 2539 1821 2587; baseline -0.001 -11"><span class='ocrx_word' id='word_1_455' title='bbox 199 2540 364 2577; x_wconf 82' lang='lat' dir='ltr'>materia</span> <span class='ocrx_word' id='word_1_456' title='bbox 397 2542 569 2587; x_wconf 88' lang='lat' dir='ltr'>speciem</span> <span class='ocrx_word' id='word_1_457' title='bbox 604 2541 805 2585; x_wconf 89' lang='lat' dir='ltr'>sortiatur,</span> <span class='ocrx_word' id='word_1_458' title='bbox 836 2541 1015 2578; x_wconf 87' lang='lat' dir='ltr'>actiones</span> <span class='ocrx_word' id='word_1_459' title='bbox 1044 2543 1175 2577; x_wconf 89' lang='lat' dir='ltr'>autem</span> <span class='ocrx_word' id='word_1_460' title='bbox 1208 2548 1296 2587; x_wconf 85' lang='lat' dir='ltr'>quae</span> <span class='ocrx_word' id='word_1_461' title='bbox 1328 2543 1424 2577; x_wconf 88' lang='lat' dir='ltr'>sunt</span> <span class='ocrx_word' id='word_1_462' title='bbox 1458 2539 1598 2576; x_wconf 87' lang='lat' dir='ltr'>harum</span> <span class='ocrx_word' id='word_1_463' title='bbox 1628 2541 1821 2575; x_wconf 83' lang='lat' dir='ltr'>virtutum</span> 
     </span>
     <span class='ocr_line' id='line_1_49' title="bbox 201 2583 1830 2638; baseline 0.001 -16"><span class='ocrx_word' id='word_1_464' title='bbox 201 2588 373 2638; x_wconf 69' lang='lat' dir='ltr'>materiae</span> <span class='ocrx_word' id='word_1_465' title='bbox 391 2588 448 2624; x_wconf 80' lang='lat' dir='ltr'>vel</span> <span class='ocrx_word' id='word_1_466' title='bbox 472 2588 637 2635; x_wconf 87' lang='lat' dir='ltr'>objecta,</span> <span class='ocrx_word' id='word_1_467' title='bbox 663 2587 805 2625; x_wconf 84' lang='lat' dir='ltr'>divinae</span> <span class='ocrx_word' id='word_1_468' title='bbox 833 2587 1065 2634; x_wconf 86' lang='lat' dir='ltr'>perfectioni</span> <span class='ocrx_word' id='word_1_469' title='bbox 1102 2595 1182 2624; x_wconf 91' lang='lat' dir='ltr'>non</span> <span class='ocrx_word' id='word_1_470' title='bbox 1215 2589 1450 2633; x_wconf 85' lang='lat' dir='ltr'>repugnant,</span> <span class='ocrx_word' id='word_1_471' title='bbox 1483 2593 1556 2622; x_wconf 85' lang='lat' dir='ltr'>nec</span> <span class='ocrx_word' id='word_1_472' title='bbox 1586 2583 1830 2631; x_wconf 65' lang='lat' dir='ltr'>hujusmodi</span> 
     </span>
     <span class='ocr_line' id='line_1_50' title="bbox 200 2631 1827 2685; baseline 0.002 -17"><span class='ocrx_word' id='word_1_473' title='bbox 200 2637 378 2685; x_wconf 76' lang='lat' dir='ltr'>virtutes,</span> <span class='ocrx_word' id='word_1_474' title='bbox 415 2635 632 2672; x_wconf 87' lang='lat' dir='ltr'>secundum</span> <span class='ocrx_word' id='word_1_475' title='bbox 664 2635 863 2681; x_wconf 89' lang='lat' dir='ltr'>propriam</span> <span class='ocrx_word' id='word_1_476' title='bbox 896 2635 1084 2682; x_wconf 90' lang='lat' dir='ltr'>speciem,</span> <span class='ocrx_word' id='word_1_477' title='bbox 1120 2633 1266 2671; x_wconf 84' lang='lat' dir='ltr'>habent</span> <span class='ocrx_word' id='word_1_478' title='bbox 1296 2633 1445 2680; x_wconf 89' lang='lat' dir='ltr'>aliquid</span> <span class='ocrx_word' id='word_1_479' title='bbox 1477 2634 1637 2678; x_wconf 89' lang='lat' dir='ltr'>propter</span> <span class='ocrx_word' id='word_1_480' title='bbox 1655 2631 1763 2678; x_wconf 87' lang='lat' dir='ltr'>quod</span> <span class='ocrx_word' id='word_1_481' title='bbox 1794 2639 1827 2671; x_wconf 57' lang='lat' dir='ltr'>a&gt;</span> 
     </span>
     <span class='ocr_line' id='line_1_51' title="bbox 200 2679 887 2726; baseline 0.004 -10"><span class='ocrx_word' id='word_1_482' title='bbox 200 2679 335 2716; x_wconf 80' lang='lat' dir='ltr'>divina</span> <span class='ocrx_word' id='word_1_483' title='bbox 355 2681 595 2726; x_wconf 80' lang='lat' dir='ltr'>perfectione</span> <span class='ocrx_word' id='word_1_484' title='bbox 616 2682 887 2719; x_wconf 82' lang='lat' dir='ltr'>excludantur.</span> 
     </span>
    </p>

    <p class='ocr_par' dir='ltr' id='par_1_11' title="bbox 199 2724 1822 2914">
     <span class='ocr_line' id='line_1_52' title="bbox 249 2724 1816 2776; baseline 0.001 -14"><span class='ocrx_word' id='word_1_485' title='bbox 249 2727 348 2770; x_wconf 83' lang='lat' dir='ltr'>Item,</span> <span class='ocrx_word' id='word_1_486' title='bbox 374 2728 600 2774; x_wconf 85' lang='lat' dir='ltr'>hujusmodi</span> <span class='ocrx_word' id='word_1_487' title='bbox 622 2729 784 2766; x_wconf 88' lang='lat' dir='ltr'>virtutes</span> <span class='ocrx_word' id='word_1_488' title='bbox 804 2728 1070 2775; x_wconf 85' lang='lat' dir='ltr'>perfectiones</span> <span class='ocrx_word' id='word_1_489' title='bbox 1089 2727 1271 2776; x_wconf 86' lang='lat' dir='ltr'>quaedam</span> <span class='ocrx_word' id='word_1_490' title='bbox 1291 2725 1507 2764; x_wconf 88' lang='lat' dir='ltr'>voluntatis</span> <span class='ocrx_word' id='word_1_491' title='bbox 1527 2728 1565 2762; x_wconf 90' lang='lat' dir='ltr'>et</span> <span class='ocrx_word' id='word_1_492' title='bbox 1584 2724 1816 2764; x_wconf 86' lang='lat' dir='ltr'>intellectus</span> 
     </span>
     <span class='ocr_line' id='line_1_53' title="bbox 201 2773 1817 2822; baseline -0.001 -10"><span class='ocrx_word' id='word_1_493' title='bbox 201 2778 307 2818; x_wconf 87' lang='lat' dir='ltr'>sunt,</span> <span class='ocrx_word' id='word_1_494' title='bbox 333 2783 418 2820; x_wconf 83' lang='lat' dir='ltr'>qnae</span> <span class='ocrx_word' id='word_1_495' title='bbox 450 2779 542 2811; x_wconf 85' lang='lat' dir='ltr'>sunt</span> <span class='ocrx_word' id='word_1_496' title='bbox 574 2775 766 2821; x_wconf 88' lang='lat' dir='ltr'>principia</span> <span class='ocrx_word' id='word_1_497' title='bbox 798 2776 1073 2822; x_wconf 88' lang='lat' dir='ltr'>operationum</span> <span class='ocrx_word' id='word_1_498' title='bbox 1105 2775 1255 2822; x_wconf 85' lang='lat' dir='ltr'>absque</span> <span class='ocrx_word' id='word_1_499' title='bbox 1284 2773 1486 2821; x_wconf 88' lang='lat' dir='ltr'>passione.</span> <span class='ocrx_word' id='word_1_500' title='bbox 1517 2773 1561 2809; x_wconf 86' lang='lat' dir='ltr'>In</span> <span class='ocrx_word' id='word_1_501' title='bbox 1580 2773 1662 2810; x_wconf 90' lang='lat' dir='ltr'>Deo</span> <span class='ocrx_word' id='word_1_502' title='bbox 1683 2776 1817 2811; x_wconf 86' lang='lat' dir='ltr'>autem</span> 
     </span>
     <span class='ocr_line' id='line_1_54' title="bbox 199 2819 1822 2905; baseline 0 -46"><span class='ocrx_word' id='word_1_503' title='bbox 199 2823 261 2859; x_wconf 86' lang='lat' dir='ltr'>est</span> <span class='ocrx_word' id='word_1_504' title='bbox 281 2821 758 2905; x_wconf 63' lang='lat' dir='ltr'>voluntastetintellectus</span> <span class='ocrx_word' id='word_1_505' title='bbox 781 2823 888 2861; x_wconf 87' lang='lat' dir='ltr'>nulla</span> <span class='ocrx_word' id='word_1_506' title='bbox 902 2831 1042 2861; x_wconf 90' lang='lat' dir='ltr'>carens</span> <span class='ocrx_word' id='word_1_507' title='bbox 1060 2821 1317 2870; x_wconf 83' lang='lat' dir='ltr'>perfectione.</span> <span class='ocrx_word' id='word_1_508' title='bbox 1339 2820 1463 2867; x_wconf 85' lang='lat' dir='ltr'>Igitur</span> <span class='ocrx_word' id='word_1_509' title='bbox 1474 2819 1559 2857; x_wconf 84' lang='lat' dir='ltr'>haec</span> <span class='ocrx_word' id='word_1_510' title='bbox 1573 2820 1654 2859; x_wconf 89' lang='lat' dir='ltr'>Deo</span> <span class='ocrx_word' id='word_1_511' title='bbox 1675 2819 1822 2859; x_wconf 74' lang='lat' dir='ltr'>deesse</span> 
     </span>
     <span class='ocr_line' id='line_1_55' title="bbox 201 2875 486 2914; baseline 0 -9"><span class='ocrx_word' id='word_1_512' title='bbox 201 2875 283 2905; x_wconf 88' lang='lat' dir='ltr'>non</span> <span class='ocrx_word' id='word_1_513' title='bbox 303 2876 454 2914; x_wconf 88' lang='lat' dir='ltr'>possun</span> <span class='ocrx_word' id='word_1_514' title='bbox 477 2895 486 2905; x_wconf 89' lang='lat'><strong>.</strong></span> 
     </span>
    </p>
   </div>
  </div>
 </body>
</html>
