1894 3223
0 2849 23 2987 ‹nv-⁴5³&
0 2784 22 2842 rw
0 2759 26 2776 τ
0 2726 12 2751 *-
0 2711 6 2718 ’

717 159 807 194 Lm.
837 160 864 198 1,
894 159 993 194 CAP.
1022 158 1137 194 xxvi.
1691 159 1730 194 3¹

120 241 260 279 eodem
277 250 421 286 genere
435 243 550 284 sunt;
573 239 672 276 alias
692 247 818 286 genus
839 239 886 275 de
920 239 1099 285 pluribus
1131 247 1211 276 non
1243 238 1533 284 praedicaretur.
1575 239 1735 283 Oportet

123 291 254 326 autem
276 287 423 331 omniu,
445 296 532 334 quae
551 287 591 323 in
611 286 747 323 eodem
771 295 913 334 genere
935 291 1042 329 suut,
1065 287 1104 322 in
1125 285 1342 332 quidttitate
1363 286 1520 332 generis
1547 285 1735 322 couveni-

120 344 167 372 re
183 346 192 379 ;
211 334 365 382 quiade
385 334 573 372 omnibus
593 342 722 380 genus
740 333 781 370 in
802 333 898 378 quod
916 334 1005 378 quid
1022 337 1074 368 est
1093 334 1340 379 praedicatur.
1364 334 1458 369 Esse
1474 332 1594 378 igitur
1608 331 1738 378 eujus-

123 381 220 420 libet
235 381 277 419 in
289 389 435 428 genere
456 381 663 418 existentis
684 383 746 417 est
765 383 906 425 praeter
926 380 1084 426 generis
1105 380 1377 426 quidditatem.
1411 380 1490 416 Hoc
1525 383 1655 415 autem
1693 378 1735 415 in

122 429 202 467 Deo
225 427 473 474 impossibile
493 431 578 472 est;
600 428 704 465 Deus
723 427 733 463 i
767 428 844 465 itur
863 427 902 463 iu
923 436 1065 474 genere
1088 436 1164 463 non
1187 431 1260 464 est.

167 475 351 521 Amplius,
371 474 682 522 unumquodque
703 483 750 511 co
769 474 922 511 locatur
942 474 982 510 in
1006 483 1150 520 genere
1171 484 1239 520 per
1270 474 1459 511 rationem
1483 482 1565 510 suae
1585 472 1737 522 quiddi-

123 522 239 560 tatis:
261 531 390 569 genus
415 525 546 560 autem
561 521 796 568 praedicatur
813 521 855 558 in
875 521 971 566 quod
990 521 1078 566 quid
1092 524 1155 557 est.
1181 521 1254 558 Sed
1276 520 1476 568 quidditas
1496 520 1562 557 Dei
1595 523 1656 557 est
1676 519 1735 564 ip-

122 577 212 606 sum
228 577 345 607 suum
367 577 471 614 esse,
493 568 712 606 secundum
734 567 839 615 quod
874 577 952 605 non
975 568 1193 605 collocatur
1223 567 1371 620 aliquid
1392 568 1432 604 in
1452 576 1596 615 genere
1614 578 1622 611 ;
1642 566 1737 613 quia

123 616 182 654 sic
202 625 275 654 ens
295 620 400 654 esset
421 624 562 662 genus,
583 615 689 662 quod
710 614 909 662 significat
932 615 1061 662 ipsum
1083 624 1186 653 esse.
1219 614 1468 662 Relinquitur
1486 622 1595 661 ergo,
1629 613 1735 661 quod

123 664 228 701 Deus
247 671 328 700 non
349 663 401 700 sit
418 663 460 700 in
477 672 636 709 genere.

170 710 283 754 Quod
315 713 446 747 autem
468 719 540 747 ens
561 719 641 747 non
663 710 792 756 possit
811 719 900 747 esso
921 719 1061 756 genus,
1083 709 1271 755 probatur
1295 718 1364 755 per
1385 708 1673 754 Philosophum
1694 708 1735 744 in

123 757 230 797 hunc
246 757 430 795 modum:
450 757 489 794 Si
505 761 694 794 ensessct
709 766 850 804 genus,
871 760 1068 803 oporteret
1084 755 1345 792 differentiam
1362 756 1533 802 aliquam
1551 755 1735 800 inveniri,

124 814 192 851 per
208 813 326 851 quam
346 805 567 842 traheretur
587 804 634 840 ad
656 805 828 850 speciem
841 815 849 847 ;
863 804 971 841 nulla
985 806 1115 840 autem
1137 802 1356 839 differentia
1372 802 1578 848 participat
1591 811 1733 847 genus,

124 851 178 889 ita
199 851 353 889 scilicet
369 851 475 898 quod
495 860 622 897 genus
643 852 695 888 sit
714 851 755 888 in
776 852 927 887 ratione
949 849 1203 893 differentiae3
1228 849 1321 895 quia
1345 850 1404 886 sic
1422 858 1549 895 genus
1568 858 1735 896 ponere—

123 900 189 936 tur
206 898 327 936 bisin
359 898 588 936 definitione
603 898 763 944 speciei.
784 897 858 935 Sed
879 900 1033 943 oportet
1047 895 1311 933 differentiam
1321 905 1409 933 esse
1424 900 1563 941 praetcr
1577 896 1615 932 id
1631 895 1737 942 quod

125 945 360 992 intelligitur
379 946 419 982 in
438 946 590 982 ratione
611 945 782 991 generis.
802 943 906 980 Nihil
928 947 1058 980 autem
1079 946 1210 988 potest
1228 952 1317 980 esse
1338 943 1443 990 quod
1466 943 1518 979 sit
1538 946 1678 988 praeter
1696 942 1736 979 id

125 992 231 1039 quod
251 992 487 1040 intelligitur
506 1001 575 1038 per
588 1001 673 1035 ens,
695 991 730 1028 si
745 1000 816 1028 ens
837 990 889 1027 sit
910 990 956 1027 de
978 990 1179 1027 intellectu
1202 999 1339 1027 eorum
1361 990 1408 1027 de
1429 990 1575 1036 quibus
1598 989 1737 1036 praedi-

125 1042 259 1083 catur;
279 1042 317 1076 et
333 1039 391 1076 sic
407 1039 632 1085 pernullam
645 1037 906 1075 differentiam
917 1037 1096 1075 contrahi
1113 1041 1254 1082 potest.
1265 1037 1514 1084 Relinquitur
1522 1046 1616 1084 ergo
1630 1036 1736 1083 quod

125 1095 198 1124 ens
225 1095 305 1138 non
331 1086 384 1123 sit
409 1095 552 1132 genus.
575 1086 683 1122 Unde
708 1094 756 1122 ex
786 1085 862 1123 hoc
883 1085 930 1122 de
950 1085 1188 1122 necessitate
1215 1084 1478 1130 concluditur,
1500 1084 1605 1131 quod
1632 1085 1736 1121 Deus

125 1136 276 1171 nonsit
294 1141 336 1170 ln
381 1141 510 1170 enere.
1387 1142 1393 1148 ·

172 1180 226 1217 Ex
247 1179 324 1217 hoc
341 1142 460 1218 egtiam
481 1183 586 1226 patet
604 1180 709 1226 quod
729 1181 834 1217 Deus
853 1177 1007 1216 definiri
1032 1187 1112 1216 non
1132 1182 1275 1225 potest,
1299 1179 1393 1227 quia
1406 1178 1539 1216 omnis
1560 1177 1737 1215 definitio

124 1229 186 1264 est
204 1236 252 1264 ex
268 1235 413 1274 genere
433 1231 472 1264 et
485 1226 733 1264 differentiis.

174 1275 283 1311 Patet
301 1274 434 1318 etiam,
456 1274 561 1321 quod
584 1283 663 1310 non
685 1277 814 1320 potest
833 1273 1118 1311 demonstratio
1139 1273 1186 1310 de
1206 1274 1294 1320 ipso
1327 1273 1425 1313 fieri,
1448 1273 1525 1310 nisi
1554 1282 1624 1320 per
1643 1271 1736 1309 effo-

125 1323 247 1405 gtum,
268 1321 362 1368 quia
381 1321 621 1368 principium
642 1321 995 1358 demonstrationis
1015 1324 1075 1358 est
1101 1320 1279 1357 delinitio
1310 1320 1488 1366 ejusdem
1515 1320 1563 1357 de
1583 1328 1661 1367 quo
1694 1319 1736 1356 fit

152 1368 427 1406 emonstratio.

173 1417 306 1452 Potest
326 1419 455 1452 autem
477 1415 596 1453 alicui
617 1415 739 1453 videri
761 1415 879 1462 quod,
902 1415 1082 1462 quamvis
1109 1423 1254 1451 nomen
1285 1415 1518 1452 substantiae
1538 1416 1617 1452 Deo
1646 1423 1736 1460 pro·

125 1462 209 1508 prie
226 1462 437 1500 convenire
456 1471 538 1500 non
555 1463 696 1509 possit,
719 1463 812 1509 quia
830 1464 933 1499 Deus
952 1471 1030 1499 uon
1050 1462 1204 1499 substat
1225 1462 1510 1506 accidentibus,
1528 1471 1590 1499 res
1604 1465 1736 1498 tamen

125 1508 350 1556 significata
364 1519 434 1556 per
452 1519 597 1548 nomen
619 1510 653 1546 ei
675 1510 895 1554 conveniat,
921 1513 957 1546 et
978 1510 1033 1545 ita
1063 1509 1115 1546 sit
1141 1509 1181 1545 in
1203 1517 1346 1555 genere
1363 1509 1620 1553 substantiae3
1645 1516 1735 1545 nam

126 1557 350 1594 substantia
369 1561 430 1594 est
449 1566 521 1595 ens
541 1566 611 1603 per
628 1566 684 1599 se,
704 1557 811 1602 quod
830 1558 909 1593 Deo
931 1561 1087 1593 constat
1107 1555 1342 1602 convenire3
1369 1566 1416 1594 ex
1435 1565 1514 1604 quo
1528 1556 1735 1602 probatum

125 1605 187 1642 est
201 1603 332 1649 ipsum
352 1612 434 1641 non
454 1613 543 1641 esse
563 1603 762 1642 accidens.

173 1650 248 1688 Sed
267 1651 316 1688 ad
331 1651 407 1688 hoc
420 1650 631 1688 dicendum
652 1654 725 1694 est,
746 1660 792 1687 ex
813 1650 928 1687 dictis
946 1650 994 1697 (c.
1016 1650 1090 1696 23),
1113 1650 1218 1696 quod
1239 1650 1280 1686 in
1301 1649 1530 1688 definitione
1555 1649 1738 1686 substan-

125 1697 190 1735 tiae
209 1706 290 1735 non
313 1702 371 1735 cst
391 1707 463 1735 ens
480 1708 549 1744 per
567 1707 623 1734 se.
647 1700 696 1734 Ex
715 1698 790 1735 hoc
812 1697 915 1734 enim
939 1697 1042 1744 quod
1065 1697 1208 1734 dicitur
1243 1706 1328 1737 ens,
1361 1706 1441 1734 non
1472 1700 1610 1744 posset
1646 1705 1736 1733 esse

125 1753 267 1791 genus,
291 1745 385 1792 quia
400 1745 482 1792 jam
502 1745 798 1791 probatum-est
817 1744 921 1791 quod
942 1753 1013 1782 ens
1035 1753 1112 1780 nou
1136 1744 1252 1781 habet
1271 1744 1465 1781 rationem
1486 1743 1659 1791 generis.
1681 1744 1737 1780 Si·

124 1791 270 1830 militer
286 1800 358 1829 nec
383 1802 432 1829 ex
452 1792 527 1829 hoc
544 1791 650 1839 quod
671 1791 814 1828 dicitur
834 1801 902 1838 per
931 1801 988 1835 sc,
1010 1792 1103 1838 quia
1125 1791 1199 1828 hoc
1221 1800 1301 1827 uon
1334 1791 1485 1828 videtur
1523 1792 1736 1837 importare

124 1839 202 1877 nisi
221 1839 472 1886 negationem
492 1843 669 1882 tantum;
692 1838 836 1875 dicitur
856 1838 961 1875 enirn
983 1848 1054 1875 ens
1075 1848 1143 1884 per
1163 1848 1205 1875 se
1224 1848 1271 1875 ex
1292 1838 1366 1875 hoc
1390 1838 1497 1884 quod
1515 1847 1596 1875 non
1615 1837 1735 1875 estin

123 1886 216 1930 alio,
237 1887 343 1932 quod
362 1890 423 1923 est
440 1886 598 1932 negatio
613 1895 724 1932 pura,
745 1895 832 1932 quae
853 1895 925 1922 nec
940 1889 1069 1931 potest
1089 1889 1269 1922 naturam
1283 1885 1345 1922 vel
1359 1886 1553 1922 rationem
1574 1885 1734 1931 generis

123 1933 393 1971 constituere:
424 1934 518 1981 quia
537 1933 596 1970 sic
615 1941 744 1979 genus
765 1941 845 1970 non
878 1932 1024 1969 diceret
1051 1933 1141 1977 quid
1170 1935 1223 1968 est
1252 1942 1322 1977 res,
1344 1932 1415 1970 sed
1448 1932 1539 1978 quid
1565 1941 1638 1968 non
1668 1934 1734 1969 est.

122 1980 282 2025 Oportet
302 1980 423 2027 igitur
442 1980 548 2027 quod
567 1980 668 2018 ratio
691 1979 923 2017 substantiae
958 1980 1203 2026 intelligatur
1238 1980 1315 2016 hoc
1347 1979 1481 2025 modo,
1503 1979 1610 2026 quod
1647 1979 1737 2016 sub-

121 2027 269 2065 stantia
287 2027 341 2064 sit
359 2036 437 2073 res,
471 2028 533 2064 cui
561 2027 772 2065 conveniat
790 2036 879 2064 esse
900 2035 981 2064 non
1007 2027 1049 2063 in
1070 2026 1249 2072 subjecto
1278 2025 1441 2073 (nomen
1477 2030 1609 2064 autem
1636 2027 1692 2063 rei
1712 2036 1737 2064 a

120 2074 337 2120 quidditate
354 2074 584 2120 imponitur,
600 2074 704 2112 sicut
718 2082 861 2111 nomen
878 2074 981 2111 entis
996 2075 1044 2111 ab
1058 2074 1177 2121 esse),
1199 2073 1307 2111 etsie
1321 2074 1361 2110 in
1380 2073 1533 2111 ratione
1548 2074 1733 2111 substan-

120 2121 184 2159 tiae
205 2121 462 2168 intelligatur,
480 2122 586 2168 quod
604 2121 748 2159 habeat
763 2121 1022 2169 quidditatem
1043 2121 1106 2158 cui
1128 2121 1338 2158 conveniat
1361 2130 1451 2158 esse
1477 2130 1557 2158 non
1579 2121 1619 2156 in
1641 2121 1732 2158 alio.

121 2168 201 2206 Hoc
220 2172 351 2206 autem
362 2170 452 2205 *Deo
472 2177 552 2206 non
573 2168 757 2205 convenit
771 2180 780 2214 3
795 2177 883 2205 nam
898 2177 978 2205 non
994 2168 1378 2215 habetquidditatem
1396 2168 1475 2204 nisi
1494 2177 1610 2205 suum
1628 2177 1732 2205 esse.

120 2215 228 2253 Unde
248 2215 498 2263 relinquitur,
526 2215 631 2263 quod
652 2215 764 2254 nullo
784 2216 903 2252 modo
923 2216 1041 2253 estin
1062 2224 1207 2262 genere
1229 2215 1463 2252 substantiae
1483 2227 1492 2260 ;
1514 2218 1552 2251 et
1572 2215 1630 2252 sic
1660 2224 1734 2252 nec

118 2260 161 2301 in
191 2262 326 2312 aliquo
360 2271 521 2306 genere,
553 2271 676 2307 ouum
702 2266 909 2302 ostensum
941 2262 995 2301 sit
1023 2263 1157 2308 ipsum
1191 2270 1273 2300 non
1294 2271 1384 2300 esse
1404 2262 1447 2299 in
1465 2270 1611 2308 genere
1629 2262 1734 2301 acci·

118 2306 262 2348 dentis,
286 2312 314 2355 (ι
335 2310 450 2355 part„
469 2317 507 2354 q.
530 2315 588 2352 111,
609 2310 682 2345 art.
701 2306 757 2355 ὅ.)

759 2423 928 2466 CAPUT
954 2424 1094 2467 XXVI.

466 2538 566 2572 QUOD
591 2538 689 2567 DEUS
715 2538 793 2567 NON
817 2539 889 2567 EST
913 2539 1006 2567 ESSE
1028 2538 1206 2567 FORMALE
1232 2537 1395 2567 OMNIUM.

166 2631 220 2676 Ex
239 2629 302 2675 his
321 2629 548 2666 contutatur
560 2628 821 2680 quorumdam
836 2638 959 2673 error,
973 2628 1040 2675 qui
1058 2627 1241 2665 dixerunt
1255 2629 1377 2664 Deum
1392 2626 1491 2664 nihil
1505 2626 1614 2665 aliud
1628 2636 1735 2673 esse,

118 2677 243 2724 quam‘
257 2685 347 2713 esse
368 2675 533 2712 formale
555 2684 870 2722 uniuscujusque
891 2676 962 2712 rei.

164 2725 263 2760 Nam
283 2731 373 2760 esse
393 2723 469 2759 hoc
491 2721 678 2759 dividitur
697 2730 765 2767 per
785 2731 874 2759 esse
890 2721 1124 2759 substantiae
1140 2725 1178 2761 et
1195 2731 1284 2759 esse
1302 2721 1533 2758 accidentis.
1550 2721 1733 2758 Divinum

117 2774 250 2811 autem
269 2778 359 2808 esse
380 2778 460 2806 non
481 2773 541 2806 est
561 2778 650 2806 esse
671 2768 905 2806 substantiae
940 2778 1065 2816 neque
1089 2778 1178 2806 esse
1207 2768 1438 2812 accidentis,
1464 2772 1506 2805 ut
1527 2768 1735 2813 probatum

117 2819 192 2855 est.
214 2816 465 2863 Impossibile
485 2819 544 2853 est
565 2816 686 2863 igitur
705 2817 827 2852 Deum
848 2825 938 2854 esse
961 2815 1058 2853 illud
1080 2825 1183 2862 esse,
1205 2825 1284 2863 quo
1307 2816 1526 2853 formaliter
1547 2824 1735 2862 unaquae-

146 2873 194 2902 ue
214 2872 278 2901 res
297 2867 371 2902 est.

117 2873 141 2911 q
163 2912 264 2957 Item,
284 2919 349 2952 res
367 2911 414 2948 ad
432 2910 602 2949 invicem
622 2920 704 2949 non
722 2910 1023 2957 distinguuntur
1057 2910 1277 2952 secundum
1312 2910 1418 2957 quod
1452 2918 1541 2948 esse
1571 2908 1734 2954 habent,
