1894 3223
148 99 217 136 318
722 92 810 128 LIB.
837 94 902 137 III,
930 93 1030 129 CAP.
1057 93 1209 129 XLVIII.

146 181 291 226 potest.
309 179 414 213 Tunc
436 178 581 219 autem,
605 174 890 219 utplurimum,
912 173 1113 211 modicum
1135 177 1256 211 restat
1277 175 1460 213 humanae
1476 175 1581 213 vitae.
1604 177 1690 213 Non
1710 180 1771 214 est

147 227 270 274 igitur
287 222 479 270 possibile
501 222 541 257 in
564 222 638 257 hac
657 221 737 257 vita
760 221 937 257 ultimam
958 221 1134 258 hominis
1155 221 1382 259 felicitatem
1404 231 1507 260 esse.

194 274 382 309 Praeterea,
412 268 638 304 felicitatem
675 268 888 313 perfectam
921 268 1120 314 quoddam
1154 268 1305 305 bonum
1336 278 1477 307 omnes
1517 269 1770 308 confitentur.

146 319 252 357 Alias
268 316 482 362 appetitum
504 323 585 351 non
605 314 810 361 quietaret.
828 315 1048 352 Perfectum
1068 319 1199 353 autem
1220 316 1366 353 bonum
1391 320 1450 354 est
1472 317 1577 364 quod
1602 318 1769 354 omnino

149 367 257 402 caret
288 362 529 400 admixtione
562 362 671 405 mali,
710 362 814 398 sicut
846 362 1060 408 perfectum
1093 363 1227 399 album
1261 367 1321 400 est
1351 364 1457 410 quod
1503 368 1564 401 est
1606 365 1774 402 omnino

148 410 442 457 impermixtum
464 409 592 455 nigro.
612 410 698 445 Non
720 412 781 446 est
800 412 929 445 autem
949 410 1140 454 possibile
1162 410 1268 456 quod
1292 411 1412 447 1101110
1431 411 1471 447 111
1510 414 1614 448 statu
1651 411 1771 448 istius

147 458 236 494 vitae
258 457 422 494 omnino
454 456 506 492 sit
537 455 728 492 immunis
761 466 784 492 a
815 456 932 493 malis
965 465 1045 493 non
1079 457 1208 493 solum
1246 458 1535 503 corporalibus,
1557 468 1644 505 quae
1679 462 1774 495 sunt

148 505 287 545 fames,
312 504 414 547 sitis,
437 507 558 539 aestus
580 507 616 538 ct
639 502 764 549 frigus
786 506 823 539 et
841 503 919 539 alia
940 503 1184 549 hujiismodi,
1201 504 1268 540 sed
1292 505 1407 541 etiam
1432 515 1453 541 a
1474 505 1591 542 malis
1611 505 1770 542 animae.

147 552 290 589 Nullus
311 551 417 587 enim
438 550 637 597 inyenitur
657 550 723 596 qui
743 559 824 586 non
846 550 1060 596 aliquando
1081 550 1321 588 inordinatis
1340 552 1598 597 passionibus
1621 552 1776 599 inquie-

148 602 265 642 tetur,
288 598 354 645 qui
376 606 455 634 11011
477 596 692 643 aliquando
711 600 916 643 praetereat
936 597 1109 633 medium
1144 598 1185 634 in
1219 607 1297 644 quo
1330 599 1456 635 virtus
1491 599 1690 641 consistit,
1710 598 1772 635 vel

148 646 190 682 in
208 645 314 692 plus,
334 644 395 681 vel
417 644 456 681 in
478 644 626 688 minus,
649 644 715 690 qui
738 653 819 681 non
837 643 954 680 etiam
973 644 1014 679 in
1036 643 1236 691 aliquibus
1274 644 1505 691 decipiatur,
1528 646 1588 682 vel
1629 646 1771 683 saltem

149 692 308 739 ignoret
326 701 413 739 quae
434 691 536 728 scire
558 691 767 732 desideret,
791 691 993 728 autetiam
1032 691 1151 728 debili
1183 691 1373 736 opinione
1407 693 1606 738 concipiat
1643 702 1689 730 ea
1724 692 1773 730 de

149 739 296 824 Ῐ0111111115
331 738 606 777 certitudinem
638 738 782 775 habere
813 737 943 775 vellet.
965 739 1049 775 Non
1083 742 1143 775 est
1175 738 1297 785 igitur
1329 739 1475 786 aliquis
1508 739 1547 775 in
1585 740 1658 776 bac
1693 739 1776 777 vita

167 796 186 824 e
205 796 258 824 ix.

196 834 341 873 Adhuc,
376 832 497 869 homo
533 832 765 869 naturaliter
797 832 943 879 refugit
974 835 1157 876 mortem,
1191 835 1229 868 et
1262 832 1441 869 tristatur
1474 832 1521 870 de
1556 832 1656 878 ipsa,
1691 841 1774 870 non

150 881 282 918 solum
304 883 347 916 ut
373 888 479 916 nunc
500 888 588 915 cum
612 889 697 916 eam
720 880 840 916 sentit
858 889 943 915 eam
964 880 1124 926 refugit,
1147 879 1215 916 sed
1238 880 1354 916 etiam
1376 889 1464 917 cum
1500 889 1587 917 eam
1619 879 1777 927 recogi-

149 932 219 964 tat.
242 929 322 964 Hoc
342 930 473 963 autem
494 927 599 973 quod
620 936 701 963 non
722 927 915 963 moriatur
939 926 1059 963 homo
1084 935 1164 963 non
1185 930 1315 972 potest
1335 927 1497 974 assequi
1518 928 1559 964 in
1583 926 1658 963 hac
1678 927 1773 964 vita.

149 976 238 1012 Non
260 977 320 1012 est
344 974 466 1020 igitur
485 973 680 1020 possibile
702 974 807 1020 quod
826 974 946 1010 homo
970 973 1007 1010 in
1029 974 1102 1011 hac
1123 974 1203 1009 vita
1220 974 1271 1010 sit
1289 974 1395 1011 felix.

198 1022 380 1067 Amplius,
405 1021 573 1057 felicitas
595 1021 734 1057 ultima
758 1030 837 1058 non
873 1020 1060 1058 consistit
1095 1021 1136 1057 in
1171 1021 1322 1065 babitu,
1346 1021 1416 1058 sed
1450 1020 1490 1058 in
1527 1021 1774 1067 operatione.

153 1069 318 1106 Habitus
337 1068 441 1104 enim
463 1072 623 1113 propter
643 1072 754 1104 actus
775 1072 880 1105 sunt.
902 1068 973 1105 Sed
992 1067 1241 1113 impossibile
1263 1072 1323 1105 est
1343 1068 1384 1104 in
1400 1068 1473 1105 hac
1489 1068 1570 1105 vita
1586 1069 1775 1105 continue

153 1125 270 1163 agere
292 1124 583 1162 quamcumque
606 1115 817 1151 actionem,
836 1115 1088 1160 Impossibile
1109 1119 1167 1151 est
1189 1115 1311 1161 igitur
1329 1115 1370 1151 in
1386 1115 1460 1152 hac
1475 1115 1554 1151 vita
1572 1115 1774 1152 hominem

151 1163 326 1200 totaliter
345 1171 434 1199 esse
455 1161 623 1197 felicem.

198 1211 300 1249 Item,
324 1213 471 1256 quanto
505 1208 656 1254 aliquid
691 1212 752 1246 est
784 1209 913 1255 magis
947 1209 1213 1245 desideratum
1247 1211 1285 1245 et
1319 1208 1520 1253 dilectum,
1542 1212 1653 1246 tanto
1685 1209 1771 1255 ejus

152 1256 319 1294 amissio
341 1256 527 1301 majorem
549 1255 726 1292 dolorem
763 1259 800 1292 et
836 1255 1036 1292 tristitiam
1071 1254 1195 1292 affert.
1218 1256 1401 1292 Felicitas
1433 1260 1563 1292 autem
1601 1257 1774 1293 maxime

153 1303 400 1340 desideratur
419 1306 457 1338 et
476 1306 642 1339 amatur.
663 1302 830 1339 Maxime
851 1302 972 1349 igitur
993 1302 1078 1349 ejus
1099 1302 1264 1339 amissio
1299 1302 1501 1340 tristitiam
1531 1303 1661 1340 habet.
1685 1303 1773 1348 Sed,

153 1351 187 1387 si
209 1351 261 1387 sit
277 1350 316 1386 in
339 1350 412 1386 hac
432 1349 512 1386 vita
529 1349 670 1386 ultima
690 1350 872 1393 felicitas,
893 1354 1043 1386 certum
1064 1354 1125 1386 est
1145 1349 1251 1396 quod
1270 1350 1516 1386 amitteretur
1533 1350 1673 1386 saltem
1706 1360 1776 1396 per

151 1401 341 1440 mortem,
357 1400 395 1432 et
416 1405 496 1433 non
514 1399 575 1432 est
595 1400 744 1432 certum
766 1400 897 1433 utrum
929 1396 1117 1433 duratura
1151 1397 1203 1433 sit
1235 1405 1362 1442 usque
1399 1396 1447 1433 ad
1480 1401 1663 1441 mortem,
1683 1407 1774 1434 cum

152 1444 318 1482 cuilibet
337 1443 491 1480 homini
512 1443 705 1489 possibile
728 1443 779 1480 sit
799 1444 838 1479 in
861 1443 934 1480 hac
951 1443 1030 1480 vita
1051 1443 1230 1481 accidere
1252 1443 1414 1480 morbos
1436 1443 1582 1489 quibus
1603 1444 1777 1482 totaliter

152 1491 201 1528 ab
235 1490 465 1536 operatione
499 1490 655 1526 virtutis
686 1490 912 1536 impeditur,
935 1490 1037 1526 sicut
1072 1490 1315 1536 phrenesim,
1336 1493 1374 1526 et
1402 1490 1480 1526 alia
1525 1490 1773 1537 hujusmodi,

153 1537 299 1585 quibus
320 1537 534 1583 impeditur
550 1537 719 1574 rationis
741 1546 854 1574 usus.
875 1538 1035 1583 Semper
1054 1537 1176 1584 igitur
1196 1537 1288 1574 talis
1310 1536 1480 1574 felicitas
1501 1537 1662 1574 habebit
1683 1538 1775 1575 tris-

151 1585 279 1622 titiam
299 1584 531 1621 naturaliter
550 1593 759 1620 annexam.
781 1586 867 1621 Non
889 1585 962 1621 erit
982 1584 1103 1631 igitur
1120 1584 1293 1630 perfecta
1313 1584 1497 1621 felicitas.

200 1634 334 1669 Potest
354 1634 483 1668 autem
508 1630 653 1677 aliquis
674 1631 804 1668 dicere
825 1631 944 1678 quod,
965 1641 1054 1668 cum
1077 1631 1245 1669 felicitas
1267 1631 1318 1668 sit
1338 1631 1486 1668 bonum
1525 1631 1776 1668 intellectua-

150 1679 203 1717 lis
224 1683 388 1723 naturae,
407 1678 579 1724 perfecta
599 1682 637 1714 et
655 1687 746 1716 vera
767 1678 936 1715 felicitas
958 1683 1017 1715 est
1036 1679 1210 1723 illorum,
1232 1679 1274 1715 in
1307 1678 1452 1725 quibus
1488 1682 1628 1715 natura
1661 1679 1775 1716 intel-

152 1727 335 1763 lectualis
358 1726 531 1772 perfecta
550 1725 762 1769 invenitur,
785 1725 825 1762 id
847 1730 906 1763 est
927 1726 968 1762 111
992 1725 1228 1763 substantiis
1248 1726 1457 1771 separatis.
1478 1727 1520 1761 In
1545 1725 1774 1763 hominibus

153 1778 284 1811 autem
317 1773 518 1809 invenitur
553 1772 783 1818 imperfecta
814 1782 883 1818 per
915 1773 1075 1809 modum
1113 1773 1430 1818 participationis
1463 1772 1683 1818 qu'usdam.
1705 1773 1762 1810 Ad

151 1820 355 1857 veritatem
378 1820 482 1856 enim
504 1819 804 1865 intelligendam
837 1820 967 1865 plene,
990 1820 1152 1856 nonnisi
1173 1829 1242 1865 per
1265 1819 1475 1866 quemdam
1495 1819 1774 1866 inquisitionis

152 1867 315 1905 modurn
356 1867 579 1912 pertingere
612 1870 795 1911 possunt,
836 1870 873 1903 et
907 1866 956 1902 ad
988 1875 1034 1903 ea
1065 1876 1152 1912 quae
1189 1870 1283 1903 sunt
1318 1865 1536 1903 secundum
1588 1870 1771 1903 naturam

152 1914 323 1951 maxime
360 1913 628 1959 intelligibilia
663 1914 827 1949 omnino
860 1912 1061 1957 deficiunt,
1099 1913 1203 1950 sicut
1235 1923 1283 1949 ex
1317 1912 1433 1950 dictis
1456 1911 1555 1959 (cap.
1577 1912 1636 1960 45)
1655 1917 1772 1959 patet.

154 1961 262 1998 Unde
284 1970 356 1997 nec
378 1960 547 1996 felicitas
568 1960 787 1996 secundum
810 1969 921 1997 suam
944 1960 1157 2006 perfectam
1193 1960 1387 1996 rationem
1425 1963 1556 2006 potest
1584 1960 1772 1998 omnibus

154 2007 385 2046 hominibus
406 2007 560 2051 adesse,
583 2007 651 2042 sed
674 2006 823 2054 aliquid
844 2007 972 2053 ipsius
992 2007 1228 2053 participant
1248 2007 1365 2043 etiam
1385 2007 1425 2043 in
1447 2007 1520 2043 bac
1536 2007 1628 2044 vita.

200 2057 242 2090 Et
263 2055 347 2090 haec
366 2054 521 2090 videtur
541 2053 665 2090 fuisse
684 2054 881 2091 sententia
896 2054 1120 2091 Aristotelis
1141 2055 1188 2091 de
1209 2054 1411 2097 felicitate,
1432 2053 1535 2090 unde
1568 2054 1611 2090 in
1644 2054 1774 2100 primo

151 2102 271 2139 Ethic.
295 2101 393 2147 (cap.
418 2100 474 2147 14)
496 2100 561 2137 ubi
583 2100 748 2147 inquirit
769 2105 898 2137 utrum
919 2101 1139 2138 infortunia
1171 2100 1313 2138 tollant
1344 2100 1586 2145 felicitatem,
1610 2104 1775 2138 ostenso

153 2149 259 2196 quod
281 2148 449 2185 felicitas
468 2147 520 2184 sit
540 2148 581 2184 111
605 2148 905 2194 operationibus
927 2148 1083 2185 virtutis
1104 2157 1191 2195 quae
1221 2148 1393 2185 maxime
1424 2151 1702 2193 permanentes
1732 2149 1773 2185 in

152 2196 227 2233 hac
247 2195 327 2232 vita
345 2204 434 2232 esse
454 2194 650 2239 videntur,
671 2195 872 2232 concludit
893 2195 986 2232 illos
1004 2195 1150 2242 quibus
1168 2195 1260 2232 talis
1289 2194 1479 2241 perfectio
1514 2195 1556 2231 iu
1590 2195 1664 2232 hac
1695 2195 1777 2233 vita

152 2243 310 2290 quidem
333 2242 445 2279 adest
465 2251 554 2279 0550
572 2242 725 2287 beatos,
745 2246 787 2279 ut
807 2243 1005 2287 homines,
1029 2243 1143 2290 quasi
1165 2251 1247 2280 non
1268 2242 1503 2288 simpliciter
1529 2241 1578 2278 ad
1608 2242 1775 2279 felicita-

150 2293 228 2327 tem
249 2289 534 2336 pertingentes,
554 2289 624 2326 sed
642 2289 761 2326 modo
781 2290 971 2327 humano.

199 2336 310 2381 Quod
327 2340 456 2373 autem
479 2336 666 2382 praedicta
679 2338 890 2383 responsio
906 2337 1081 2374 rationes
1101 2337 1330 2383 praemissas
1352 2345 1433 2373 non
1448 2339 1624 2380 evacuet,
1644 2339 1777 2373 osten-

151 2383 324 2421 dendum
346 2387 418 2420 est.
436 2384 561 2420 Homo
580 2383 700 2428 enim,
720 2384 793 2421 etsi
818 2388 967 2421 naturae
987 2384 1125 2421 ordine
1140 2384 1377 2421 substantiis
1400 2383 1595 2429 separatis
1611 2383 1663 2420 sit
1677 2383 1774 2419 infe-

149 2431 244 2476 rior,
261 2430 455 2468 creaturis
475 2434 607 2467 tamen
622 2431 962 2468 irrationabilibus
978 2431 1160 2476 superior
1177 2435 1250 2468 est.
1271 2430 1500 2467 Perfectiori
1519 2430 1641 2476 igitur
1653 2429 1772 2466 modo

150 2487 267 2515 suum
300 2477 420 2514 finem
453 2477 636 2515 ultimum
657 2482 924 2525 consequetur
943 2487 1060 2524 quam
1082 2478 1163 2515 illa.
1184 2478 1256 2514 Illa
1272 2486 1365 2514 vero
1386 2477 1446 2514 sic
1464 2477 1635 2523 perfecte
1655 2485 1771 2512 suum

149 2524 268 2561 finem
290 2525 475 2562 ultimum
496 2529 811 2572 consequuntur,
828 2525 933 2572 quod
950 2525 1049 2561 1111111
1071 2525 1178 2561 aliud
1201 2528 1396 2572 quaerunt.
1418 2525 1539 2561 Grave
1561 2523 1770 2574 enimcum

150 2571 269 2608 fuerit
289 2572 330 2608 in
350 2581 424 2609 suo
454 2571 535 2616 ubi,
558 2572 740 2619 quiescit.
765 2572 961 2610 Animalia
980 2572 1098 2608 etiam
1128 2581 1217 2608 cum
1239 2572 1423 2608 fruuntur
1443 2569 1774 2621 delectationibus

151 2619 370 2655 secundum
389 2628 567 2662 sensum,
588 2628 725 2655 eorum
758 2619 938 2656 naturale
959 2619 1199 2656 desiderium
1231 2619 1442 2666 quietatur.
1464 2619 1622 2662 Oportet
1652 2620 1775 2662 igitur

151 2664 277 2700 multo
299 2666 441 2702 fortius
461 2666 582 2712 quod,
604 2676 693 2702 cum
715 2666 836 2703 homo
857 2666 1078 2712 pervenerit
1098 2666 1145 2702 ad
1170 2675 1284 2702 suum
1307 2665 1425 2701 finem
1446 2664 1644 2715 ultimum,
1664 2666 1776 2699 natu-

150 2710 232 2747 rale
254 2710 340 2756 ejus
361 2711 601 2749 desiderium
623 2714 834 2760 quietatur.
858 2713 930 2750 Sed
953 2713 1030 2750 hoc
1048 2721 1129 2750 non
1150 2717 1281 2759 potest
1297 2711 1380 2748 fieri
1402 2711 1443 2747 in
1462 2714 1542 2746 vita
1561 2713 1651 2746 ista.
1673 2711 1774 2756 Ergo

151 2757 272 2794 homo
294 2766 372 2793 non
394 2760 652 2805 consequitur
666 2760 892 2797 felicitatem
914 2764 1030 2805 prout
1049 2763 1108 2797 est
1129 2759 1220 2796 fmis
1238 2758 1421 2804 proprius
1442 2755 1527 2803 ejus
1545 2756 1585 2793 in
1607 2756 1681 2793 bac
1695 2758 1775 2795 vila

150 2808 193 2841 ut
214 2808 421 2841 ostensum
444 2809 515 2841 est.
534 2807 693 2850 Oportet
714 2816 808 2853 ergo
824 2807 929 2853 quod
951 2811 1220 2853 consequatur
1236 2809 1325 2851 post
1347 2804 1449 2840 hanc
1470 2803 1604 2840 vitam.

196 2851 340 2897 Adhuc,
368 2850 615 2897 impossibile
648 2857 706 2890 est
729 2853 909 2891 naturale
939 2853 1182 2890 desiderium
1212 2861 1302 2889 esse
1332 2850 1463 2887 inane.
1486 2851 1634 2887 Natura
1665 2850 1772 2887 enim
