1894 3223
671 126 761 164 Lm.
790 125 838 170 11,
864 125 966 163 CAP.
993 125 1137 162 LXXIV.
1635 127 1703 162 203

83 207 230 254 gibiles
249 208 535 243 conserventur
564 205 608 243 in
635 205 771 252 aliquo
800 215 951 253 organo
979 215 1170 252 corporeo
1206 206 1288 243 sive
1327 206 1368 242 in
1400 205 1533 252 aliqua
1561 206 1703 244 virtute

86 255 254 291 habente
273 260 467 299 organum
500 260 733 299 corporeum
754 265 762 297 ;
783 253 844 289 vel
866 256 1019 298 oportet
1039 253 1144 299 quod
1165 253 1300 290 t'ormae
1321 252 1593 299 intelligibiles
1625 255 1705 290 sint

85 310 155 348 per
175 309 218 338 se
238 300 466 343 existentes,
490 299 538 336 ad
555 308 654 346 quas
686 303 935 345 comparetur
956 300 1181 337 intellectus
1214 299 1420 346 possibilis
1442 304 1577 337 noster
1598 301 1704 338 sicut

85 347 291 395 speculum
312 346 359 383 ad
381 355 444 384 res
469 355 557 393 quae
574 346 756 383 videntur
774 347 813 382 in
835 347 997 392 speculo
1016 359 1024 389 ;
1052 348 1111 383 vel
1130 351 1283 393 oportet
1302 347 1407 393 quod
1424 348 1578 393 species
1594 347 1707 385 intel-

86 394 263 442 ligibiles
283 393 408 431 fluant
433 393 473 430 in
496 393 737 430 intellectum
759 394 990 439 possibilem
1007 394 1053 430 de
1084 403 1186 431 novo
1208 394 1254 430 ab
1277 395 1409 441 aliquo
1428 398 1568 441 agente
1593 404 1705 442 sepa-

86 446 186 487 rato,
226 441 558 494 quandocumque
593 444 682 477 actu
716 441 915 486 intelligit.
954 441 1124 477 t‘rimum
1165 445 1294 478 autem
1328 442 1467 478 tiorum
1501 442 1619 478 trium
1647 446 1707 479 est

85 488 350 536 impossibiie,
373 488 467 535 quia
487 490 622 525 t'ormae
642 487 858 525 existentes
877 488 917 524 in
937 489 1126 534 potentiis
1148 489 1350 524 utentibus
1376 489 1538 534 organis
1566 498 1706 535 corpo-

85 536 238 574 ralibus
258 540 350 572 sunt
368 535 641 581 intelligibiles
660 535 698 571 in
716 535 892 580 potentia
913 538 1078 571 tantum.
1099 535 1322 572 Secundum
1342 540 1472 572 autem
1493 540 1552 573 est
1570 537 1707 582 opinio

87 583 278 627 Platonis,
299 592 417 630 quam
439 582 622 629 reprobat
638 582 868 619 Aristoteles
891 582 1122 627 (Metupliys.‚
1146 592 1170 623 i,
1195 586 1286 619 text.
1305 591 1447 619 comm.
1463 585 1507 619 25
1526 583 1706 630 etinsra).

86 630 195 668 Unde
217 630 420 668 concludit
440 631 613 673 tertium,
637 630 754 677 quod,
778 630 1109 676 quandocumque
1145 630 1543 675 intelligiinus‘actii‚
1580 630 1709 667 fluunt

86 677 242 724 species
274 677 548 723 intelligibiles
582 677 622 713 in
661 676 902 714 intellectum
944 677 1176 722 possibilem
1211 681 1391 713 nostrum
1425 677 1472 713 ab
1505 678 1708 715 intellectu

86 728 228 772 agente
257 733 373 771 quem
395 725 506 770 ponit
526 725 611 769 ipse
631 724 840 770 quamdam
863 724 1125 761 substantiam
1142 727 1377 768 separatam.

133 772 171 810 Si
192 781 285 808 vero
307 772 453 818 aliquis
474 771 634 817 objiciat
654 775 792 808 contra
810 780 899 808 eum
920 771 1024 817 quod
1050 774 1146 807 tunc
1168 779 1249 806 non
1280 775 1339 807 est
1363 768 1585 807 differentia
1606 771 1709 809 inter

88 819 305 863 hominem,
327 827 450 865 quum
473 820 600 864 primo
619 818 786 855 addiscit
809 822 846 854 et
865 827 985 864 quum
1005 817 1258 863 postmodum
1279 818 1362 854 vult
1394 818 1646 855 considerare
1667 819 1708 855 in

88 869 176 903 actu
199 875 285 913 quae
306 867 415 912 prius
450 865 601 909 didicit,
624 865 833 910 respondet
854 864 960 911 quod
990 864 1195 902 addiscere
1224 864 1323 900 nibil
1358 864 1465 901 aliud
1497 869 1556 901 est
1590 874 1707 912 quam

89 913 293 966 acquirere
311 913 521 959 perfectam
545 913 815 949 habitudinem
836 911 1103 958 conjungendi
1124 920 1166 948 se
1200 911 1472 958 intelligent-ire
1494 913 1640 959 agenti,
1661 912 1708 950 ad

88 960 356 1006 recipiendum
379 960 427 996 ab
443 970 489 996 ea
505 961 670 996 formam
688 959 1001 1005 intelligibilem;
1025 962 1061 996 et
1081 958 1184 1003 ideo,
1205 963 1293 995 ante
1312 959 1516 996 addiscere
1529 964 1589 996 est
1604 959 1709 997 nuda

87 1008 267 1090 potegtia
287 1007 327 1043 in
350 1007 510 1044 bomine
532 1007 578 1043 ad
598 1007 714 1043 talem
735 1006 1016 1052 receptionem,
1039 1006 1243 1043 addiscere
1264 1015 1356 1043 vero
1378 1009 1436 1043 est
1455 1007 1557 1043 sicut
1574 1011 1710 1053 poten-

87 1055 144 1091 tia
163 1063 186 1090 a
217 1064 234 1090 a
268 1058 359 1090 tata.

134 1063 294 1137 Videtzi·
310 1101 427 1137 etiam
452 1100 544 1137 huic
564 1100 744 1146 opinioni
763 1109 983 1137 consonare
1004 1099 1111 1147 quod
1132 1099 1198 1145 (De
1218 1101 1402 1143 memoria,
1416 1109 1451 1137 c.
1470 1100 1502 1146 t)
1519 1100 1707 1146 ostendit,

89 1148 322 1185 memoriam
343 1156 422 1184 non
444 1156 534 1184 esse
554 1147 593 1184 in
614 1151 722 1193 parte
741 1147 994 1191 intellectiva,
1016 1147 1084 1184 sed
1107 1147 1148 1183 in
1178 1151 1286 1192 parte
1315 1147 1458 1183 animae
1490 1148 1707 1191 sensitiva;

87 1204 136 1232 ex
158 1203 238 1242 quo
259 1195 413 1232 videtur
432 1194 537 1241 quod
555 1194 806 1232 conservatio
823 1195 1046 1241 specierum
1076 1194 1391 1241 intelligibilium
1416 1202 1497 1231 non
1516 1195 1711 1241 pertineat

89 1242 137 1281 ad
163 1245 313 1289 partem
332 1241 625 1279 intellectivam.

134 1289 207 1327 Sed
228 1289 261 1327 si
277 1288 486 1334 diligenter
505 1289 780 1326 consideretur
798 1289 882 1326 haec
902 1289 1265 1336 positio,quantum
1286 1289 1333 1325 ad
1343 1289 1553 1336 originem,
1574 1298 1711 1334 parum

90 1340 159 1375 aut
179 1336 280 1373 nihil
300 1335 432 1373 differt
449 1336 687 1383 apositione
709 1336 900 1374 Platonis.
924 1337 1062 1373 Posuit
1082 1337 1188 1373 enim
1210 1336 1318 1373 Plato
1346 1336 1495 1374 formas
1522 1336 1712 1383 intelligi-

87 1383 190 1421 biles
210 1392 302 1421 esse
327 1383 520 1430 quasdam
551 1384 798 1421 substantias
827 1388 1044 1430 separatas,
1069 1392 1092 1421 a
1123 1382 1270 1430 quibus
1306 1384 1474 1421 scientia
1506 1383 1651 1421 fluebat
1671 1384 1711 1420 in

91 1430 246 1468 animas
264 1434 449 1475 nostras;
471 1431 536 1468 hic
557 1430 781 1477 (Avicenna)
801 1435 930 1468 autem
950 1431 1062 1477 ponit
1079 1430 1127 1468 ab
1152 1440 1232 1468 una
1258 1431 1482 1468 substantia
1515 1434 1709 1477 separata,

118 1487 177 1514 uae
198 1481 258 1515 est
277 1478 503 1514 intellectus
525 1487 648 1524 agens
666 1478 885 1515 secundum
906 1478 1052 1525 ipsum,
1073 1478 1282 1515 scientiam
1300 1478 1343 1514 in
1364 1478 1519 1515 animas
1553 1481 1711 1516 nostras

124 1534 228 1561 uere.
263 1526 348 1561 Non
386 1528 517 1561 autem
544 1524 686 1569 differt,
721 1529 912 1571 quantum
943 1525 992 1561 ad
1022 1525 1183 1562 modum
1221 1525 1453 1571 acquirendi
1487 1524 1710 1570 scientiam,

90 1575 222 1609 utrum
244 1571 292 1608 ab
313 1580 394 1608 una
411 1571 473 1608 vel
492 1571 673 1618 pluribus
694 1572 929 1619 substantiis
950 1572 1142 1617 separatis
1164 1574 1302 1608 nostra
1322 1575 1507 1609 causetur
1521 1572 1711 1617 scientia;

89 1619 302 1665 utrobique
322 1618 427 1656 enim
455 1622 642 1665 sequetur
666 1619 772 1666 quod
794 1619 960 1656 scientia
987 1624 1123 1656 nostra
1143 1627 1223 1655 non
1244 1622 1430 1656 causetur
1459 1628 1482 1656 a
1509 1619 1712 1656 sensibili-

88 1665 189 1709 bus;
213 1665 327 1712 cujus
347 1667 589 1702 contrarium
605 1670 764 1712 apparet
781 1675 850 1712 per
868 1667 942 1703 boc
956 1666 1062 1713 quod
1082 1666 1149 1713 qui
1166 1669 1269 1702 caret
1289 1667 1423 1712 aliquo
1445 1675 1582 1710 sensu,
1605 1669 1712 1702 caret

90 1712 260 1756 scientia
279 1712 532 1750 sensibilium
554 1722 641 1760 quae
661 1717 962 1760 cognoscuntur
977 1722 1046 1759 per
1065 1722 1230 1750 sensum
1251 1713 1378 1750 illum.

139 1760 274 1797 Dicere
295 1763 425 1796 autem
447 1759 566 1806 quod,
592 1769 661 1806 per
679 1760 754 1797 hoc
774 1760 879 1807 quod
901 1760 1125 1797 intellectus
1145 1760 1353 1806 possibilis
1379 1759 1542 1807 inspicit
1571 1760 1708 1807 singu-

89 1807 190 1844 laria
211 1815 300 1854 quae
321 1806 478 1843 suntin
510 1807 810 1854 imaginatione,
833 1807 1054 1844 illustratur
1085 1807 1172 1844 luce
1211 1807 1436 1844 intellectus
1472 1808 1627 1854 agentis
1661 1807 1709 1845 ad

89 1853 416 1901 cognoscendum
437 1853 676 1897 universale,
697 1858 734 1891 et
759 1855 865 1902 quod
899 1854 1077 1892 actiones
1111 1854 1254 1891 virium
1286 1855 1535 1898 inferiorum,
1558 1854 1713 1892 scilieet

88 1900 391 1947 imaginationis
431 1904 470 1938 et
505 1902 773 1939 memorativae
804 1905 842 1939 et
875 1902 1111 1948 cogitativae,
1134 1906 1228 1938 sunt
1259 1905 1439 1948 aptantes
1471 1902 1643 1939 animam
1664 1902 1712 1939 ad

88 1947 362 1993 recipiendum
399 1949 692 1986 emanationem
726 1949 999 1995 intelligentiae
1034 1949 1203 1996 agentis,
1239 1956 1299 1987 est
1329 1958 1490 1987 novum.
1525 1949 1713 1987 Videmus

89 1995 320 2047 enimtquod
341 1995 475 2032 anima
494 1999 631 2033 nostra
648 1999 757 2033 tanto
781 1997 910 2043 magis
931 1996 1157 2042 disponitur
1175 1996 1224 2034 ad
1253 1997 1525 2042 recipiendum
1558 2006 1581 2034 a
1620 1997 1712 2034 sub-

90 2042 250 2080 stantiis
266 2042 474 2089 separatis,
491 2047 639 2089 quanto
655 2043 783 2089 magis
804 2053 826 2080 a
840 2043 1113 2089 corporalibus
1127 2047 1164 2080 et
1185 2044 1446 2082 sensibilibus
1462 2048 1687 2081 removetur
1701 2056 1711 2089 ;

87 2097 160 2135 per
179 2097 383 2126 recessum
403 2089 511 2126 enim
531 2089 579 2127 ab
600 2099 647 2127 eo
671 2091 777 2137 quod
797 2090 902 2128 infra
921 2094 994 2131 est,
1016 2090 1217 2128 acceditur
1240 2091 1289 2129 ad
1309 2091 1349 2128 id
1369 2091 1475 2138 quod
1496 2100 1618 2137 supra
1637 2095 1710 2129 est.

88 2137 175 2173 Non
195 2135 319 2183 igitur
336 2139 397 2173 est
411 2136 630 2175 verisimile
650 2138 769 2184 quod,
792 2147 861 2184 per
881 2138 957 2175 hoc
977 2138 1083 2185 quod
1104 2139 1237 2175 anima
1256 2138 1419 2184 respicit
1445 2138 1494 2176 ad
1523 2140 1712 2185 phantas—

89 2185 196 2220 mata
234 2183 471 2229 corporalia,
504 2183 740 2230 disponatur
770 2185 817 2221 ad
856 2185 1122 2231 recipiendam
1161 2185 1409 2223 influentiam
1441 2185 1714 2233 intelligentia}

89 2233 362 2283 separatae3—
379 2230 490 2268 Plato
509 2236 641 2269 autem
663 2232 834 2269 radicem
857 2241 939 2269 suae
961 2232 1174 2278 positionis
1195 2233 1340 2270 melius
1361 2236 1421 2270 est
1446 2237 1682 2279 prosecutus
1702 2244 1712 2277 ;

88 2283 225 2328 posuit
244 2285 351 2314 enim
373 2277 480 2325 quod
499 2278 711 2316 sensibilia
724 2288 802 2316 non
820 2279 1178 2326 suntdisponentia
1193 2281 1367 2317 animam
1383 2280 1430 2317 ad
1442 2280 1713 2326 recipiendum

90 2321 339 2360 influentiam
361 2324 577 2362 formarum
607 2330 893 2372 separatarum,
915 2326 984 2363 sed
1019 2327 1151 2364 solum
1179 2327 1504 2374 expergescentia
1535 2327 1713 2364 intellec-

89 2371 175 2406 tum
197 2369 246 2406 ad
266 2370 600 2409 considerandum
622 2382 669 2410 ea
688 2382 856 2419 quorum
878 2373 1086 2410 scientiam
1108 2373 1277 2410 habebat
1300 2374 1348 2410 ab
1372 2373 1556 2410 exteriori
1579 2382 1714 2411 causa-

89 2418 186 2468 tam.
205 2416 382 2469 Ponebat
403 2418 510 2454 enim
529 2419 636 2465 quod
657 2429 680 2456 a
699 2420 896 2466 principio
916 2430 939 2456 a
959 2420 1099 2457 formis
1117 2420 1310 2466 separatis
1329 2420 1568 2457 causabatur
1588 2421 1714 2458 seien-

89 2465 204 2499 tiam
236 2463 448 2501 animabus
477 2465 627 2502 nostris
657 2467 837 2504 omnium
869 2466 1097 2511 scibilium3
1130 2467 1234 2504 unde
1261 2466 1465 2504 addiscere
1495 2466 1592 2503 dixit
1624 2477 1714 2506 esse

89 2509 290 2556 quoddam
313 2510 531 2548 reminisci.
554 2512 598 2563 Et
618 2511 694 2549 hoc
715 2513 987 2550 necessarium
1007 2516 1066 2549 est
1086 2513 1306 2550 secundum
1326 2513 1412 2560 ejus
1441 2513 1706 2560 positionem;

90 2565 199 2601 nam,
220 2566 343 2604 quum
363 2557 598 2594 substantiae
615 2562 806 2604 separatae
826 2559 907 2597 sint
926 2559 1152 2597 immobiles
1172 2563 1210 2597 et
1238 2569 1395 2607 semper
1423 2560 1561 2598 eodem
1594 2561 1713 2598 modo

90 2611 134 2642 se
154 2603 361 2657 habentes,
383 2613 539 2651 semper
559 2604 607 2642 ab
635 2605 694 2643 eis
724 2606 949 2652 resplendet
982 2606 1152 2644 scientia
1181 2615 1313 2645 rerum
1334 2607 1378 2645 in
1409 2607 1544 2646 anima
1576 2612 1712 2646 nostra

89 2659 180 2698 quae
199 2654 260 2688 est
280 2660 366 2698 eJus
387 2660 522 2697 capax.

137 2698 322 2744 Amplius,
345 2699 452 2745 quod
472 2698 662 2745 recipitur
680 2698 723 2735 in
743 2699 875 2745 aliquo
892 2702 954 2737 est
971 2699 1012 2736 in
1026 2709 1073 2737 eo
1093 2709 1164 2747 per
1180 2701 1343 2740 modum
1355 2701 1598 2749 recipientis.
1617 2705 1711 2741 Esse

88 2747 222 2797 autem
241 2744 469 2783 intellectus
487 2745 695 2792 possibilis
715 2749 776 2783 est
794 2746 923 2792 magis
942 2745 1100 2784 firmum
1119 2757 1237 2796 quam
1254 2758 1343 2788 esse
1371 2750 1546 2787 materiae
1578 2760 1713 2798 eorpo-

88 2790 199 2843 ralis.
220 2792 348 2836 Quum
367 2792 490 2839 igitur
506 2793 655 2838 formae,
675 2792 845 2830 fluentes
868 2794 907 2830 in
925 2795 1131 2833 materiam
1147 2797 1394 2843 corporalem
1413 2797 1462 2834 ab
1482 2797 1710 2844 intelligen-

88 2839 148 2875 tia
176 2841 331 2891 agente,
363 2839 585 2878 secundum
620 2840 753 2886 ipsum
782 2839 1066 2889 (Avicennam)‚
1095 2848 1382 2883 conserventur
1414 2844 1458 2882 in
1491 2854 1551 2890 ea,
1572 2844 1698 2883 multo

91 2892 222 2931 magis
239 2890 527 2925 conservantur
543 2887 586 2926 in
601 2887 804 2926 intellectu
822 2887 1022 2934 possibili.
