1894 3223
654 101 741 136 Llss.
770 101 828 144 IV,
856 101 958 137 CAP.
984 101 1089 136 XLll.
1618 103 1685 139 567

57 183 152 222 darn
173 183 437 220 instrumenta
467 180 612 228 quibus
646 186 857 226 operatur:
889 184 981 218 Deus
1013 185 1065 218 est
1081 183 1176 218 enim
1203 182 1268 227 qai
1286 184 1456 227 operatur
1473 182 1512 216 in
1531 181 1630 217 vobis
1654 185 1689 218 et

57 231 148 266 velle
165 232 200 266 et
214 231 382 276 perficere
405 238 473 274 pro
505 229 598 264 bona
626 229 822 273 voluntate,
863 229 1082 266 secundum
1120 227 1367 274 Apostolum,
1398 229 1523 274 (Phil.,
1544 237 1586 272 11,
1611 228 1684 275 13.)

61 277 139 315 Sed
159 277 227 314 alii
248 274 433 313 homines
455 279 735 320 comparantur
754 276 802 313 ad
823 277 945 313 Deum
967 276 1082 322 quasi
1111 275 1376 313 instrumenta
1405 275 1627 312 extrinseca
1649 279 1687 312 et

63 327 270 370 separata;
291 325 499 359 moventur
518 322 624 359 enim
645 332 668 359 a
688 324 780 366 Deo,
795 331 873 359 non
890 323 939 360 ad
955 322 1205 368 operationes
1223 323 1403 368 proprias
1421 322 1495 358 sibi
1516 324 1685 366 tanturn,

60 371 131 409 sed
153 370 201 407 ad
223 369 476 415 operationes
509 378 742 407 communes
772 369 882 406 omni
916 370 1099 406 rationali
1132 372 1294 414 naturae,
1318 372 1360 406 ut
1387 372 1448 405 est
1468 369 1688 415 intelligere

62 417 278 460 veritatem,
300 415 463 463 diligere
484 415 589 453 bona
609 420 646 453 et
678 417 832 461 operari
861 415 983 463 justa.
1017 416 1091 453 Sed
1111 415 1287 453 humana
1307 418 1446 452 natura
1467 416 1504 451 in
1533 416 1688 453 Christo

63 466 269 508 assumpta
305 466 366 499 est
411 466 453 499 ut
490 463 845 500 instrumentaliter
884 466 1068 509 operetur
1105 472 1152 499 ea
1188 472 1276 508 quae
1315 466 1409 499 sunt
1435 463 1688 506 operationes

62 510 231 557 propriae
264 509 389 547 solius
428 509 510 553 Dei,
541 510 642 547 sicut
676 514 736 546 est
769 509 958 546 mundare
985 513 1158 555 peecata,
1177 509 1403 546 illuminare
1435 512 1586 545 mentes
1620 518 1690 555 per

61 557 230 641 gratiam
251 560 290 594 et
321 556 571 594 introducere
604 557 643 592 in
673 556 955 602 perfectionem
991 556 1077 593 vitae
1097 560 1267 592 aeternae.
1294 557 1550 606 comparatur
1570 556 1689 602 igitur

92 612 238 641 umana
258 606 399 640 natura
417 603 557 641 Christi
576 603 623 641 ad
643 604 763 641 Deum
784 603 887 641 sicut
912 603 1219 641 instrumentum
1240 611 1442 650 proprium
1461 605 1500 640 et
1519 603 1687 650 conjun-

64 653 185 695 ctum,
208 653 248 687 ut
270 659 413 687 manus
434 650 482 687 ad
503 650 688 688 animam.

111 699 188 735 Nec
220 697 418 743 discrepat
451 707 475 734 a
503 706 633 734 rerum
668 697 904 734 naturalium
940 698 1230 735 consuetudine
1251 696 1356 743 quod
1377 696 1523 743 aliquid
1547 697 1598 733 sit
1618 706 1687 736 na·

62 744 241 782 turaliter
278 744 477 791 proprium
518 745 824 782 instrumentum
863 745 1031 790 alicujus
1069 745 1176 791 quod
1202 749 1332 781 tamen
1366 753 1445 780 non
1471 744 1522 780 sit
1564 744 1688 782 forma

62 791 203 838 ipsius.
235 793 332 829 Nam
371 792 519 838 lingua,
553 795 670 837 prout
700 796 762 829 est
792 791 1101 829 instrumentum
1137 791 1364 834 locutionis,
1394 794 1454 828 est
1486 791 1687 836 proprium

63 847 258 885 organum
274 838 510 879 intellectus,
533 838 600 885 qui
619 842 765 882 tamen,
788 842 828 875 ut
845 839 1112 885 Philosophus
1131 838 1271 884 probat
1285 837 1342 884 (111
1359 839 1410 874 De
1430 839 1576 882 anima,
1594 841 1686 876 text.

65 894 212 923 comm.
250 885 300 932 6),
323 885 474 922 nullius
510 886 634 931 partis
669 885 849 931 corporis
890 888 1001 923 aetus
1038 889 1112 923 est.
1134 885 1320 922 Similiter
1339 885 1455 921 etiam
1488 885 1689 923 invenitur

63 931 223 978 aliquod
244 932 549 970 instrumentum
572 932 678 978 quod
698 932 746 969 ad
770 936 947 970 naturam
969 932 1114 980 speciei
1133 942 1213 970 non
1234 931 1414 978 pertinet,
1436 934 1617 968 ettamen
1638 941 1686 969 ex

62 983 173 1025 parte
210 979 383 1016 materia>
419 980 604 1025 competit
643 979 734 1016 huic
771 979 986 1024 individuo,
1026 984 1069 1017 ut
1104 983 1241 1017 sextus
1268 979 1417 1025 digitus
1437 978 1497 1015 vel
1536 978 1684 1025 aliquid

65 1026 308 1072 hujusmodi.
331 1025 435 1064 Nihil
458 1026 579 1072 igitur
610 1026 793 1071 prohibet
811 1027 1031 1064 secundum
1064 1027 1170 1064 hunc
1197 1026 1358 1064 modum
1392 1034 1538 1071 ponere
1570 1026 1685 1078 unios

66 1081 157 1110 nem
192 1073 375 1110 humanae
413 1077 563 1110 naturae
584 1073 631 1110 ad
651 1072 818 1110 Verbum
855 1074 960 1120 qnod
984 1074 1157 1111 humana
1192 1077 1334 1111 natura
1354 1072 1404 1109 sit
1433 1072 1547 1118 quasi
1574 1072 1688 1111 Verbi

64 1120 388 1163 instrumentum,
427 1128 508 1157 non
546 1124 787 1165 separatum,
827 1120 896 1157 sed
935 1120 1219 1166 conjunctum3
1248 1123 1473 1156 nectamen
1514 1120 1689 1157 humana

66 1170 209 1204 natura
241 1166 291 1204 ad
321 1170 502 1203 naturam
522 1167 635 1203 Verbi
660 1167 841 1212 pertinet,
864 1175 936 1204 nec
953 1167 1122 1205 Verbum
1150 1170 1212 1205 est
1243 1165 1330 1213 ejus
1350 1166 1501 1210 forma3
1521 1166 1691 1212 pertinet

68 1217 201 1251 tamen
222 1213 271 1250 ad
290 1212 376 1259 ejus
399 1221 629 1258 personam.

114 1259 302 1298 Praedicta
319 1263 450 1297 tamen
471 1260 650 1306 exempla
680 1269 761 1297 non
791 1260 851 1298 sic
880 1260 1012 1307 posita
1035 1263 1131 1298 sunt
1155 1263 1199 1297 ut
1219 1259 1450 1298 omnimoda
1473 1258 1694 1298 similitudo

64 1307 119 1345 sit
144 1307 185 1344 in
215 1307 279 1344 his
312 1307 560 1353 requirenda.
596 1307 897 1355 Intelligendum
930 1310 991 1345 est
1013 1308 1117 1345 enim
1137 1307 1305 1344 Verbum
1326 1307 1394 1344 Dei
1415 1308 1540 1344 multo
1574 1306 1694 1345 subli-

64 1354 173 1392 mius
193 1358 230 1391 et
248 1354 430 1391 intimius
449 1354 633 1392 humanae
661 1359 812 1392 naturae
842 1355 1019 1401 potuisse
1053 1354 1158 1391 uniri
1177 1363 1295 1401 quam
1323 1354 1458 1392 anima
1477 1354 1694 1401 qualicum-

66 1410 144 1448 que
164 1401 325 1447 proprio
346 1401 611 1439 instrumento
628 1402 844 1448 ;praecipue
864 1411 986 1448 quum
1007 1402 1078 1438 toti
1101 1402 1285 1439 humanae
1306 1404 1471 1445 naturae,
1494 1401 1690 1438 mediante

66 1447 284 1492 intellectu,
312 1447 567 1495 conjunctum
598 1448 764 1486 dicatur.
785 1451 841 1492 Et,
861 1448 953 1485 licet
976 1448 1145 1485 Verbum
1167 1448 1234 1485 Dei
1260 1457 1335 1485 sua
1353 1449 1495 1485 virtute
1516 1451 1693 1493 penetret

65 1495 216 1540 omnia,
243 1498 379 1540 utpote
398 1495 533 1533 omnia
553 1504 796 1532 conservans
816 1498 854 1532 et
869 1500 1046 1542 portans,
1077 1494 1268 1533 creaturis
1288 1498 1420 1532 tamen
1442 1495 1690 1532 intellectua-

69 1541 190 1586 libus,
230 1551 318 1589 quae
348 1542 517 1587 propriae
551 1542 676 1579 Verbo
708 1542 855 1588 perfrui
891 1545 1062 1589 possunt
1089 1545 1129 1578 et
1150 1542 1236 1589 ejus
1265 1542 1479 1589 participes
1502 1551 1605 1586 esse,
1643 1550 1692 1578 ex

67 1588 236 1641 quadam
277 1588 549 1627 similitudinis
605 1589 796 1627 affinitate
833 1591 872 1628 et
909 1588 1151 1628 eminentius
1198 1591 1237 1627 et
1273 1588 1517 1628 ineffabilius
1562 1590 1695 1635 potest

70 1644 191 1674 uniri.

722 1748 891 1790 CAPUT
909 1748 1028 1789 XLII.

162 1861 264 1897 QUOD
282 1860 497 1892 ASSUMPTIO
521 1860 697 1893 HUMANAE
714 1861 883 1891 NATURAE
901 1862 1060 1892 MAXIME
1086 1859 1344 1892 COMPETEBAT
1357 1861 1487 1892 VERBO
1502 1861 1583 1892 DEI.
1604 1886 1607 1887 ⁷

66 1966 169 2058 stpr
184 1965 277 2050 1223]
282 1964 527 2049 gignibpatet
541 1964 649 2010 quod
674 1964 859 2003 humanae
881 1967 1031 2003 naturae
1057 1964 1277 2011 assumptio
1305 1964 1514 2012 potissime
1540 1973 1692 2012 compe·

87 2022 98 2049 1
160 2022 179 2049 θ
389 2021 404 2048 Γ
434 2022 459 2049 l.

117 2061 228 2101 Nam,
251 2059 286 2095 si
319 2059 541 2105 assumptio
573 2061 724 2096 naturae
744 2059 928 2097 humanae
959 2059 1008 2096 ad
1034 2058 1203 2096 salutem
1233 2058 1442 2096 hominum
1471 2059 1691 2105 ordinatur,

68 2104 208 2144 ultima
223 2108 352 2141 autem
375 2105 484 2142 salus
504 2105 680 2142 hominis
712 2109 772 2142 est
789 2110 830 2142 ut
862 2106 1081 2143 secundum
1110 2105 1391 2143 intellectivam
1410 2110 1560 2152 partem
1577 2106 1692 2153 perti—

68 2152 198 2190 ciatur
216 2152 550 2196 contemplatione
570 2152 746 2189 veritatis
769 2152 919 2197 primae,
941 2152 1116 2197 oportuit
1136 2152 1401 2198 perverbum,
1423 2153 1529 2199 quod
1549 2161 1691 2192 secun-

67 2199 164 2236 dum
184 2199 476 2251 emanationem
514 2198 821 2236 intellectualem
841 2208 866 2237 a
896 2200 1010 2237 Patre
1039 2199 1231 2245 procedit,
1263 2199 1479 2237 humanam
1510 2201 1692 2240 naturam

67 2254 237 2284 assumi.

116 2295 269 2333 Rursus,
291 2291 466 2329 affinitas
484 2292 663 2338 quaedam
682 2291 838 2329 videtur
855 2292 1026 2330 maxime
1043 2291 1156 2330 Verbi
1178 2293 1227 2331 ad
1246 2292 1461 2331 humanam
1488 2296 1691 2340 naturam3

69 2340 191 2378 homo
221 2339 325 2376 enim
358 2339 557 2385 propriam
589 2338 764 2384 speciem
795 2340 960 2377 sortitur
990 2340 1210 2377 secundum
1241 2340 1346 2387 quod
1364 2340 1572 2378 rationalis
1607 2345 1690 2386 est;

69 2386 239 2424 Verbum
258 2389 389 2423 autem
410 2385 554 2423 rationi
569 2386 687 2423 affine
706 2389 792 2430 est;
814 2386 919 2423 unde
934 2387 1038 2432 apud
1057 2387 1212 2424 Graecos
1233 2388 1332 2433 Λογός
1348 2387 1510 2424 verbum
1531 2390 1569 2424 et
1588 2388 1691 2426 ratio

67 2433 227 2471 dicitur.
259 2432 641 2470 convenientissime
664 2433 785 2480 igitur
813 2433 982 2471 Verbum
1022 2433 1207 2471 rationali
1244 2437 1395 2471 naturae
1422 2434 1576 2471 unitum
1605 2438 1690 2479 est;

44 2498 46 2500 >
70 2488 164 2517 nam
185 2483 223 2516 et
241 2482 400 2525 propter
418 2478 650 2517 affinitatem
669 2480 894 2526 praedictam
914 2480 1045 2517 divina
1058 2481 1256 2527 Scriptura
1277 2489 1422 2518 nomen
1443 2481 1632 2527 imaginis
1653 2485 1692 2518 et

67 2526 194 2563 Verbo
217 2526 393 2563 attribuit
412 2528 450 2563 et
469 2526 644 2571 homini;
669 2526 765 2564 dicit
793 2527 899 2564 enim
927 2527 1141 2573 Apostolus
1162 2527 1209 2565 de
1229 2527 1354 2565 Verbo
1371 2527 1476 2574 quod
1495 2532 1555 2564 est
1573 2530 1692 2573 imaqo

67 2574 136 2612 Dei
163 2573 360 2609 invisibilis
380 2573 540 2618 (Coloss.,
557 2582 585 2618 1,
616 2573 688 2620 15),
718 2576 757 2611 et
785 2573 915 2612 eidem
935 2575 983 2611 de
1016 2574 1177 2612 homine
1196 2573 1288 2612 dicit
1316 2574 1424 2622 quod
1442 2576 1500 2611 vir
1520 2576 1639 2620 imaqo
1657 2577 1692 2612 et

67 2621 188 2667 qlorz’a
206 2621 271 2656 Dei
288 2622 352 2656 est.
374 2619 406 2666 (1
425 2620 519 2661 Gor.³
540 2628 596 2664 xi,
614 2620 667 2667 7.)
1568 2647 1571 2649 -

13 2709 19 2712 ,
118 2667 242 2704 Habet
269 2666 387 2703 etiam
424 2666 608 2711 Verbum,
629 2675 710 2704 non
745 2668 874 2705 solum
903 2668 952 2706 ad
987 2668 1220 2706 rationalem
1252 2673 1448 2714 naturam,
1469 2669 1540 2707 sed
1573 2668 1689 2707 etiam

38 2748 41 2749 ⁷
69 2713 349 2751 universaliter
368 2712 417 2751 ad
443 2722 602 2750 omnem
618 2718 850 2759 creaturam,
872 2715 1083 2761 quamdam
1104 2715 1309 2754 affinitatis
1329 2716 1523 2753 rationem
1540 2728 1549 2761 3
1568 2725 1690 2762 quum

68 2760 238 2798 Verbum
261 2761 463 2798 contineat
484 2760 660 2798 rationes
677 2761 856 2798 omnium
876 2766 1098 2799 creatorum
1119 2771 1143 2799 a
1162 2764 1256 2808 Deo,
1279 2762 1384 2801 sicut
1409 2763 1549 2800 artifex
1570 2763 1690 2801 homo

69 2807 331 2854 conceptione
367 2807 431 2846 sui
464 2806 691 2846 intellectus
720 2808 896 2846 rationes
943 2808 1241 2848 artificiatorum
1279 2809 1590 2856 comprehendit.
1627 2809 1692 2849 Sic

70 2852 193 2902 igitur
211 2863 352 2894 omnes
372 2857 562 2895 creaturae
580 2854 682 2894 nihil
702 2854 811 2895 aliud
829 2858 926 2896 sunt
955 2864 1074 2904 quam
1093 2856 1214 2896 realis
1233 2857 1413 2906 quaedam
1431 2856 1635 2905 expressio
1652 2859 1692 2897 et
