1894 3223
145 111 215 147 578
738 103 846 139 un.
872 103 932 146 lv,
961 74 1061 138 CAPV.
1089 103 1164 146 Lu.

148 188 322 226 materiae
353 186 659 231 consequentes.
677 184 849 220 Necesse
870 185 930 218 est
949 182 1056 218 enim
1079 191 1226 228 corpus
1245 183 1479 224 humanum,
1503 192 1625 230 quum
1658 183 1710 221 sit
1728 193 1774 220 ex

149 233 357 273 contrariis
394 231 672 276 compositum,
708 228 964 275 corruptibile
986 237 1090 273 esse,
1112 232 1150 265 et
1174 230 1407 267 sensibilem
1429 230 1644 276 appetitum
1666 230 1709 266 in
1730 240 1778 268 ea

149 290 234 328 quae
252 283 345 316 sunt
362 277 580 315 secundum
604 285 769 314 sensum
791 275 1041 312 delectabilia
1057 275 1223 320 moveri,
1245 286 1331 322 quae
1352 277 1549 314 interdum
1574 281 1667 314 sunt
1683 285 1781 314 con-

147 327 266 363 traria
288 325 445 369 rationi,
478 328 515 360 et
544 323 788 360 intellectum
819 323 1067 368 possibilem,
1090 331 1213 369 quum
1232 324 1284 359 sit
1303 324 1343 360 in
1364 325 1542 369 potentia
1562 324 1610 361 ad
1636 324 1774 360 omnia

148 373 429 417 intelligibilia,
451 371 605 407 nullum
634 379 770 407 eorum
802 369 955 406 habens
988 369 1026 405 in
1059 373 1163 413 actu,
1185 369 1255 405 sed
1277 379 1325 406 ex
1356 371 1542 408 sensibus
1568 376 1704 408 natum
1727 380 1773 407 ea

150 419 366 469 acquirere,
384 418 594 454 difficulter
615 417 662 453 ad
681 417 889 453 scientiam
907 415 1082 453 veritatis
1101 416 1326 462 pertingere
1347 420 1384 453 et
1413 417 1459 454 de
1489 418 1594 455 facili
1617 421 1776 464 propter

155 467 432 514 phantasmata
450 475 471 501 a
489 473 579 501 vero
602 464 772 500 deviare.

198 512 273 550 Sed
297 516 442 555 tamen,
467 512 498 547 si
516 511 603 558 quis
625 514 728 547 recte
751 510 989 554 consideret,
1011 510 1109 546 satis
1129 509 1388 556 probabiliter
1401 510 1544 556 poterit
1563 511 1773 551 aestimare,

151 560 283 597 divina
317 559 564 605 providentia
596 558 815 603 supposita,
842 567 928 603 quse
963 557 1133 604 singulis
1157 556 1468 602 perfectionibus
1489 566 1666 604 congrua
1687 569 1773 604 per-

151 607 337 644 fectibilia
357 606 564 651 coaptavit,
587 604 693 651 quod
712 606 815 641 Deus
838 604 1084 649 superiorem
1107 608 1288 640 naturam
1314 603 1493 641 inferiori
1514 604 1562 640 ad
1581 604 1657 642 hoc
1679 615 1775 642 con-

148 654 276 700 junxit
309 657 350 689 ut
380 653 413 688 ci
446 653 730 695 dominaretur,
750 655 800 694 et,
835 651 868 687 si
889 651 994 697 quod
1013 650 1132 697 hujus
1164 650 1331 688 dominii
1365 650 1690 697 impedimentum
1727 664 1774 688 cx

151 700 304 738 deiectu
326 704 474 736 naturae
491 700 752 745 contingeret,
775 698 859 744 ejus
881 698 1043 743 speciali
1073 701 1110 734 et
1130 698 1422 744 supernaturali
1441 697 1635 735 beneficio
1658 699 1773 736 tolle-

153 752 281 790 retur;
299 751 341 783 ut
359 747 524 790 scilicet,
541 755 661 792 quum
683 745 816 782 anima
836 745 1043 781 rationalis
1065 744 1114 781 sit
1135 745 1288 782 altioris
1308 748 1458 782 naturae
1478 754 1597 792 quam
1613 754 1773 791 corpus,

151 794 218 830 tali
241 794 468 830 conditione
491 793 672 829 credatur
702 792 858 837 corpori
881 801 969 828 esse
1000 791 1212 838 conjuncta
1233 792 1339 839 quod
1361 791 1402 828 in
1434 801 1598 837 corpore
1627 792 1776 839 aliquid

152 849 240 878 esse
261 849 342 877 non
363 840 486 886 possit
508 839 748 876 contrarium
770 839 925 882 animae,
947 848 1016 884 per
1036 848 1153 885 quarn
1176 847 1320 884 corpus
1340 839 1454 883 vivit3
1472 843 1510 876 et
1528 839 1722 883 similiter,
1742 841 1776 877 si

151 888 249 925 ratio
270 888 312 924 in
330 888 490 924 homine
510 886 698 932 appetitui
720 886 897 923 sensuali
919 885 1173 933 conjungitur
1191 890 1226 922 et
1242 886 1330 923 aliis
1346 886 1550 923 sensitivis
1567 886 1773 932 potentiis,

152 934 257 982 quod
286 935 385 970 ratio
418 944 438 971 a
468 933 670 970 sensitivis
703 933 892 979 potentiis
924 942 1005 969 non
1036 933 1286 977 impediatur,
1309 933 1379 970 sed
1410 933 1538 979 magis
1572 933 1630 970 eis
1652 933 1777 970 domi-

154 987 280 1019 netur.
304 1002 348 1007 —
368 981 428 1018 Sic
448 981 581 1027 igitur,
605 980 826 1016 secundum
848 979 1068 1016 doctrinam
1088 980 1191 1025 fidei,
1206 980 1394 1025 ponimus
1411 979 1615 1017 hominem
1635 980 1777 1027 aprin-

154 1029 254 1073 cipio
295 1028 422 1064 taliter
456 1037 543 1064 esse
575 1027 800 1064 institutum
833 1027 952 1073 quod,
987 1026 1174 1073 quamdiu
1210 1027 1309 1064 ratio
1342 1027 1516 1064 hominis
1555 1029 1635 1064 Deo
1668 1032 1775 1064 esset

153 1075 342 1122 subjecta,
365 1079 401 1111 et
423 1074 632 1111 inferiores
653 1074 755 1111 vires
776 1074 811 1111 ei
832 1074 917 1110 sine
936 1074 1218 1120 impedimento
1240 1074 1497 1119 deservirent,
1513 1077 1551 1111 et
1565 1083 1713 1120 corpus
1730 1074 1777 1111 ab

158 1123 244 1169 ejus
264 1122 510 1168 subjectione
533 1121 713 1167 impediri
736 1130 816 1158 non
842 1125 977 1167 posset
1008 1130 1075 1166 per
1095 1121 1253 1168 aliquod
1286 1121 1612 1167 impedimentum
1634 1130 1774 1167 corpo-

151 1170 248 1213 rale,
271 1171 350 1205 Deo
369 1173 404 1205 et
426 1178 498 1205 sua
518 1169 645 1215 gratia
662 1168 870 1214 supplente
890 1167 995 1213 quod
1016 1168 1064 1205 ad
1086 1168 1160 1205 hoc
1180 1167 1464 1214 perficiendum
1479 1172 1620 1205 natura
1642 1168 1775 1205 minus

156 1216 347 1260 habebat3
372 1216 520 1252 ratione
542 1220 671 1252 autem
695 1224 832 1252 aversa
853 1225 874 1251 a
895 1216 989 1258 Deo,
1016 1219 1053 1251 et
1073 1215 1283 1252 inferiores
1303 1216 1408 1253 vires
1427 1225 1450 1252 a
1483 1215 1635 1252 ratione
1663 1224 1776 1260 repu-

156 1266 322 1310 gnarent
346 1267 381 1299 et
403 1271 545 1308 corpus
566 1262 667 1306 vitae,
685 1271 770 1308 quae
791 1265 851 1298 est
871 1271 939 1307 per
966 1262 1152 1306 animam,
1175 1263 1394 1299 contrarias
1417 1262 1628 1308 passiones
1649 1263 1777 1299 susci-

153 1314 275 1356 peret.
299 1309 359 1346 Sic
380 1309 513 1356 igitur,
529 1309 757 1354 hujusmodi
771 1308 961 1353 defectus,
978 1309 1158 1355 quamvis
1175 1310 1375 1346 naturales
1387 1309 1541 1346 homini
1556 1309 1775 1352 videantur,

156 1357 337 1393 absolute
366 1356 655 1393 considerando
688 1356 901 1392 humanam
924 1359 1105 1392 naturam
1137 1366 1182 1392 ex
1202 1360 1310 1402 parte
1332 1356 1418 1402 cJ'us
1439 1355 1545 1402 quod
1567 1359 1627 1393 est
1657 1355 1699 1392 in
1732 1365 1779 1393 ea

155 1404 336 1447 inferius,
356 1407 500 1443 tamen,
523 1402 813 1448 considerando
832 1402 1003 1439 divinam
1025 1403 1309 1448 providentiam
1337 1407 1375 1439 et
1395 1402 1630 1449 dignitatem
1663 1411 1778 1449 supc-

155 1450 271 1487 rioris
292 1451 415 1496 partis
440 1450 621 1486 humanae
643 1453 807 1493 naturae,
830 1449 927 1486 satis
946 1449 1202 1494 probabiliter
1219 1449 1377 1495 probari
1397 1453 1528 1496 potest
1545 1449 1777 1496 hujusmodi

157 1498 332 1535 defectus
370 1506 458 1533 esse
492 1496 692 1542 peenales;
728 1500 764 1532 et
796 1496 854 1533 sic
883 1495 1019 1543 colligi
1053 1501 1183 1542 potest
1212 1496 1432 1534 humanum
1460 1505 1587 1543 genus
1615 1500 1776 1542 peccato

160 1545 292 1590 aliquo
315 1544 561 1590 originaliter
581 1552 669 1581 esse
690 1542 895 1580 infectum.

184 1591 273 1674 1jflis
306 1591 426 1638 igitur
453 1591 575 1635 visis,
607 1590 929 1636 respondendum
959 1595 1020 1627 est
1057 1591 1104 1627 ad
1141 1601 1186 1627 ea
1213 1597 1300 1638 quae
1331 1590 1374 1627 in
1410 1591 1651 1628 contrarium
1686 1594 1780 1628 sunt

158 1648 180 1675 ο
195 1650 201 1651 ⁷
208 1639 323 1683 jecta.

204 1688 288 1722 :Non
319 1686 424 1722 enim
463 1689 521 1722 est
542 1685 827 1722 inconveniens
847 1685 966 1732 quod,
990 1694 1070 1722 uno
1100 1689 1302 1731 peccante,
1326 1688 1532 1731 peccatum
1563 1684 1606 1722 in
1638 1694 1784 1722 omncs-

157 1733 326 1769 dicimus
344 1742 411 1778 per
432 1732 626 1779 originem
644 1741 732 1769 esse
759 1735 1034 1779 propagatum,
1056 1732 1237 1779 quamvis
1256 1732 1530 1778 unusquisque
1550 1741 1598 1769 ex
1617 1733 1778 1778 proprio

159 1784 247 1816 actu
270 1780 451 1816 laudetur
471 1780 529 1815 vel
550 1780 804 1825 vituperetur,
828 1783 869 1815 ut
891 1779 1018 1825 prima
1037 1779 1137 1816 ratio
1171 1778 1420 1825 procedebat.
1441 1779 1563 1816 Aliter
1595 1779 1698 1816 enim
1718 1783 1778 1816 est

159 1826 198 1863 in
221 1826 283 1863 liis
305 1836 389 1873 quae
425 1830 519 1863 sunt
540 1827 659 1863 unius
694 1826 886 1863 individui
909 1830 946 1863 et
965 1827 1078 1862 aliter
1097 1826 1137 1862 in
1155 1825 1219 1863 his
1239 1835 1325 1873 quae
1359 1830 1453 1862 sunt
1484 1826 1607 1863 totius
1629 1830 1779 1863 naturae

159 1873 303 1918 speciei
319 1886 326 1915 3
345 1873 746 1919 namparticipatione
762 1873 910 1919 speciei
931 1877 1022 1910 sunt
1044 1873 1178 1919 plures
1196 1873 1381 1910 homines
1396 1873 1502 1909 velut
1519 1882 1623 1910 unus
1642 1873 1776 1916 homo,

157 1923 199 1957 ut
219 1920 459 1966 Porphyrius
487 1920 593 1956 dicit.
618 1922 824 1957 Peccatum
846 1920 967 1966 igitur
1000 1920 1105 1966 quod
1137 1920 1185 1956 ad
1221 1920 1382 1966 aliquod
1412 1919 1661 1956 individuum
1694 1920 1776 1957 sive

157 1976 368 2013 personam
392 1967 563 2003 hominis
585 1967 754 2012 pertinet
772 1967 883 2003 alteri
904 1976 984 2003 non
1005 1968 1222 2012 imputatur
1242 1967 1290 2003 ad
1305 1966 1461 2012 culpam
1483 1966 1562 2003 nisi
1582 1967 1777 2012 peccanti,

159 2023 205 2049 eo
236 2013 341 2060 quod
361 2014 621 2059 personaliter
645 2022 750 2050 unus
781 2013 827 2050 ab
848 2013 924 2050 alio
944 2013 1096 2051 divisus
1116 2017 1200 2057 est;
1221 2014 1254 2050 si
1287 2014 1390 2060 quod
1422 2017 1552 2050 autem
1571 2017 1776 2059 peecatum

158 2064 217 2096 est
238 2060 343 2107 quod
360 2062 486 2106 ipsam
509 2065 689 2097 naturam
711 2061 857 2107 speciei
887 2061 1086 2106 respiciat,
1110 2069 1191 2097 non
1209 2064 1269 2097 est
1291 2060 1580 2098 inconveniens
1602 2060 1709 2107 quod
1729 2070 1777 2097 ex

157 2116 238 2143 uno
260 2112 496 2154 propagetur
520 2108 561 2143 in
579 2107 760 2152 alterum,
789 2108 891 2145 sicut
909 2112 945 2144 et
976 2111 1115 2144 natura
1135 2107 1281 2153 speciei
1301 2117 1370 2153 per
1390 2116 1513 2144 unum
1549 2107 1639 2145 aliis
1674 2116 1778 2146 com-

156 2155 392 2191 municatur.
413 2155 539 2198 Quum
555 2158 684 2191 autem
706 2158 911 2201 peccatum
933 2155 1081 2191 malum
1100 2154 1298 2202 quoddam
1318 2155 1370 2192 sit
1389 2155 1598 2192 rationalis
1611 2157 1775 2196 naturae,

156 2201 304 2237 malum
335 2205 464 2238 autem
496 2202 547 2238 sit
573 2202 739 2247 privatio
774 2202 881 2245 boni,
905 2202 1124 2239 secundum
1148 2201 1247 2239 illud
1271 2201 1420 2239 bonum
1449 2202 1556 2248 quod
1591 2202 1776 2248 privatur,

152 2248 410 2294 judicandum
432 2252 492 2286 est
509 2252 714 2294 peccatum
735 2249 896 2296 aliquod
917 2249 964 2285 ad
985 2253 1167 2286 naturam
1187 2258 1440 2286 communem
1455 2249 1516 2285 vel
1538 2249 1588 2286 ad
1602 2249 1776 2296 aliquam

156 2304 367 2341 personam
388 2297 585 2342 propriam
609 2296 817 2342 pertinere.
848 2298 1012 2333 Peccata
1047 2297 1169 2343 igitur
1200 2296 1384 2340 actualia,
1407 2305 1494 2343 quae
1513 2297 1787 2333 communiter>

157 2342 204 2379 ab
222 2342 451 2380 hominibus
481 2346 665 2390 aguntur,
687 2343 867 2380 adimunt
886 2343 1045 2390 aliquod
1075 2344 1225 2381 bonum
1247 2352 1429 2390 personae
1447 2343 1666 2389 peccantis,
1685 2346 1780 2390 puta

156 2390 321 2436 gratiam
344 2394 380 2426 et
401 2389 580 2427 ordinem
604 2390 778 2427 debitum
807 2391 979 2437 partium
999 2390 1168 2436 animae;
1189 2390 1294 2428 unde
1315 2389 1542 2437 personalia
1561 2394 1668 2434 sunt,
1690 2399 1777 2436 nec,

156 2446 236 2473 uno
258 2441 458 2483 peccante,
480 2437 591 2474 alteri
611 2437 866 2483 imputantur.
890 2437 1064 2474 Primum
1086 2441 1214 2475 antem
1238 2441 1442 2484 peccatum
1463 2437 1577 2484 primi
1597 2437 1777 2475 hominis

155 2491 236 2520 non
257 2484 387 2521 solum
421 2489 649 2530 peccantem
671 2485 849 2522 destituit
868 2485 1029 2531 proprio
1050 2489 1088 2522 et
1116 2485 1316 2531 personali
1338 2484 1460 2529 bono,
1482 2484 1635 2522 scilicet
1651 2484 1779 2532 gratia

156 2534 191 2566 et
225 2530 354 2568 debito
386 2531 522 2569 ordine
555 2532 713 2578 animae,
734 2531 805 2569 sed
825 2532 944 2569 etiam
975 2531 1083 2570 bono
1104 2532 1154 2569 ad
1185 2535 1367 2569 naturam
1388 2541 1640 2568 communem
1665 2531 1786 2578 perti·

155 2582 285 2614 nente.
310 2580 355 2615 Ut
376 2579 481 2615 enim
514 2588 635 2625 supra
655 2579 804 2617 dictum
825 2583 898 2621 est,
920 2579 979 2617 sic
999 2583 1141 2620 natura
1157 2578 1334 2616 humana
1356 2579 1428 2616 fuit
1450 2579 1632 2616 instituta
1651 2578 1691 2615 in
1713 2578 1777 2615 sui

155 2625 372 2669 primordio
393 2626 498 2672 quod
520 2626 730 2664 interiores
761 2626 865 2664 vires
894 2625 1066 2672 perfecte
1086 2625 1230 2664 rationi
1252 2625 1556 2673 subjicerentur,
1577 2625 1677 2663 ratio
1697 2626 1778 2662 Deo

155 2673 193 2706 et
226 2672 365 2710 animae
398 2682 557 2719 corpus,
579 2675 660 2711 Deo
679 2683 750 2720 per
779 2673 946 2721 gratiam
968 2673 1178 2720 supplente
1197 2673 1238 2711 id
1267 2673 1373 2721 quod
1393 2673 1442 2710 ad
1460 2672 1538 2710 hoc
1557 2672 1691 2724 deerat
1708 2679 1778 2723 per

155 2720 349 2770 naturam.
379 2720 612 2766 Hujusmodi
651 2724 782 2758 autem
813 2720 1066 2765 beneficium,
1106 2720 1212 2768 quod
1241 2730 1265 2758 a
1297 2720 1536 2768 quibusdam
1568 2717 1778 2765 originalis

151 2768 308 2810 ⁴lustitia
344 2765 499 2812 dicitnr,
533 2767 591 2805 sic
628 2768 756 2814 primo
788 2766 942 2805 homini
975 2768 1164 2805 collatum
1196 2767 1271 2805 fuit
1302 2771 1345 2804 ut
1371 2766 1420 2805 ab
1449 2775 1496 2804 eo
1528 2766 1648 2803 simul
1685 2774 1777 2802 cum

155 2815 295 2864 natura
314 2811 488 2850 humana
510 2819 793 2860 propagaretur
821 2815 863 2851 in
897 2819 1094 2861 posteros.
1132 2815 1297 2852 Ratione
1324 2818 1455 2852 autem
1475 2822 1545 2859 per
1571 2815 1778 2859 peccatum

154 2867 271 2904 primi
288 2858 462 2896 hominis
491 2869 532 2896 se
559 2861 813 2898 subtrahente
831 2872 854 2899 a
874 2862 1118 2908 subiectione
1137 2862 1282 2905 divina,
1305 2860 1563 2898 subsecutum
1583 2862 1644 2895 est
1669 2858 1775 2906 quod
