1894 3223
732 187 818 223 LIB.
847 187 876 230 1,
905 187 1005 222 CAP.
1033 187 1099 222 XX.
1343 203 1347 207 ·
1676 187 1723 224 23

106 273 273 307 stratum
298 273 360 306 est
388 269 428 306 in
453 272 565 306 sexto
584 269 744 313 Phyisic.
767 269 874 314 (text.
896 268 1184 314 commen-32).
1206 267 1317 312 Quod
1339 271 1469 305 autem
1492 276 1572 305 non
1593 269 1723 314 possit

107 318 281 364 potentia
295 317 450 353 inlinita
469 316 756 361 magnitudinis
778 315 1065 351 liiiilaemovere
1083 316 1325 360 intempore,
1339 315 1396 351 sic
1420 316 1559 351 iterum
1580 316 1722 361 proba-

106 369 170 401 tur
199 376 207 400 :
240 364 292 400 sit
309 364 485 410 potentia
507 363 661 399 infinita
681 372 767 409 quae
789 366 848 399 est
868 366 909 406 Α,
932 363 1148 407 accipiatur
1168 367 1298 399 autem
1321 371 1411 407 pars
1432 363 1530 408 ejus.
1554 372 1640 409 quae
1662 366 1724 400 est

106 415 135 448 Α
156 413 196 448 Β.
222 413 315 448 Pars
336 411 457 457 igitur
489 411 566 447 ista
585 410 757 447 movebit
778 409 817 446 in
839 413 1014 455 tempore
1036 410 1173 455 majori
1199 421 1206 452 ;
1242 409 1431 455 opertebit
1467 413 1597 445 tamen
1633 419 1723 447 esse

106 459 283 505 aliquam
305 458 602 504 proportionem
625 457 742 503 liujus
765 458 955 502 temporis
977 456 1024 493 ad
1044 461 1198 502 tempus
1220 456 1258 492 in
1278 465 1355 503 quo
1377 461 1506 494 movet
1539 461 1620 493 tota
1653 466 1724 503 po·

107 506 243 548 tentia,
266 514 355 542 curn
376 509 584 551 utrumque
605 508 760 550 tempus
779 504 829 540 sit
851 503 1019 540 linitum.
1041 504 1125 540 Sint
1147 504 1266 548 igitur
1283 505 1365 540 liaec
1387 504 1465 541 duo
1483 508 1662 550 tempora
1682 505 1722 541 in

107 552 274 598 decupla
294 561 364 598 pro
394 552 549 589 ortione
567 561 610 589 se
625 551 672 588 ad
695 551 863 588 invicem
885 551 1071 588 habentia
1091 551 1185 597 (non
1206 551 1310 587 enim
1332 555 1523 597 quantum
1550 552 1597 588 ad
1623 552 1724 589 lianc

108 599 304 637 rationem
319 599 357 636 di
392 603 450 636 ert
470 599 601 643 istam,
622 599 683 635 vel
704 599 822 635 aliam
842 599 1134 645 proportionem
1158 598 1316 644 dicere).
1336 599 1373 635 Si
1394 602 1524 635 autem
1557 598 1724 636 addatur

105 646 154 684 ad
173 647 389 692 potentiam
411 646 637 692 praedictam
673 646 838 689 linitam,
855 646 1021 682 diminui
1037 646 1231 690 oportebit
1245 644 1292 681 de
1307 649 1482 690 tempore
1501 646 1721 683 secundum

106 693 400 740 proportionem
421 693 637 730 additionis
655 692 703 730 ad
738 693 950 738 potentiam
984 692 1148 734 finitam,
1171 701 1292 738 quum
1321 693 1446 737 major
1470 693 1645 738 potentia
1682 693 1720 730 in

106 740 250 778 minori
271 744 446 787 tempore
467 744 634 777 moveat.
660 740 697 777 Si
720 749 814 786 ergo
834 740 998 777 addatur
1018 739 1240 791 decuplum,
1259 738 1328 775 illa
1348 740 1530 792 potentia
1552 740 1724 777 movebit

106 788 148 825 in
167 791 358 833 tempore,
380 787 486 834 quod
505 788 578 824 erit
599 787 752 824 decima
771 796 862 833 pars
879 787 1069 832 temporis
1091 795 1130 821 in
1152 795 1230 832 quo
1263 786 1445 823 movebat
1474 796 1600 832 prima
1632 796 1722 834 pars

106 834 452 881 acceptainssnitae
473 835 672 880 potentiae,
695 834 846 871 scilicet
865 836 893 870 A
922 835 963 870 B.
989 835 1030 869 Et
1060 836 1188 869 tamen
1219 832 1302 869 haec
1335 835 1511 884 potentia
1542 844 1628 881 quae
1663 837 1722 872 est

107 882 319 928 decuplum
341 882 440 928 ejus,
462 885 523 919 est
545 882 719 927 potentia
740 880 861 924 finita,
878 889 999 933 quum
1022 880 1161 916 habeat
1178 883 1470 925 proportionem
1487 881 1722 919 determina-

107 932 187 966 tam
206 929 254 965 ad
276 929 489 975 potentiam
520 928 684 964 finitam.
720 928 965 974 Relinquitur
993 927 1128 973 igitur,
1157 928 1261 973 quod
1297 927 1336 963 in
1370 928 1511 974 aequali
1545 931 1720 974 tempore

106 979 263 1013 moveat
283 976 458 1022 potentia
481 975 592 1012 finita
609 979 646 1011 et
663 975 830 1018 infinita,
849 974 955 1021 quod
976 978 1035 1011 est
1054 974 1316 1019 impossibile.
1340 975 1425 1011 Non
1449 975 1571 1021 igitur
1589 979 1723 1022 poten-

106 1023 163 1060 tia
179 1022 334 1059 infinita
355 1022 642 1068 magnitudinis
667 1021 800 1064 finitae,
823 1025 953 1066 potest
979 1029 1135 1058 movere
1157 1021 1195 1057 in
1219 1025 1394 1067 tempore
1416 1021 1567 1068 aliquo.

155 1069 267 1114 Quod
288 1073 419 1106 autem
441 1069 615 1114 potentia
637 1069 750 1114 prinii
773 1068 939 1105 motoris
971 1069 1023 1105 sit
1052 1067 1219 1111 infinita,
1257 1069 1314 1104 sic
1346 1070 1532 1114 probatur
1566 1081 1575 1105 ε
1606 1069 1722 1108 Nulla

108 1116 283 1163 potentia
303 1115 416 1152 finita
434 1119 564 1161 potest
585 1124 741 1152 movere
761 1119 936 1161 tempore
958 1115 1114 1151 infinito
1138 1126 1146 1159 ;
1168 1115 1236 1151 sed
1261 1116 1437 1160 potentia
1456 1116 1571 1161 primi
1593 1121 1721 1153 moto-

106 1163 163 1200 ris
184 1167 313 1200 movet
341 1166 516 1209 tempore
548 1162 716 1201 inlinito,
768 1163 833 1199 uia
866 1164 998 1199 motus
1032 1163 1183 1207 primus
1214 1167 1274 1198 est
1294 1163 1590 1208 sempiternus;
1627 1172 1721 1210 ergo

102 1250 105 1251 ⁷
133 1209 283 1247 otentia
301 1209 417 1256 primi
438 1210 604 1246 motoris
625 1214 685 1246 est
703 1210 742 1246 in
761 1210 870 1246 inita.
888 1210 1018 1246 Prima
1032 1209 1090 1246 sic
1102 1209 1290 1255 probatur
1307 1221 1315 1246 :
1335 1210 1373 1246 Si
1393 1210 1528 1256 aliqua
1544 1213 1722 1256 potentia

104 1219 217 1294 gnita
236 1257 404 1303 alicujus
422 1257 601 1302 corporis
622 1261 752 1293 movet
771 1260 947 1302 tempore
969 1256 1234 1308 infinito,pars
1250 1256 1359 1293 illius
1372 1258 1721 1303 corporis,liabens

103 1307 252 1351 partem
275 1304 474 1350 potentiae,
497 1304 669 1340 movebit
687 1304 727 1340 in
748 1309 924 1349 tempore
957 1304 1101 1340 minori
1125 1315 1133 1347 ;
1153 1313 1259 1350 quia,
1294 1308 1441 1349 quanto
1470 1305 1620 1352 aliquid
1661 1309 1722 1343 est

105 1351 269 1398 majoris
290 1351 487 1398 potentiae,
509 1354 618 1387 tanto
640 1351 678 1387 in
699 1351 838 1397 majori
855 1355 1030 1396 tempore
1051 1354 1202 1387 motum
1223 1351 1457 1388 continuare
1478 1353 1621 1398 poterit
1642 1364 1651 1396 ;
1683 1356 1722 1389 et

105 1399 164 1435 sic
182 1407 273 1445 pars
294 1397 480 1444 praedicta
506 1397 678 1435 movebit
706 1402 881 1444 tempore
907 1397 1034 1434 finito.
1068 1398 1190 1444 Major
1220 1401 1350 1434 autem
1385 1407 1475 1444 pars
1507 1399 1547 1435 in
1579 1399 1719 1446 majori

104 1449 280 1491 tempore
301 1454 458 1482 movere
478 1446 621 1491 poterit
642 1456 650 1490 ;
673 1449 711 1482 et
731 1445 789 1482 sic
810 1453 979 1490 semper,
1005 1445 1223 1482 secundum
1256 1445 1361 1491 quod
1393 1446 1558 1483 addetur
1575 1447 1623 1483 ad
1656 1455 1721 1493 po-

104 1493 268 1529 tentiam
291 1493 470 1535 motoris,
494 1492 658 1529 addetur
679 1492 728 1529 ad
754 1496 910 1539 tempus
943 1492 1163 1529 secundum
1199 1492 1377 1529 eamdem
1407 1494 1719 1539 proportionem.

105 1539 180 1576 Sed
201 1539 350 1577 additio
371 1540 582 1586 aliquoties
615 1539 717 1576 sacta
749 1540 948 1586 perveniet
980 1539 1029 1576 ad
1061 1539 1319 1586 quantitatem
1353 1541 1475 1577 totius
1509 1541 1568 1577 vel
1602 1541 1719 1578 etiam

105 1586 298 1631 excedet;
337 1596 432 1633 ergo
464 1590 500 1623 et
530 1586 679 1623 additio
711 1595 758 1623 ex
784 1590 893 1633 parte
921 1587 1112 1632 temporis
1145 1586 1346 1632 perveniet
1378 1587 1426 1623 ad
1460 1588 1719 1634 quantitatem

104 1634 309 1679 temporis,
330 1634 370 1670 in
392 1642 471 1681 quo
496 1637 625 1670 movet
646 1637 787 1671 totum.
808 1635 976 1679 Tempus
1004 1637 1149 1673 autem,
1183 1636 1224 1669 in
1253 1642 1332 1680 quo
1364 1637 1489 1671 totum
1522 1635 1718 1680 movebat,

104 1680 309 1718 dicebatur
323 1689 412 1718 esse
428 1679 626 1718 infinitum
645 1691 654 1725 ;
672 1689 767 1727 ergo
781 1684 937 1727 tempus
951 1679 1106 1717 finitum
1122 1681 1305 1717 metietur
1321 1684 1477 1727 tempus
1494 1682 1693 1720 infinitum
1708 1695 1718 1728 ;

105 1727 211 1775 quod
241 1731 301 1765 est
320 1728 582 1773 impossibile.
681 1757 692 1766 .
1115 1774 1120 1780 Ι
1194 1775 1200 1780 .

151 1774 225 1811 Sed
249 1779 388 1812 contra
409 1775 514 1811 hunc
531 1782 764 1821 processum
786 1774 920 1820 plures
942 1778 1036 1812 sunt
1059 1775 1305 1820 objectlones
1328 1787 1336 1811 :

151 1822 324 1865 Quarum
348 1831 424 1859 una
446 1826 504 1858 est
536 1833 544 1857 :
579 1822 679 1866 Quia
711 1824 842 1867 potest
872 1823 979 1867 poni,
1010 1822 1115 1869 quod
1147 1822 1244 1859 illud
1281 1831 1440 1868 corpus,
1463 1824 1569 1870 quod
1589 1828 1720 1862 movet

102 1869 274 1915 primum
295 1872 461 1912 motum,
484 1877 564 1905 non
585 1872 644 1906 est
665 1868 878 1911 divisibile,
901 1870 1005 1905 sicut
1028 1872 1134 1915 patet
1153 1868 1200 1905 de
1222 1878 1387 1915 corpore
1408 1871 1560 1908 coelesti
1584 1883 1593 1916 ;
1615 1881 1718 1918 pree-

103 1915 212 1953 dicta
229 1919 359 1953 autem
378 1916 558 1962 probatio
577 1916 754 1961 procedit
775 1925 822 1952 ex
840 1914 1036 1953 divisione
1055 1916 1154 1962 ejus.
1173 1917 1247 1953 Sed
1262 1917 1311 1953 ad
1328 1917 1402 1954 hoc
1418 1918 1629 1955 dicendum
1645 1923 1717 1964 est,

101 1963 207 2009 quod
229 1962 511 2000 conditionalis
533 1967 660 2008 potest
679 1973 768 2000 esse
797 1971 901 2006 vera,
933 1963 1046 2009 cujus
1077 1963 1314 2001 antecedens
1347 1968 1405 2001 est
1435 1965 1684 2011 impossibile
1710 1978 1719 2011 ;

103 2013 154 2052 et,
183 2009 218 2047 si
250 2009 345 2057 quid
378 2013 437 2047 est
470 2010 575 2056 quod
606 2010 783 2047 destruat
811 2010 1014 2047 veritatem
1049 2011 1139 2047 talis
1175 2011 1473 2056 conditionalis,
1496 2016 1557 2050 est
1576 2014 1720 2059 impos-

103 2056 221 2094 sibile
243 2068 252 2101 ;
279 2057 313 2094 si
333 2057 436 2094 sicut
455 2056 604 2104 aliquid
624 2058 842 2094 destrueret
862 2058 1065 2095 veritatem
1080 2058 1198 2104 hujus
1219 2059 1503 2097 conditionalis
1527 2072 1535 2095 :
1557 2060 1600 2096 Si
1619 2062 1720 2098 homo

101 2104 223 2147 volat,
253 2103 359 2140 habet
389 2105 481 2148 alas,
514 2108 622 2141 esset
653 2104 915 2150 impossibile.
951 2107 992 2141 Et
1023 2105 1242 2142 secundum
1272 2106 1378 2143 hunc
1414 2107 1575 2144 modum
1605 2108 1720 2144 intel-

103 2149 291 2196 ligendus
320 2154 378 2189 est
412 2159 624 2197 processus
657 2152 905 2197 probationis
934 2152 1154 2197 praedictae;
1187 2153 1282 2199 quia
1310 2153 1394 2191 liaec
1434 2154 1721 2193 conditionalis

103 2200 164 2234 est
205 2206 296 2234 vera
331 2210 340 2235 ε
377 2198 418 2235 Si
452 2208 579 2244 corpus
616 2200 750 2235 coeleste
786 2199 979 2241 dividitur,
1014 2209 1106 2245 pars
1142 2199 1220 2244 ejus
1257 2202 1327 2236 erit
1365 2203 1516 2237 minoris
1554 2202 1723 2247 potentiae

103 2253 211 2289 quam
234 2247 358 2282 totum.
380 2244 503 2291 Hujus
528 2249 660 2282 autem
694 2246 977 2283 conditionalis
997 2247 1142 2283 veritas
1167 2246 1339 2288 tollitur,
1375 2248 1411 2285 si
1447 2251 1617 2294 ponatur
1642 2249 1720 2295 pri-

102 2299 210 2328 mum
230 2299 392 2329 movens
409 2301 498 2329 esse
519 2301 678 2340 corpus,
693 2293 1221 2341 propterimpossibiliaquae
1241 2299 1476 2341 sequuntur.
1489 2295 1595 2333 Unde
1615 2299 1721 2342 patet

103 2337 178 2375 hoc
186 2346 276 2376 esse
290 2337 552 2385 impossibile.

150 2386 194 2421 Et
211 2385 394 2422 similiter
413 2390 540 2432 potest
558 2387 801 2433 responderi,
823 2387 857 2425 si
875 2387 943 2424 fiat
962 2387 1132 2434 objectio
1151 2388 1200 2425 de
1217 2392 1431 2435 augmento
1452 2390 1719 2436 potentiarum

102 2429 317 2476 finitarum,
340 2431 433 2479 quia
453 2441 532 2469 non
552 2438 612 2470 est
631 2435 823 2480 accipere,
848 2435 886 2471 in
919 2443 1050 2471 rerum
1082 2439 1236 2479 natura,
1271 2437 1469 2481 potentias
1498 2437 1719 2474 secundum

103 2486 262 2515 omnem
283 2479 578 2524 proportionem
601 2489 718 2526 quam
740 2481 857 2518 habet
878 2486 1034 2526 tempus
1059 2481 1107 2518 ad
1142 2486 1299 2526 tempus
1329 2483 1621 2530 quodcumque.
1653 2486 1720 2522 Est

101 2527 235 2562 tamen
250 2525 534 2563 conditionalis
551 2535 656 2570 vera,
677 2536 770 2574 qua,
791 2528 831 2564 in
850 2529 1037 2574 praedicta
1056 2528 1306 2573 probatione,
1328 2529 1542 2576 indigetur.

149 2573 329 2609 Secunda
349 2572 520 2618 objectio
538 2577 599 2610 est
619 2585 627 2610 :
650 2575 764 2618 Quia,
782 2576 856 2612 etsi
879 2584 1024 2620 corpus
1048 2574 1249 2618 dividitur,
1270 2576 1405 2622 aliqua
1430 2577 1556 2615 virtus
1589 2580 1720 2624 potest

101 2626 193 2665 esse
212 2619 382 2666 alicujus
403 2620 596 2664 corporis,
619 2629 706 2666 quae
727 2630 808 2657 non
833 2622 1035 2666 dividitur,
1069 2620 1199 2658 diviso
1219 2631 1385 2669 corpore
1407 2635 1416 2668 ;
1451 2624 1554 2662 sicut
1586 2625 1719 2663 anima

100 2666 311 2704 rationalis
331 2675 412 2703 non
433 2665 633 2710 dividitur,
656 2667 784 2704 diviso
802 2676 982 2714 corpore.

149 2713 252 2750 Etad
274 2713 350 2750 hoc
369 2716 430 2750 est
448 2713 683 2750 dicendum:
708 2714 835 2759 Quod,
851 2724 920 2760 per
932 2723 1163 2760 processum
1179 2717 1424 2762 praedictum,
1438 2727 1518 2756 non
1530 2719 1720 2765 probatur

100 2759 206 2806 quod
228 2769 311 2797 non
331 2760 384 2797 sit
412 2761 517 2797 Deus
550 2761 788 2806 conjunctus
821 2762 993 2808 corpori,
1023 2762 1128 2800 sicut
1158 2764 1291 2801 anima
1323 2763 1532 2803 rationalis
1561 2767 1717 2812 corpori

101 2806 309 2851 humano;
337 2807 405 2844 sed
427 2807 533 2854 quod
563 2817 645 2843 non
675 2811 736 2844 cst
763 2807 889 2845 virtus
914 2809 956 2845 iu
986 2818 1163 2855 corpore,
1198 2812 1302 2848 sicut
1327 2812 1452 2849 virtus
1485 2814 1715 2854 materialis,

102 2863 190 2900 quae
209 2854 397 2891 dividitur
416 2854 465 2892 ad
486 2854 725 2891 divisionem
745 2855 938 2900 corporis.
970 2857 1077 2892 Unde
1113 2859 1230 2895 etiam
1262 2859 1407 2895 dicitur
1437 2860 1483 2896 de
1513 2860 1716 2897 intellectu

103 2899 293 2953 humano,
315 2900 422 2953 quod
443 2910 524 2938 non
547 2905 608 2954 est
627 2910 920 2955 corpus-neque
940 2902 1065 2941 virtus
1085 2904 1126 2940 in
1147 2914 1326 2951 corpore.
1343 2907 1456 2951 Quod
1468 2910 1599 2945 autem
1612 2910 1716 2944 Deus

102 2954 185 2989 non
204 2951 259 2984 sit
274 2951 412 2986 unitus
428 2956 586 2995 corpori
602 2953 706 2986 Sicut
726 2957 874 2996 anima,
897 2949 1060 2988 alterius
1079 2952 1248 2990 rationis
1265 2956 1339 2990 est.
