1894 3223
115 156 188 192 224
681 150 769 185 LlB.
796 150 844 193 Π,
865 149 972 193 CAP.
997 149 1177 186 LXXXIII.

119 235 220 273 ratio
247 234 388 271 animae
408 230 575 268 brutalis
604 233 736 276 potest
753 239 843 267 esse
875 230 1025 277 absque
1044 239 1209 277 corpore
1226 242 1238 273 3
1258 240 1306 268 ex
1325 240 1404 278 quo
1425 231 1472 268 de
1493 231 1733 270 necessitate

119 280 304 321 concludi
322 281 452 325 potest
471 277 578 325 quod
596 277 732 314 anima
749 276 919 314 brutalis
939 287 1030 316 cum
1051 287 1219 326 corpore
1238 278 1419 316 intereat.

719 423 888 465 CAPUT
915 423 1113 466 LXXXIII
1118 453 1128 464 .

161 544 260 578 QUOD
277 542 404 572 ANIMA
425 541 591 572 HUMANA
609 541 688 572 NON
706 542 879 571 INCIPIAT
897 543 977 572 CUM
991 543 1176 580 CORPORE,
1200 543 1272 573 SED
1291 543 1431 574 FUERIT
1448 544 1500 573 AB
1515 542 1692 574 AETERNO.

168 651 243 689 Sed
271 650 367 698 quia
393 650 541 688 eaedem
566 659 630 688 res
659 650 916 688 inveniuntur
936 654 974 687 et
990 660 1080 688 esse
1097 651 1270 697 incipere
1291 655 1329 689 et
1348 651 1466 689 finem
1486 651 1648 690 essendi
1669 653 1737 691 ha·

119 699 225 742 bere,
244 701 375 746 potest
396 698 515 735 alicui
535 698 658 734 videri
679 698 799 744 quod,
822 707 869 734 ex
889 707 968 744 quo
989 698 1123 735 anima
1141 698 1315 735 humana
1333 698 1452 736 finem
1477 699 1638 737 essendi
1652 708 1736 737 non

120 746 251 790 babet,
274 755 346 783 nec
367 745 606 792 principium
627 745 785 783 essendi
809 745 1003 791 habuerit,
1021 745 1093 783 sed
1113 744 1232 783 fuerit
1249 754 1426 791 semper:
1448 746 1554 793 quod
1571 747 1733 794 quidem

120 793 276 830 videtur
297 793 361 829 his
381 792 603 830 rationibus
624 801 744 838 posse
762 792 934 838 probari.

167 842 261 876 Nam
284 839 322 876 id
344 839 449 885 quod
470 848 671 885 nunquam
687 849 775 876 esse
794 839 950 876 desinet
968 837 1086 875 habet
1097 838 1280 876 virtutem
1301 842 1344 876 ut
1363 839 1416 876 sit
1435 847 1604 884 semper.
1621 840 1736 884 Quod

121 890 251 925 autem
269 886 387 923 habet
404 887 587 923 virtutem
603 891 646 923 ut
665 887 716 923 sit
734 896 901 932 semper,
922 894 1125 931 nunquam
1150 886 1197 923 de
1212 895 1260 922 eo
1279 895 1416 923 verum
1433 890 1493 922 est
1512 886 1642 923 dicere
1654 895 1735 924 non

122 943 234 979 esse3
256 933 352 980 quia
370 937 562 980 quantum
583 943 625 970 se
646 933 820 970 extendit
838 934 964 971 virtus
985 932 1158 975 essendi,
1183 936 1335 970 tantum
1355 941 1420 969 res
1437 933 1552 970 durat
1569 934 1610 969 in
1630 942 1734 971 esse.

122 983 245 1019 Omne
273 984 404 1018 autem
436 981 541 1027 quod
572 980 720 1026 incepit
750 989 853 1024 esse,
888 983 948 1018 est
976 979 1190 1026 aliquando
1213 989 1349 1017 verum
1371 980 1500 1016 dicere
1528 989 1609 1017 non
1629 989 1735 1018 esse.

121 1027 232 1074 Quod
254 1027 375 1074 igitur
394 1036 598 1074 nunquam
620 1028 776 1065 desinet
793 1036 894 1068 esse,
917 1036 989 1064 nec
1011 1036 1100 1064 esse
1123 1027 1338 1074 aliquando
1359 1027 1535 1073 incipiet.

166 1075 311 1119 Adhuc,
338 1075 484 1112 veritas
504 1075 816 1120 intelligibilium
837 1075 942 1111 sicut
956 1077 1017 1111 est
1035 1074 1361 1120 incorruptibilis,
1383 1074 1450 1114 ita,
1471 1076 1662 1121 quantum
1676 1078 1739 1111 est

121 1120 169 1160 de
190 1131 248 1166 se,
279 1124 339 1158 est
358 1121 475 1158 etiam
508 1125 674 1165 aeterna;
698 1126 757 1158 est
776 1122 880 1158 enim
902 1121 1142 1158 necessaria.
1166 1122 1289 1158 Omne
1307 1125 1439 1158 autem
1463 1121 1736 1158 necessarium

118 1172 183 1206 est
212 1172 416 1211 aeternum,
447 1169 539 1215 quia
570 1169 676 1215 quod
705 1178 869 1205 necesse
902 1172 961 1205 est
990 1177 1079 1204 esse
1097 1168 1346 1214 impossibile
1367 1172 1527 1205 estnon
1556 1177 1658 1205 esse.
1682 1169 1735 1204 Ex

120 1216 494 1261 incorruptibilitate
528 1220 659 1252 autem
693 1216 867 1252 veritatis
898 1214 1175 1261 intelligibilis,
1197 1215 1420 1253 ostenditur
1438 1215 1571 1251 anima
1592 1223 1734 1252 secun-

121 1263 216 1300 dum
237 1271 326 1299 esse
347 1263 673 1308 incorruptibilis.
702 1263 789 1299 Pari
808 1271 902 1309 ergo
923 1262 1076 1299 ratione
1098 1271 1146 1300 ex
1163 1261 1249 1309 ejus
1267 1262 1483 1300 aeternitate
1499 1265 1628 1308 potest
1647 1270 1735 1308 pro-

120 1309 203 1348 bari
228 1310 370 1346 animae
391 1310 602 1347 aeternitas.

166 1356 349 1402 Amplius,
372 1356 470 1393 illud
490 1365 570 1393 non
589 1360 649 1393 est
679 1356 894 1402 perfeetum
922 1356 986 1392 cui
1006 1355 1186 1402 plurimae
1205 1364 1369 1392 suarum
1398 1355 1568 1401 partium
1586 1355 1734 1401 princi·

119 1403 270 1450 palium
290 1403 446 1440 desunt.
469 1405 578 1440 Patet
599 1406 729 1440 autem
750 1403 988 1449 principales
1003 1406 1134 1448 partes
1149 1403 1323 1439 universi
1336 1411 1425 1440 esse
1443 1402 1732 1440 intellectuales

121 1450 380 1493 substantias,
414 1450 454 1486 in
490 1459 655 1496 quarum
678 1459 821 1496 genere
852 1453 1060 1486 ostensum
1093 1453 1154 1486 est
1173 1459 1293 1494 supra
1311 1448 1360 1495 (c.
1380 1449 1439 1495 68)
1467 1457 1556 1486 esse
1577 1449 1733 1487 animas

122 1497 332 1534 humanas.
366 1496 405 1533 Si
434 1497 555 1543 igitur
585 1497 760 1543 quotidie
791 1497 839 1534 de
860 1506 962 1533 novo
982 1500 1039 1534 tot
1058 1497 1200 1533 animae
1224 1497 1408 1533 humanae
1430 1505 1519 1533 esse
1538 1496 1734 1542 incipiant

122 1544 226 1591 quod
245 1543 428 1582 homines
450 1548 680 1589 nascuntur,
702 1548 807 1590 patet
827 1544 1002 1590 quotidie
1023 1544 1208 1581 universo
1229 1543 1422 1589 plurimas
1451 1543 1732 1589 principalium

123 1600 285 1628 suarum
310 1591 481 1637 partium
507 1591 596 1628 addi
628 1595 664 1627 et
694 1591 887 1637 plurimas
917 1591 1124 1634 eideesse.
1146 1591 1330 1638 Sequitur
1359 1590 1481 1637 igitur
1500 1590 1731 1628 universum

122 1647 210 1676 esse
228 1638 526 1684 imperfectum3
548 1638 653 1685 quod
673 1642 733 1675 est
752 1638 1014 1684 impossibile.

167 1685 312 1726 Adhuc,
347 1685 465 1722 etiam
497 1686 656 1732 quidam
686 1689 1013 1731 argumentantur
1043 1695 1092 1722 ex
1110 1685 1344 1723 auctoritate
1365 1693 1488 1722 sacrae
1509 1684 1732 1730 Scripturae.

122 1732 272 1769 Dicitur
300 1732 406 1770 enim
438 1732 545 1779 quod
573 1733 760 1778 complevit
784 1735 876 1769 Deus
910 1733 968 1768 die
985 1734 1134 1778 septimo
1165 1743 1253 1778 opus
1273 1742 1378 1768 suum
1409 1732 1505 1777 quod
1523 1733 1682 1775 fecerat:
1700 1734 1737 1768 et

118 1780 297 1824 requievit
315 1779 373 1815 die
392 1781 539 1825 septimo
558 1780 602 1815 ab
621 1781 786 1816 universo
800 1789 902 1824 opere
921 1779 1016 1825 quod
1032 1782 1205 1825 patrarat
1226 1780 1351 1826 (Gen.‚
1373 1788 1416 1822 Π,
1433 1778 1484 1825 2).
1506 1780 1587 1816 Hoc
1600 1783 1735 1817 autem

123 1835 205 1862 non
226 1829 344 1870 esset,
364 1826 400 1863 si
423 1826 599 1873 quotidie
619 1835 743 1863 novas
765 1827 920 1863 animas
941 1827 1098 1863 faceret.
1121 1828 1209 1864 Non
1230 1826 1353 1873 igitur
1375 1826 1516 1862 animae
1549 1826 1735 1864 bumanae,

122 1881 210 1911 esse
229 1872 438 1918 incipiunt,
459 1873 530 1910 sed
550 1883 572 1909 a
591 1873 785 1919 principio
807 1872 942 1910 mundi
963 1874 1134 1910 suerunt.

170 1921 331 1965 Propter
362 1920 435 1956 has
466 1923 597 1956 autem
628 1923 665 1956 et
698 1920 851 1957 similes
881 1921 1070 1965 rationes,
1101 1918 1276 1967 quidam,
1312 1919 1570 1956 aeternitatem
1593 1918 1732 1956 mundi

119 1971 329 2014 ponentes,
348 1966 532 2003 dixerunt
546 1967 719 2004 animam
741 1967 968 2011 humanam,
991 1967 1095 2004 sicut
1114 1970 1174 2004 est
1193 1966 1520 2012 incorruptibilis,
1540 1966 1594 2003 ita
1614 1967 1733 2003 etiam

119 2016 160 2050 et
178 2013 226 2050 ab
246 2017 394 2050 aeterno
415 2013 565 2058 suisse3
586 2014 689 2051 unde
715 2014 783 2060 qui
802 2017 1022 2060 posuerunt
1049 2014 1204 2051 animas
1224 2013 1420 2050 humanas
1438 2014 1479 2049 in
1506 2022 1580 2050 sua
1600 2013 1732 2050 multi·

120 2060 258 2097 tudine
290 2069 380 2097 esse
410 2061 668 2106 immortales,
698 2061 851 2098 scilicet
877 2061 1080 2106 platonici,
1102 2063 1323 2107 posuerunt
1340 2059 1499 2097 easdem
1517 2060 1565 2097 ab
1586 2064 1733 2098 aeterno

121 2107 261 2153 fuisse,
295 2111 333 2144 et
361 2116 466 2159 nunc
497 2108 656 2155 quidem
685 2107 920 2154 corporibus
941 2108 1060 2152 uniri,
1089 2117 1195 2145 nunc
1215 2111 1348 2144 autem
1367 2117 1390 2144 a
1410 2107 1644 2153 corporibus
1666 2107 1735 2144 ab·

119 2154 236 2199 solvi,
259 2163 304 2191 ae
332 2155 607 2192 vicissitudine
642 2155 861 2193 secundum
889 2155 1147 2192 determinata
1168 2163 1364 2192 annorum
1385 2154 1581 2192 curricula
1602 2155 1736 2192 obser·

119 2204 221 2239 vata.

168 2248 242 2300 Qui
273 2258 367 2286 vero
397 2253 617 2295 posuerunt
648 2249 803 2287 animas
837 2249 1034 2286 humanas
1054 2257 1144 2286 esse
1165 2248 1409 2286 immortales
1430 2249 1650 2287 secundum
1665 2249 1735 2286 ali·

120 2295 224 2347 quid·
245 2304 368 2333 unum
388 2295 494 2342 quod
515 2305 563 2332 ex
592 2297 779 2334 omnibus
799 2296 1030 2334 hominibus
1050 2300 1184 2333 manet
1202 2299 1292 2342 post
1310 2300 1492 2341 mortem,
1514 2298 1736 2342 posuerunt

119 2342 196 2379 hoc
215 2351 348 2388 ipsum
368 2351 490 2380 unum
510 2343 559 2380 ab
579 2347 726 2382 aeterno
748 2344 887 2388 fuisse,
909 2344 992 2381 sive
1009 2344 1085 2381 hoc
1105 2343 1157 2381 sit
1176 2343 1400 2381 intellectus
1420 2352 1545 2390 agens
1564 2347 1732 2388 tantum,

119 2393 162 2426 ut
193 2390 328 2435 posuit
351 2389 583 2435 Alexander,
618 2391 701 2428 sive
729 2400 819 2428 cum
839 2400 887 2428 eo
907 2391 1026 2428 etiam
1041 2390 1267 2428 intellectus
1289 2390 1510 2436 possibilis,
1538 2394 1581 2428 ut
1600 2390 1736 2437 posuit

117 2437 351 2475 Averrhoes.
384 2438 464 2474 Hoc
486 2437 603 2474 etiam
629 2438 813 2475 videntur
843 2446 987 2475 sonare
1008 2441 1045 2474 et
1065 2438 1290 2475 Aristotelis
1310 2437 1452 2482 verba;
1476 2446 1582 2482 nam,
1605 2437 1651 2474 de
1671 2438 1733 2473 in-

118 2483 277 2533 tellectu
308 2484 490 2530 loquens,
521 2484 617 2521 dicit
648 2484 713 2532 (De
742 2486 878 2529 anima,
899 2493 958 2529 111,
986 2488 1080 2523 text.
1102 2493 1247 2523 comm.
1267 2484 1327 2532 29)
1347 2485 1480 2531 ipsum
1499 2494 1581 2522 non
1601 2484 1731 2522 solum

117 2531 475 2581 incorruptibilem,
502 2531 573 2568 sed
592 2531 710 2569 etiam
730 2535 963 2578 perpetuum
982 2541 1086 2569 esse.

167 2577 333 2628 Quidam
353 2587 446 2615 vero
469 2578 707 2616 catholicam
727 2579 844 2617 fidem
864 2578 1109 2625 profitentes,
1131 2579 1423 2625 platonicorum
1443 2577 1636 2616 doctrinis
1655 2577 1728 2614 im-

118 2621 217 2674 buti,
251 2624 352 2660 viam
385 2625 556 2663 mediam
587 2630 812 2663 tenuerunt.
841 2627 942 2671 Quia
962 2626 1083 2672 enim,
1104 2626 1325 2664 secundum
1344 2625 1461 2663 fidem
1480 2624 1728 2665 catholicam.

119 2668 219 2705 nlhll
241 2673 300 2706 est
329 2675 520 2708 aeternum
548 2677 689 2719 praeter
708 2675 845 2717 Deum,
868 2674 1065 2711 humanas
1093 2673 1253 2720 quidem
1274 2673 1430 2711 animas
1455 2676 1623 2709 aeternas
1648 2678 1732 2708 non

117 2720 351 2762 posuerunt,
388 2718 458 2754 sed
478 2727 546 2755 eas
567 2729 656 2757 cum
688 2720 837 2758 mundo
858 2720 941 2757 sive
962 2720 1096 2767 potius
1115 2724 1206 2757 ante
1225 2719 1416 2757 mundum
1434 2718 1631 2755 visibilem
1651 2726 1732 2756 cre·

118 2766 204 2814 atas
225 2771 346 2815 esse„
363 2767 402 2800 et
419 2767 552 2816 tamen
580 2775 647 2804 eas
669 2766 716 2803 de
737 2776 839 2805 novo
862 2767 1096 2814 corporibus
1111 2767 1280 2813 alligari.
1303 2767 1426 2810 Quam
1444 2765 1602 2811 quidem
1622 2765 1732 2811 posi·

120 2811 442 2862 tionem-primus
464 2814 566 2863 inter
584 2813 812 2851 christianae
833 2814 923 2851 fidei
945 2814 1194 2860 professores
1215 2813 1406 2859 Origenes
1427 2812 1513 2858 (Περὶ
1532 2811 1634 2858 Ἄρκη
1655 2812 1680 2849 l.
1700 2821 1729 2858 Ι,

116 2864 152 2894 c.
171 2859 192 2893 7
215 2860 252 2893 et
271 2856 388 2903 lseq.)
418 2865 605 2903 posuisse
625 2859 836 2905 invenitur,
859 2864 1007 2906 etpost
1041 2870 1132 2898 eum
1167 2859 1302 2906 plures
1322 2859 1453 2905 ipsum
1489 2864 1728 2905 sequentes;

116 2912 205 2949 quae
231 2903 377 2951 qudem
395 2904 532 2951 opinio
551 2914 678 2952 usque
698 2906 816 2944 hodie
833 2907 938 2953 apud
953 2907 1160 2945 haereticos
1178 2909 1326 2952 manet,
1339 2915 1506 2954 quorum
1522 2905 1730 2944 Manichaei
