1894 3223
731 120 815 155 ΗΒ.
845 121 907 163 ΙΙΙ,
936 120 1036 156 CAP.
1065 120 1208 156 CXLVI.
1708 123 1777 159 465

155 199 454 248 peccat;habet
485 202 615 236 autem
635 200 710 236 hoc
745 201 840 237 erdo
864 201 1116 246 providentiae
1149 201 1302 238 utboni
1335 202 1590 248 praemientur
1613 204 1650 237 et
1682 201 1776 239 mali

157 248 386 295 puniantur,
409 250 451 283 ut
468 255 515 284 ex
535 247 774 292 supradictis
801 252 917 292 patet.
939 250 1024 285 Non
1046 249 1165 295 igitur
1190 249 1373 285 homines
1394 250 1461 296 qui
1481 249 1571 286 aliis
1599 252 1777 295 praesunt

156 296 321 341 peccant
342 303 388 330 cx
410 294 484 331 hoc
505 293 610 340 quod
634 293 762 331 bonos
784 299 1037 331 remunerant
1058 300 1094 331 et
1116 296 1285 341 puniunt
1304 297 1445 333 malos.

203 341 384 387 Amplius,
406 340 553 378 bonum
588 350 668 377 non
702 341 852 386 indiget
874 343 991 383 malo,
1015 343 1081 379 sed
1113 355 1131 377 e
1167 352 1372 380 converso.
1395 343 1493 379 Illud
1528 343 1648 393 igitur
1671 342 1773 390 quod

156 391 217 425 est
236 388 507 425 necessarium
529 387 577 424 ad
612 389 953 425 conservationem
991 390 1081 426 boni
1119 400 1194 425 nnn
1216 394 1344 435 petest
1376 400 1463 426 csse
1493 391 1711 427 secundum
1732 399 1775 427 se

155 434 318 472 malum.
338 435 393 472 Ad
413 436 755 473 conservationem
778 444 906 472 autent
930 438 1151 472 etun-ordia·
1176 438 1275 472 inter
1295 438 1475 473 homines
1505 438 1774 474 necessarium

155 485 216 519 est
234 481 337 565 qulod
360 492 484 528 poenae
506 482 622 520 malis
650 482 892 529 infligantur.
915 484 1056 519 Pnnire
1079 485 1198 529 igitur
1216 485 1343 520 malos
1367 494 1442 520 11011
1467 489 1526 520 est
1554 484 1774 521 secundum

155 536 199 566 se
220 538 284 566 ma
303 538 383 566 um.

200 576 301 621 Item,
321 576 470 614 bonum
493 584 704 615 commune
725 576 868 614 melius
889 581 948 613 cst
966 586 1081 623 quam
1104 577 1179 613 ben
1190 587 1250 613 um
1272 577 1505 622 particulare
1526 578 1660 622 unius.
1683 578 1779 616 Sub-

152 623 390 660 trahendum
412 629 471 662 cst
488 625 608 671 igitur
620 624 769 661 bonum
787 624 1033 669 particulare.
1054 629 1092 659 ut
1108 625 1523 672 conservetur-bonum
1542 635 1767 662 commune.

156 669 242 707 Vita
263 675 393 707 autem
416 671 679 718 quorumdam
701 672 977 716 pestiferorum
998 671 1159 716 impedit
1181 680 1392 708 commune
1410 668 1574 716 bo‘num,
1594 672 1697 718 quod
1715 676 1774 709 est

154 718 367 754 concordia
398 720 602 756 societatis
636 718 832 755 humanae.
856 718 1117 755 Subli-aliendi
1140 719 1260 765 igitur
1281 723 1375 756 sunt
1396 719 1623 766 hujusmodi
1646 719 1774 756 homi-

155 773 227 801 nes
249 775 316 811 per
336 770 500 802 mortem
523 767 570 803 ab
593 765 798 803 hominum
818 765 1020 802 societate.

201 813 390 853 Praeterea,
412 813 515 850 sicut
537 812 714 850 medicus
738 813 776 849 in
798 822 870 849 sua
889 813 1118 858 operatione
1139 813 1310 849 intendit
1330 813 1555 857 sanitatem,
1579 823 1666 860 quse
1684 822 1775 850 con-

156 858 262 896 sistit
279 859 316 895 in
340 859 520 897 ordinata
542 859 756 897 concordia
787 860 1012 902 humorum,
1036 860 1088 896 ita
1111 864 1238 896 rector
1258 861 1428 897 civitatis
1447 861 1616 897 intendit
1635 861 1674 897 in
1701 869 1775 898 sua

155 907 385 952 operatione
417 916 568 953 pacem,
591 916 677 953 quae
708 907 894 944 consistit
914 907 951 942 in
984 907 1127 943 civium
1147 907 1327 944 ordinata
1347 907 1574 944 concordia.
1598 908 1771 946 Medicus

152 957 284 990 autem
305 954 500 991 abscindit
520 955 738 991 membrum
762 954 960 1000 putridum
982 954 1080 991 bene
1103 958 1139 990 et
1161 955 1320 999 utiliter,
1341 955 1373 991 si
1399 965 1465 1001 per
1491 955 1621 1000 ipsum
1644 954 1774 991 immi-

155 1004 247 1037 neat
273 1001 474 1047 corruptio
507 1002 699 1047 corporis.
721 1002 828 1037 Juste
862 1001 982 1047 igitur
1002 1006 1039 1037 ct
1065 1001 1213 1047 absque
1246 1006 1404 1047 peccato
1436 1007 1564 1038 rector
1599 1001 1770 1040 civitatis

155 1046 338 1084 homines
359 1047 569 1092 pestiferos
588 1047 745 1091 occidit,
769 1056 816 1083 ne
836 1058 908 1092 pax
929 1048 1099 1084 civitatis
1121 1049 1308 1085 turbetur.

201 1094 299 1130 Hinc
318 1094 501 1140 estquod
521 1095 615 1132 dicit
644 1094 859 1140 Apostolus
882 1106 889 1130 :
912 1096 1064 1131 Nescitis
1090 1097 1178 1140 quia
1208 1096 1383 1132 modicum
1414 1097 1628 1138 fermentum
1661 1098 1773 1133 totam

152 1150 309 1176 massam
337 1143 563 1187 corrumpit?
581 1143 617 1186 (I
634 1141 728 1182 Cor„
750 1149 791 1185 v,
813 1141 863 1187 6.)
886 1143 929 1177 Et
949 1145 1038 1186 post
1069 1152 1193 1186 pauca
1213 1142 1347 1179 subdit
1369 1155 1377 1179 :
1401 1143 1554 1185 Auferte
1574 1143 1708 1178 malum
1729 1152 1774 1178 cm

151 1187 253 1224 vobis
269 1189 360 1234 ipsis
380 1187 500 1234 (ibim,
524 1188 580 1235 13)
599 1199 607 1233 ;
629 1192 666 1225 et
684 1187 828 1225 dicitur
848 1188 894 1224 de
930 1192 1121 1234 potestate
1152 1192 1308 1225 terrena
1328 1189 1434 1235 quod
1460 1200 1532 1224 non
1569 1191 1646 1224 sine
1665 1198 1777 1226 causa

152 1234 317 1280 qladium
331 1238 468 1280 portat.
491 1237 557 1272 Dei
575 1238 671 1271 enim
687 1236 852 1271 minister
871 1237 934 1279 est,
956 1236 1090 1271 vintlcoe
1104 1237 1142 1270 in
1162 1237 1255 1271 iram
1273 1238 1305 1271 ci
1323 1238 1388 1281 qui
1401 1237 1534 1272 malum
1545 1238 1622 1280 anit
1644 1235 1774 1282 (Rom.,

152 1290 238 1325 XIII,
259 1282 294 1329 4)
312 1293 322 1327 ;
342 1285 380 1319 et
399 1282 544 1319 dicitur
563 1294 572 1320 ε
592 1282 752 1328 Subjccti
770 1285 876 1318 estote
895 1284 992 1318 omni
1014 1284 1179 1319 humanae
1200 1286 1372 1319 creaturae
1387 1286 1537 1328 propter
1555 1285 1680 1323 Deum,
1701 1285 1778 1319 sive

151 1331 242 1373 regi,
265 1330 373 1375 quasi
384 1330 615 1375 praecellenti,
637 1332 711 1366 sice
731 1330 894 1373 dacibus,
918 1333 1092 1375 tanquam
1111 1331 1155 1365 ub
1177 1340 1213 1366 eo
1233 1331 1353 1367 missis
1374 1331 1423 1366 ad
1441 1330 1642 1366 vindictam
1665 1330 1775 1366 male-

149 1377 344 1421 factorum,
367 1377 510 1413 laudcm
528 1387 610 1414 vero
631 1378 812 1413 bonoram.
836 1377 868 1423 (Ι
883 1378 996 1416 Pena,
1019 1387 1061 1421 II,
1086 1380 1141 1421 13,
1165 1377 1236 1424 14.)

202 1425 275 1460 Per
293 1424 370 1461 hoc
388 1428 518 1461 autem
541 1424 763 1461 excluditur
784 1433 893 1460 error
912 1424 1173 1469 quorumdam
1195 1424 1410 1461 dicentium
1424 1424 1620 1461 vindictas
1640 1432 1777 1470 corpo-

152 1470 258 1508 rales
279 1479 360 1507 non
381 1470 500 1508 licere
521 1471 619 1515 sieri,
641 1472 707 1518 qui
729 1470 777 1508 ad
798 1471 860 1508 sui
885 1471 1158 1508 fulcimentum
1178 1473 1325 1509 erroris
1346 1472 1536 1508 inducant
1551 1471 1658 1518 quod
1679 1471 1776 1508 dici-

153 1521 218 1554 tur
239 1529 248 1554 :
271 1518 351 1555 Non
383 1518 530 1554 occides.
555 1518 702 1566 (Emod.,
725 1526 790 1561 XX,
815 1517 887 1563 13.)
911 1538 957 1543 —-
977 1518 1172 1555 inducunt
1203 1519 1319 1555 etiam
1354 1519 1458 1565 quod
1492 1518 1636 1555 dicitur
1669 1517 1778 1565 quod

155 1564 349 1601 Dominus
369 1565 564 1602 ministris
585 1565 810 1602 volentibus
831 1565 1020 1601 zizaniam
1045 1566 1232 1611 colligere
1254 1566 1300 1602 dc
1321 1566 1452 1603 medio
1470 1565 1588 1602 tritici
1612 1574 1776 1611 respon-

150 1611 210 1648 dit
231 1623 241 1647 :
262 1612 379 1648 Sinite
397 1614 552 1658 utraque
570 1623 722 1648 crescere
735 1622 846 1657 usquc
866 1613 914 1647 ad
930 1623 1086 1649 messem.
1105 1612 1263 1659 (Manu,
1285 1622 1369 1657 XIII,
1391 1612 1466 1659 30.)
1492 1614 1564 1648 Per
1583 1612 1772 1650 zizaniam

153 1662 286 1695 autem
320 1659 388 1696 filii
434 1666 602 1705 nequam
637 1659 936 1705 intelliguntur;
973 1669 1041 1704 per
1070 1669 1241 1696 messem
1282 1664 1410 1697 autem
1433 1659 1568 1697 saeculi
1600 1659 1706 1705 finis,
1729 1663 1771 1697 ut

153 1705 299 1742 ibidem
321 1705 476 1743 dicitur.
496 1708 581 1743 Non
604 1706 836 1753 igitur·1nali
871 1706 1129 1743 subtrahendi
1151 1711 1243 1744 sunt
1261 1707 1307 1744 de
1334 1707 1465 1743 medio
1487 1707 1681 1743 honorum
1703 1715 1773 1752 per

153 1753 413 1790 occisionem.
430 1773 476 1779 —
495 1754 692 1790 Inducunt
707 1753 823 1789 etiam
845 1753 951 1799 quod
973 1754 1105 1798 bomo,
1124 1754 1311 1800 quam-diu
1327 1755 1365 1790 in
1384 1753 1532 1790 mundo
1553 1757 1625 1798 est,
1643 1756 1774 1799 potest

152 1800 193 1836 111
214 1800 360 1837 melius
397 1801 668 1838 transmutari.
692 1802 778 1837 Non
817 1809 911 1846 crgo
945 1807 1005 1836 est
1042 1810 1110 1846 per
1147 1802 1392 1838 occisionem
1429 1801 1724 1838 subtrahendus
1754 1810 1779 1838 a

150 1847 316 1892 mundo,
337 1846 408 1885 sed
427 1847 475 1884 ad
497 1847 768 1893 poenitentiam
788 1848 1065 1885 reservandus.
1646 1878 1648 1880 .

199 1896 288 1932 Haec
304 1898 436 1932 autem
471 1894 612 1931 frivola
639 1898 745 1932 sunt.
767 1896 863 1931 Nam
883 1894 924 1930 in
956 1894 1043 1941 lege
1065 1904 1151 1942 quae
1180 1895 1274 1932 dicit
1294 1906 1303 1932 :
1325 1896 1406 1933 Non
1424 1895 1570 1935 occides,
1593 1898 1771 1941 postmo-

146 1941 243 1980 dum
266 1942 450 1980 subditur
470 1953 479 1978 :
500 1943 678 1988 Maleficos
694 1952 765 1977 ηοη
776 1942 930 1987 patieris
949 1943 1068 1977 vivere
1103 1941 1250 1988 (Eoeod.‚
1272 1943 1442 1990 XX11,18)
1460 1954 1469 1987 3
1491 1952 1538 1979 ex
1560 1952 1638 1990 quo
1659 1942 1775 1979 datur

151 1989 320 2037 intelligi
341 1988 587 2026 occisionem
611 1989 818 2026 hominum
850 1988 1037 2035 inJustam
1058 1989 1299 2035 prohibitam
1320 1999 1431 2034 esse;
1454 1989 1560 2037 quod
1587 1989 1706 2026 etiam
1727 1999 1776 2026 ex

151 2036 282 2074 verbis
300 2036 457 2074 Domini
490 2039 672 2082 apparet;
694 2045 800 2080 nam,
822 2045 944 2083 quum
966 2035 1133 2073 dixisset
1154 2048 1162 2073 :
1183 2037 1353 2073 Audistis
1373 2038 1461 2083 quia
1480 2037 1615 2072 dictum
1641 2040 1693 2073 est
1713 2047 1776 2073 αη-

151 2085 263 2129 tiquis
281 2095 293 2119 :
309 2085 391 2122 Non
418 2084 567 2127 occides,
589 2082 794 2128 subJ'unxit
815 2094 823 2119 :
844 2085 920 2127 E90
940 2086 1057 2119 autem
1085 2084 1164 2120 dico
1194 2084 1294 2120 vobis
1314 2096 1326 2120 ε
1343 2084 1437 2128 Quia
1465 2086 1579 2120 omnis
1605 2085 1669 2130 qui
1696 2085 1773 2119 ira-

143 2133 266 2166 scitur
283 2131 400 2174 fratri
417 2140 494 2173 suo,
515 2141 596 2166 reus
616 2132 685 2166 erit
697 2129 839 2175 judicio
860 2129 1021 2175 (Matth.,
1041 2139 1081 2175 v,
1101 2133 1160 2175 21,
1180 2130 1255 2176 22),
1278 2133 1351 2168 etc.
1371 2133 1425 2168 Ex
1444 2141 1522 2178 quo
1541 2132 1606 2168 dat
1625 2131 1772 2167 intelli-

151 2185 244 2222 gere
262 2176 370 2214 illam
403 2177 646 2214 occisionem
678 2185 768 2213 esse
789 2177 1026 2222 prohibitam
1062 2187 1148 2223 quae
1183 2178 1358 2223 procedit
1378 2189 1425 2214 ex
1445 2178 1516 2223 ira,
1539 2187 1620 2215 non
1642 2181 1772 2215 autem

150 2224 262 2261 illam
282 2233 369 2271 quae
401 2223 578 2270 procedit
595 2233 641 2260 ex
658 2224 741 2260 zelo
767 2223 945 2269 justitiae.
966 2243 1012 2249 ——
1029 2224 1140 2268 Quod
1162 2225 1280 2261 etiam
1302 2226 1494 2262 Dominus
1516 2225 1635 2262 dicIt:
1657 2225 1773 2261 Sinite

150 2273 305 2316 utraque
335 2281 487 2307 crescere
514 2281 625 2316 usque
645 2270 694 2306 ad
724 2280 882 2311 messem,
905 2270 1075 2314 qualiter
1107 2271 1408 2318 intelligendum
1445 2272 1497 2309 sit
1524 2275 1686 2318 apparet
1705 2280 1774 2317 per

151 2317 251 2355 illud
269 2317 376 2365 quod
409 2318 610 2364 sequitur:
634 2319 686 2355 Ne
704 2318 798 2361 forte
825 2318 1026 2362 colligentes
1056 2319 1216 2364 zizania,
1236 2319 1424 2354 eradicetis
1445 2320 1552 2355 simul
1571 2329 1650 2354 cum
1671 2320 1721 2353 eis
1740 2319 1775 2355 et

149 2366 325 2402 triticum.
347 2365 508 2412 (Marta,
529 2373 615 2409 XIII,
636 2364 712 2411 29.)
732 2364 787 2401 lbi
809 2373 903 2411 ergo
934 2364 1184 2402 interdicitur
1214 2366 1409 2403 malorum
1427 2365 1578 2403 occisio
1605 2365 1672 2402 ubi
1694 2365 1772 2403 hoo

151 2411 239 2448 sine
257 2411 436 2459 periculo
447 2411 644 2449 honorum
659 2411 743 2448 sieri
760 2420 839 2448 non
860 2415 1010 2457 potest3
1030 2412 1134 2458 quod
1151 2413 1381 2459 plerumque
1399 2413 1596 2459 contingit
1610 2412 1770 2459 quando

146 2459 244 2495 ,mali
281 2458 458 2496 nondum
491 2459 772 2496 discernuntur
791 2468 814 2495 a
832 2457 950 2495 bonis
986 2468 1055 2504 per
1081 2459 1290 2496 manifesta
1324 2463 1496 2504 peccata,
1516 2459 1576 2495 vel
1609 2459 1770 2506 quando

149 2505 311 2543 timetur
341 2505 560 2551 periculum
582 2515 632 2542 ne
654 2505 748 2542 mali
783 2505 931 2542 multos
952 2505 1082 2542 bonos
1114 2509 1204 2552 post
1225 2516 1267 2542 se
1287 2507 1459 2543 trabant.
1481 2526 1527 2532 -
1543 2506 1657 2551 Quod
1677 2514 1771 2543 vero

149 2553 258 2597 mali,
280 2552 470 2599 quamdiu
489 2553 640 2597 vivunt,
654 2551 857 2590 emendari
878 2556 1060 2598 possunt,
1082 2562 1160 2589 non
1181 2553 1471 2600 prohibetquin
1485 2552 1591 2606 Juste
1612 2553 1771 2600 possint

149 2599 300 2644 o.ccidi;
323 2600 418 2647 quia
438 2599 658 2646 periculum
679 2599 786 2646 quod
805 2599 852 2636 de
877 2608 1013 2636 eorum
1037 2600 1116 2636 vita
1134 2599 1314 2636 imminet
1333 2605 1392 2637 est
1417 2609 1546 2647 majus
1565 2604 1602 2637 et
1618 2600 1767 2638 certius

148 2656 267 2693 quam
287 2646 437 2684 bonum
457 2646 564 2694 quod
585 2646 632 2683 de
653 2655 791 2683 eorum
823 2646 1099 2682 emendatione
1121 2650 1381 2692 exspectatur.
1405 2647 1556 2684 Habent
1585 2648 1703 2684 etiam
1726 2647 1770 2685 in

148 2693 237 2740 ipso
272 2694 416 2732 mortis
457 2693 624 2731 articulo
664 2693 888 2730 facultatem
924 2697 967 2730 ut
1006 2703 1074 2738 per
1109 2693 1380 2738 poenitentiam
1415 2698 1695 2732 convertantur
1720 2694 1770 2731 ad

149 2741 285 2779 Deum.
308 2740 420 2786 Quod
441 2741 475 2778 si
508 2741 607 2778 adeo
641 2743 736 2778 sunt
767 2739 954 2777 obstinati
989 2740 1093 2786 quod
1126 2740 1243 2777 etiam
1275 2741 1316 2777 in
1333 2742 1473 2779 mortis
1503 2742 1671 2779 articulo
1701 2750 1772 2779 cor

148 2796 285 2825 0011101
316 2799 340 2825 a
374 2787 526 2826 malitia
558 2796 639 2825 non
669 2787 839 2831 recedat,
858 2787 956 2824 satis
988 2787 1245 2832 probabiliter
1279 2789 1466 2825 aestimari
1501 2792 1632 2836 potest
1661 2787 1768 2836 quod

144 2843 352 2882 nunquam
369 2846 393 2873 a
413 2834 564 2873 malitia
584 2834 836 2881 resipiscant.
861 2833 968 2881 (lt-11,
989 2844 1027 2880 q,
1050 2842 1157 2880 Lx1v,
1179 2837 1251 2871 art.
1269 2838 1291 2873 2
1313 2839 1350 2872 01
1367 2834 1416 2882 3.)

1571 2949 1612 2980 30
