1894 3223
670 89 763 126 LIB.
791 89 855 133 HJ,
879 89 983 124 -CAR
1010 89 1192 125 cxxviii.
1674 93 1741 127 433

108 173 304 210 tationem
354 181 412 210 use
432 174 493 208 est
518 170 566 207 in
598 170 713 214 cibis,
737 170 858 207 utitur
890 170 990 208 cibis
1017 170 1354 208 contrariantibus
1375 171 1559 217 corporis
1581 172 1739 219 salutis,

111 219 175 257 vel
195 227 318 257 secun
349 226 415 255 um
437 217 611 264 speciem
632 217 811 254 ciborum
849 218 907 254 vcl
942 218 1161 255 secundum
1191 218 1477 264 quantitatem;
1501 219 1580 256 alio
1605 219 1740 265 modo,

113 264 460 311 secundumquod
492 268 687 310 repugnat
707 264 926 301 conditioni
949 265 1035 311 ejus
1062 265 1128 312 qui
1149 265 1271 302 utitur
1290 265 1392 303 cibis
1412 266 1473 302 vel
1493 275 1631 303 eorum
1651 275 1741 305 cum

107 313 259 361 quibus
281 314 558 355 conversatur,
581 314 676 357 puta
707 320 827 358 quum
859 312 948 358 quis
981 312 1206 349 accuratius
1236 311 1337 350 cibis
1367 313 1491 350 utitur
1523 322 1640 360 quam
1665 322 1740 352 sua

113 359 282 398 facultas
299 358 509 399 sustineat,
531 361 569 395 et
589 358 702 395 aliter
725 367 842 405 quam
864 368 1000 396 corum
1021 368 1152 396 mores
1173 358 1345 396 habeant
1365 369 1454 397 cum
1476 361 1621 406 quibus
1643 369 1736 398 con-

114 407 232 451 vivit;
251 406 366 443 tertio
382 405 752 450 modo,secundum
769 406 873 452 quod
893 406 969 443 cibi
991 410 1084 443 sunt
1102 406 1236 453 aliqua
1257 406 1342 452 lege
1362 407 1738 454 prohibiti,propter

114 453 285 500 aliquam
319 461 480 490 causam
512 452 726 499 specialem
753 452 874 500 (puta,
909 453 949 490 in
970 453 1090 490 veteri
1125 453 1227 500 lege,
1249 453 1410 500 quidam
1441 454 1517 491 cibi
1552 455 1738 500 prohibe-

111 500 258 538 bantur
301 504 460 547 propter
499 498 859 546 significationem
900 500 940 537 in
977 502 1140 547 AEgypto
1192 500 1477 546 prohibebatur
1514 502 1736 549 antiquitus

113 546 308 585 comestio
326 545 645 592 carnisboviuae‚
661 556 708 583 ne
729 547 972 594 agricultura
993 547 1276 594 impediretur),
1297 547 1358 584 vel
1380 548 1498 585 etiam
1519 548 1741 587 secundum

113 593 222 679 qugd
252 594 305 632 ali
339 603 397 631 uae
425 594 578 641 regulae
606 594 820 640 probibent
851 595 1052 642 aliquibus
1088 594 1188 631 cibis
1210 594 1282 640 uti,
1304 594 1353 632 ad
1372 596 1740 642 concupiscentiam

117 650 160 678 re
189 649 304 678 ‘enan
335 650 412 678 am.
1427 669 1438 677 ,

162 688 262 726 Hinc
280 691 342 726 est
362 688 468 736 quod
493 688 688 725 Dominus
717 687 813 725 dicit
834 700 842 725 :
869 689 951 726 Non
971 689 1066 734 qnod
1086 690 1200 724 intrat
1219 690 1259 724 in
1279 699 1316 725 os
1336 691 1546 735 coinquinat
1566 691 1743 728 homi-nem

108 735 279 781 (nana,
299 743 367 780 xv,
392 735 474 782 11);
493 739 532 772 et
558 735 733 773 dicitur:
755 735 864 772 Omne
896 736 991 780 quod
1020 738 1059 771 in
1088 736 1234 772 macello
1261 738 1365 772 venit
1395 737 1627 782 manducate,
1647 738 1744 774 nihil

115 783 378 828 intem-ouantes
405 785 555 828 propter
574 783 826 819 conscientiam
847 782 880 829 (I
897 783 990 827 Gon,
1014 791 1051 826 x,
1070 782 1154 829 25);
1177 787 1215 819 et
1235 783 1379 820 dicitur
1399 795 1408 820 ε
1431 784 1555 820 Omnis
1575 788 1743 822 creatura

115 830 183 865 Dei
212 829 305 866 bona
331 832 396 870 est,
418 833 462 921 ξι
491 830 586 866 nihil
617 829 854 874 rejiciendum
875 829 969 874 quod
1001 839 1081 865 cum
1114 831 1320 874 gratiarum
1357 832 1495 867 actione
1524 834 1739 877 percipitur.

131 877 150 912 I
171 877 279 919 Tim„
298 885 342 914 tv
377 879 412 913 4.

116 876 127 921 (
167 925 240 960 Per
273 905 355 961 boc’
382 927 512 961 autem
544 923 767 962 excluditur
797 924 1057 970 quorumdam
1092 933 1202 962 error
1233 925 1300 972 qui
1334 935 1451 962 usum
1478 927 1740 972 quorumdam

119 970 299 1008 ciborum
330 970 549 1008 secundum
581 977 626 1007 sc
658 970 794 1008 dicunt
823 980 911 1007 esse
932 971 1141 1015 illicitum;
1173 971 1220 1008 de
1240 972 1385 1018 quibus
1405 973 1620 1017 Apostolus
1649 974 1744 1011 dicit

115 1016 265 1055 ibidem
287 1028 296 1054 :
323 1017 369 1054 112
395 1019 601 1054 novissimis
629 1018 862 1064 temporibus,
885 1018 1068 1054 discedent
1086 1018 1235 1063 quidam
1249 1030 1272 1054 a
1290 1020 1373 1064 side,
1395 1020 1616 1055 attendentes
1634 1021 1744 1066 spim‘-

114 1063 214 1100 tibus
250 1065 382 1100 erroris
420 1066 454 1100 et
495 1064 669 1100 doctrinis
706 1064 970 1101 1οῐειηοηίονιινη
1008 1065 1277 1110 prohibentium
1315 1067 1465 1104 nubere.
1507 1067 1685 1103 abstinere
1719 1078 1744 1104 a

114 1110 207 1146 cibis
225 1111 421 1156 quosDeus
435 1113 570 1147 creavit
588 1111 637 1146 ad
644 1111 920 1157 percipiendum
932 1122 1011 1147 cnm
1026 1113 1230 1156 gratiarnm
1248 1115 1398 1149 actione.
1414 1113 1447 1160 (I
1455 1115 1561 1157 Tim„
1578 1122 1634 1158 IV,
1654 1114 1742 1161 1-3.)

165 1157 267 1202 Quia
283 1165 377 1194 vero
397 1166 496 1195 usus
517 1157 695 1195 ciborum
716 1162 754 1195 et
772 1166 1031 1195 venereorum
1060 1167 1140 1195 non
1161 1163 1222 1196 est
1254 1159 1472 1197 secundum
1495 1169 1538 1197 se
1561 1161 1741 1207 illicitus,

111 1204 188 1242 *sed
208 1203 340 1242 solum
358 1204 580 1242 secundum
600 1204 706 1251 quod
727 1204 808 1241 exit
826 1204 874 1242 ab
896 1205 1034 1242 ordine
1056 1206 1223 1243 rationis
1242 1206 1407 1244 illicitus
1429 1216 1518 1244 esse
1537 1211 1680 1253 potest,
1696 1217 1743 1246 ea

117 1259 227 1289 vero.
254 1259 318 1289 iuae
338 1251 512 1289 exterius
533 1252 790 1297 possidentur
812 1252 1039 1289 necessaria
1066 1257 1160 1290 sunt
1185 1253 1233 1290 ad
1255 1254 1524 1300 sumptionem
1545 1255 1739 1297 ciborum,

110 1298 165 1336 ad
199 1307 220 1335 e
253 1298 474 1336 ucationem
516 1299 640 1344 prolis
673 1303 711 1335 et
743 1299 1074 1336 sustentationem
1109 1300 1269 1337 familiae
1291 1304 1329 1338 et
1357 1301 1404 1338 ad
1434 1301 1532 1338 alias
1561 1302 1741 1348 corporis

117 1345 392 1391 necessitates,
413 1354 666 1393 consequens
702 1349 763 1383 est
794 1346 900 1394 quod
930 1356 1002 1383 nec
1033 1347 1253 1384 secundum
1283 1356 1328 1385 se
1359 1349 1476 1385 etiam
1515 1349 1740 1387 divitiarum

118 1392 326 1438 possessio
356 1396 417 1429 est
444 1393 597 1436 illicita,
625 1393 660 1431 si
695 1393 793 1430 ordo
822 1393 990 1430 rationis
1021 1397 1211 1438 servetur,
1242 1395 1296 1432 ita
1322 1395 1475 1432 scilicet
1500 1397 1605 1443 quod
1635 1397 1740 1443 juste

114 1439 239 1476 homo
254 1439 462 1486 possideat
481 1449 568 1486 quae
588 1440 762 1478 habetet
782 1440 888 1487 quod
912 1441 952 1476 in
974 1441 1032 1477 cis
1052 1440 1172 1478 finem
1192 1441 1409 1480 voluntatis
1430 1451 1513 1480 suae
1535 1452 1613 1480 non
1647 1452 1742 1481 con-

111 1486 257 1523 stituat
273 1489 312 1524 et
331 1486 437 1533 quod
454 1487 513 1524 eis
534 1486 666 1524 debito
687 1486 806 1524 modo
827 1490 959 1524 utatur
976 1488 1024 1524 ad
1045 1497 1158 1525 suam
1179 1492 1217 1524 et
1237 1489 1405 1526 aliorum
1432 1489 1656 1528 utilitatem.

161 1533 264 1570 Hinc
301 1537 363 1570 est
397 1533 503 1580 quod
533 1534 753 1580 Apostolus
790 1533 932 1571 divites
972 1543 1052 1572 non
1089 1535 1346 1581 condemnat,
1385 1536 1454 1573 sed
1492 1537 1550 1573 cis
1595 1541 1741 1575 certam

115 1580 296 1626 regulam
327 1579 477 1617 divitiis
511 1580 645 1618 utendi
673 1580 807 1624 tradit,
831 1581 968 1618 dicens
991 1593 999 1618 :
1022 1582 1203 1618 Divitibus
1222 1583 1332 1628 hujus
1351 1584 1474 1619 saeculi
1491 1586 1649 1629 praecipe
1670 1595 1742 1621 non

117 1627 268 1663 sublime
302 1636 440 1672 sapere,
460 1637 574 1672 ‘neque
608 1638 753 1673 sperare
782 1630 827 1663 ¹in
862 1630 996 1664 incerto
1031 1629 1258 1670 divitiarum,
1290 1629 1355 1666 sed
1385 1632 1425 1666 in
1454 1632 1525 1666 Deo
1555 1633 1635 1667 rivo
1665 1632 1744 1678 (qui

111 1676 265 1719 praestat
292 1675 396 1710 anobis
416 1676 538 1710 omnia
568 1674 711 1722 abunde
735 1675 785 1711 acl
802 1675 1010 1720 fruendam)
1050 1676 1133 1712 bene
1163 1687 1281 1721 aqere,
1301 1677 1430 1714 divites
1466 1679 1545 1723 ficri
1574 1680 1614 1714 ‘ln
1642 1679 1741 1716 tonis

114 1721 296 1766 operibus,
313 1721 426 1764 facile
444 1721 612 1762 tribuere,
646 1723 907 1758 communicare
931 1723 964 1768 (I
992 1724 1098 1766 Tim„
1120 1732 1175 1767 vr,
1198 1727 1254 1769 17,
1278 1723 1361 1770 18);
1382 1728 1425 1761 et
1446 1735 1455 1758 :
1486 1726 1617 1761 Beatus
1644 1726 1742 1763 clives

114 1768 181 1813 qui
203 1767 375 1804 inventus
402 1771 461 1804 -est
486 1769 566 1803 sine
593 1769 761 1811 macula3
794 1772 828 1804 et
858 1771 921 1814 qui
944 1773 1028 1815 post
1048 1780 1179 1806 aurum
1201 1780 1280 1808 non
1311 1772 1416 1816 abiit,
1440 1781 1503 1807 nec
1521 1775 1683 1818 sperat-it
1701 1775 1742 1809 in

105 1814 267 1860 ,pecunia
282 1816 318 1850 et
336 1814 533 1851 thesauris.
562 1815 703 1862 (Recta,
724 1823 836 1860 xxxi,
865 1815 915 1862 8.)

160 1861 235 1898 Per
257 1860 337 1898 hoc
370 1861 488 1898 etiam
514 1861 744 1899 excluditur
777 1863 1040 1908 quorumdam
1069 1873 1191 1908 error,
1216 1865 1297 1911 qui,
1321 1868 1362 1902 ut
1380 1866 1629 1912 Augustinus
1647 1867 1741 1904 dicit

108 1907 178 1954 x(De
200 1907 360 1960 limes),
375 1908 634 1954 Apostolicos
648 1918 708 1961 se
728 1910 1058 1956 arrogantissime
1077 1915 1331 1957 vocaverunt,
1353 1921 1400 1950 eo
1422 1913 1527 1959 quod
1561 1913 1601 1950 in
1624 1922 1738 1951 suam

99 1962 437 1992 >communionem
457 1964 538 1993 non
573 1960 798 2001 acciperent
818 1960 973 1994 utentes
993 1957 1233 2004 conjugibus
1254 1961 1292 1996 et
1311 1967 1375 1996 res
1407 1960 1588 2006 proprias
1609 1962 1739 2006 possi-

105 2001 266 2046 dentes,
285 2001 424 2049 quales
442 2002 564 2040 *habet
578 2002 780 2040 catholica
799 2004 976 2041 Ecclesia
995 2008 1033 2041 et
1045 2005 1267 2043 monachos
1283 2009 1320 2043 et
1332 2006 1500 2044 clericos
1516 2007 1711 2053 plurimos
1727 2020 1735 2052 ;

112 2047 185 2086 sed
200 2047 294 2086 ideo
325 2048 394 2086 isti
415 2048 590 2086 haeretici
607 2053 717 2095 sunt,
743 2051 948 2097 quoni-am,
973 2060 1017 2088 se
1034 2052 1086 2091 ab
1114 2052 1291 2090 Ecclesia
1321 2058 1567 2099 separantes,
1588 2055 1739 2092 nullam

104 2102 225 2141 spem
242 2097 382 2142 putant
398 2104 476 2134 eos
498 2095 645 2134 habere
661 2096 736 2144 qui
754 2101 923 2135 utuntur
943 2098 1006 2135 his
1026 2098 1145 2136 rebus
1169 2099 1318 2146 quibus
1339 2100 1416 2147 ipsi
1437 2105 1586 2139 carent.

709 2244 877 2286 CAPUT
925 2245 1134 2288 CXXV111.

256 2361 438 2396 QUOMODO
464 2362 668 2393 SECUNDUM
692 2363 822 2393 LEGEM
848 2365 915 2394 DEI
938 2366 1048 2394 HOMO
1073 2367 1126 2395 ΑΙ)
1150 2367 1353 2397 PROXIMUM
1375 2368 1607 2398 ORDINATUR.

141 2470 213 2522 ‚Ex
240 2470 305 2508 his
340 2480 439 2518 ergo
469 2481 557 2518 quae
580 2472 691 2510 ⁴dicta
722 2477 817 2511 sunt
847 2475 1104 2512 manifestum
1137 2479 1199 2513 est
1230 2477 1335 2522 quod
1362 2477 1581 2514 secundum
1609 2479 1737 2525 legem

104 2516 286 2569 divinam
306 2516 427 2555 homo
451 2518 655 2570 inducitur
679 2522 723 2557 ut
756 2520 936 2558 ordinem
958 2522 1126 2559 rationis
1148 2526 1277 2559 servet
1295 2523 1337 2559 in
1367 2524 1554 2562 omnibus
1576 2535 1663 2572 qufe
1695 2526 1737 2563 in

106 2572 198 2609 ejus
224 2573 343 2601 usum
375 2573 510 2602 venire
543 2569 726 2611 possunt.
747 2567 855 2604 Inter
888 2569 1024 2604 omnia
1053 2571 1182 2606 autem
1215 2578 1303 2615 quae
1338 2569 1381 2606 in
1412 2579 1528 2608 usum
1561 2572 1737 2610 hominis

108 2609 288 2655 mnium,
323 2612 525 2658 praecipua
561 2616 655 2649 sunt
690 2612 809 2650 etiam
845 2613 913 2650 alii
948 2615 1145 2653 homines.
1174 2617 1300 2653 Homo
1333 2620 1464 2654 autem
1504 2619 1738 2657 naturaliter

102 2656 259 2695 animal
278 2658 428 2696 sociale
450 2662 533 2702 est;
552 2659 705 2705 indiget
723 2660 829 2696 enim
850 2660 986 2698 multis
1001 2670 1088 2708 quae
1107 2670 1177 2707 per
1199 2671 1323 2699 unum
1351 2664 1481 2701 solum
1503 2667 1632 2711 parari
1653 2675 1735 2704 non

107 2707 294 2756 possunt.
314 2704 478 2751 Oportet
492 2705 615 2751 igitur
633 2705 739 2753 quod
753 2715 801 2743 ex
815 2706 901 2753 lege
913 2707 1047 2744 divina
1067 2708 1297 2746 instituatur
1309 2710 1430 2748 homo
1451 2714 1494 2748 ut
1514 2713 1734 2751 secundum

101 2749 290 2788 ordinem
309 2752 480 2789 rationis
500 2761 544 2789 se
564 2752 707 2790 habeat
729 2752 777 2790 ad
798 2753 900 2790 alios
918 2754 1115 2792 homines.
1349 2764 1353 2768 ⁴

153 2795 301 2840 Adnue,
320 2797 415 2836 finis
450 2799 594 2836 divinae
624 2799 729 2846 legis
760 2803 822 2837 est
857 2803 901 2837 ut
929 2800 1049 2838 homo
1080 2803 1161 2839 Deo
1181 2801 1392 2841 adhaereat.
1413 2805 1577 2844 iuvatur
1602 2811 1733 2844 autem

103 2850 216 2881 unus
236 2843 364 2882 homo
398 2845 439 2882 in
459 2845 537 2883 hoc
567 2855 615 2883 ex
646 2846 740 2887 alio,
772 2849 854 2884 tam
870 2851 1066 2894 quantum
1083 2849 1135 2886 ad
1158 2850 1433 2897 cognitio-nem
1464 2862 1582 2900 quam
1616 2854 1734 2891 etiam

1567 2931 1608 2960 28
