1894 3223
137 108 205 143 412
728 106 825 150 Lm.
853 106 918 150 111,
945 105 1046 142 CAP.
1074 105 1159 142 CIX.

135 194 340 239 peccatum
371 186 589 225 voluntatis
611 195 702 224 esse
719 194 801 223 non
830 189 974 232 potest.
996 188 1039 223 In
1060 194 1313 233 quocumque
1331 190 1465 224 autem
1486 186 1565 224 alio
1582 187 1754 234 volente,

137 238 251 285 quus
278 234 482 282 proprium
500 232 652 271 bonum
682 241 848 270 necesse
880 236 943 270 est
960 232 1036 270 sub
1069 233 1210 270 ordine
1231 233 1397 271 alterius
1427 234 1523 271 boui
1544 234 1756 280 contineri,

135 285 266 332 potest
280 284 486 328 peccatum
513 279 692 318 accidere
709 279 940 324 voluntatis,
961 279 997 317 si
1017 279 1057 317 in
1077 289 1151 317 sua
1170 284 1314 317 natura
1343 281 1631 318 consideretur.
1651 281 1756 318 Licet

138 331 242 368 enim
260 327 454 366 naturalis
474 326 684 365 inclinatio
702 326 921 364 voluntatis
941 326 1037 364 insit
1057 327 1275 374 unicuique
1294 327 1442 365 volenti
1463 328 1513 365 ad
1540 328 1756 366 volendum

137 382 173 415 et
211 375 425 413 amandum
459 373 655 420 suiipsius
684 373 983 419 perfectionem,
1020 374 1076 411 ita
1106 373 1484 426 quodcontrarium
1516 375 1636 422 hujus
1654 375 1755 412 velle

135 432 216 461 non
235 422 377 469 possit,
399 429 481 458 non
500 424 634 458 tamen
663 422 722 457 sic
742 424 804 458 est
822 421 859 457 ei
878 420 1048 458 inditum
1069 420 1302 458 naturaliter
1320 425 1363 458 ut
1388 421 1444 458 ita
1461 421 1619 459 ordinet
1640 431 1756 460 suam

135 469 418 517 perfectionem
445 468 488 505 in
507 468 630 505 alium
658 466 777 504 finem
799 467 906 514 quod
925 467 974 505 ab
993 476 1040 505 eo
1069 466 1237 505 deficere
1268 476 1350 505 non
1375 469 1520 514 possit,
1541 478 1630 506 cum
1663 468 1756 507 finis

136 516 318 563 superior
343 524 425 553 non
445 515 497 553 sit
517 523 601 552 suae
631 518 782 552 naturae
802 515 1001 560 proprius,
1026 515 1096 552 sed
1117 514 1338 566 superio-ris
1366 519 1530 553 naturae.
1553 516 1754 563 Relinqui-

135 567 199 601 tur
217 563 339 609 igitur
357 570 432 600 suo
453 561 616 600 arbitrio
666 562 743 599 uod
757 562 956 608 propriam
970 561 1256 607 perfectionem
1273 570 1315 598 in
1331 563 1576 608 superiorem
1599 563 1754 600 ordinet

135 610 268 648 finem.
293 612 335 647 In
355 609 431 647 hoc
460 609 566 646 enim
591 609 629 645 di
664 613 775 645 erunt
806 609 1051 645 voluntatem
1086 607 1274 645 habentia
1294 608 1342 645 ab
1362 608 1426 646 his
1446 619 1533 655 quae
1552 610 1755 647 voluntate

136 661 283 703 carent,
304 656 410 703 quod
440 656 627 694 habentia
655 656 899 692 voluntatem
932 655 1118 691 ordinant
1138 665 1180 692 se
1217 659 1255 707 et
1273 664 1347 692 sua
1369 656 1410 692 in
1439 655 1572 700 finem,
1592 657 1697 694 unde
1719 661 1757 694 et

136 704 250 741 tiberi
270 703 422 741 arbitrii
443 712 533 741 esse
549 703 759 747 dicuntur3
781 712 868 749 quae
890 706 1021 739 autem
1036 702 1229 739 voluntati
1249 706 1385 739 carent
1401 711 1478 739 non
1511 703 1697 740 ordinant
1712 713 1755 742 se

134 752 177 788 in
195 751 328 794 finem,
351 750 422 788 sed
445 750 678 788 ordinantur
697 759 721 787 a
746 749 943 796 superiori
963 752 1119 796 agente,
1138 749 1253 796 quasi
1275 749 1322 786 ab
1343 749 1422 786 alio
1443 753 1530 786 acta
1558 750 1600 786 in
1620 750 1754 796 finem,

136 807 217 835 non
239 802 368 835 autem
403 797 563 844 seipsis.
586 796 718 833 Potuit
744 796 866 843 igitur
885 796 927 832 in
950 797 1154 833 voluntate
1186 796 1420 833 substantiae
1456 799 1647 842 separatae
1667 806 1758 834 esse

135 848 338 890 peccatum
359 854 406 881 ex
423 844 498 882 hoc
542 844 617 881 uod
633 844 836 890 proprium
851 843 1000 880 bonum
1020 847 1057 880 et
1076 843 1362 889 perfectionem
1380 843 1422 879 in
1437 844 1621 881 ultimum
1636 843 1756 881 finem

137 901 218 928 non
238 891 447 936 ordinavit,
468 854 538 928 seg
561 890 721 928 inhaesit
741 890 901 936 proprio
933 890 1040 927 bono
1062 894 1105 927 ut
1121 889 1190 927 fini
1209 902 1218 934 3
1241 894 1291 935 ct,
1314 890 1408 937 quia
1427 900 1474 927 ex
1493 889 1571 927 fine
1592 900 1757 928 necesse

138 943 196 975 est
220 943 261 975 ut
277 939 424 984 regulae
450 938 621 976 actionis
642 942 865 982 sumantur,
887 946 1053 974 necesse
1074 941 1135 974 est
1154 941 1197 974 ut
1216 947 1262 973 ex
1293 937 1426 983 seipsa
1449 937 1503 984 (in
1527 947 1606 985 qua
1636 937 1755 975 finem

138 985 357 1031 constituit)
380 985 458 1022 alia
477 985 712 1032 regulariter
732 985 961 1031 disponeret
983 988 1021 1021 et
1036 987 1078 1021 ut
1091 986 1177 1030 ejus
1194 984 1380 1021 voluntas
1394 984 1442 1021 ab
1463 985 1541 1022 alio
1559 985 1756 1031 superiori

137 1041 219 1070 non
241 1033 512 1079 regularctur3
535 1033 611 1069 hoc
631 1036 762 1068 autem
783 1032 860 1069 soli
892 1033 972 1068 Deo
994 1031 1171 1069 debetur.
1192 1033 1236 1068 Et
1263 1032 1484 1068 secuudum
1505 1032 1581 1069 hoc
1609 1033 1755 1069 intelli-

137 1079 309 1126 gendum
329 1083 388 1116 est
408 1079 514 1126 quod
535 1079 697 1125 appetiit
717 1079 785 1116 Dei
806 1079 1071 1126 aequalitatem
1089 1090 1098 1123 ;
1121 1087 1203 1116 non
1223 1078 1383 1125 quidem
1404 1082 1447 1116 ut
1465 1079 1616 1116 bonum
1637 1088 1752 1117 suum

138 1131 244 1164 esset
264 1126 397 1163 divino
429 1126 536 1164 bono
567 1126 744 1173 aequale3
766 1126 842 1162 hoc
863 1126 1024 1162 enimin
1046 1125 1249 1163 intellectu
1267 1125 1354 1172 ejus
1383 1125 1524 1163 cadere
1542 1135 1625 1164 non
1644 1130 1755 1173 pote-

137 1178 209 1217 rat,
232 1176 282 1217 et,
305 1173 379 1210 hoc
401 1173 634 1219 appetendo,
656 1176 855 1219 appeteret
874 1181 917 1209 se
938 1182 1020 1209 non
1038 1181 1142 1217 esse,
1163 1181 1287 1219 quum
1307 1172 1510 1210 distinctio
1531 1173 1754 1220 specierum

138 1220 358 1258 secundum
376 1219 554 1257 diversos
575 1220 722 1266 gradus
742 1229 874 1256 rerum
901 1219 1119 1266 proveniat,
1143 1223 1186 1256 ut
1200 1229 1249 1256 ex
1267 1219 1507 1265 supradictis
1529 1220 1568 1267 (l.
1589 1229 1633 1265 11,
1652 1230 1687 1258 c.
1710 1223 1754 1258 39

137 1270 175 1303 et
193 1267 252 1314 40)
275 1271 445 1313 apparet.
470 1267 575 1303 Velle
596 1271 726 1303 autem
745 1267 847 1304 alios
860 1267 1041 1313 regulare
1061 1270 1099 1303 et
1115 1266 1359 1303 voluntatem
1380 1275 1494 1304 suam
1515 1277 1539 1304 a
1556 1268 1754 1313 superiori

137 1322 220 1351 non
251 1314 421 1360 regulari
453 1317 514 1351 est
545 1314 644 1350 velle
677 1323 863 1360 praeesse,
885 1318 923 1351 et
952 1313 1246 1360 quodammodo
1277 1322 1359 1350 non
1388 1313 1545 1360 subjici,
1568 1315 1674 1361 quod
1695 1319 1756 1352 est

137 1364 341 1407 peccatum
376 1360 596 1407 superbiae3
618 1361 724 1397 unde
750 1360 1031 1398 convenienter
1062 1361 1206 1397 dicitur
1226 1361 1331 1406 quod
1351 1361 1521 1406 primum
1549 1366 1754 1406 peccatum

139 1408 332 1444 daemonis
354 1408 429 1444 fuit
458 1407 657 1453 superbia.
676 1407 763 1450 Sed,
785 1407 878 1454 quia
897 1417 944 1443 ex
965 1416 1046 1444 uno
1066 1416 1198 1444 errore
1229 1407 1334 1444 circa
1351 1408 1592 1453 principium
1620 1409 1755 1446 varius

137 1458 173 1491 et
195 1454 402 1500 multiplex
434 1463 543 1491 error
573 1454 845 1501 consequitur,
869 1454 958 1491 ideo
979 1464 1026 1491 ex
1056 1454 1185 1500 prima
1212 1453 1508 1490 inordinatione
1538 1454 1755 1494 voluntatis

137 1510 224 1548 quae
241 1501 314 1538 fuit
334 1501 375 1537 in
406 1500 600 1545 daemone,
619 1504 879 1538 consecutum
912 1504 972 1538 est
1004 1500 1212 1546 multiplex
1243 1505 1449 1547 peccatum
1481 1501 1520 1538 in
1552 1501 1757 1540 voluntate

135 1548 279 1594 ipsius,
299 1551 334 1584 et
353 1547 433 1585 odii
455 1548 584 1594 ipsius
600 1548 648 1585 ad
669 1549 807 1591 Deum,
824 1551 868 1584 ut
889 1548 1139 1585 resistentem
1157 1556 1240 1585 suae
1261 1548 1457 1593 superbiae
1473 1552 1509 1585 et
1523 1549 1755 1594 punientem

132 1595 355 1679 ,ᾐυεὲἱξεὶιῃε
388 1604 500 1633 suam
531 1595 703 1642 culpam,
725 1600 764 1632 et
791 1595 951 1633 invidiae
982 1595 1031 1632 ad
1051 1595 1270 1640 hominem,
1292 1599 1331 1632 et
1363 1595 1489 1633 multa
1507 1595 1587 1634 alia
1615 1595 1755 1643 huJus·

135 1650 201 1679 mo
232 1652 258 1679 1.

185 1688 525 1726 Considerandum
547 1692 609 1727 est
637 1689 755 1727 etiam
789 1690 908 1736 quod,
943 1698 1033 1727 cum
1053 1689 1257 1736 proprium
1278 1689 1448 1737 alicujus
1469 1690 1619 1728 bonum
1637 1690 1756 1729 habet

136 1736 316 1773 ordinem
352 1737 400 1774 ad
420 1736 534 1783 plura
566 1737 786 1783 superiora,
805 1737 973 1774 liberum
1003 1741 1064 1774 est
1094 1737 1242 1773 volenti
1263 1740 1307 1773 ut
1337 1737 1385 1774 ab
1411 1737 1552 1774 ordine
1583 1738 1753 1784 aliqu'us

136 1783 386 1829 superiorum
407 1784 566 1821 recedat
581 1788 619 1821 et
633 1784 796 1821 alterius
816 1784 997 1821 ordinem
1018 1793 1100 1821 non
1121 1784 1383 1830 derelinquat,
1397 1785 1481 1822 sive
1503 1785 1555 1822 sit
1572 1786 1756 1831 superior

136 1831 218 1867 sive
242 1831 294 1868 sit
313 1830 503 1875 inferior;
524 1831 628 1868 sicut
656 1831 787 1876 miles,
806 1831 873 1877 qui
895 1831 1102 1868 ordinatur
1121 1831 1196 1868 sub
1212 1840 1304 1877 rege
1325 1835 1362 1868 et
1390 1831 1465 1868 sub
1484 1831 1584 1868 duce
1604 1833 1753 1868 exerci-

134 1880 213 1921 tus,
232 1881 362 1923 potest
380 1878 623 1915 voluntatem
645 1887 760 1915 suam
788 1878 972 1914 ordinare
992 1878 1034 1914 in
1067 1877 1215 1914 bonum
1237 1877 1352 1915 ducis
1373 1882 1410 1914 et
1431 1887 1512 1915 non
1543 1878 1664 1924 regis,
1687 1883 1754 1915 aut

134 1933 154 1960 e
176 1933 368 1961 converso
391 1936 399 1968 3
422 1924 505 1969 sed,
526 1925 560 1961 si
581 1925 660 1961 dux
680 1925 728 1962 ab
752 1924 890 1961 ordine
911 1925 1018 1970 regis
1037 1925 1207 1968 recedat,
1228 1923 1335 1962 bona
1354 1925 1428 1961 erit
1448 1925 1632 1962 voluntas
1649 1926 1752 1962 mili-

133 1971 185 2007 tis
205 1970 425 2008 recedentis
443 1981 466 2008 a
483 1971 686 2008 voluntate
718 1971 831 2008 ducis
851 1975 887 2007 et
912 1971 1120 2017 dirigentis
1143 1971 1387 2008 voluntatem
1411 1980 1526 2009 suam
1545 1972 1586 2009 in
1604 1982 1751 2020 regern,

135 2018 239 2054 mala
257 2021 387 2055 autem
405 2018 588 2055 voluntas
620 2018 759 2055 militis
781 2019 985 2065 sequentis
1007 2019 1249 2055 voluntatem
1279 2018 1393 2056 ducis
1414 2024 1551 2056 contra
1572 2019 1754 2057 volunta-

133 2068 210 2101 tem
232 2065 338 2111 regis
355 2077 364 2109 ;
384 2065 481 2103 ordo
501 2066 607 2103 enim
628 2065 830 2103 inferioris
862 2066 1047 2111 principii
1079 2065 1274 2111 dependet
1293 2066 1341 2104 ab
1359 2066 1498 2103 ordine
1519 2067 1752 2112 superioris.

135 2111 372 2148 substantiae
405 2116 536 2149 autem
575 2116 765 2158 separatae
792 2121 873 2149 non
915 2113 1046 2150 solum
1077 2113 1313 2150 ordinantur
1349 2113 1424 2150 sub
1453 2115 1548 2159 Dec,
1568 2113 1639 2151 sed
1674 2123 1756 2151 una

134 2158 251 2195 etiam
276 2168 409 2196 earum
431 2159 638 2198 ordinatur
657 2160 731 2197 sub
751 2159 840 2202 alia,
864 2169 887 2196 a
905 2161 1033 2206 prima
1052 2169 1179 2207 usque
1200 2160 1249 2197 ad
1271 2160 1464 2204 ultimam,
1484 2164 1528 2199 ut
1545 2164 1754 2199 ostensum

133 2209 193 2242 est
211 2206 250 2252 (l.
272 2214 314 2250 11,
337 2216 370 2243 c.
391 2206 475 2253 95);
498 2210 548 2251 et,
569 2207 664 2253 quia
683 2207 724 2243 in
756 2207 933 2253 quolibet
959 2207 1118 2244 volente
1149 2207 1224 2245 sub
1245 2208 1324 2244 Deo
1344 2211 1476 2253 potest
1504 2216 1594 2246 esse
1615 2217 1753 2254 pecca-

131 2255 215 2289 tum
235 2252 466 2298 voluntatis,
484 2253 520 2291 si
546 2253 588 2290 in
608 2262 683 2291 sua
702 2258 843 2291 natura
872 2254 1161 2298 consideretur,
1183 2254 1378 2300 possibile
1399 2255 1474 2292 fuit
1496 2253 1602 2303 quod
1621 2254 1756 2302 aliqua

133 2299 178 2336 de
218 2300 492 2346 superioribus
531 2303 598 2338 aut
633 2301 751 2338 etiam
784 2310 972 2347 suprema
1007 2301 1111 2339 inter
1139 2310 1281 2339 omnes
1312 2305 1493 2349 peccaret
1530 2302 1752 2340 secundum

129 2346 386 2384 voluntatem.
407 2349 451 2385 Et
484 2348 561 2386 hoc
579 2348 739 2395 quidem
775 2349 874 2386 satis
904 2348 1110 2395 probabile
1127 2352 1212 2393 est;
1235 2358 1316 2386 non
1352 2349 1457 2386 enim
1479 2349 1521 2386 in
1549 2358 1624 2387 suo
1643 2349 1750 2387 bono

131 2394 348 2439 quievisset
368 2395 472 2432 sicut
491 2395 533 2432 in
565 2395 656 2439 fine,
679 2395 757 2432 nisi
794 2405 912 2433 suum
931 2396 1082 2433 bonum
1102 2396 1216 2433 valde
1234 2396 1451 2442 perfectum
1476 2400 1596 2434 esset.
1619 2397 1755 2435 Potuit

130 2440 253 2486 igitur
271 2439 356 2478 fieri
377 2442 483 2488 quod
510 2442 558 2480 de
578 2442 837 2480 inferioribus
862 2443 1006 2490 aliquae
1023 2452 1093 2490 per
1119 2445 1319 2490 propriam
1338 2444 1584 2481 voluntatem
1602 2443 1751 2481 bonum
1798 2476 1804 2482 .

130 2495 248 2524 suum
275 2489 504 2526 ordinarent
533 2490 575 2526 in
603 2490 747 2536 ipsam,
772 2491 1003 2533 recedentes
1034 2500 1059 2527 a
1088 2490 1224 2528 divino
1262 2491 1416 2535 ordine,
1444 2501 1532 2537 quae
1567 2490 1752 2529 similiter

129 2539 391 2579 peccaverunt
407 2548 415 2580 ;
433 2536 521 2573 aliae
550 2546 658 2581 vero,
678 2541 882 2574 servantes
903 2538 945 2574 in
975 2541 1085 2574 motu
1105 2547 1189 2575 suae
1207 2538 1425 2575 voluntatis
1445 2539 1624 2575 divinum
1651 2537 1753 2574 ordi·

131 2588 234 2625 nem,
257 2581 304 2618 ab
326 2583 465 2620 ordine
480 2585 695 2629 peccantis,
713 2585 894 2631 quamvis
909 2585 1131 2631 superioris
1149 2585 1371 2622 secundum
1386 2588 1536 2622 naturae
1551 2584 1750 2628 ordinem,

130 2632 234 2663 recte
255 2630 496 2667 recederent.
520 2631 727 2675 Quomodo
747 2632 898 2668 veroin
917 2631 1095 2669 bonitate
1107 2632 1168 2669 vel
1193 2632 1345 2670 malitia
1364 2632 1623 2669 immobiliter
1643 2634 1749 2667 utro-

130 2682 296 2725 rumque
315 2677 500 2715 voluntas
517 2681 757 2724 perseverat,
778 2679 1011 2716 ostendetur
1027 2680 1067 2725 (l.
1087 2688 1145 2724 Ν,
1163 2689 1197 2716 c.
1213 2682 1259 2717 29
1282 2683 1322 2717 et
1340 2679 1398 2726 93)
1416 2692 1426 2724 ;
1447 2679 1523 2716 hoc
1537 2678 1643 2715 enim
1665 2687 1750 2723 per·

129 2723 227 2756 tinet
246 2722 293 2757 ad
312 2732 449 2766 poenas
469 2726 530 2762 vel
551 2726 713 2771 praemia
731 2725 932 2763 bonorum
948 2726 1010 2763 vel
1032 2726 1247 2763 malorum.

179 2768 258 2803 Hoc
280 2773 409 2820 autem
442 2770 572 2808 differt
600 2772 702 2809 inter
720 2772 924 2810 hominem
957 2776 996 2810 et
1017 2773 1284 2811 substantiam
1313 2776 1535 2818 separatam
1566 2772 1685 2818 quod,
1711 2782 1750 2808 in

131 2823 213 2866 uno
244 2814 405 2851 homine
437 2822 531 2853 sunt
561 2819 696 2864 plures
739 2820 960 2866 appetitivae
991 2820 1182 2864 virtutes,
1215 2829 1381 2867 quarum
1416 2827 1494 2855 una
1521 2819 1595 2856 sub
1628 2818 1751 2856 altera

131 2861 359 2907 ordinatur;
383 2863 488 2909 quod
518 2865 677 2911 quidem
694 2866 736 2903 in
770 2867 1006 2905 substantiis
1027 2868 1222 2913 separatis
1255 2874 1337 2904 non
1356 2866 1574 2912 contingit;
1597 2875 1677 2903 una
1693 2871 1749 2902 ta·
