<?xml version="1.0" encoding="UTF-8"?>
<!DOCTYPE html PUBLIC "-//W3C//DTD XHTML 1.0 Transitional//EN"
    "http://www.w3.org/TR/xhtml1/DTD/xhtml1-transitional.dtd">
<html xmlns="http://www.w3.org/1999/xhtml" xml:lang="en" lang="en">
 <head>
  <title>
</title>
<meta http-equiv="Content-Type" content="text/html;charset=utf-8" />
  <meta name='ocr-system' content='tesseract 3.04.00' />
  <meta name='ocr-capabilities' content='ocr_page ocr_carea ocr_par ocr_line ocrx_word'/>
</head>
<body>
  <div class='ocr_page' id='page_1' title='image "./deveritatecathol00thomuoft_0444.png"; bbox 0 0 1894 3223; ppageno 0'>
   <div class='ocr_carea' id='block_1_1' title="bbox 136 153 1160 201">
    <p class='ocr_par' dir='ltr' id='par_1_1' title="bbox 136 153 1160 201">
     <span class='ocr_line' id='line_1_1' title="bbox 136 153 1160 201; baseline -0.011 0"><span class='ocrx_word' id='word_1_1' title='bbox 136 165 206 201; x_wconf 70' lang='lat'>404</span> <span class='ocrx_word' id='word_1_2' title='bbox 739 156 825 190; x_wconf 73' lang='grc' dir='ltr'>ΜΒ.</span> <span class='ocrx_word' id='word_1_3' title='bbox 854 156 916 197; x_wconf 85' lang='lat'>111,</span> <span class='ocrx_word' id='word_1_4' title='bbox 946 154 1046 191; x_wconf 89' lang='lat' dir='ltr'><strong>CAP.</strong></span> <span class='ocrx_word' id='word_1_5' title='bbox 1074 153 1160 190; x_wconf 85' lang='lat' dir='ltr'>CIV.</span> 
     </span>
    </p>
   </div>
   <div class='ocr_carea' id='block_1_2' title="bbox 136 233 1766 2818">
    <p class='ocr_par' dir='ltr' id='par_1_2' title="bbox 136 233 1764 566">
     <span class='ocr_line' id='line_1_2' title="bbox 184 233 1762 286; baseline -0.007 -6"><span class='ocrx_word' id='word_1_6' title='bbox 184 244 366 286; x_wconf 63' lang='lat' dir='ltr'>Amplius,</span> <span class='ocrx_word' id='word_1_7' title='bbox 387 238 624 283; x_wconf 84' lang='lat' dir='ltr'>cuicumque</span> <span class='ocrx_word' id='word_1_8' title='bbox 644 236 787 272; x_wconf 77' lang='lat' dir='ltr'>virtute</span> <span class='ocrx_word' id='word_1_9' title='bbox 803 234 1026 271; x_wconf 79' lang='lat' dir='ltr'>coelestium</span> <span class='ocrx_word' id='word_1_10' title='bbox 1051 243 1262 280; x_wconf 89' lang='lat' dir='ltr'>corporum</span> <span class='ocrx_word' id='word_1_11' title='bbox 1283 234 1484 272; x_wconf 83' lang='lat' dir='ltr'>confertur</span> <span class='ocrx_word' id='word_1_12' title='bbox 1506 233 1609 281; x_wconf 89' lang='lat' dir='ltr'>quod</span> <span class='ocrx_word' id='word_1_13' title='bbox 1633 236 1762 285; x_wconf 80' lang='lat' dir='ltr'>poste-</span> 
     </span>
     <span class='ocr_line' id='line_1_3' title="bbox 137 282 1762 330; baseline -0.006 -4"><span class='ocrx_word' id='word_1_14' title='bbox 137 292 218 327; x_wconf 84' lang='lat' dir='ltr'>rius</span> <span class='ocrx_word' id='word_1_15' title='bbox 241 292 313 330; x_wconf 81' lang='lat' dir='ltr'>cst,</span> <span class='ocrx_word' id='word_1_16' title='bbox 336 285 538 322; x_wconf 77' lang='lat' dir='ltr'>confertur</span> <span class='ocrx_word' id='word_1_17' title='bbox 559 284 675 320; x_wconf 85' lang='lat' dir='ltr'>etiam</span> <span class='ocrx_word' id='word_1_18' title='bbox 697 283 731 319; x_wconf 92' lang='lat' dir='ltr'>ei</span> <span class='ocrx_word' id='word_1_19' title='bbox 755 282 859 328; x_wconf 86' lang='lat' dir='ltr'>quod</span> <span class='ocrx_word' id='word_1_20' title='bbox 883 282 993 328; x_wconf 90' lang='lat' dir='ltr'>prius</span> <span class='ocrx_word' id='word_1_21' title='bbox 1014 286 1088 318; x_wconf 88' lang='lat' dir='ltr'>est.</span> <span class='ocrx_word' id='word_1_22' title='bbox 1108 283 1249 318; x_wconf 88' lang='lat' dir='ltr'>Moveri</span> <span class='ocrx_word' id='word_1_23' title='bbox 1270 286 1400 318; x_wconf 89' lang='lat' dir='ltr'>autem</span> <span class='ocrx_word' id='word_1_24' title='bbox 1423 292 1469 318; x_wconf 81' lang='lat' dir='ltr'>ex</span> <span class='ocrx_word' id='word_1_25' title='bbox 1491 290 1532 318; x_wconf 93' lang='lat' dir='ltr'>se</span> <span class='ocrx_word' id='word_1_26' title='bbox 1554 289 1762 326; x_wconf 85' lang='lat' dir='ltr'>consequi-</span> 
     </span>
     <span class='ocr_line' id='line_1_4' title="bbox 138 328 1762 375; baseline -0.006 -4"><span class='ocrx_word' id='word_1_27' title='bbox 138 342 198 372; x_wconf 85' lang='lat' dir='ltr'>tur</span> <span class='ocrx_word' id='word_1_28' title='bbox 216 334 262 371; x_wconf 83' lang='lat' dir='ltr'>ad</span> <span class='ocrx_word' id='word_1_29' title='bbox 286 333 428 369; x_wconf 85' lang='lat' dir='ltr'>babere</span> <span class='ocrx_word' id='word_1_30' title='bbox 450 332 622 368; x_wconf 86' lang='lat' dir='ltr'>animam</span> <span class='ocrx_word' id='word_1_31' title='bbox 643 342 653 371; x_wconf 89' lang='lat'>;</span> <span class='ocrx_word' id='word_1_32' title='bbox 673 329 937 366; x_wconf 79' lang='lat' dir='ltr'><strong>animatorum</strong></span> <span class='ocrx_word' id='word_1_33' title='bbox 972 329 1076 365; x_wconf 91' lang='lat' dir='ltr'>enim</span> <span class='ocrx_word' id='word_1_34' title='bbox 1110 329 1313 374; x_wconf 89' lang='lat' dir='ltr'>proprium</span> <span class='ocrx_word' id='word_1_35' title='bbox 1347 332 1406 365; x_wconf 91' lang='lat' dir='ltr'>est</span> <span class='ocrx_word' id='word_1_36' title='bbox 1440 328 1545 375; x_wconf 81' lang='lat' dir='ltr'>quod</span> <span class='ocrx_word' id='word_1_37' title='bbox 1578 331 1762 364; x_wconf 86' lang='lat' dir='ltr'>moveant</span> 
     </span>
     <span class='ocr_line' id='line_1_5' title="bbox 137 374 1761 427; baseline -0.005 -9"><span class='ocrx_word' id='word_1_38' title='bbox 137 383 282 427; x_wconf 85' lang='lat' dir='ltr'>seipsa.</span> <span class='ocrx_word' id='word_1_39' title='bbox 308 378 557 424; x_wconf 85' lang='lat' dir='ltr'>impossibile</span> <span class='ocrx_word' id='word_1_40' title='bbox 578 381 638 414; x_wconf 91' lang='lat' dir='ltr'>est</span> <span class='ocrx_word' id='word_1_41' title='bbox 654 377 776 424; x_wconf 83' lang='lat' dir='ltr'>igitur</span> <span class='ocrx_word' id='word_1_42' title='bbox 795 375 879 412; x_wconf 86' lang='lat' dir='ltr'>fieri</span> <span class='ocrx_word' id='word_1_43' title='bbox 900 375 1040 412; x_wconf 88' lang='lat' dir='ltr'>virtute</span> <span class='ocrx_word' id='word_1_44' title='bbox 1062 376 1283 412; x_wconf 68' lang='lat' dir='ltr'>coelestium</span> <span class='ocrx_word' id='word_1_45' title='bbox 1310 384 1521 421; x_wconf 90' lang='lat' dir='ltr'>corporum</span> <span class='ocrx_word' id='word_1_46' title='bbox 1549 374 1654 422; x_wconf 87' lang='lat' dir='ltr'>quod</span> <span class='ocrx_word' id='word_1_47' title='bbox 1691 374 1761 410; x_wconf 90' lang='lat' dir='ltr'>ali-</span> 
     </span>
     <span class='ocr_line' id='line_1_6' title="bbox 137 421 1762 474; baseline -0.004 -10"><span class='ocrx_word' id='word_1_48' title='bbox 137 427 243 474; x_wconf 85' lang='lat' dir='ltr'>quod</span> <span class='ocrx_word' id='word_1_49' title='bbox 263 426 525 463; x_wconf 86' lang='lat' dir='ltr'>inanimatum</span> <span class='ocrx_word' id='word_1_50' title='bbox 546 433 615 470; x_wconf 88' lang='lat' dir='ltr'>per</span> <span class='ocrx_word' id='word_1_51' title='bbox 635 433 677 460; x_wconf 90' lang='lat' dir='ltr'>se</span> <span class='ocrx_word' id='word_1_52' title='bbox 700 426 916 459; x_wconf 89' lang='lat' dir='ltr'>moveatur.</span> <span class='ocrx_word' id='word_1_53' title='bbox 939 421 1038 459; x_wconf 81' lang='lat' dir='ltr'>Fieri</span> <span class='ocrx_word' id='word_1_54' title='bbox 1071 426 1200 459; x_wconf 89' lang='lat' dir='ltr'>autem</span> <span class='ocrx_word' id='word_1_55' title='bbox 1238 422 1315 459; x_wconf 89' lang='lat' dir='ltr'>hoc</span> <span class='ocrx_word' id='word_1_56' title='bbox 1347 431 1417 468; x_wconf 88' lang='lat' dir='ltr'>per</span> <span class='ocrx_word' id='word_1_57' title='bbox 1445 422 1623 468; x_wconf 81' lang='lat' dir='ltr'>magicas</span> <span class='ocrx_word' id='word_1_58' title='bbox 1657 424 1762 458; x_wconf 84' lang='lat' dir='ltr'>artes</span> 
     </span>
     <span class='ocr_line' id='line_1_7' title="bbox 136 469 1764 519; baseline -0.004 -8"><span class='ocrx_word' id='word_1_59' title='bbox 136 474 281 512; x_wconf 85' lang='lat' dir='ltr'>dicitur</span> <span class='ocrx_word' id='word_1_60' title='bbox 319 472 424 519; x_wconf 86' lang='lat' dir='ltr'>quod</span> <span class='ocrx_word' id='word_1_61' title='bbox 446 472 578 518; x_wconf 89' lang='lat' dir='ltr'>aliqua</span> <span class='ocrx_word' id='word_1_62' title='bbox 599 473 729 508; x_wconf 88' lang='lat' dir='ltr'>statua</span> <span class='ocrx_word' id='word_1_63' title='bbox 748 479 818 516; x_wconf 89' lang='lat' dir='ltr'>per</span> <span class='ocrx_word' id='word_1_64' title='bbox 845 478 888 506; x_wconf 88' lang='lat' dir='ltr'>se</span> <span class='ocrx_word' id='word_1_65' title='bbox 914 472 1117 506; x_wconf 88' lang='lat' dir='ltr'>moveatur</span> <span class='ocrx_word' id='word_1_66' title='bbox 1146 473 1212 505; x_wconf 89' lang='lat' dir='ltr'>aut</span> <span class='ocrx_word' id='word_1_67' title='bbox 1244 478 1379 505; x_wconf 86' lang='lat' dir='ltr'>vocem</span> <span class='ocrx_word' id='word_1_68' title='bbox 1413 469 1576 506; x_wconf 87' lang='lat' dir='ltr'>emittat.</span> <span class='ocrx_word' id='word_1_69' title='bbox 1595 470 1681 505; x_wconf 85' lang='lat' dir='ltr'>Non</span> <span class='ocrx_word' id='word_1_70' title='bbox 1703 471 1764 505; x_wconf 88' lang='lat' dir='ltr'>est</span> 
     </span>
     <span class='ocr_line' id='line_1_8' title="bbox 136 515 1618 566; baseline -0.003 -9"><span class='ocrx_word' id='word_1_71' title='bbox 136 529 237 566; x_wconf 70' lang='lat' dir='ltr'>ergo</span> <span class='ocrx_word' id='word_1_72' title='bbox 257 519 449 566; x_wconf 91' lang='lat' dir='ltr'>possibile</span> <span class='ocrx_word' id='word_1_73' title='bbox 471 518 576 565; x_wconf 89' lang='lat' dir='ltr'>quod</span> <span class='ocrx_word' id='word_1_74' title='bbox 594 517 758 554; x_wconf 81' lang='lat' dir='ltr'>effectus</span> <span class='ocrx_word' id='word_1_75' title='bbox 775 517 1018 563; x_wconf 80' lang='lat' dir='ltr'>magicarum</span> <span class='ocrx_word' id='word_1_76' title='bbox 1041 517 1184 552; x_wconf 87' lang='lat' dir='ltr'>artium</span> <span class='ocrx_word' id='word_1_77' title='bbox 1205 515 1272 552; x_wconf 86' lang='lat' dir='ltr'>siat</span> <span class='ocrx_word' id='word_1_78' title='bbox 1290 516 1432 552; x_wconf 84' lang='lat' dir='ltr'>virtute</span> <span class='ocrx_word' id='word_1_79' title='bbox 1452 516 1618 553; x_wconf 88' lang='lat' dir='ltr'>coelesti.</span> 
     </span>
    </p>

    <p class='ocr_par' dir='ltr' id='par_1_3' title="bbox 137 561 1763 1034">
     <span class='ocr_line' id='line_1_9' title="bbox 184 561 1762 611; baseline -0.004 -7"><span class='ocrx_word' id='word_1_80' title='bbox 184 568 221 604; x_wconf 84' lang='lat' dir='ltr'>Si</span> <span class='ocrx_word' id='word_1_81' title='bbox 247 571 385 604; x_wconf 85' lang='lat' dir='ltr'>autem</span> <span class='ocrx_word' id='word_1_82' title='bbox 408 566 561 602; x_wconf 88' lang='lat' dir='ltr'>dicatur</span> <span class='ocrx_word' id='word_1_83' title='bbox 598 564 704 611; x_wconf 86' lang='lat' dir='ltr'>quod</span> <span class='ocrx_word' id='word_1_84' title='bbox 725 566 854 601; x_wconf 83' lang='lat' dir='ltr'>statua</span> <span class='ocrx_word' id='word_1_85' title='bbox 871 563 1105 599; x_wconf 83' lang='lat' dir='ltr'>illasortitur</span> <span class='ocrx_word' id='word_1_86' title='bbox 1128 562 1290 609; x_wconf 82' lang='lat' dir='ltr'>aliquod</span> <span class='ocrx_word' id='word_1_87' title='bbox 1308 563 1545 609; x_wconf 90' lang='lat' dir='ltr'>principium</span> <span class='ocrx_word' id='word_1_88' title='bbox 1569 563 1657 599; x_wconf 65' lang='lat' dir='ltr'>vitae</span> <span class='ocrx_word' id='word_1_89' title='bbox 1688 561 1762 598; x_wconf 80' lang='lat' dir='ltr'>vir-</span> 
     </span>
     <span class='ocr_line' id='line_1_10' title="bbox 137 609 1761 658; baseline -0.004 -7"><span class='ocrx_word' id='word_1_90' title='bbox 137 618 218 652; x_wconf 88' lang='lat' dir='ltr'>tute</span> <span class='ocrx_word' id='word_1_91' title='bbox 235 614 455 650; x_wconf 89' lang='lat' dir='ltr'>coelestium</span> <span class='ocrx_word' id='word_1_92' title='bbox 477 611 793 658; x_wconf 89' lang='lat' dir='ltr'>corporum,hoc</span> <span class='ocrx_word' id='word_1_93' title='bbox 813 609 1159 656; x_wconf 87' lang='lat' dir='ltr'>estimpossibile;</span> <span class='ocrx_word' id='word_1_94' title='bbox 1194 609 1431 655; x_wconf 91' lang='lat' dir='ltr'>principium</span> <span class='ocrx_word' id='word_1_95' title='bbox 1462 611 1566 646; x_wconf 84' lang='lat' dir='ltr'>enim</span> <span class='ocrx_word' id='word_1_96' title='bbox 1599 610 1688 645; x_wconf 81' lang='lat' dir='ltr'>vitae</span> <span class='ocrx_word' id='word_1_97' title='bbox 1719 609 1761 645; x_wconf 89' lang='lat' dir='ltr'>in</span> 
     </span>
     <span class='ocr_line' id='line_1_11' title="bbox 138 655 1762 705; baseline -0.004 -8"><span class='ocrx_word' id='word_1_98' title='bbox 138 661 327 698; x_wconf 89' lang='lat' dir='ltr'>omnibus</span> <span class='ocrx_word' id='word_1_99' title='bbox 347 659 568 696; x_wconf 84' lang='lat' dir='ltr'>viventibus</span> <span class='ocrx_word' id='word_1_100' title='bbox 588 662 648 695; x_wconf 90' lang='lat' dir='ltr'>est</span> <span class='ocrx_word' id='word_1_101' title='bbox 669 658 794 705; x_wconf 77' lang='lat' dir='ltr'>forma</span> <span class='ocrx_word' id='word_1_102' title='bbox 815 655 1106 694; x_wconf 89' lang='lat' dir='ltr'>substantialis.</span> <span class='ocrx_word' id='word_1_103' title='bbox 1126 656 1263 693; x_wconf 84' lang='lat' dir='ltr'>Vivere</span> <span class='ocrx_word' id='word_1_104' title='bbox 1281 657 1386 693; x_wconf 88' lang='lat' dir='ltr'>enim</span> <span class='ocrx_word' id='word_1_105' title='bbox 1409 660 1467 693; x_wconf 90' lang='lat' dir='ltr'>est</span> <span class='ocrx_word' id='word_1_106' title='bbox 1488 665 1577 694; x_wconf 89' lang='lat' dir='ltr'>esse</span> <span class='ocrx_word' id='word_1_107' title='bbox 1597 655 1762 693; x_wconf 81' lang='lat' dir='ltr'>viventi-</span> 
     </span>
     <span class='ocr_line' id='line_1_12' title="bbox 137 703 1761 752; baseline -0.003 -8"><span class='ocrx_word' id='word_1_108' title='bbox 137 708 226 750; x_wconf 76' lang='lat' dir='ltr'>bus,</span> <span class='ocrx_word' id='word_1_109' title='bbox 244 712 283 744; x_wconf 90' lang='lat' dir='ltr'>ut</span> <span class='ocrx_word' id='word_1_110' title='bbox 306 706 573 752; x_wconf 82' lang='lat' dir='ltr'>Philosophus</span> <span class='ocrx_word' id='word_1_111' title='bbox 591 705 686 742; x_wconf 88' lang='lat' dir='ltr'>dicit</span> <span class='ocrx_word' id='word_1_112' title='bbox 714 705 755 741; x_wconf 89' lang='lat' dir='ltr'>in</span> <span class='ocrx_word' id='word_1_113' title='bbox 787 703 963 741; x_wconf 89' lang='lat' dir='ltr'>secundo</span> <span class='ocrx_word' id='word_1_114' title='bbox 992 705 1044 739; x_wconf 82' lang='lat' dir='ltr'>De</span> <span class='ocrx_word' id='word_1_115' title='bbox 1074 705 1211 740; x_wconf 84' lang='lat' dir='ltr'>anima.</span> <span class='ocrx_word' id='word_1_116' title='bbox 1246 703 1498 750; x_wconf 85' lang='lat' dir='ltr'>Impossibile</span> <span class='ocrx_word' id='word_1_117' title='bbox 1535 706 1595 741; x_wconf 85' lang='lat' dir='ltr'>est</span> <span class='ocrx_word' id='word_1_118' title='bbox 1629 706 1761 740; x_wconf 89' lang='lat' dir='ltr'>autem</span> 
     </span>
     <span class='ocr_line' id='line_1_13' title="bbox 138 750 1760 801; baseline -0.003 -10"><span class='ocrx_word' id='word_1_119' title='bbox 138 754 242 801; x_wconf 87' lang='lat' dir='ltr'>quod</span> <span class='ocrx_word' id='word_1_120' title='bbox 263 754 411 800; x_wconf 86' lang='lat' dir='ltr'>aliquid</span> <span class='ocrx_word' id='word_1_121' title='bbox 433 752 595 799; x_wconf 85' lang='lat' dir='ltr'>recipiat</span> <span class='ocrx_word' id='word_1_122' title='bbox 616 752 789 799; x_wconf 80' lang='lat' dir='ltr'>aliquam</span> <span class='ocrx_word' id='word_1_123' title='bbox 810 751 978 788; x_wconf 88' lang='lat' dir='ltr'>formam</span> <span class='ocrx_word' id='word_1_124' title='bbox 997 750 1299 788; x_wconf 81' lang='lat' dir='ltr'>substantialem</span> <span class='ocrx_word' id='word_1_125' title='bbox 1321 750 1367 787; x_wconf 91' lang='lat' dir='ltr'>de</span> <span class='ocrx_word' id='word_1_126' title='bbox 1388 759 1505 794; x_wconf 87' lang='lat' dir='ltr'>novo,</span> <span class='ocrx_word' id='word_1_127' title='bbox 1534 750 1613 786; x_wconf 88' lang='lat' dir='ltr'>nisi</span> <span class='ocrx_word' id='word_1_128' title='bbox 1647 750 1760 786; x_wconf 89' lang='lat' dir='ltr'>amit-</span> 
     </span>
     <span class='ocr_line' id='line_1_14' title="bbox 138 796 1761 851; baseline -0.004 -13"><span class='ocrx_word' id='word_1_129' title='bbox 138 806 193 838; x_wconf 88' lang='lat' dir='ltr'>tat</span> <span class='ocrx_word' id='word_1_130' title='bbox 214 802 378 837; x_wconf 83' lang='lat' dir='ltr'>formam</span> <span class='ocrx_word' id='word_1_131' title='bbox 402 809 518 847; x_wconf 87' lang='lat' dir='ltr'>quam</span> <span class='ocrx_word' id='word_1_132' title='bbox 537 799 648 846; x_wconf 88' lang='lat' dir='ltr'>prius</span> <span class='ocrx_word' id='word_1_133' title='bbox 669 798 807 836; x_wconf 89' lang='lat' dir='ltr'>habuit</span> <span class='ocrx_word' id='word_1_134' title='bbox 828 810 837 834; x_wconf 73' lang='grc' dir='ltr'>ε</span> <span class='ocrx_word' id='word_1_135' title='bbox 857 798 1062 851; x_wconf 80' lang='lat' dir='ltr'>generatio</span> <span class='ocrx_word' id='word_1_136' title='bbox 1084 797 1187 834; x_wconf 90' lang='lat' dir='ltr'>enim</span> <span class='ocrx_word' id='word_1_137' title='bbox 1210 797 1331 834; x_wconf 90' lang='lat' dir='ltr'>unius</span> <span class='ocrx_word' id='word_1_138' title='bbox 1352 800 1411 834; x_wconf 89' lang='lat' dir='ltr'>est</span> <span class='ocrx_word' id='word_1_139' title='bbox 1443 796 1644 842; x_wconf 74' lang='lat' dir='ltr'>corruptio</span> <span class='ocrx_word' id='word_1_140' title='bbox 1666 796 1761 833; x_wconf 87' lang='lat' dir='ltr'>alte-</span> 
     </span>
     <span class='ocr_line' id='line_1_15' title="bbox 139 844 1763 892; baseline -0.002 -8"><span class='ocrx_word' id='word_1_141' title='bbox 139 849 237 885; x_wconf 86' lang='lat' dir='ltr'>rius.</span> <span class='ocrx_word' id='word_1_142' title='bbox 262 850 301 884; x_wconf 84' lang='lat' dir='ltr'>ln</span> <span class='ocrx_word' id='word_1_143' title='bbox 327 847 583 884; x_wconf 78' lang='lat' dir='ltr'>sabricatione</span> <span class='ocrx_word' id='word_1_144' title='bbox 605 850 734 883; x_wconf 87' lang='lat' dir='ltr'>autem</span> <span class='ocrx_word' id='word_1_145' title='bbox 756 845 927 892; x_wconf 68' lang='lat' dir='ltr'>alicujus</span> <span class='ocrx_word' id='word_1_146' title='bbox 958 848 1098 882; x_wconf 83' lang='lat' dir='ltr'>statuae</span> <span class='ocrx_word' id='word_1_147' title='bbox 1129 854 1211 882; x_wconf 90' lang='lat' dir='ltr'>non</span> <span class='ocrx_word' id='word_1_148' title='bbox 1248 844 1431 890; x_wconf 86' lang='lat' dir='ltr'>adjicitur</span> <span class='ocrx_word' id='word_1_149' title='bbox 1468 844 1601 891; x_wconf 88' lang='lat' dir='ltr'>aliqua</span> <span class='ocrx_word' id='word_1_150' title='bbox 1636 844 1763 880; x_wconf 87' lang='lat' dir='ltr'>forma</span> 
     </span>
     <span class='ocr_line' id='line_1_16' title="bbox 140 890 1763 939; baseline -0.004 -7"><span class='ocrx_word' id='word_1_151' title='bbox 140 895 429 939; x_wconf 86' lang='lat' dir='ltr'>substantialis,</span> <span class='ocrx_word' id='word_1_152' title='bbox 467 894 535 931; x_wconf 88' lang='lat' dir='ltr'>sed</span> <span class='ocrx_word' id='word_1_153' title='bbox 570 892 613 930; x_wconf 88' lang='lat' dir='ltr'>fit</span> <span class='ocrx_word' id='word_1_154' title='bbox 643 892 921 930; x_wconf 80' lang='lat' dir='ltr'>transmutatio</span> <span class='ocrx_word' id='word_1_155' title='bbox 944 892 1075 928; x_wconf 92' lang='lat' dir='ltr'>solum</span> <span class='ocrx_word' id='word_1_156' title='bbox 1102 892 1321 929; x_wconf 89' lang='lat' dir='ltr'>secundum</span> <span class='ocrx_word' id='word_1_157' title='bbox 1360 890 1542 937; x_wconf 81' lang='lat' dir='ltr'>figuram,</span> <span class='ocrx_word' id='word_1_158' title='bbox 1576 900 1663 938; x_wconf 72' lang='lat' dir='ltr'>quae</span> <span class='ocrx_word' id='word_1_159' title='bbox 1702 893 1763 927; x_wconf 86' lang='lat' dir='ltr'>est</span> 
     </span>
     <span class='ocr_line' id='line_1_17' title="bbox 138 937 1763 986; baseline -0.004 -7"><span class='ocrx_word' id='word_1_160' title='bbox 138 941 324 979; x_wconf 89' lang='lat' dir='ltr'>accidens</span> <span class='ocrx_word' id='word_1_161' title='bbox 347 953 354 978; x_wconf 95' lang='lat'>:</span> <span class='ocrx_word' id='word_1_162' title='bbox 377 944 510 978; x_wconf 87' lang='lat' dir='ltr'>manet</span> <span class='ocrx_word' id='word_1_163' title='bbox 529 940 635 977; x_wconf 90' lang='lat' dir='ltr'>enim</span> <span class='ocrx_word' id='word_1_164' title='bbox 655 940 782 977; x_wconf 87' lang='lat' dir='ltr'>forma</span> <span class='ocrx_word' id='word_1_165' title='bbox 803 939 927 985; x_wconf 88' lang='lat' dir='ltr'>cupri,</span> <span class='ocrx_word' id='word_1_166' title='bbox 949 938 1008 975; x_wconf 89' lang='lat' dir='ltr'>vel</span> <span class='ocrx_word' id='word_1_167' title='bbox 1030 938 1198 986; x_wconf 88' lang='lat' dir='ltr'>alicujus</span> <span class='ocrx_word' id='word_1_168' title='bbox 1218 938 1461 985; x_wconf 85' lang='lat' dir='ltr'>hujusmodi.</span> <span class='ocrx_word' id='word_1_169' title='bbox 1483 939 1567 975; x_wconf 92' lang='lat' dir='ltr'>Non</span> <span class='ocrx_word' id='word_1_170' title='bbox 1601 941 1661 975; x_wconf 88' lang='lat' dir='ltr'>est</span> <span class='ocrx_word' id='word_1_171' title='bbox 1691 937 1763 984; x_wconf 80' lang='lat' dir='ltr'>igi-</span> 
     </span>
     <span class='ocr_line' id='line_1_18' title="bbox 137 983 1760 1034; baseline -0.003 -8"><span class='ocrx_word' id='word_1_172' title='bbox 137 993 202 1027; x_wconf 86' lang='lat' dir='ltr'>tur</span> <span class='ocrx_word' id='word_1_173' title='bbox 221 988 413 1034; x_wconf 88' lang='lat' dir='ltr'>possibile</span> <span class='ocrx_word' id='word_1_174' title='bbox 430 987 536 1034; x_wconf 89' lang='lat' dir='ltr'>quod</span> <span class='ocrx_word' id='word_1_175' title='bbox 556 987 784 1034; x_wconf 88' lang='lat' dir='ltr'>hujusmodi</span> <span class='ocrx_word' id='word_1_176' title='bbox 803 991 942 1023; x_wconf 85' lang='lat' dir='ltr'>statuae</span> <span class='ocrx_word' id='word_1_177' title='bbox 959 986 1177 1023; x_wconf 83' lang='lat' dir='ltr'>sortiantur</span> <span class='ocrx_word' id='word_1_178' title='bbox 1202 985 1362 1033; x_wconf 84' lang='lat' dir='ltr'>aliquod</span> <span class='ocrx_word' id='word_1_179' title='bbox 1397 985 1633 1032; x_wconf 87' lang='lat' dir='ltr'>principium</span> <span class='ocrx_word' id='word_1_180' title='bbox 1656 983 1760 1021; x_wconf 82' lang='lat' dir='ltr'>vitae.</span> 
     </span>
    </p>

    <p class='ocr_par' dir='ltr' id='par_1_4' title="bbox 138 1031 1762 1362">
     <span class='ocr_line' id='line_1_19' title="bbox 185 1031 1762 1081; baseline -0.003 -9"><span class='ocrx_word' id='word_1_181' title='bbox 185 1036 329 1076; x_wconf 84' lang='lat' dir='ltr'>Adhuc.</span> <span class='ocrx_word' id='word_1_182' title='bbox 358 1035 392 1072; x_wconf 91' lang='lat' dir='ltr'>si</span> <span class='ocrx_word' id='word_1_183' title='bbox 419 1034 569 1081; x_wconf 87' lang='lat' dir='ltr'>aliquid</span> <span class='ocrx_word' id='word_1_184' title='bbox 603 1044 673 1080; x_wconf 90' lang='lat' dir='ltr'>per</span> <span class='ocrx_word' id='word_1_185' title='bbox 704 1033 943 1080; x_wconf 89' lang='lat' dir='ltr'>principium</span> <span class='ocrx_word' id='word_1_186' title='bbox 972 1033 1060 1070; x_wconf 85' lang='lat' dir='ltr'>vitae</span> <span class='ocrx_word' id='word_1_187' title='bbox 1098 1037 1315 1077; x_wconf 89' lang='lat' dir='ltr'>moveatur,</span> <span class='ocrx_word' id='word_1_188' title='bbox 1356 1041 1522 1069; x_wconf 89' lang='lat' dir='ltr'>necesse</span> <span class='ocrx_word' id='word_1_189' title='bbox 1557 1036 1618 1068; x_wconf 87' lang='lat' dir='ltr'>est</span> <span class='ocrx_word' id='word_1_190' title='bbox 1655 1031 1762 1079; x_wconf 89' lang='lat' dir='ltr'>quod</span> 
     </span>
     <span class='ocr_line' id='line_1_20' title="bbox 139 1079 1760 1120; baseline -0.004 0"><span class='ocrx_word' id='word_1_191' title='bbox 139 1083 283 1120; x_wconf 86' lang='lat' dir='ltr'>habeat</span> <span class='ocrx_word' id='word_1_192' title='bbox 301 1090 478 1119; x_wconf 89' lang='lat' dir='ltr'>sensum.</span> <span class='ocrx_word' id='word_1_193' title='bbox 499 1081 641 1118; x_wconf 88' lang='lat' dir='ltr'>Vivens</span> <span class='ocrx_word' id='word_1_194' title='bbox 662 1081 768 1118; x_wconf 90' lang='lat' dir='ltr'>enim</span> <span class='ocrx_word' id='word_1_195' title='bbox 789 1084 850 1118; x_wconf 87' lang='lat' dir='ltr'>est</span> <span class='ocrx_word' id='word_1_196' title='bbox 876 1089 1022 1117; x_wconf 89' lang='lat' dir='ltr'>sensus</span> <span class='ocrx_word' id='word_1_197' title='bbox 1058 1081 1119 1117; x_wconf 84' lang='lat' dir='ltr'>vel</span> <span class='ocrx_word' id='word_1_198' title='bbox 1151 1079 1391 1117; x_wconf 86' lang='lat' dir='ltr'>intellectus.</span> <span class='ocrx_word' id='word_1_199' title='bbox 1425 1079 1654 1116; x_wconf 84' lang='lat' dir='ltr'>Intellectus</span> <span class='ocrx_word' id='word_1_200' title='bbox 1692 1087 1760 1114; x_wconf 86' lang='lat' dir='ltr'>au·</span> 
     </span>
     <span class='ocr_line' id='line_1_21' title="bbox 138 1127 1758 1175; baseline -0.002 -9"><span class='ocrx_word' id='word_1_201' title='bbox 138 1134 218 1166; x_wconf 89' lang='lat' dir='ltr'>tem</span> <span class='ocrx_word' id='word_1_202' title='bbox 240 1130 280 1166; x_wconf 89' lang='lat' dir='ltr'>in</span> <span class='ocrx_word' id='word_1_203' title='bbox 302 1128 598 1175; x_wconf 80' lang='lat' dir='ltr'>generabilibus</span> <span class='ocrx_word' id='word_1_204' title='bbox 620 1131 657 1164; x_wconf 89' lang='lat' dir='ltr'>et</span> <span class='ocrx_word' id='word_1_205' title='bbox 677 1127 1003 1174; x_wconf 89' lang='lat' dir='ltr'>corruptibilibus</span> <span class='ocrx_word' id='word_1_206' title='bbox 1024 1135 1105 1164; x_wconf 92' lang='lat' dir='ltr'>non</span> <span class='ocrx_word' id='word_1_207' title='bbox 1126 1131 1185 1164; x_wconf 85' lang='lat' dir='ltr'>est</span> <span class='ocrx_word' id='word_1_208' title='bbox 1206 1127 1293 1164; x_wconf 91' lang='lat' dir='ltr'>sine</span> <span class='ocrx_word' id='word_1_209' title='bbox 1312 1135 1454 1170; x_wconf 90' lang='lat' dir='ltr'>sensu;</span> <span class='ocrx_word' id='word_1_210' title='bbox 1471 1135 1616 1163; x_wconf 88' lang='lat' dir='ltr'>sensus</span> <span class='ocrx_word' id='word_1_211' title='bbox 1630 1128 1758 1162; x_wconf 85' lang='lat' dir='ltr'>autem</span> 
     </span>
     <span class='ocr_line' id='line_1_22' title="bbox 140 1173 1761 1222; baseline -0.002 -10"><span class='ocrx_word' id='word_1_212' title='bbox 140 1185 221 1213; x_wconf 89' lang='lat' dir='ltr'>non</span> <span class='ocrx_word' id='word_1_213' title='bbox 241 1179 370 1222; x_wconf 88' lang='lat' dir='ltr'>potest</span> <span class='ocrx_word' id='word_1_214' title='bbox 391 1185 479 1212; x_wconf 90' lang='lat' dir='ltr'>esse</span> <span class='ocrx_word' id='word_1_215' title='bbox 499 1175 566 1212; x_wconf 89' lang='lat' dir='ltr'>ubi</span> <span class='ocrx_word' id='word_1_216' title='bbox 586 1183 668 1211; x_wconf 93' lang='lat' dir='ltr'>non</span> <span class='ocrx_word' id='word_1_217' title='bbox 688 1178 748 1211; x_wconf 87' lang='lat' dir='ltr'>est</span> <span class='ocrx_word' id='word_1_218' title='bbox 769 1178 897 1211; x_wconf 88' lang='lat' dir='ltr'>tactus</span> <span class='ocrx_word' id='word_1_219' title='bbox 919 1185 927 1210; x_wconf 94' lang='lat'><strong>:</strong></span> <span class='ocrx_word' id='word_1_220' title='bbox 952 1183 1023 1210; x_wconf 91' lang='lat' dir='ltr'>nec</span> <span class='ocrx_word' id='word_1_221' title='bbox 1042 1178 1172 1211; x_wconf 85' lang='lat' dir='ltr'>tactus</span> <span class='ocrx_word' id='word_1_222' title='bbox 1194 1174 1281 1210; x_wconf 91' lang='lat' dir='ltr'>sine</span> <span class='ocrx_word' id='word_1_223' title='bbox 1302 1182 1452 1220; x_wconf 84' lang='lat' dir='ltr'>organo</span> <span class='ocrx_word' id='word_1_224' title='bbox 1468 1173 1596 1210; x_wconf 90' lang='lat' dir='ltr'>medie</span> <span class='ocrx_word' id='word_1_225' title='bbox 1617 1176 1761 1217; x_wconf 87' lang='lat' dir='ltr'>tempe-</span> 
     </span>
     <span class='ocr_line' id='line_1_23' title="bbox 140 1219 1760 1267; baseline -0.002 -8"><span class='ocrx_word' id='word_1_226' title='bbox 140 1227 225 1260; x_wconf 88' lang='lat' dir='ltr'>rato</span> <span class='ocrx_word' id='word_1_227' title='bbox 249 1235 256 1259; x_wconf 89' lang='lat'><strong>:</strong></span> <span class='ocrx_word' id='word_1_228' title='bbox 279 1223 369 1259; x_wconf 92' lang='lat' dir='ltr'>talis</span> <span class='ocrx_word' id='word_1_229' title='bbox 392 1226 521 1259; x_wconf 89' lang='lat' dir='ltr'>autem</span> <span class='ocrx_word' id='word_1_230' title='bbox 540 1222 751 1267; x_wconf 86' lang='lat' dir='ltr'>temperies</span> <span class='ocrx_word' id='word_1_231' title='bbox 772 1230 853 1258; x_wconf 91' lang='lat' dir='ltr'>non</span> <span class='ocrx_word' id='word_1_232' title='bbox 874 1221 1075 1257; x_wconf 88' lang='lat' dir='ltr'>invenitur</span> <span class='ocrx_word' id='word_1_233' title='bbox 1096 1221 1134 1257; x_wconf 92' lang='lat' dir='ltr'>in</span> <span class='ocrx_word' id='word_1_234' title='bbox 1155 1221 1298 1266; x_wconf 89' lang='lat' dir='ltr'>lapide,</span> <span class='ocrx_word' id='word_1_235' title='bbox 1320 1220 1379 1256; x_wconf 84' lang='lat' dir='ltr'>vel</span> <span class='ocrx_word' id='word_1_236' title='bbox 1396 1230 1498 1264; x_wconf 87' lang='lat' dir='ltr'>cera,</span> <span class='ocrx_word' id='word_1_237' title='bbox 1519 1220 1580 1256; x_wconf 83' lang='lat' dir='ltr'>vel</span> <span class='ocrx_word' id='word_1_238' title='bbox 1603 1219 1760 1256; x_wconf 89' lang='lat' dir='ltr'>metallo</span> 
     </span>
     <span class='ocr_line' id='line_1_24' title="bbox 138 1267 1760 1316; baseline -0.003 -9"><span class='ocrx_word' id='word_1_239' title='bbox 138 1280 187 1307; x_wconf 83' lang='lat' dir='ltr'>ex</span> <span class='ocrx_word' id='word_1_240' title='bbox 209 1279 286 1316; x_wconf 85' lang='lat' dir='ltr'>quo</span> <span class='ocrx_word' id='word_1_241' title='bbox 302 1269 344 1306; x_wconf 87' lang='lat' dir='ltr'>fit</span> <span class='ocrx_word' id='word_1_242' title='bbox 364 1273 505 1306; x_wconf 88' lang='lat' dir='ltr'>statua.</span> <span class='ocrx_word' id='word_1_243' title='bbox 528 1271 614 1305; x_wconf 90' lang='lat' dir='ltr'>Non</span> <span class='ocrx_word' id='word_1_244' title='bbox 635 1271 695 1306; x_wconf 87' lang='lat' dir='ltr'>est</span> <span class='ocrx_word' id='word_1_245' title='bbox 712 1268 834 1315; x_wconf 83' lang='lat' dir='ltr'>igitur</span> <span class='ocrx_word' id='word_1_246' title='bbox 850 1267 1042 1314; x_wconf 89' lang='lat' dir='ltr'>possibile</span> <span class='ocrx_word' id='word_1_247' title='bbox 1072 1268 1177 1314; x_wconf 89' lang='lat' dir='ltr'>quod</span> <span class='ocrx_word' id='word_1_248' title='bbox 1198 1267 1427 1314; x_wconf 89' lang='lat' dir='ltr'>hujusmodi</span> <span class='ocrx_word' id='word_1_249' title='bbox 1456 1270 1595 1304; x_wconf 79' lang='lat' dir='ltr'>statuae</span> <span class='ocrx_word' id='word_1_250' title='bbox 1627 1274 1760 1303; x_wconf 85' lang='lat' dir='ltr'>move-</span> 
     </span>
     <span class='ocr_line' id='line_1_25' title="bbox 139 1316 723 1362; baseline -0.002 -10"><span class='ocrx_word' id='word_1_251' title='bbox 139 1321 258 1353; x_wconf 90' lang='lat' dir='ltr'>antur</span> <span class='ocrx_word' id='word_1_252' title='bbox 279 1326 346 1362; x_wconf 89' lang='lat' dir='ltr'>per</span> <span class='ocrx_word' id='word_1_253' title='bbox 364 1316 603 1362; x_wconf 89' lang='lat' dir='ltr'>principium</span> <span class='ocrx_word' id='word_1_254' title='bbox 622 1316 723 1352; x_wconf 85' lang='lat' dir='ltr'>vitae.</span> 
     </span>
    </p>

    <p class='ocr_par' dir='ltr' id='par_1_5' title="bbox 138 1360 1764 1785">
     <span class='ocr_line' id='line_1_26' title="bbox 187 1360 1761 1408; baseline -0.002 -8"><span class='ocrx_word' id='word_1_255' title='bbox 187 1364 369 1408; x_wconf 77' lang='lat' dir='ltr'>Amplius,</span> <span class='ocrx_word' id='word_1_256' title='bbox 391 1362 563 1399; x_wconf 87' lang='lat' dir='ltr'>viventia</span> <span class='ocrx_word' id='word_1_257' title='bbox 587 1362 761 1408; x_wconf 90' lang='lat' dir='ltr'>perfecta</span> <span class='ocrx_word' id='word_1_258' title='bbox 781 1370 862 1398; x_wconf 91' lang='lat' dir='ltr'>non</span> <span class='ocrx_word' id='word_1_259' title='bbox 884 1361 1014 1398; x_wconf 91' lang='lat' dir='ltr'>solum</span> <span class='ocrx_word' id='word_1_260' title='bbox 1048 1364 1288 1408; x_wconf 84' lang='lat' dir='ltr'>generantur</span> <span class='ocrx_word' id='word_1_261' title='bbox 1313 1361 1456 1397; x_wconf 86' lang='lat' dir='ltr'>virtute</span> <span class='ocrx_word' id='word_1_262' title='bbox 1489 1360 1655 1405; x_wconf 88' lang='lat' dir='ltr'>coelesti,</span> <span class='ocrx_word' id='word_1_263' title='bbox 1692 1360 1761 1397; x_wconf 86' lang='lat' dir='ltr'>sed</span> 
     </span>
     <span class='ocr_line' id='line_1_27' title="bbox 138 1407 1764 1454; baseline -0.002 -7"><span class='ocrx_word' id='word_1_264' title='bbox 138 1410 259 1447; x_wconf 89' lang='lat' dir='ltr'>etiam</span> <span class='ocrx_word' id='word_1_265' title='bbox 278 1420 325 1446; x_wconf 83' lang='lat' dir='ltr'>ex</span> <span class='ocrx_word' id='word_1_266' title='bbox 342 1409 516 1446; x_wconf 88' lang='lat' dir='ltr'>semine:</span> <span class='ocrx_word' id='word_1_267' title='bbox 534 1409 654 1446; x_wconf 83' lang='lat' dir='ltr'>horno</span> <span class='ocrx_word' id='word_1_268' title='bbox 671 1408 775 1445; x_wconf 90' lang='lat' dir='ltr'>enim</span> <span class='ocrx_word' id='word_1_269' title='bbox 791 1412 953 1454; x_wconf 83' lang='lat' dir='ltr'>generat</span> <span class='ocrx_word' id='word_1_270' title='bbox 974 1408 1173 1445; x_wconf 89' lang='lat' dir='ltr'>hominem</span> <span class='ocrx_word' id='word_1_271' title='bbox 1186 1411 1223 1444; x_wconf 89' lang='lat' dir='ltr'>et</span> <span class='ocrx_word' id='word_1_272' title='bbox 1234 1408 1308 1444; x_wconf 90' lang='lat' dir='ltr'>sol.</span> <span class='ocrx_word' id='word_1_273' title='bbox 1326 1408 1419 1452; x_wconf 80' lang='lat' dir='ltr'>Quae</span> <span class='ocrx_word' id='word_1_274' title='bbox 1429 1416 1520 1444; x_wconf 91' lang='lat' dir='ltr'>vero</span> <span class='ocrx_word' id='word_1_275' title='bbox 1537 1407 1679 1444; x_wconf 88' lang='lat' dir='ltr'>virtute</span> <span class='ocrx_word' id='word_1_276' title='bbox 1689 1415 1764 1444; x_wconf 86' lang='lat' dir='ltr'>coe-</span> 
     </span>
     <span class='ocr_line' id='line_1_28' title="bbox 141 1454 1762 1502; baseline -0.002 -8"><span class='ocrx_word' id='word_1_277' title='bbox 141 1457 232 1494; x_wconf 90' lang='lat' dir='ltr'>lesti</span> <span class='ocrx_word' id='word_1_278' title='bbox 253 1456 340 1493; x_wconf 91' lang='lat' dir='ltr'>sine</span> <span class='ocrx_word' id='word_1_279' title='bbox 361 1456 513 1493; x_wconf 89' lang='lat' dir='ltr'>semine</span> <span class='ocrx_word' id='word_1_280' title='bbox 534 1458 773 1502; x_wconf 83' lang='lat' dir='ltr'>generantur</span> <span class='ocrx_word' id='word_1_281' title='bbox 792 1459 887 1491; x_wconf 87' lang='lat' dir='ltr'>sunt</span> <span class='ocrx_word' id='word_1_282' title='bbox 902 1455 1090 1491; x_wconf 87' lang='lat' dir='ltr'>animalia</span> <span class='ocrx_word' id='word_1_283' title='bbox 1101 1458 1288 1501; x_wconf 83' lang='lat' dir='ltr'>generata</span> <span class='ocrx_word' id='word_1_284' title='bbox 1303 1463 1348 1490; x_wconf 84' lang='lat' dir='ltr'>ex</span> <span class='ocrx_word' id='word_1_285' title='bbox 1361 1454 1662 1500; x_wconf 84' lang='lat' dir='ltr'>putrefactione,</span> <span class='ocrx_word' id='word_1_286' title='bbox 1675 1463 1762 1500; x_wconf 83' lang='lat' dir='ltr'>quae</span> 
     </span>
     <span class='ocr_line' id='line_1_29' title="bbox 140 1500 1763 1549; baseline -0.001 -9"><span class='ocrx_word' id='word_1_287' title='bbox 140 1504 243 1540; x_wconf 88' lang='lat' dir='ltr'>inter</span> <span class='ocrx_word' id='word_1_288' title='bbox 260 1503 339 1540; x_wconf 88' lang='lat' dir='ltr'>alia</span> <span class='ocrx_word' id='word_1_289' title='bbox 359 1502 600 1549; x_wconf 79' lang='lat' dir='ltr'>ignobiliora</span> <span class='ocrx_word' id='word_1_290' title='bbox 615 1506 721 1539; x_wconf 89' lang='lat' dir='ltr'>sunt.</span> <span class='ocrx_word' id='word_1_291' title='bbox 742 1502 780 1538; x_wconf 89' lang='lat' dir='ltr'>Si</span> <span class='ocrx_word' id='word_1_292' title='bbox 803 1501 923 1548; x_wconf 82' lang='lat' dir='ltr'>igitur</span> <span class='ocrx_word' id='word_1_293' title='bbox 942 1511 1011 1547; x_wconf 88' lang='lat' dir='ltr'>per</span> <span class='ocrx_word' id='word_1_294' title='bbox 1030 1501 1213 1538; x_wconf 88' lang='lat' dir='ltr'>virtutem</span> <span class='ocrx_word' id='word_1_295' title='bbox 1235 1501 1435 1538; x_wconf 88' lang='lat' dir='ltr'>coelestem</span> <span class='ocrx_word' id='word_1_296' title='bbox 1466 1501 1592 1538; x_wconf 88' lang='lat' dir='ltr'>solam</span> <span class='ocrx_word' id='word_1_297' title='bbox 1625 1500 1763 1547; x_wconf 86' lang='lat' dir='ltr'>hujus-</span> 
     </span>
     <span class='ocr_line' id='line_1_30' title="bbox 139 1548 1762 1595; baseline -0.001 -8"><span class='ocrx_word' id='word_1_298' title='bbox 139 1550 248 1587; x_wconf 89' lang='lat' dir='ltr'>modi</span> <span class='ocrx_word' id='word_1_299' title='bbox 267 1553 407 1587; x_wconf 82' lang='lat' dir='ltr'>statuae</span> <span class='ocrx_word' id='word_1_300' title='bbox 429 1548 906 1595; x_wconf 81' lang='lat' dir='ltr'>sortiuntur-principium</span> <span class='ocrx_word' id='word_1_301' title='bbox 923 1549 1026 1592; x_wconf 69' lang='lat' dir='ltr'>vitae,</span> <span class='ocrx_word' id='word_1_302' title='bbox 1048 1558 1117 1594; x_wconf 90' lang='lat' dir='ltr'>per</span> <span class='ocrx_word' id='word_1_303' title='bbox 1129 1548 1236 1595; x_wconf 89' lang='lat' dir='ltr'>quod</span> <span class='ocrx_word' id='word_1_304' title='bbox 1254 1552 1440 1585; x_wconf 88' lang='lat' dir='ltr'>moveant</span> <span class='ocrx_word' id='word_1_305' title='bbox 1461 1548 1631 1594; x_wconf 88' lang='lat' dir='ltr'>seipsas,</span> <span class='ocrx_word' id='word_1_306' title='bbox 1647 1556 1762 1594; x_wconf 89' lang='lat' dir='ltr'>opor-</span> 
     </span>
     <span class='ocr_line' id='line_1_31' title="bbox 140 1594 1762 1643; baseline -0.001 -9"><span class='ocrx_word' id='word_1_307' title='bbox 140 1601 195 1634; x_wconf 86' lang='lat' dir='ltr'>tet</span> <span class='ocrx_word' id='word_1_308' title='bbox 216 1606 284 1634; x_wconf 89' lang='lat' dir='ltr'>eas</span> <span class='ocrx_word' id='word_1_309' title='bbox 303 1606 390 1634; x_wconf 91' lang='lat' dir='ltr'>esse</span> <span class='ocrx_word' id='word_1_310' title='bbox 411 1596 706 1643; x_wconf 82' lang='lat' dir='ltr'>ignobilissima</span> <span class='ocrx_word' id='word_1_311' title='bbox 724 1595 828 1632; x_wconf 90' lang='lat' dir='ltr'>inter</span> <span class='ocrx_word' id='word_1_312' title='bbox 854 1596 1062 1639; x_wconf 80' lang='lat' dir='ltr'>animalia3</span> <span class='ocrx_word' id='word_1_313' title='bbox 1095 1595 1204 1642; x_wconf 83' lang='lat' dir='ltr'>quod</span> <span class='ocrx_word' id='word_1_314' title='bbox 1233 1599 1366 1632; x_wconf 88' lang='lat' dir='ltr'>tamen</span> <span class='ocrx_word' id='word_1_315' title='bbox 1397 1599 1503 1633; x_wconf 91' lang='lat' dir='ltr'>esset</span> <span class='ocrx_word' id='word_1_316' title='bbox 1533 1595 1693 1638; x_wconf 83' lang='lat' dir='ltr'>falsum,</span> <span class='ocrx_word' id='word_1_317' title='bbox 1727 1594 1762 1633; x_wconf 89' lang='lat' dir='ltr'>si</span> 
     </span>
     <span class='ocr_line' id='line_1_32' title="bbox 139 1641 1762 1691; baseline -0.001 -10"><span class='ocrx_word' id='word_1_318' title='bbox 139 1653 210 1691; x_wconf 88' lang='lat' dir='ltr'>per</span> <span class='ocrx_word' id='word_1_319' title='bbox 234 1644 474 1690; x_wconf 89' lang='lat' dir='ltr'>principium</span> <span class='ocrx_word' id='word_1_320' title='bbox 504 1643 592 1681; x_wconf 84' lang='lat' dir='ltr'>vitae</span> <span class='ocrx_word' id='word_1_321' title='bbox 626 1643 889 1680; x_wconf 88' lang='lat' dir='ltr'>intrinsecum</span> <span class='ocrx_word' id='word_1_322' title='bbox 922 1646 1209 1689; x_wconf 70' lang='lat' dir='ltr'>operarentur,</span> <span class='ocrx_word' id='word_1_323' title='bbox 1244 1651 1337 1679; x_wconf 89' lang='lat' dir='ltr'>nam</span> <span class='ocrx_word' id='word_1_324' title='bbox 1368 1642 1410 1679; x_wconf 90' lang='lat' dir='ltr'>in</span> <span class='ocrx_word' id='word_1_325' title='bbox 1442 1651 1577 1679; x_wconf 88' lang='lat' dir='ltr'>earum</span> <span class='ocrx_word' id='word_1_326' title='bbox 1607 1641 1762 1680; x_wconf 86' lang='lat' dir='ltr'>actibus</span> 
     </span>
     <span class='ocr_line' id='line_1_33' title="bbox 140 1689 1763 1737; baseline -0.001 -9"><span class='ocrx_word' id='word_1_327' title='bbox 140 1694 331 1737; x_wconf 84' lang='lat' dir='ltr'>apparent</span> <span class='ocrx_word' id='word_1_328' title='bbox 349 1691 507 1728; x_wconf 89' lang='lat' dir='ltr'>nobiles</span> <span class='ocrx_word' id='word_1_329' title='bbox 527 1690 794 1737; x_wconf 83' lang='lat' dir='ltr'>operationes,</span> <span class='ocrx_word' id='word_1_330' title='bbox 818 1699 906 1727; x_wconf 91' lang='lat' dir='ltr'>cum</span> <span class='ocrx_word' id='word_1_331' title='bbox 927 1690 1194 1736; x_wconf 88' lang='lat' dir='ltr'>respondeant</span> <span class='ocrx_word' id='word_1_332' title='bbox 1213 1689 1261 1726; x_wconf 88' lang='lat' dir='ltr'>de</span> <span class='ocrx_word' id='word_1_333' title='bbox 1282 1689 1464 1727; x_wconf 85' lang='lat' dir='ltr'>occultis.</span> <span class='ocrx_word' id='word_1_334' title='bbox 1486 1692 1569 1726; x_wconf 88' lang='lat' dir='ltr'>Non</span> <span class='ocrx_word' id='word_1_335' title='bbox 1601 1693 1660 1726; x_wconf 89' lang='lat' dir='ltr'>est</span> <span class='ocrx_word' id='word_1_336' title='bbox 1689 1689 1763 1736; x_wconf 82' lang='lat' dir='ltr'>igi·</span> 
     </span>
     <span class='ocr_line' id='line_1_34' title="bbox 140 1737 1594 1785; baseline -0.001 -11"><span class='ocrx_word' id='word_1_337' title='bbox 140 1742 204 1775; x_wconf 86' lang='lat' dir='ltr'>tur</span> <span class='ocrx_word' id='word_1_338' title='bbox 224 1738 416 1784; x_wconf 89' lang='lat' dir='ltr'>possibile</span> <span class='ocrx_word' id='word_1_339' title='bbox 438 1738 544 1785; x_wconf 89' lang='lat' dir='ltr'>quod</span> <span class='ocrx_word' id='word_1_340' title='bbox 564 1741 792 1784; x_wconf 88' lang='lat' dir='ltr'>operentur,</span> <span class='ocrx_word' id='word_1_341' title='bbox 813 1737 872 1774; x_wconf 90' lang='lat' dir='ltr'>vel</span> <span class='ocrx_word' id='word_1_342' title='bbox 894 1741 1127 1774; x_wconf 82' lang='lat' dir='ltr'>moveantur</span> <span class='ocrx_word' id='word_1_343' title='bbox 1145 1747 1215 1783; x_wconf 89' lang='lat' dir='ltr'>per</span> <span class='ocrx_word' id='word_1_344' title='bbox 1233 1737 1470 1783; x_wconf 88' lang='lat' dir='ltr'>principium</span> <span class='ocrx_word' id='word_1_345' title='bbox 1492 1737 1594 1773; x_wconf 69' lang='lat' dir='ltr'>vitae.</span> 
     </span>
    </p>

    <p class='ocr_par' dir='ltr' id='par_1_6' title="bbox 139 1784 1764 2205">
     <span class='ocr_line' id='line_1_35' title="bbox 187 1784 1762 1830; baseline -0.001 -9"><span class='ocrx_word' id='word_1_346' title='bbox 187 1787 287 1825; x_wconf 81' lang='lat' dir='ltr'>Item,</span> <span class='ocrx_word' id='word_1_347' title='bbox 314 1784 495 1822; x_wconf 87' lang='lat' dir='ltr'>effectum</span> <span class='ocrx_word' id='word_1_348' title='bbox 519 1785 739 1821; x_wconf 86' lang='lat' dir='ltr'>naturalem</span> <span class='ocrx_word' id='word_1_349' title='bbox 758 1785 901 1820; x_wconf 88' lang='lat' dir='ltr'>virtute</span> <span class='ocrx_word' id='word_1_350' title='bbox 922 1785 1144 1821; x_wconf 80' lang='lat' dir='ltr'>coelestium</span> <span class='ocrx_word' id='word_1_351' title='bbox 1163 1793 1372 1830; x_wconf 88' lang='lat' dir='ltr'>corporum</span> <span class='ocrx_word' id='word_1_352' title='bbox 1401 1784 1637 1829; x_wconf 89' lang='lat' dir='ltr'>productum</span> <span class='ocrx_word' id='word_1_353' title='bbox 1668 1791 1762 1820; x_wconf 91' lang='lat' dir='ltr'>con-</span> 
     </span>
     <span class='ocr_line' id='line_1_36' title="bbox 139 1830 1763 1878; baseline -0.001 -11"><span class='ocrx_word' id='word_1_354' title='bbox 139 1831 258 1878; x_wconf 83' lang='lat' dir='ltr'>tingit</span> <span class='ocrx_word' id='word_1_355' title='bbox 272 1832 440 1868; x_wconf 88' lang='lat' dir='ltr'>inveniri</span> <span class='ocrx_word' id='word_1_356' title='bbox 463 1832 612 1878; x_wconf 85' lang='lat' dir='ltr'>absque</span> <span class='ocrx_word' id='word_1_357' title='bbox 630 1832 726 1868; x_wconf 88' lang='lat' dir='ltr'>artis</span> <span class='ocrx_word' id='word_1_358' title='bbox 743 1831 987 1876; x_wconf 87' lang='lat' dir='ltr'>operatione.</span> <span class='ocrx_word' id='word_1_359' title='bbox 1004 1831 1083 1868; x_wconf 91' lang='lat' dir='ltr'>Etsi</span> <span class='ocrx_word' id='word_1_360' title='bbox 1104 1831 1209 1867; x_wconf 90' lang='lat' dir='ltr'>enim</span> <span class='ocrx_word' id='word_1_361' title='bbox 1228 1831 1362 1877; x_wconf 90' lang='lat' dir='ltr'>aliquo</span> <span class='ocrx_word' id='word_1_362' title='bbox 1387 1830 1555 1867; x_wconf 85' lang='lat' dir='ltr'>artificio</span> <span class='ocrx_word' id='word_1_363' title='bbox 1577 1839 1642 1867; x_wconf 89' lang='lat' dir='ltr'>ars</span> <span class='ocrx_word' id='word_1_364' title='bbox 1670 1839 1763 1876; x_wconf 88' lang='lat' dir='ltr'>ope·</span> 
     </span>
     <span class='ocr_line' id='line_1_37' title="bbox 141 1877 1762 1925; baseline -0.001 -10"><span class='ocrx_word' id='word_1_365' title='bbox 141 1882 248 1915; x_wconf 87' lang='lat' dir='ltr'>retur</span> <span class='ocrx_word' id='word_1_366' title='bbox 267 1878 314 1914; x_wconf 89' lang='lat' dir='ltr'>ad</span> <span class='ocrx_word' id='word_1_367' title='bbox 330 1879 626 1925; x_wconf 82' lang='lat' dir='ltr'>generationem</span> <span class='ocrx_word' id='word_1_368' title='bbox 649 1888 850 1920; x_wconf 86' lang='lat' dir='ltr'>ranarum,</span> <span class='ocrx_word' id='word_1_369' title='bbox 871 1878 932 1914; x_wconf 87' lang='lat' dir='ltr'>vel</span> <span class='ocrx_word' id='word_1_370' title='bbox 953 1878 1177 1924; x_wconf 89' lang='lat' dir='ltr'>aliquorum</span> <span class='ocrx_word' id='word_1_371' title='bbox 1206 1877 1450 1923; x_wconf 76' lang='lat' dir='ltr'>hUJusmodi,</span> <span class='ocrx_word' id='word_1_372' title='bbox 1482 1877 1678 1924; x_wconf 82' lang='lat' dir='ltr'>contingit</span> <span class='ocrx_word' id='word_1_373' title='bbox 1705 1881 1762 1914; x_wconf 89' lang='lat' dir='ltr'>ta-</span> 
     </span>
     <span class='ocr_line' id='line_1_38' title="bbox 141 1924 1761 1971; baseline -0.001 -9"><span class='ocrx_word' id='word_1_374' title='bbox 141 1934 230 1962; x_wconf 90' lang='lat' dir='ltr'>men</span> <span class='ocrx_word' id='word_1_375' title='bbox 247 1926 426 1971; x_wconf 81' lang='lat' dir='ltr'>generari</span> <span class='ocrx_word' id='word_1_376' title='bbox 450 1934 566 1962; x_wconf 86' lang='lat' dir='ltr'>ranas</span> <span class='ocrx_word' id='word_1_377' title='bbox 584 1925 733 1971; x_wconf 89' lang='lat' dir='ltr'>absque</span> <span class='ocrx_word' id='word_1_378' title='bbox 755 1925 863 1961; x_wconf 92' lang='lat' dir='ltr'>omni</span> <span class='ocrx_word' id='word_1_379' title='bbox 879 1924 1060 1961; x_wconf 83' lang='lat' dir='ltr'>artificio.</span> <span class='ocrx_word' id='word_1_380' title='bbox 1083 1925 1121 1961; x_wconf 87' lang='lat' dir='ltr'>Si</span> <span class='ocrx_word' id='word_1_381' title='bbox 1143 1934 1237 1970; x_wconf 85' lang='lat' dir='ltr'>ergo</span> <span class='ocrx_word' id='word_1_382' title='bbox 1259 1925 1401 1960; x_wconf 88' lang='lat' dir='ltr'>virtute</span> <span class='ocrx_word' id='word_1_383' title='bbox 1424 1924 1645 1961; x_wconf 83' lang='lat' dir='ltr'>coelestium</span> <span class='ocrx_word' id='word_1_384' title='bbox 1676 1933 1761 1960; x_wconf 89' lang='lat' dir='ltr'>cor-</span> 
     </span>
     <span class='ocr_line' id='line_1_39' title="bbox 140 1970 1764 2018; baseline -0.001 -10"><span class='ocrx_word' id='word_1_385' title='bbox 140 1980 281 2018; x_wconf 90' lang='lat' dir='ltr'>porum</span> <span class='ocrx_word' id='word_1_386' title='bbox 305 1972 532 2018; x_wconf 81' lang='lat' dir='ltr'>huJusmodi</span> <span class='ocrx_word' id='word_1_387' title='bbox 555 1975 696 2009; x_wconf 83' lang='lat' dir='ltr'>statuae</span> <span class='ocrx_word' id='word_1_388' title='bbox 719 1981 805 2017; x_wconf 83' lang='lat' dir='ltr'>quae</span> <span class='ocrx_word' id='word_1_389' title='bbox 821 1980 890 2017; x_wconf 87' lang='lat' dir='ltr'>per</span> <span class='ocrx_word' id='word_1_390' title='bbox 912 1975 1035 2008; x_wconf 88' lang='lat' dir='ltr'>artem</span> <span class='ocrx_word' id='word_1_391' title='bbox 1057 1971 1391 2008; x_wconf 87' lang='lat' dir='ltr'>necromanticam</span> <span class='ocrx_word' id='word_1_392' title='bbox 1412 1970 1525 2016; x_wconf 88' lang='lat' dir='ltr'>fiunt,</span> <span class='ocrx_word' id='word_1_393' title='bbox 1545 1971 1764 2008; x_wconf 86' lang='lat' dir='ltr'>sortiantur</span> 
     </span>
     <span class='ocr_line' id='line_1_40' title="bbox 140 2018 1762 2065; baseline 0 -10"><span class='ocrx_word' id='word_1_394' title='bbox 140 2018 377 2065; x_wconf 89' lang='lat' dir='ltr'>principium</span> <span class='ocrx_word' id='word_1_395' title='bbox 407 2019 510 2063; x_wconf 82' lang='lat' dir='ltr'>vitae,</span> <span class='ocrx_word' id='word_1_396' title='bbox 541 2019 615 2055; x_wconf 89' lang='lat' dir='ltr'>erit</span> <span class='ocrx_word' id='word_1_397' title='bbox 646 2018 824 2055; x_wconf 85' lang='lat' dir='ltr'>invenire</span> <span class='ocrx_word' id='word_1_398' title='bbox 851 2019 1148 2064; x_wconf 82' lang='lat' dir='ltr'>generationem</span> <span class='ocrx_word' id='word_1_399' title='bbox 1181 2019 1319 2055; x_wconf 88' lang='lat' dir='ltr'>talium</span> <span class='ocrx_word' id='word_1_400' title='bbox 1350 2018 1501 2065; x_wconf 88' lang='lat' dir='ltr'>absque</span> <span class='ocrx_word' id='word_1_401' title='bbox 1531 2018 1762 2064; x_wconf 90' lang='lat' dir='ltr'>hujusmodi</span> 
     </span>
     <span class='ocr_line' id='line_1_41' title="bbox 141 2064 1763 2112; baseline 0 -10"><span class='ocrx_word' id='word_1_402' title='bbox 141 2070 237 2102; x_wconf 88' lang='lat' dir='ltr'>arte.</span> <span class='ocrx_word' id='word_1_403' title='bbox 261 2067 342 2102; x_wconf 91' lang='lat' dir='ltr'>Hoc</span> <span class='ocrx_word' id='word_1_404' title='bbox 365 2070 493 2103; x_wconf 90' lang='lat' dir='ltr'>autem</span> <span class='ocrx_word' id='word_1_405' title='bbox 524 2074 602 2102; x_wconf 91' lang='lat' dir='ltr'>non</span> <span class='ocrx_word' id='word_1_406' title='bbox 629 2065 841 2102; x_wconf 88' lang='lat' dir='ltr'>invenitur.</span> <span class='ocrx_word' id='word_1_407' title='bbox 870 2065 1121 2102; x_wconf 84' lang='lat' dir='ltr'>Manifestum</span> <span class='ocrx_word' id='word_1_408' title='bbox 1155 2069 1216 2102; x_wconf 89' lang='lat' dir='ltr'>est</span> <span class='ocrx_word' id='word_1_409' title='bbox 1246 2065 1369 2112; x_wconf 83' lang='lat' dir='ltr'>igitur</span> <span class='ocrx_word' id='word_1_410' title='bbox 1399 2064 1504 2112; x_wconf 90' lang='lat' dir='ltr'>quod</span> <span class='ocrx_word' id='word_1_411' title='bbox 1532 2065 1763 2111; x_wconf 84' lang='lat' dir='ltr'>hujusmodi</span> 
     </span>
     <span class='ocr_line' id='line_1_42' title="bbox 142 2112 1763 2164; baseline 0 -15"><span class='ocrx_word' id='word_1_412' title='bbox 142 2115 390 2164; x_wconf 33' lang='lat' dir='ltr'>statute-non</span> <span class='ocrx_word' id='word_1_413' title='bbox 433 2112 578 2149; x_wconf 90' lang='lat' dir='ltr'>habent</span> <span class='ocrx_word' id='word_1_414' title='bbox 621 2112 860 2158; x_wconf 89' lang='lat' dir='ltr'>principium</span> <span class='ocrx_word' id='word_1_415' title='bbox 886 2112 989 2157; x_wconf 73' lang='lat' dir='ltr'>vitae,</span> <span class='ocrx_word' id='word_1_416' title='bbox 1011 2121 1139 2159; x_wconf 90' lang='lat' dir='ltr'>neque</span> <span class='ocrx_word' id='word_1_417' title='bbox 1174 2115 1383 2149; x_wconf 90' lang='lat' dir='ltr'>moventur</span> <span class='ocrx_word' id='word_1_418' title='bbox 1413 2112 1557 2149; x_wconf 83' lang='lat' dir='ltr'>virtute</span> <span class='ocrx_word' id='word_1_419' title='bbox 1588 2112 1763 2149; x_wconf 84' lang='lat' dir='ltr'>coelestis</span> 
     </span>
     <span class='ocr_line' id='line_1_43' title="bbox 140 2168 335 2205; baseline -0.005 -9"><span class='ocrx_word' id='word_1_420' title='bbox 140 2168 335 2205; x_wconf 83' lang='lat' dir='ltr'>corporis.</span> 
     </span>
    </p>

    <p class='ocr_par' dir='ltr' id='par_1_7' title="bbox 140 2205 1766 2535">
     <span class='ocr_line' id='line_1_44' title="bbox 189 2205 1763 2253; baseline 0.001 -11"><span class='ocrx_word' id='word_1_421' title='bbox 189 2208 262 2243; x_wconf 86' lang='lat' dir='ltr'>Per</span> <span class='ocrx_word' id='word_1_422' title='bbox 279 2207 353 2243; x_wconf 90' lang='lat' dir='ltr'>hoc</span> <span class='ocrx_word' id='word_1_423' title='bbox 372 2209 502 2243; x_wconf 85' lang='lat' dir='ltr'>autem</span> <span class='ocrx_word' id='word_1_424' title='bbox 524 2205 746 2243; x_wconf 89' lang='lat' dir='ltr'>excluditur</span> <span class='ocrx_word' id='word_1_425' title='bbox 766 2205 913 2251; x_wconf 86' lang='lat' dir='ltr'>positio</span> <span class='ocrx_word' id='word_1_426' title='bbox 936 2206 1131 2243; x_wconf 88' lang='lat' dir='ltr'>Hermetis</span> <span class='ocrx_word' id='word_1_427' title='bbox 1152 2206 1220 2253; x_wconf 87' lang='lat' dir='ltr'>qui</span> <span class='ocrx_word' id='word_1_428' title='bbox 1248 2207 1308 2243; x_wconf 90' lang='lat' dir='ltr'>sic</span> <span class='ocrx_word' id='word_1_429' title='bbox 1326 2206 1436 2251; x_wconf 81' lang='lat' dir='ltr'>dixit,</span> <span class='ocrx_word' id='word_1_430' title='bbox 1456 2209 1500 2243; x_wconf 86' lang='lat' dir='ltr'>ut</span> <span class='ocrx_word' id='word_1_431' title='bbox 1516 2206 1763 2252; x_wconf 83' lang='lat' dir='ltr'>Augustinus</span> 
     </span>
     <span class='ocr_line' id='line_1_45' title="bbox 142 2251 1766 2299; baseline -0.001 -8"><span class='ocrx_word' id='word_1_432' title='bbox 142 2253 263 2291; x_wconf 84' lang='lat' dir='ltr'>refert</span> <span class='ocrx_word' id='word_1_433' title='bbox 280 2254 319 2289; x_wconf 89' lang='lat' dir='ltr'>in</span> <span class='ocrx_word' id='word_1_434' title='bbox 342 2257 479 2290; x_wconf 87' lang='lat' dir='ltr'>octavo</span> <span class='ocrx_word' id='word_1_435' title='bbox 497 2255 547 2289; x_wconf 86' lang='lat' dir='ltr'>De</span> <span class='ocrx_word' id='word_1_436' title='bbox 557 2254 626 2289; x_wconf 78' lang='lat' dir='ltr'>civ.</span> <span class='ocrx_word' id='word_1_437' title='bbox 648 2253 717 2288; x_wconf 84' lang='lat' dir='ltr'>Dei</span> <span class='ocrx_word' id='word_1_438' title='bbox 735 2251 834 2298; x_wconf 86' lang='lat' dir='ltr'>(cap.</span> <span class='ocrx_word' id='word_1_439' title='bbox 850 2252 909 2299; x_wconf 82' lang='lat'>23)</span> <span class='ocrx_word' id='word_1_440' title='bbox 925 2264 933 2290; x_wconf 71' lang='grc' dir='ltr'><strong><em>ι</em></strong></span> <span class='ocrx_word' id='word_1_441' title='bbox 956 2266 974 2284; x_wconf 90' lang='lat'>«</span> <span class='ocrx_word' id='word_1_442' title='bbox 987 2254 1091 2290; x_wconf 91' lang='lat' dir='ltr'>Deus</span> <span class='ocrx_word' id='word_1_443' title='bbox 1106 2253 1210 2290; x_wconf 91' lang='lat' dir='ltr'>sicut</span> <span class='ocrx_word' id='word_1_444' title='bbox 1226 2252 1388 2290; x_wconf 84' lang='lat' dir='ltr'>effector</span> <span class='ocrx_word' id='word_1_445' title='bbox 1399 2256 1460 2290; x_wconf 88' lang='lat' dir='ltr'>est</span> <span class='ocrx_word' id='word_1_446' title='bbox 1473 2253 1637 2290; x_wconf 91' lang='lat' dir='ltr'>deorum</span> <span class='ocrx_word' id='word_1_447' title='bbox 1652 2253 1766 2291; x_wconf 89' lang='lat' dir='ltr'>coele-</span> 
     </span>
     <span class='ocr_line' id='line_1_46' title="bbox 142 2299 1765 2347; baseline 0.001 -10"><span class='ocrx_word' id='word_1_448' title='bbox 142 2300 276 2345; x_wconf 90' lang='lat' dir='ltr'>stium,</span> <span class='ocrx_word' id='word_1_449' title='bbox 299 2301 354 2337; x_wconf 88' lang='lat' dir='ltr'>ita</span> <span class='ocrx_word' id='word_1_450' title='bbox 371 2300 490 2337; x_wconf 87' lang='lat' dir='ltr'>homo</span> <span class='ocrx_word' id='word_1_451' title='bbox 512 2299 625 2337; x_wconf 86' lang='lat' dir='ltr'>fictor</span> <span class='ocrx_word' id='word_1_452' title='bbox 645 2303 706 2336; x_wconf 87' lang='lat' dir='ltr'>est</span> <span class='ocrx_word' id='word_1_453' title='bbox 719 2299 883 2336; x_wconf 90' lang='lat' dir='ltr'>deorum</span> <span class='ocrx_word' id='word_1_454' title='bbox 904 2301 970 2347; x_wconf 88' lang='lat' dir='ltr'>qui</span> <span class='ocrx_word' id='word_1_455' title='bbox 990 2301 1030 2337; x_wconf 90' lang='lat' dir='ltr'>in</span> <span class='ocrx_word' id='word_1_456' title='bbox 1048 2300 1207 2346; x_wconf 90' lang='lat' dir='ltr'>templis</span> <span class='ocrx_word' id='word_1_457' title='bbox 1222 2304 1316 2337; x_wconf 86' lang='lat' dir='ltr'>sunt</span> <span class='ocrx_word' id='word_1_458' title='bbox 1330 2301 1503 2338; x_wconf 87' lang='lat' dir='ltr'>humana</span> <span class='ocrx_word' id='word_1_459' title='bbox 1514 2301 1765 2347; x_wconf 84' lang='lat' dir='ltr'>proximitate</span> 
     </span>
     <span class='ocr_line' id='line_1_47' title="bbox 140 2346 1764 2395; baseline 0 -11"><span class='ocrx_word' id='word_1_460' title='bbox 140 2348 316 2384; x_wconf 89' lang='lat' dir='ltr'>contenti</span> <span class='ocrx_word' id='word_1_461' title='bbox 337 2359 345 2392; x_wconf 93' lang='grc'>;</span> <span class='ocrx_word' id='word_1_462' title='bbox 369 2351 520 2385; x_wconf 88' lang='lat' dir='ltr'>statuas</span> <span class='ocrx_word' id='word_1_463' title='bbox 541 2347 630 2384; x_wconf 90' lang='lat' dir='ltr'>dico</span> <span class='ocrx_word' id='word_1_464' title='bbox 648 2346 844 2384; x_wconf 89' lang='lat' dir='ltr'>animatas</span> <span class='ocrx_word' id='word_1_465' title='bbox 859 2355 981 2385; x_wconf 89' lang='lat' dir='ltr'>sensu</span> <span class='ocrx_word' id='word_1_466' title='bbox 997 2348 1187 2393; x_wconf 87' lang='lat' dir='ltr'>etspiritu</span> <span class='ocrx_word' id='word_1_467' title='bbox 1202 2348 1355 2395; x_wconf 84' lang='lat' dir='ltr'>plenas,</span> <span class='ocrx_word' id='word_1_468' title='bbox 1371 2351 1558 2395; x_wconf 88' lang='lat' dir='ltr'>tantaque</span> <span class='ocrx_word' id='word_1_469' title='bbox 1573 2347 1764 2385; x_wconf 83' lang='lat' dir='ltr'>facientes</span> 
     </span>
     <span class='ocr_line' id='line_1_48' title="bbox 141 2394 1764 2442; baseline 0 -11"><span class='ocrx_word' id='word_1_470' title='bbox 141 2399 179 2431; x_wconf 84' lang='lat' dir='ltr'>et</span> <span class='ocrx_word' id='word_1_471' title='bbox 199 2395 294 2431; x_wconf 89' lang='lat' dir='ltr'>talia</span> <span class='ocrx_word' id='word_1_472' title='bbox 313 2406 321 2439; x_wconf 90' lang='lat'><strong>;</strong></span> <span class='ocrx_word' id='word_1_473' title='bbox 343 2398 495 2432; x_wconf 88' lang='lat' dir='ltr'>statuas</span> <span class='ocrx_word' id='word_1_474' title='bbox 517 2394 738 2431; x_wconf 85' lang='lat' dir='ltr'>futurorum</span> <span class='ocrx_word' id='word_1_475' title='bbox 769 2394 971 2440; x_wconf 86' lang='lat' dir='ltr'>praescias,</span> <span class='ocrx_word' id='word_1_476' title='bbox 990 2403 1136 2442; x_wconf 90' lang='lat' dir='ltr'>easque</span> <span class='ocrx_word' id='word_1_477' title='bbox 1155 2395 1203 2432; x_wconf 89' lang='lat' dir='ltr'>de</span> <span class='ocrx_word' id='word_1_478' title='bbox 1239 2395 1410 2432; x_wconf 90' lang='lat' dir='ltr'>somniis</span> <span class='ocrx_word' id='word_1_479' title='bbox 1447 2398 1484 2431; x_wconf 88' lang='lat' dir='ltr'>et</span> <span class='ocrx_word' id='word_1_480' title='bbox 1517 2395 1654 2432; x_wconf 83' lang='lat' dir='ltr'>multis</span> <span class='ocrx_word' id='word_1_481' title='bbox 1675 2395 1764 2432; x_wconf 87' lang='lat' dir='ltr'>aliis</span> 
     </span>
     <span class='ocr_line' id='line_1_49' title="bbox 141 2440 1762 2493; baseline 0 -15"><span class='ocrx_word' id='word_1_482' title='bbox 141 2440 260 2493; x_wconf 82' lang='lat' dir='ltr'>rebus</span> <span class='ocrx_word' id='word_1_483' title='bbox 283 2442 557 2487; x_wconf 83' lang='lat' dir='ltr'>praedicentes,</span> <span class='ocrx_word' id='word_1_484' title='bbox 579 2440 873 2478; x_wconf 88' lang='lat' dir='ltr'>imbecillitates</span> <span class='ocrx_word' id='word_1_485' title='bbox 893 2441 1126 2479; x_wconf 86' lang='lat' dir='ltr'>hominibus</span> <span class='ocrx_word' id='word_1_486' title='bbox 1146 2442 1352 2487; x_wconf 86' lang='lat' dir='ltr'>facientes,</span> <span class='ocrx_word' id='word_1_487' title='bbox 1385 2450 1534 2489; x_wconf 87' lang='lat' dir='ltr'>eosque</span> <span class='ocrx_word' id='word_1_488' title='bbox 1565 2445 1762 2485; x_wconf 87' lang='lat' dir='ltr'>curantes,</span> 
     </span>
     <span class='ocr_line' id='line_1_50' title="bbox 142 2488 1125 2535; baseline 0.002 -11"><span class='ocrx_word' id='word_1_489' title='bbox 142 2489 357 2533; x_wconf 83' lang='lat' dir='ltr'>tristitiam,</span> <span class='ocrx_word' id='word_1_490' title='bbox 384 2489 639 2535; x_wconf 84' lang='lat' dir='ltr'>laetitiamque</span> <span class='ocrx_word' id='word_1_491' title='bbox 661 2488 800 2525; x_wconf 87' lang='lat' dir='ltr'>dantes</span> <span class='ocrx_word' id='word_1_492' title='bbox 819 2497 890 2534; x_wconf 88' lang='lat' dir='ltr'>pro</span> <span class='ocrx_word' id='word_1_493' title='bbox 909 2489 1063 2526; x_wconf 87' lang='lat' dir='ltr'>meritis</span> <span class='ocrx_word' id='word_1_494' title='bbox 1090 2503 1125 2526; x_wconf 70' lang='lat' dir='ltr'>n.</span> 
     </span>
    </p>

    <p class='ocr_par' dir='ltr' id='par_1_8' title="bbox 141 2535 1765 2720">
     <span class='ocr_line' id='line_1_51' title="bbox 190 2535 1760 2582; baseline 0.001 -12"><span class='ocrx_word' id='word_1_495' title='bbox 190 2537 278 2572; x_wconf 83' lang='lat' dir='ltr'>Haec</span> <span class='ocrx_word' id='word_1_496' title='bbox 314 2539 443 2575; x_wconf 88' lang='lat' dir='ltr'>autem</span> <span class='ocrx_word' id='word_1_497' title='bbox 486 2536 634 2582; x_wconf 89' lang='lat' dir='ltr'>positio</span> <span class='ocrx_word' id='word_1_498' title='bbox 674 2536 908 2572; x_wconf 86' lang='lat' dir='ltr'>auctoritate</span> <span class='ocrx_word' id='word_1_499' title='bbox 953 2536 1088 2573; x_wconf 85' lang='lat' dir='ltr'>divina</span> <span class='ocrx_word' id='word_1_500' title='bbox 1126 2535 1356 2574; x_wconf 87' lang='lat' dir='ltr'>destruitur.</span> <span class='ocrx_word' id='word_1_501' title='bbox 1398 2536 1548 2574; x_wconf 86' lang='lat' dir='ltr'>Dicitur</span> <span class='ocrx_word' id='word_1_502' title='bbox 1585 2535 1689 2573; x_wconf 89' lang='lat' dir='ltr'>enim</span> <span class='ocrx_word' id='word_1_503' title='bbox 1722 2535 1760 2571; x_wconf 89' lang='lat' dir='ltr'>in</span> 
     </span>
     <span class='ocr_line' id='line_1_52' title="bbox 142 2583 1765 2629; baseline 0 -11"><span class='ocrx_word' id='word_1_504' title='bbox 142 2583 205 2618; x_wconf 67' lang='grc' dir='ltr'>ΡΞ.</span> <span class='ocrx_word' id='word_1_505' title='bbox 242 2590 351 2626; x_wconf 78' lang='lat' dir='ltr'>cxlii,</span> <span class='ocrx_word' id='word_1_506' title='bbox 373 2585 455 2627; x_wconf 78' lang='lat'>4-5;</span> <span class='ocrx_word' id='word_1_507' title='bbox 478 2591 643 2627; x_wconf 78' lang='lat' dir='ltr'>CXXXIV,</span> <span class='ocrx_word' id='word_1_508' title='bbox 668 2585 708 2619; x_wconf 84' lang='lat'>17</span> <span class='ocrx_word' id='word_1_509' title='bbox 730 2593 739 2626; x_wconf 88' lang='lat'>;</span> <span class='ocrx_word' id='word_1_510' title='bbox 764 2583 973 2619; x_wconf 80' lang='lat' dir='ltr'>simulacra</span> <span class='ocrx_word' id='word_1_511' title='bbox 1005 2584 1178 2629; x_wconf 64' lang='lat' dir='ltr'>pentium,</span> <span class='ocrx_word' id='word_1_512' title='bbox 1208 2586 1398 2628; x_wconf 64' lang='lat' dir='ltr'>argentum</span> <span class='ocrx_word' id='word_1_513' title='bbox 1427 2586 1460 2619; x_wconf 77' lang='lat' dir='ltr'>et</span> <span class='ocrx_word' id='word_1_514' title='bbox 1485 2593 1627 2623; x_wconf 82' lang='lat' dir='ltr'>aurum,</span> <span class='ocrx_word' id='word_1_515' title='bbox 1656 2591 1765 2628; x_wconf 78' lang='lat' dir='ltr'>opera</span> 
     </span>
     <span class='ocr_line' id='line_1_53' title="bbox 141 2629 1764 2682; baseline 0.001 -20"><span class='ocrx_word' id='word_1_516' title='bbox 141 2637 312 2682; x_wconf 66' lang='lat' dir='ltr'>munitum</span> <span class='ocrx_word' id='word_1_517' title='bbox 332 2630 516 2665; x_wconf 78' lang='lat' dir='ltr'>hominum</span> <span class='ocrx_word' id='word_1_518' title='bbox 535 2642 546 2665; x_wconf 89' lang='lat'>:</span> <span class='ocrx_word' id='word_1_519' title='bbox 565 2639 602 2666; x_wconf 85' lang='lat' dir='ltr'>os</span> <span class='ocrx_word' id='word_1_520' title='bbox 623 2629 756 2665; x_wconf 81' lang='lat' dir='ltr'>habent</span> <span class='ocrx_word' id='word_1_521' title='bbox 788 2632 822 2665; x_wconf 80' lang='lat' dir='ltr'>et</span> <span class='ocrx_word' id='word_1_522' title='bbox 838 2639 910 2666; x_wconf 86' lang='lat' dir='ltr'>non</span> <span class='ocrx_word' id='word_1_523' title='bbox 930 2630 1134 2676; x_wconf 79' lang='lat' dir='ltr'>loquentur.</span> <span class='ocrx_word' id='word_1_524' title='bbox 1155 2649 1202 2656; x_wconf 93' lang='lat'><strong>—</strong></span> <span class='ocrx_word' id='word_1_525' title='bbox 1219 2631 1342 2676; x_wconf 82' lang='lat' dir='ltr'>Neque</span> <span class='ocrx_word' id='word_1_526' title='bbox 1372 2632 1465 2666; x_wconf 78' lang='lat' dir='ltr'>enim</span> <span class='ocrx_word' id='word_1_527' title='bbox 1484 2633 1536 2666; x_wconf 80' lang='lat' dir='ltr'>est</span> <span class='ocrx_word' id='word_1_528' title='bbox 1553 2630 1704 2675; x_wconf 78' lang='lat' dir='ltr'>spiritus</span> <span class='ocrx_word' id='word_1_529' title='bbox 1725 2631 1764 2664; x_wconf 76' lang='lat' dir='ltr'>in</span> 
     </span>
     <span class='ocr_line' id='line_1_54' title="bbox 141 2684 393 2720; baseline 0.016 -11"><span class='ocrx_word' id='word_1_530' title='bbox 141 2684 202 2709; x_wconf 82' lang='lat' dir='ltr'>ore</span> <span class='ocrx_word' id='word_1_531' title='bbox 221 2685 393 2720; x_wconf 77' lang='lat' dir='ltr'>zpsorum.</span> 
     </span>
    </p>

    <p class='ocr_par' dir='ltr' id='par_1_9' title="bbox 141 2722 1765 2818">
     <span class='ocr_line' id='line_1_55' title="bbox 191 2722 1765 2773; baseline 0.003 -17"><span class='ocrx_word' id='word_1_532' title='bbox 191 2722 277 2773; x_wconf 83' lang='lat' dir='ltr'>Non</span> <span class='ocrx_word' id='word_1_533' title='bbox 295 2723 450 2760; x_wconf 87' lang='lat' dir='ltr'>videtur</span> <span class='ocrx_word' id='word_1_534' title='bbox 471 2726 601 2760; x_wconf 88' lang='lat' dir='ltr'>autem</span> <span class='ocrx_word' id='word_1_535' title='bbox 622 2722 788 2760; x_wconf 89' lang='lat' dir='ltr'>omnino</span> <span class='ocrx_word' id='word_1_536' title='bbox 809 2723 1037 2770; x_wconf 84' lang='lat' dir='ltr'>negandum</span> <span class='ocrx_word' id='word_1_537' title='bbox 1059 2723 1156 2771; x_wconf 88' lang='lat' dir='ltr'>quin</span> <span class='ocrx_word' id='word_1_538' title='bbox 1176 2723 1216 2761; x_wconf 86' lang='lat' dir='ltr'>in</span> <span class='ocrx_word' id='word_1_539' title='bbox 1234 2724 1438 2770; x_wconf 87' lang='lat' dir='ltr'>praedictis</span> <span class='ocrx_word' id='word_1_540' title='bbox 1462 2733 1509 2760; x_wconf 83' lang='lat' dir='ltr'>ex</span> <span class='ocrx_word' id='word_1_541' title='bbox 1523 2723 1665 2760; x_wconf 88' lang='lat' dir='ltr'>virtute</span> <span class='ocrx_word' id='word_1_542' title='bbox 1691 2732 1765 2760; x_wconf 86' lang='lat' dir='ltr'>coe-</span> 
     </span>
     <span class='ocr_line' id='line_1_56' title="bbox 141 2766 1763 2818; baseline 0.002 -15"><span class='ocrx_word' id='word_1_543' title='bbox 141 2766 304 2804; x_wconf 86' lang='lat' dir='ltr'>lestium</span> <span class='ocrx_word' id='word_1_544' title='bbox 323 2778 533 2814; x_wconf 85' lang='lat' dir='ltr'>corporum</span> <span class='ocrx_word' id='word_1_545' title='bbox 551 2769 702 2818; x_wconf 88' lang='lat' dir='ltr'>aliquid</span> <span class='ocrx_word' id='word_1_546' title='bbox 717 2770 876 2808; x_wconf 90' lang='lat' dir='ltr'>virtutis</span> <span class='ocrx_word' id='word_1_547' title='bbox 894 2779 984 2808; x_wconf 88' lang='lat' dir='ltr'>esse</span> <span class='ocrx_word' id='word_1_548' title='bbox 1001 2771 1143 2817; x_wconf 87' lang='lat' dir='ltr'>possit,</span> <span class='ocrx_word' id='word_1_549' title='bbox 1158 2771 1208 2809; x_wconf 87' lang='lat' dir='ltr'>ad</span> <span class='ocrx_word' id='word_1_550' title='bbox 1221 2771 1314 2809; x_wconf 90' lang='lat' dir='ltr'>illos</span> <span class='ocrx_word' id='word_1_551' title='bbox 1328 2775 1459 2807; x_wconf 84' lang='lat' dir='ltr'>tamen</span> <span class='ocrx_word' id='word_1_552' title='bbox 1474 2770 1585 2807; x_wconf 91' lang='lat' dir='ltr'>solos</span> <span class='ocrx_word' id='word_1_553' title='bbox 1598 2769 1763 2807; x_wconf 81' lang='lat' dir='ltr'>effectus</span> 
     </span>
    </p>
   </div>
   <div class='ocr_carea' id='block_1_3' title="bbox 140 2814 1764 2907">
    <p class='ocr_par' dir='ltr' id='par_1_10' title="bbox 140 2814 1764 2907">
     <span class='ocr_line' id='line_1_57' title="bbox 140 2814 1764 2907; baseline 0.002 -57"><span class='ocrx_word' id='word_1_554' title='bbox 140 2814 412 2907; x_wconf 54' lang='lat' dir='ltr'>gggssugitrtute</span> <span class='ocrx_word' id='word_1_555' title='bbox 445 2817 667 2854; x_wconf 85' lang='lat' dir='ltr'>coelestium</span> <span class='ocrx_word' id='word_1_556' title='bbox 704 2825 916 2864; x_wconf 89' lang='lat' dir='ltr'>corporum</span> <span class='ocrx_word' id='word_1_557' title='bbox 955 2818 1089 2865; x_wconf 87' lang='lat' dir='ltr'>aliqua</span> <span class='ocrx_word' id='word_1_558' title='bbox 1119 2818 1310 2856; x_wconf 84' lang='lat' dir='ltr'>inferiora</span> <span class='ocrx_word' id='word_1_559' title='bbox 1340 2826 1509 2863; x_wconf 84' lang='lat' dir='ltr'>corpora</span> <span class='ocrx_word' id='word_1_560' title='bbox 1544 2816 1764 2863; x_wconf 88' lang='lat' dir='ltr'>producere</span> 
     </span>
    </p>
   </div>
  </div>
 </body>
</html>
