1894 3223
186 77 255 111 156
766 71 871 106 -LIB.
901 71 946 113 ΙΙ,
975 69 1074 105 CAP.
1102 62 1218 104 XLIV.

185 156 226 193 in
267 155 367 192 libro
401 153 634 190 Periarchon.
672 151 816 188 volens
853 150 960 187 enim
1000 150 1185 194 resistere
1228 150 1481 196 antiquorum
1526 149 1802 187 haereticorum

188 200 482 248 ObJectionibus
501 203 538 235 et
558 197 760 234 erroribus
781 217 826 224 —
846 197 914 244 qui
932 196 1140 234 ostendere
1162 196 1388 233 nitebantur
1408 197 1602 233 diversam
1622 200 1803 248 naturam

184 249 279 286 boni
301 250 338 283 et
359 246 450 282 mali
473 254 562 282 esse
582 245 623 280 in
644 244 763 281 rebus
783 253 831 280 ex
850 243 1062 281 contrariis
1086 243 1300 288 actoribus,
1335 247 1494 289 propter
1524 243 1687 279 multam
1721 243 1801 280 dis-

188 294 353 331 tantiam
376 293 575 329 inventam
606 294 686 328 tam
719 290 761 328 in
799 290 918 327 rebus
946 290 1195 328 naturalibus
1228 299 1345 337 quam
1380 290 1421 326 in
1452 289 1570 326 rebus
1601 289 1802 334 humanis,

186 350 303 387 quam
326 339 436 375 nulla
456 338 597 375 merita
622 337 879 384 praecessisse
898 337 1082 374 videntur
1101 348 1111 382 3
1132 337 1288 375 scilicet
1307 337 1414 384 quod
1435 345 1602 382 corpora
1621 336 1803 383 quaedam

186 390 280 424 sunt
303 385 448 431 lucida,
466 385 646 432 quaedam
668 384 837 421 obscura
860 396 869 428 ;
889 384 1048 431 quidam
1065 384 1248 421 homines
1271 393 1318 420 ex
1338 383 1532 427 barbaris,
1562 383 1720 429 quidam
1755 393 1805 420 ex

186 432 417 470 christianis
446 434 720 469 1138000101-
740 434 902 468 coactus
923 429 983 468 est
1001 440 1148 477 ponere
1169 440 1314 468 omnen
1335 430 1599 467 diversitatem
1623 430 1663 466 in
1685 430 1804 467 rebus

185 481 387 516 inventam
402 488 451 516 ex
467 478 692 515 diversitate
708 478 954 522 meritorum,
976 477 1195 514 secundum
1218 478 1285 514 Dei
1304 477 1516 523 justitiam,
1538 477 1800 522 processisse.

187 526 287 563 Dicit
327 525 432 562 enim
464 525 571 571 quod
603 526 706 561 Deus
739 534 786 560 ex
819 524 905 561 sola
943 533 1017 560 sua
1047 524 1224 561 bonitate
1258 526 1385 571 primo
1420 533 1560 561 omnes
1600 527 1801 560 creaturas

186 571 359 618 aequales
383 572 568 618 produxit
595 575 633 608 et
662 580 802 607 omnes
832 571 1059 616 spirituales
1090 574 1126 606 et
1160 571 1389 615 rationales,
1414 581 1500 617 quae
1533 580 1602 616 per
1634 571 1802 607 liberum

186 619 390 657 arbitrium
424 618 687 656 diversimode
718 621 812 654 sunt
842 621 979 661 motae,
1011 617 1190 664 quaedam
1224 617 1473 655 adhaerentes
1504 619 1582 654 Deo
1614 618 1703 664 plus
1741 618 1801 654 vel

186 666 334 710 minus,
357 666 537 712 quaedam
555 665 603 702 ab
623 674 669 702 co
688 664 917 701 recedentes
934 664 995 700 vel
1015 664 1144 710 magis
1164 664 1224 700 vel
1242 664 1375 701 minus
1398 677 1406 708 ;
1430 668 1469 701 et
1488 665 1709 701 secundum
1726 664 1803 702 hoc

187 713 334 750 diversi
353 712 560 759 gradusin
582 712 818 749 substantiis
848 710 1123 757 spiritualibus
1156 720 1203 747 ex
1232 710 1365 748 divina
1394 711 1550 757 J'ustitia
1583 715 1676 747 sunt
1709 711 1803 748 sub-

187 760 328 804 secuti,
368 763 410 796 ut
447 759 605 806 quidam
645 762 779 795 essent
814 758 944 804 angeli
979 758 1196 795 secundum
1232 758 1411 795 diversos
1431 758 1607 800 ordines,
1641 757 1802 804 quidam

187 807 330 844 animae
350 805 534 843 humanae
555 806 673 842 etiam
695 805 913 842 secundum
935 805 1113 841 diversos
1153 807 1294 849 status,
1316 804 1476 850 quidam
1507 805 1623 841 etiam
1657 804 1802 842 daemo-

187 862 260 890 nes
280 852 320 889 in
343 853 513 890 statibus
534 852 701 889 diversis
721 864 730 896 3
753 855 789 887 et
803 855 961 897 propter
978 851 1245 888 diversitatem
1262 851 1516 888 rationalium
1533 854 1800 888 creaturarum

187 899 343 936 dicebat
370 899 635 937 diversitatem
668 898 934 944 corporalium
955 902 1222 935 creaturarum
1246 900 1367 935 Deum
1389 898 1627 941 instituisse,
1655 902 1697 935 ut
1732 907 1803 935 no-

186 946 399 984 bilioribus
432 946 666 993 corporibus
702 945 920 982 nobiliores
954 945 1181 991 spirituales
1217 945 1449 982 substantiae
1479 945 1802 991 adjungerentur,

186 997 225 1031 et
247 993 512 1031 diversimode
533 993 753 1039 corporalis
772 996 952 1029 creatura
971 992 1238 1038 spiritualium
1256 992 1569 1029 substantiarum
1585 991 1803 1030 diversitati

187 1040 434 1088 quibuslibet
454 1039 584 1077 modis
606 1040 696 1076 aliis
715 1039 942 1076 deserviret.

236 1088 324 1124 Haec
362 1090 493 1124 autem
533 1086 669 1132 opinio
702 1095 791 1122 esse
824 1086 925 1122 falsa
954 1086 1162 1123 manifeste
1204 1086 1466 1122 convincitur.
1505 1086 1660 1129 Quanto
1696 1085 1803 1122 enim

188 1133 340 1180 aliquid
363 1136 423 1171 est
442 1133 587 1171 melius
607 1134 649 1169 in
675 1132 895 1176 effectibus,
926 1136 1035 1169 tanto
1072 1136 1133 1170 est
1162 1132 1273 1178 prius
1302 1133 1343 1168 in
1373 1133 1593 1169 intentione
1624 1132 1798 1178 agentis.

189 1181 390 1226 Optimum
412 1184 543 1217 autem
564 1180 605 1216 in
626 1179 744 1217 rebus
765 1180 908 1216 creatis
928 1183 987 1216 est
1007 1180 1195 1225 perfectio
1227 1179 1416 1223 universi,
1446 1188 1532 1225 quae
1548 1179 1733 1216 consistit
1761 1179 1804 1216 in

189 1227 331 1264 ordine
352 1227 629 1264 distinctarum
651 1235 795 1263 rerum.
819 1228 860 1262 ln
881 1226 1067 1263 omnibus
1087 1226 1191 1262 enim
1219 1226 1408 1271 perfectio
1429 1226 1551 1262 totius
1576 1226 1806 1271 praeeminet

189 1273 425 1320 perfectioni
447 1273 711 1320 singularium
730 1273 914 1319 partium.
938 1274 1060 1319 Igitur
1080 1273 1287 1310 diversitas
1305 1282 1434 1309 rerum
1457 1273 1638 1318 provenit
1654 1281 1735 1309 non
1756 1282 1806 1310 ex

188 1320 418 1357 diversitate
441 1321 687 1364 meritorum,
710 1319 779 1356 sed
802 1330 846 1356 ex
866 1320 1073 1366 principali
1090 1319 1308 1357 intentione
1329 1320 1444 1366 primi
1468 1320 1635 1365 agentis.

235 1368 381 1412 Adhuc,
420 1367 455 1404 si
494 1375 634 1403 omnes
670 1369 857 1403 creaturae
889 1367 1104 1403 rationales
1135 1376 1158 1403 a
1190 1366 1386 1411 principio
1427 1366 1587 1403 suerunt
1630 1367 1803 1414 aequales

188 1418 344 1453 creatae,
367 1414 522 1460 oportet
554 1413 683 1450 dicere
707 1413 813 1460 quod
835 1422 913 1449 una
933 1422 1067 1449 earum
1095 1414 1136 1449 'm
1170 1422 1243 1450 sua
1273 1412 1502 1458 operatione
1535 1412 1583 1450 ab
1613 1413 1691 1449 alia
1724 1422 1804 1450 non

187 1460 395 1506 dependet.
433 1459 546 1504 Quod
584 1464 715 1497 autem
745 1460 926 1506 provenit
959 1469 1005 1496 ex
1038 1469 1237 1497 concursu
1283 1460 1529 1496 diversarum
1574 1469 1800 1505 causarum,

188 1516 356 1553 quarum
376 1515 456 1544 una
475 1507 524 1544 ab
541 1507 621 1544 alia
639 1516 721 1543 non
751 1507 958 1552 dependet,
992 1510 1053 1543 est
1086 1507 1259 1544 casuale.
1297 1507 1420 1553 Igitur
1451 1506 1670 1544 secundum
1707 1516 1802 1552 pree-

187 1554 333 1591 dictam
352 1554 593 1599 positionem
621 1554 713 1591 talis
741 1553 943 1590 distinctio
964 1557 1002 1589 et
1021 1553 1118 1590 ordo
1138 1562 1268 1592 rerum
1290 1557 1349 1590 est
1369 1553 1544 1591 casualis
1564 1565 1574 1598 ;
1602 1553 1708 1600 quod
1744 1557 1804 1591 est

186 1601 453 1647 impossibile,
476 1604 519 1638 ut
538 1610 658 1646 supra
680 1600 728 1645 (0.
748 1600 805 1647 39)
826 1605 1032 1637 ostensum
1054 1605 1125 1637 est.

235 1648 418 1694 Amplius,
440 1648 546 1694 quod
567 1651 628 1684 est
656 1648 774 1684 alicui
806 1648 984 1684 naturale
1018 1657 1096 1684 non
1130 1648 1347 1694 acquiritur
1375 1647 1424 1684 ab
1456 1647 1535 1684 alio
1566 1656 1636 1692 per
1663 1647 1802 1684 volun·

188 1698 323 1732 tatem.
354 1696 482 1732 Motus
514 1695 619 1731 enim
646 1695 862 1731 voluntatis
892 1694 974 1731 sive
1004 1694 1117 1731 liberi
1150 1695 1301 1731 arbitrii
1327 1695 1601 1740 praesupponit
1632 1695 1803 1731 existen-

187 1743 283 1778 tiam
303 1742 487 1786 volentis,
516 1741 564 1778 ad
590 1751 707 1788 quam
740 1742 824 1787 ejus
860 1741 1055 1778 naturalia
1084 1741 1307 1787 exiguntur.
1331 1742 1368 1778 Si
1399 1742 1521 1787 igitur
1550 1752 1619 1788 per
1650 1746 1802 1778 motum

187 1788 301 1826 liberi
321 1788 472 1825 arbitrii
504 1789 724 1834 acquisitus
758 1792 817 1825 est
846 1788 1026 1825 diversus
1055 1787 1203 1834 gradus
1234 1788 1488 1825 rationalium
1516 1792 1799 1829 creaturarum,

187 1835 289 1872 nulli
307 1838 495 1872 creaturae
515 1835 698 1872 rationali
721 1835 794 1871 erit
819 1843 917 1871 suus
936 1834 1083 1881 gradus
1103 1834 1310 1873 naturalis,
1335 1835 1403 1871 sed
1425 1835 1694 1872 accidentalis.
1721 1836 1802 1872 Hoc

189 1885 318 1919 autem
340 1885 401 1918 est
420 1881 683 1927 impossibile.
706 1883 801 1918 Cum
820 1882 924 1917 enim
946 1880 1168 1918 differentia
1187 1881 1372 1927 specifica
1403 1882 1456 1918 sit
1487 1883 1702 1930 unicuique
1732 1891 1801 1919 na-

186 1929 343 1973 turalis,
365 1928 545 1974 sequitur
576 1928 683 1975 quod
713 1937 853 1964 omncs
886 1927 1119 1973 substantiae
1150 1928 1364 1965 rationales
1397 1932 1537 1965 creatae
1573 1929 1653 1966 sint
1683 1929 1802 1967 unius

187 1976 350 2022 speciei,
377 1975 529 2012 scilicet
548 1975 694 2021 angeli,
712 1975 929 2019 daemones,
949 1975 1140 2012 etanimae
1160 1975 1410 2018 humanae,et
1427 1975 1569 2012 animae
1581 1975 1803 2013 coelestium

187 2030 414 2067 corporum,
433 2030 520 2068 quae
541 2021 731 2068 Origenes
752 2022 926 2059 animata
944 2021 1116 2068 ponebat
1137 2033 1146 2066 3
1170 2025 1208 2059 et
1227 2022 1302 2059 1100
1323 2031 1412 2059 esse
1432 2022 1577 2059 falsum
1593 2022 1803 2060 diversitas

188 2069 389 2106 actionum
408 2068 648 2106 naturalium
670 2068 854 2105 declarat.
877 2070 963 2105 Non
984 2068 1089 2105 enim
1108 2071 1169 2106 est
1188 2068 1291 2106 idem
1313 2069 1457 2106 modus
1473 2078 1552 2115 quo
1573 2069 1805 2106 naturaliter

187 2115 377 2162 intelligit
413 2115 638 2153 intellectus
658 2115 856 2152 humanus
877 2116 943 2162 qui
976 2124 1098 2152 sensu
1133 2118 1168 2152 et
1188 2116 1401 2162 phantasia
1428 2116 1593 2162 indiget,
1618 2120 1656 2153 et
1686 2116 1801 2153 intel-

186 2162 314 2199 lectus
336 2162 555 2208 angelicus,
577 2166 614 2199 et
635 2163 767 2199 anima
787 2162 887 2199 solis
909 2174 918 2207 ;
938 2162 1017 2199 nisi
1037 2162 1137 2200 forte
1156 2162 1354 2209 fingamus
1376 2163 1543 2210 angelos
1565 2166 1603 2200 et
1623 2163 1805 2202 coelestia

188 2217 355 2255 corpora
374 2208 519 2246 habere
539 2218 678 2246 carnes
700 2213 848 2246 etossa
875 2212 913 2246 et
943 2209 1044 2247 alias
1075 2210 1304 2256 hujusmodi
1333 2214 1480 2255 partes,
1514 2209 1563 2247 ad
1595 2210 1670 2247 1100
1696 2210 1803 2256 quod

186 2256 344 2302 possint
364 2264 515 2303 organa
533 2264 724 2294 sensuum
746 2256 890 2292 habere
912 2267 921 2300 ;
943 2256 1049 2302 quod
1070 2261 1127 2293 est
1150 2256 1380 2294 absurdum.
1402 2256 1653 2303 Relinquitur
1680 2256 1804 2302 igitur

186 2303 292 2349 quod
311 2302 520 2341 diversitas
536 2303 850 2340 substantiarum
871 2303 1199 2341 intellectualium
1229 2312 1310 2341 non
1345 2304 1605 2350 consequitur
1638 2303 1803 2342 diversi·

185 2352 306 2387 tatem
324 2349 556 2388 meritorum
574 2359 661 2397 quae
680 2353 773 2388 sunt
793 2350 1012 2387 secundum
1033 2354 1167 2388 motus
1185 2350 1298 2388 liberi
1321 2350 1488 2388 arbitrii.

217 2396 378 2448 ιΑάὴιιο,
399 2396 434 2434 si
452 2406 499 2434 ea
517 2406 604 2444 quae
625 2400 718 2434 sunt
735 2397 931 2434 naturalia
952 2405 1032 2434 non
1053 2397 1312 2444 acquiruntur
1331 2407 1400 2444 per
1418 2401 1568 2434 motum
1597 2397 1711 2434 liberi
1741 2405 1804 2435 ar·

184 2441 307 2487 burli,
329 2442 502 2482 animam
523 2446 654 2481 autem
674 2443 907 2481 rationalem
927 2444 995 2480 tali
1026 2444 1183 2490 corpori
1213 2444 1318 2482 uniri
1347 2444 1565 2490 acquiritur
1585 2445 1618 2480 ei
1642 2447 1802 2490 propter

184 2490 413 2536 praecedens
434 2491 617 2528 meritum
633 2490 695 2527 vel
715 2490 949 2528 demeritum
968 2491 1189 2528 secundum
1218 2495 1369 2528 motum
1403 2491 1516 2528 liberi
1549 2490 1715 2534 arbitrii,
1738 2498 1801 2526 se-

186 2537 452 2583 queturquod
470 2538 698 2584 conjunctio
720 2538 839 2584 hujus
857 2538 1000 2575 animae
1030 2537 1079 2574 ad
1107 2538 1182 2575 hoc
1216 2546 1361 2584 corpus
1391 2546 1472 2575 non
1501 2537 1554 2574 sit
1585 2536 1796 2573 naturalis.

187 2582 289 2627 Ergo
310 2591 382 2619 nec
405 2585 668 2629 compositum
690 2588 750 2622 est
767 2584 960 2621 naturale.
986 2584 1110 2621 Homo
1138 2587 1268 2621 autem
1289 2588 1327 2621 et
1358 2585 1435 2628 sol,
1466 2583 1682 2621 secundum
1716 2583 1802 2620 Ori-

186 2636 343 2680 genem,
366 2632 402 2665 et
421 2634 527 2667 astra
547 2635 641 2668 sunt
658 2631 880 2677 composita
898 2640 945 2668 cx
966 2631 1201 2669 substantiis
1222 2631 1485 2668 rationalibus
1503 2633 1541 2666 et
1567 2629 1803 2674 corporibus

184 2675 347 2712 talibus.
370 2677 470 2723 Ergo
490 2677 625 2713 omnia
646 2677 888 2723 hujusmodi,
921 2686 1010 2724 quae
1047 2682 1142 2716 sunt
1170 2678 1424 2716 nobilissima
1454 2677 1558 2713 inter
1588 2684 1802 2722 corporeas

184 2721 447 2765 substantias,
469 2727 562 2759 sunt
588 2724 839 2761 innaturalia.

232 2769 333 2812 Item,
353 2769 388 2805 si
409 2769 501 2806 huic
521 2769 753 2807 substantiae
774 2771 957 2808 rationali
979 2779 1060 2808 non
1091 2771 1289 2812 convenit,
1316 2769 1360 2807 in
1390 2773 1582 2817 quantum
1615 2774 1676 2807 est
1708 2770 1813 2808 talis>

185 2815 425 2861 substantia,
448 2815 540 2854 huic
559 2817 715 2863 corpori
736 2816 856 2864 uniri,
875 2816 948 2860 sed
965 2816 1097 2868 magis
1114 2817 1158 2858 in
1177 2821 1368 2867 quantum
1397 2821 1472 2863 est,
1505 2817 1563 2856 sic
1596 2817 1800 2856 materiam
