1894 3223
662 113 748 149 LIB.
778 113 834 157 tv,
862 112 962 149 CAP.
991 112 1106 150 Lxlx.
1631 112 1699 148 603

720 260 886 302 CAPUT
919 260 1072 301 LXVII.

266 374 422 403 SOLL’TIO
449 373 582 404 EORUM
609 375 694 409 QUAE
721 373 1024 404 OBJICIEBANTUR
1049 372 1100 402 Ex
1123 372 1250 402 PARTE
1276 371 1518 401 FRACTIONIS·

129 478 261 514 Restat
298 482 428 516 autem
465 488 512 516 ea
545 487 631 525 quae
657 478 706 516 ad
741 478 920 524 quintam
957 476 1225 514 difficultatem
1264 477 1460 522 pertinent
1488 477 1697 523 speculari.

83 524 333 562 Manifestum
363 530 422 562 est
455 529 585 563 autem
624 525 844 562 secundum
881 523 1063 569 praedicta
1102 522 1207 568 quod
1243 522 1449 560 fractionis
1478 524 1698 569 subjectum

82 580 227 616 ponere
245 572 742 617 possumusdimensiones
759 581 825 617 per
845 580 888 608 se
907 571 1196 612 subsistentes3
1216 578 1287 606 nec
1308 575 1453 612 tamen,
1472 570 1698 617 hujusmodi

83 617 398 656 dimensionibus·
432 620 577 663 sitietis,
609 619 802 666 frangitur
853 617 1078 655 substantia
1114 616 1295 662 corporis
1329 617 1483 661 Christi,
1511 628 1558 654 eo
1597 618 1699 665 quod

82 667 206 701 totum
228 675 372 711 corpus
394 666 535 703 Christi
558 667 632 704 sub
651 666 825 714 qualibet
858 665 1037 711 portione
1064 666 1277 715 remaneat.
1302 663 1413 707 Quod
1434 665 1606 711 quidem,
1628 665 1700 702 etsi

83 711 241 749 ditsieile
263 713 452 757 videatur,
473 718 619 758 tamen,
643 713 863 751 secundum
885 721 930 748 ea
951 720 1038 757 quaa
1057 719 1261 756 praemissa
1282 715 1375 747 sunt
1395 711 1442 756 (0.
1465 712 1538 757 64),
1557 712 1698 757 exponi

81 758 211 796 habet.
248 759 397 796 Dictum
420 764 479 798 est
499 761 603 797 enim
626 769 746 806 supra
765 758 869 806 quod
891 767 1036 803 corpus
1055 757 1194 794 Christi
1217 760 1277 794 est
1296 757 1335 793 10
1356 757 1431 794 hoc
1453 762 1700 795 sacramento

83 815 151 851 por
172 805 432 843 substantiam
469 816 581 844 suam
621 817 669 844 ex
696 807 731 843 vi
769 805 1028 848 sacranionti;
1063 804 1334 841 dimensiones
1369 809 1499 842 autem
1521 806 1700 850 corporis

83 853 226 889 Christi
259 857 350 889 suut
372 853 422 890 ibi
443 864 489 891 ex
511 854 680 891 naturali
701 852 1011 891 concomitantia
1040 860 1157 897 quam
1180 851 1228 888 ad
1250 851 1516 902 substantiam
1538 853 1698 896 habent,

85 909 104 935 e
125 900 321 936 contrario
343 901 376 936 ei
397 901 615 938 secundum
637 900 741 947 quod
762 908 906 945 corpus
928 898 1157 935 naturaliter
1177 902 1237 935 est
1256 907 1294 934 in
1313 898 1400 935 1000
1418 911 1426 942 ;
1450 908 1540 936 nam
1557 908 1701 944 corpus
1735 937 1740 941 ,

84 947 314 983 naturaliter
335 950 393 984 est
414 948 451 983 iii
475 948 576 992 loco,
595 947 857 985 mediantibus
879 945 1211 987 dimensionibus,
1228 944 1372 991 quibus
1395 945 1483 982 loeo
1505 955 1701 983 commen-

85 998 254 1030 suratur.
277 994 359 1031 Alio
381 999 509 1031 autem
526 995 643 1032 modo
662 1004 704 1032 se
726 995 843 1031 habet
863 992 1010 1039 aliquid
1032 992 1294 1029 substantiale
1313 992 1361 1029 ad
1380 992 1418 1029 id
1433 993 1471 1029 in
1491 1003 1569 1039 000
1586 997 1645 1029 est
1664 996 1702 1030 et

84 1040 160 1077 alio
183 1040 300 1078 modo
321 1041 469 1087 aliquid
489 1046 679 1088 quantuni
698 1053 706 1086 ;
726 1050 817 1078 nam
839 1044 1031 1086 quantum
1062 1042 1188 1090 totum
1228 1039 1281 1075 ita
1314 1042 1374 1075 est
1399 1039 1440 1075 in
1467 1040 1598 1086 aliquo
1618 1043 1700 1077 toto

84 1087 189 1133 quod
211 1091 335 1124 totum
357 1097 435 1125 non
455 1092 515 1126 est
535 1089 572 1125 in
597 1093 718 1134 parte,
740 1088 810 1126 sed
826 1096 917 1133 pars
938 1087 979 1123 in
997 1090 1119 1132 parte,
1136 1089 1238 1122 siout
1257 1089 1383 1122 totuin
1404 1087 1444 1122 in
1466 1090 1574 1130 toto;
1599 1087 1702 1124 unde

85 1137 122 1170 et
143 1143 287 1180 corpus
305 1135 483 1172 naturale
505 1135 563 1172 sio
587 1140 647 1173 est
666 1137 704 1172 in
726 1139 810 1172 toto
831 1136 919 1171 1000
941 1137 1066 1169 totum
1088 1132 1193 1179 quod
1214 1141 1295 1169 non
1317 1136 1377 1169 001
1402 1137 1525 1170 totum
1545 1134 1583 1169 iii
1604 1143 1702 1179 qua-

83 1180 178 1217 libet
194 1185 303 1227 parte
325 1182 414 1224 loci,
437 1182 505 1219 sed
529 1186 660 1227 partes
681 1181 858 1227 corporis
878 1180 1054 1227 partibus
1074 1179 1151 1216 1001
1170 1183 1366 1225 aptantur,
1384 1189 1430 1217 eo
1455 1181 1560 1226 quod
1582 1185 1641 1216 est
1661 1181 1701 1216 in

84 1227 172 1264 1000
209 1228 472 1266 mediantibus
502 1229 846 1274 dimensionibus;
881 1229 915 1265 si
936 1231 1068 1264 autem
1099 1226 1260 1273 aliquod
1289 1226 1550 1264 substantiale
1579 1227 1628 1264 sit
1661 1227 1701 1263 in

83 1274 236 1320 aliquo..
255 1277 333 1312 toto
368 1279 508 1320 totum,
541 1276 657 1313 etiam
691 1280 816 1313 totum
854 1279 914 1312 est
945 1275 983 1311 iu
1023 1273 1198 1321 qualibet
1220 1277 1328 1319 parte
1362 1273 1476 1326 ejus„
1495 1275 1599 1312 sicut
1622 1278 1705 1312 tota

82 1326 224 1358 natura
245 1326 283 1359 et
311 1323 464 1368 species
493 1332 604 1370 aquae
623 1324 663 1361 in
686 1323 861 1370 qualibet
883 1325 988 1368 parte
1018 1330 1129 1367 aquae
1158 1324 1231 1363 est,
1254 1324 1292 1357 et
1310 1323 1391 1357 tota
1414 1330 1546 1358 anima
1574 1325 1632 1359 est
1662 1322 1702 1359 10

82 1367 258 1415 qualibet
289 1370 468 1415 corporis
497 1374 619 1416 parte.
657 1370 755 1414 Quia
786 1369 906 1416 igitur
940 1377 1086 1414 corpus
1120 1367 1261 1404 Christi
1298 1371 1357 1419 est
1386 1367 1425 1404 in
1453 1373 1701 1406 sacramento

81 1415 237 1452 ratione
258 1424 341 1453 suae
361 1415 608 1461 substantiae,
636 1417 676 1454 in
697 1426 814 1464 quam
847 1424 1041 1453 conversa
1059 1418 1120 1452 est
1151 1414 1376 1451 substantia
1395 1415 1521 1460 panis,
1551 1415 1700 1452 dimen-

79 1461 264 1500 sionibus
285 1463 370 1508 ejus
394 1464 660 1507 manentibus,
682 1465 786 1502 sicut
799 1467 880 1500 tota
901 1463 1055 1509 species
1073 1461 1188 1507 panis
1208 1465 1291 1498 erat
1312 1461 1386 1498 sub
1408 1462 1580 1508 qualibet
1596 1467 1702 1508 parte

81 1509 158 1547 diii.
173 1511 381 1548 ousionum
398 1538 407 1554 ,
446 1510 500 1547 ita
536 1511 734 1558 integrum
781 1510 924 1547 Christi
970 1517 1115 1555 corpus
1156 1511 1217 1545 est
1261 1508 1334 1545 sub
1374 1508 1548 1554 qualibet
1594 1514 1702 1555 parte

82 1557 325 1594 earumdem.
345 1558 431 1594 Non
451 1557 571 1604 igitur
591 1557 731 1595 fractio
751 1557 820 1594 illa
838 1566 907 1594 seu
930 1556 1072 1593 divisio
1087 1555 1243 1601 attingit
1263 1555 1476 1607 adcorpus
1498 1556 1638 1593 Christi
1662 1561 1703 1593 ut

83 1603 135 1641 sit
165 1604 204 1640 in
227 1603 295 1641 illo
314 1603 416 1652 01001
437 1604 478 1640 10
499 1604 677 1651 subjecto
694 1616 703 1649 ;
723 1605 791 1642 sed
813 1604 1033 1650 subjeetum
1055 1602 1140 1654 ejus
1171 1605 1265 1654 0001
1285 1602 1557 1654 dimensiones
1587 1604 1702 1648 panis

81 1651 142 1687 vel
164 1651 245 1687 vini
267 1656 531 1696 remanentes,
566 1651 669 1689 01001
689 1655 726 1688 01
745 1651 916 1688 aliorum
950 1649 1211 1687 accidentium
1244 1649 1391 1686 ibidem
1412 1651 1700 1688 remanentium

85 1697 259 1734 diximus
280 1707 348 1735 eas
366 1707 455 1735 esse
476 1698 713 1745 subjectum.
737 1699 802 1745 (ΙΙΙ
822 1702 937 1744 part„
959 1707 998 1745 q.
1020 1704 1171 1742 Lxxvn,
1191 1699 1262 1734 art.
1283 1696 1336 1743 7.)

706 1832 874 1873 CAPUT
901 1833 1075 1873 LXVIII.

480 1945 639 1975 SOLUTIO
664 1946 944 1975 AUCTORITATIS
971 1947 1095 1976 SUPRA
1121 1946 1309 1976 INDUCTAE.

133 2049 199 2085 His
223 2048 358 2100 igitur·
375 2047 672 2086 difficultatibus
694 2049 872 2093 remotis,
892 2049 1148 2087 manifestum
1179 2054 1240 2087 est
1259 2050 1365 2098 quod
1385 2050 1426 2088 id
1448 2051 1554 2098 quod
1575 2053 1699 2089 00010-

86 2095 246 2132 siastioa
262 2095 418 2132 traditio
433 2095 549 2133 habet
563 2096 668 2133 eirea
688 2101 980 2134 sacramentum
996 2097 1133 2134 altaris
1150 2097 1248 2134 nihil
1260 2098 1437 2134 continet
1455 2099 1702 2144 impossibile

86 2143 179 2186 Deo,
201 2144 267 2188 qui
289 2143 424 2179 omnia
443 2146 585 2189 potest.
607 2145 685 2180 Neo
701 2143 819 2179 etiam
837 2145 975 2180 contra
995 2143 1177 2181 Ecclesiae
1190 2144 1440 2181 traditionem
1460 2148 1519 2181 est
1540 2146 1702 2183 verbum

86 2189 243 2226 Domini
271 2188 439 2226 dicentis
468 2189 517 2227 ad
542 2189 776 2235 discipulos,
798 2190 864 2236 qui
891 2190 939 2226 de
977 2189 1050 2227 hac
1089 2190 1268 2228 doctrina
1310 2192 1569 2229 scandalizari
1601 2193 1704 2229 vide-

83 2235 248 2272 bantur:
269 2236 386 2272 Verba
401 2246 480 2282 quae
494 2247 556 2282 090
573 2238 709 2272 locutus
728 2246 807 2272 sum
818 2237 930 2278 vobis,
952 2238 1104 2282 spiritus
1118 2239 1151 2273 et
1164 2239 1242 2272 vita
1260 2241 1357 2274 sunt.
1375 2238 1534 2284 (Jocmiz.‚
1556 2248 1610 2282 vl,
1629 2239 1702 2286 64.)

84 2283 170 2319 Non
189 2283 292 2319 enim
312 2292 381 2329 per
397 2283 473 2320 hoc
493 2284 600 2321 dedit
620 2283 839 2329 intelligere
856 2283 962 2330 quod
982 2293 1074 2321 vera
1094 2293 1186 2321 caro
1206 2293 1279 2321 sua
1295 2284 1335 2320 10
1357 2285 1431 2322 hoc
1453 2290 1700 2323 sacramento

85 2329 362 2368 manducanda
382 2330 566 2368 fidelibus
585 2339 666 2367 non
685 2331 916 2374 traderetur,
940 2330 1010 2367 sed
1031 2330 1123 2377 quia
1143 2339 1223 2367 non
1243 2331 1411 2369 traditur
1426 2332 1703 2370 manducanda

84 2376 308 2421 carnaliter,
331 2381 374 2414 ut
391 2377 557 2422 scilicet,
579 2377 684 2414 sicut
704 2377 768 2413 alii
790 2376 866 2413 eibi
890 2377 1083 2421 carnales,
1099 2378 1139 2414 in
1158 2378 1317 2423 propria
1343 2379 1472 2424 specie
1491 2379 1703 2417 dilacerata

86 2427 323 2467 sumeretur,
346 2424 416 2461 sed
447 2425 541 2470 quia
561 2423 732 2470 quodam
769 2424 964 2469 spirituali
983 2424 1101 2462 modo
1122 2425 1291 2462 sumitur
1316 2429 1457 2471 praeter
1488 2430 1701 2464 consuetu-

86 2468 221 2507 dinem
235 2470 402 2507 alioruin
417 2470 596 2508 ciborum
616 2470 849 2507 carnalium.

729 2604 896 2645 CAPUT
923 2605 1061 2647 LXIX.

265 2717 317 2747 Ex
343 2718 458 2751 QUALI
483 2718 586 2747 PANE
610 2718 660 2747 ET
683 2718 778 2748 VINO
804 2719 929 2748 DEBET
954 2719 1105 2751 CONFICI
1129 2721 1204 2750 HOC
1231 2721 1528 2755 SACRAMENTUM.

137 2821 243 2864 Quia·
261 2830 367 2864 vero,
391 2824 431 2857 01
452 2821 599 2858 dietum
621 2825 694 2866 est,
717 2832 764 2859 ex
783 2832 884 2868 pane
902 2827 940 2859 et
956 2824 1050 2860 vino
1070 2824 1146 2862 hoc
1167 2831 1459 2865 sacramentum
1479 2829 1699 2874 conficitur,

88 2875 253 2906 necesse
284 2873 344 2905 est
376 2877 443 2904 eas
463 2868 710 2906 conditiones
731 2870 878 2906 servari
898 2869 938 2906 in
959 2879 1060 2917 pane
1090 2875 1127 2908 et
1146 2872 1252 2918 vino,
1275 2877 1317 2911 ut
1333 2883 1379 2911 ex
1401 2875 1458 2913 eis
1475 2875 1550 2913 hoc
1569 2886 1702 2914 sacra—
