1894 3223
716 123 802 158 LlB.
833 123 896 166 lll,
926 123 1027 158 CAP.
1056 123 1096 158 V.
1654 126 1721 160 263

95 204 223 242 forma
252 208 312 241 est
338 203 551 249 possibile;
585 202 706 250 igitur
737 203 842 250 quod
877 204 1110 240 terminetur
1142 204 1190 241 ad
1218 204 1479 251 privationem
1501 208 1561 242 est
1581 209 1722 251 praeter

96 251 384 294 intentionem;
405 250 643 287 terminatur
662 253 794 287 autem
820 250 867 287 ad
889 259 976 287 eam
1005 251 1046 287 in
1078 255 1270 298 quantum
1286 252 1463 298 pervenit
1482 251 1529 288 ad
1554 252 1721 290 formam

95 307 213 346 quam
236 297 420 342 intendit,
442 306 561 344 quam
579 297 746 343 privatio
773 297 937 334 alterius
960 298 1095 335 sermm
1117 298 1163 334 de
1182 298 1419 336 necessitate
1449 300 1721 346 consequitur.

94 345 390 382 Transmutatio
413 353 507 391 ergo
528 344 718 388 materiae,
752 344 791 380 in
825 345 1081 390 generatione
1109 349 1144 382 et
1177 346 1444 392 corruptione,
1466 356 1535 392 per
1553 355 1595 384 se
1617 346 1723 384 ordi-

95 396 212 430 natur
233 392 280 429 ad
299 392 488 433 sormam;
511 391 678 438 privatio
699 400 791 428 vero
813 392 1073 438 consequitur
1088 397 1229 438 praeter
1245 393 1508 430 intentionem
1528 406 1535 438 ;
1559 397 1596 431 et
1617 394 1725 432 simi-

96 439 185 476 liter
222 443 377 485 oportet
411 448 500 476 esse
535 439 577 475 in
609 438 796 476 omnibus
828 439 1016 483 motibus,
1051 443 1088 475 et
1118 440 1205 476 ideo
1240 440 1280 476 in
1310 440 1488 487 quolibet
1523 445 1633 478 motu
1664 444 1725 478 est

95 486 300 534 generatio
322 489 360 523 et
379 486 580 532 corruptio
602 485 822 523 secundum
845 486 960 533 quid;
997 486 1113 530 sieut,
1136 496 1256 539 quum
1287 487 1647 534 aliquidalteratur
1675 487 1723 525 de

96 533 187 571 albo
220 533 260 570 in
299 533 472 580 nigrum,
513 533 780 579 corrumpitur
811 533 944 570 album
980 537 1018 570 et
1050 533 1092 570 fit
1118 543 1292 580 nigrum.
1317 536 1468 571 Bonum
1503 539 1634 572 autem
1663 539 1725 573 est

97 580 317 618 secundum
339 580 445 628 quod
475 580 640 618 materia
671 584 731 617 est
752 580 924 626 perfecta
944 590 1012 626 per
1041 581 1222 625 formam,
1243 585 1280 617 et
1308 582 1484 627 potentia
1504 585 1723 628 peractum

96 628 322 674 proprium;
344 628 493 664 matum
515 631 646 665 autem
676 628 896 664 secundum
930 628 1033 674 quod
1059 632 1118 665 est
1147 629 1297 674 privata
1319 632 1405 665 actu
1428 629 1573 667 debito.
1599 630 1723 668 Omne

96 674 218 722 igitur
248 674 355 722 quod
384 678 565 712 movetur
596 675 721 712 tendit
757 675 795 711 in
832 684 906 713 suo
940 679 1049 713 motu
1071 675 1274 721 pervenire
1295 675 1342 712 ab
1360 675 1525 720 bonum,
1546 676 1724 723 pervenit

95 725 229 759 autem
251 722 300 759 ad
320 722 468 760 malum
489 726 630 768 praeter
650 722 927 760 intentionem.
960 723 1096 769 Igitur,
1122 731 1243 768 quum
1275 731 1393 759 omne
1415 732 1538 769 agens
1568 728 1606 760 et
1639 733 1722 762 mo-

96 777 195 806 vens
217 768 398 807 intendat
426 768 475 807 ad
498 770 660 814 bonum,
683 769 831 806 malurn
852 770 1034 816 provenit
1054 773 1195 815 praeter
1217 769 1481 807 intentionem
1503 771 1674 817 agentis.

143 816 327 862 Amplius,
347 816 389 853 in
409 816 620 864 agentibus
649 826 717 862 per
744 817 987 854 intellectum
1020 820 1058 852 et
1088 816 1393 853 aestimationem
1415 826 1706 870 quamcumque

97 863 266 901 intentio
296 863 478 911 sequitur
510 864 891 910 apprehensionem3
924 865 962 899 in
1003 863 1099 900 illud
1126 863 1232 900 enim
1272 863 1396 901 tendit
1428 864 1595 902 1ntentio
1617 875 1694 912 quo

100 910 410 957 apprehenditur
440 914 483 948 ut
516 910 622 948 finis.
653 911 691 947 Si
723 920 817 956 ergo
838 911 1089 957 perveniatur
1119 910 1169 947 ad
1194 910 1343 958 aliquid
1365 911 1471 959 quod
1504 921 1585 949 non
1606 912 1725 950 habet

98 957 273 1004 speciem
292 958 596 1005 apprehensam,
615 957 688 995 erit
708 962 849 1004 praeter
872 958 1134 995 intentionem
1154 970 1165 999 ;
1189 958 1293 995 sicut.
1313 958 1347 996 si
1374 958 1521 1006 aliquis
1544 959 1724 997 intendat

96 1005 306 1042 comedere
338 1004 416 1042 mel
450 1008 489 1041 et
519 1004 700 1042 comedat
732 1004 798 1049 fel,
830 1005 996 1042 credens
1027 1004 1127 1042 illud
1159 1013 1248 1042 esse
1277 1006 1368 1049 mel,
1391 1006 1467 1043 hoc
1488 1006 1563 1044 erit
1584 1011 1725 1053 praeter

99 1051 376 1089 intentionem.
399 1051 474 1089 Sed
495 1060 612 1089 omne
633 1060 756 1098 agens
777 1061 846 1098 per
865 1052 1110 1089 intellectum
1139 1051 1310 1089 intendit
1330 1052 1480 1099 aliquid
1502 1054 1722 1091 secundum

126 1098 203 1136 uod
219 1098 364 1146 accipit
388 1098 485 1136 illud
513 1098 587 1135 suh
606 1099 758 1136 ratione
788 1099 898 1144 boni,
920 1099 1023 1136 sicut
1044 1109 1091 1135 ex
1112 1099 1388 1145 superioribus
1408 1099 1457 1146 (c.
1476 1100 1511 1146 3)
1530 1103 1637 1147 patet
1656 1113 1665 1145 ;
1687 1101 1721 1138 si

141 1145 300 1198 goillud
315 1153 396 1183 non
416 1146 468 1183 sit
484 1145 649 1187 bonum,
672 1146 741 1183 sed
763 1146 925 1192 malum,
944 1146 1019 1183 hoc
1035 1146 1109 1183 erit
1129 1150 1270 1192 praeter
1289 1146 1567 1185 intentionem.
1590 1150 1722 1196 Agens

98 1192 223 1240 igitur
240 1202 310 1239 per
327 1192 571 1230 intellectum
593 1202 673 1230 non
695 1197 882 1239 operatur
895 1193 1044 1231 malum
1065 1193 1143 1230 nisi
1162 1196 1305 1240 praeter
1325 1193 1603 1232 intentionem.

144 1239 274 1284 Quum
294 1239 416 1287 igitur
435 1240 595 1277 tendere
615 1240 664 1277 ad
684 1240 834 1278 bonum
859 1240 912 1278 sit
932 1249 1144 1278 commune
1174 1241 1306 1286 agenti
1328 1250 1397 1293 per
1414 1241 1663 1279 intellectum
1685 1245 1724 1278 et

96 1295 167 1334 per
186 1290 382 1333 naturam,
403 1287 552 1325 malum
573 1296 652 1324 non
669 1288 928 1334 consequitur
948 1298 997 1325 ex
1016 1287 1238 1325 intentione
1256 1288 1427 1334 alieuJus
1447 1289 1617 1336 agentis,
1641 1289 1721 1327 nisi

97 1337 237 1380 praeter
256 1333 531 1372 intentionem.
568 1335 665 1372 Hinc
685 1339 746 1372 est
765 1335 870 1382 quod
890 1335 1107 1382 Dionysius
1128 1335 1224 1372 dicit
1244 1335 1310 1382 (De
1329 1335 1445 1372 divin.
1469 1338 1620 1378 nomin.5
1645 1346 1679 1373 c.
1701 1338 1724 1373 4

98 1380 174 1418 sub
211 1380 297 1425 fin.)
341 1381 447 1430 quod
478 1382 614 1418 malum
648 1385 701 1418 est
742 1385 876 1428 praeter
913 1384 1147 1419 intentionem
1187 1386 1221 1419 et
1260 1383 1494 1421 voluntatem.
1535 1384 1572 1430 (Ι
1607 1384 1722 1425 Sena,
1760 1408 1761 1418 i

85 1426 191 1466 dist.
213 1435 349 1470 xxm,
372 1432 513 1476 quaest.
532 1431 569 1475 2,
591 1433 662 1466 art.
683 1427 735 1476 2.)

719 1607 730 1616 ,
789 1563 958 1606 CAPUT
981 1564 1029 1605 v.

407 1688 598 1718 RATIONES
632 1688 785 1718 CONTRA
822 1689 1134 1719 DETERMINATAM
1165 1690 1410 1722 VERITATEM.

145 1805 247 1842 Sunt
263 1806 396 1842 autem
416 1803 597 1856 quaedam
615 1813 703 1851 quaa·
725 1804 818 1842 huic
839 1806 1049 1842 sententiae
1074 1805 1275 1843 adversari
1300 1806 1498 1844 videntur.

144 1850 259 1896 Quod
274 1851 380 1889 enim
401 1851 545 1889 accidit
560 1855 700 1898 praeter
723 1851 985 1889 intentionem
1006 1852 1162 1899 agentis
1183 1853 1328 1890 dicitur
1345 1863 1434 1891 esse
1455 1854 1663 1893 fortuitum
1687 1858 1727 1893 et

96 1898 261 1937 casuale
281 1902 319 1935 et
343 1897 385 1936 in
404 1898 661 1945 paucioribus
682 1898 881 1937 accidens.
900 1900 1042 1937 Malum
1063 1904 1195 1938 autem
1215 1899 1299 1937 fieri
1319 1910 1401 1938 non
1423 1901 1567 1939 dicitur
1583 1902 1725 1940 fortui-

98 1948 184 1983 tum
205 1948 244 1983 et
262 1945 422 1983 casuale
441 1954 570 1993 neque
590 1949 632 1983 ut
651 1946 692 1982 in
711 1946 968 1993 paucioribus
989 1947 1189 1992 accidens,
1217 1948 1287 1985 sed
1317 1957 1474 1996 semper
1498 1949 1558 1986 vel
1577 1949 1616 1986 in
1638 1951 1725 1997 plu-

97 1992 236 2038 ribus;
259 1992 299 2030 in
322 1992 573 2031 naturalibus
600 1993 704 2030 enim
727 2002 884 2040 semper
903 1995 1152 2041 generationi
1177 1995 1379 2042 corruptio
1408 1996 1659 2044 adjungitur;
1683 1998 1725 2034 in

99 2038 314 2092 agentibus
342 2039 461 2077 etiam
518 2049 561 2077 er
592 2040 836 2078 voluntatem
873 2040 915 2078 in
951 2041 1133 2088 pluribus
1161 2047 1366 2089 peccatum
1401 2044 1558 2089 accidit,
1600 2053 1722 2091 quum

98 2085 262 2124 difficile
281 2090 335 2123 sit
353 2095 476 2124 secun
507 2096 573 2125 um
593 2088 776 2125 virtutem
798 2097 928 2135 agere,
954 2088 1058 2126 sicut
1086 2089 1280 2136 attingere
1296 2093 1476 2128 centrum
1497 2091 1539 2129 in
1557 2091 1721 2137 circum,

98 2135 143 2172 ut
161 2131 258 2185 djcit
283 2132 515 2186 Aristoteles
543 2134 691 2187 (ahia,
723 2144 766 2180 11,
792 2145 826 2172 c.
847 2134 897 2183 9).
920 2137 1008 2173 Non
1031 2136 1153 2183 igitur
1172 2136 1330 2175 videtur
1349 2138 1499 2177 malum
1519 2147 1610 2176 esse
1633 2148 1723 2185 pro-

97 2188 264 2218 veniens
278 2183 420 2226 praeter
438 2184 718 2218 intentionem.

145 2227 247 2268 Item,
267 2226 500 2266 Aristoteles
520 2227 670 2276 (Ertaia,
690 2237 748 2274 111,
774 2238 809 2266 c.
831 2228 867 2276 4)
885 2239 1072 2276 expresse
1093 2230 1188 2268 dicit
1208 2231 1315 2278 quod
1334 2232 1486 2269 malitia
1506 2237 1566 2270 est
1583 2233 1723 2270 volun-

100 2273 259 2319 tarium,
281 2277 318 2311 et
334 2274 475 2321 probat
499 2284 569 2322 per
601 2276 676 2313 hoc
693 2276 800 2323 quod
821 2276 967 2323 aliquis
988 2281 1175 2324 operatur
1194 2277 1345 2325 injusta
1364 2279 1602 2317 voluntarie.
1624 2282 1724 2317 Irra-

97 2320 292 2358 tionabile
311 2323 442 2374 autem
452 2325 513 2359 est
532 2326 759 2369 operantem
780 2323 1003 2361 voluntarie
1022 2324 1172 2371 injusta
1188 2333 1270 2363 non
1283 2325 1384 2362 velle
1397 2325 1590 2372 injustum
1608 2335 1722 2372 esse;

98 2369 138 2405 et
151 2367 374 2405 voluntarie
394 2372 639 2415 stuprantem
660 2378 738 2407 non
759 2370 860 2407 velle
882 2371 1195 2408 incontinentem
1216 2380 1305 2409 esse
1323 2384 1332 2416 ;
1354 2376 1392 2409 et
1419 2381 1489 2419 per
1509 2372 1584 2410 hoc
1603 2373 1724 2411 etiam

97 2413 350 2460 legislatores
369 2415 540 2461 puniunt
560 2416 689 2453 malos
705 2416 819 2463 quasi
839 2417 1061 2455 voluntarie
1084 2422 1294 2464 operantes
1315 2419 1432 2456 mala.
1453 2421 1540 2456 Non
1569 2419 1724 2458 videtur

97 2461 224 2510 igitur
241 2462 389 2499 malum
405 2466 546 2508 praeter
564 2463 808 2500 voluntatem
823 2463 883 2500 vet
906 2464 1169 2502 intentionem
1190 2473 1295 2502 esse.

144 2509 336 2550 Praeterea,
357 2509 490 2546 omnis
510 2513 642 2547 motus
656 2510 850 2548 naturalis
871 2511 988 2548 habet
1007 2511 1127 2548 finem
1142 2511 1339 2548 intentum
1362 2521 1385 2549 a
1406 2516 1559 2550 natura.
1581 2514 1722 2552 Corru-

96 2554 181 2602 ptio
199 2558 331 2594 autem
353 2559 413 2594 est
427 2556 594 2594 mutatio
614 2557 823 2598 naturalis,
844 2557 948 2594 sicut
968 2561 1006 2595 et
1024 2558 1243 2605 generatio.
1268 2558 1376 2596 Finis
1396 2559 1519 2605 igitur
1540 2559 1640 2607 ejus,
1654 2561 1722 2608 qui

97 2605 160 2640 est
187 2602 370 2649 privatio,
404 2603 556 2641 habens
588 2603 783 2641 rationem
816 2604 925 2649 mali,
958 2608 1019 2641 est
1044 2604 1222 2642 intentus
1255 2614 1279 2642 a
1298 2608 1451 2652 natura,
1477 2607 1583 2646 sicut
1602 2608 1722 2646 etiam

96 2647 227 2688 forma
244 2653 281 2688 et
297 2649 464 2697 bonum,
477 2660 566 2699 quae
584 2653 679 2688 sunt
697 2651 972 2700 generationis
989 2650 1083 2690 finis
