1894 3223
116 117 187 152 232
682 111 771 146 LIB.
798 111 848 154 11,
874 110 976 146 CAP.
1004 110 1176 146 LXXXVI.

165 195 239 232 Sed
260 192 480 231 similitudo
509 190 698 237 praedicta
728 198 810 227 non
840 190 1015 227 ostendit
1049 190 1224 227 animam
1257 189 1433 228 hominis
1468 199 1559 228 esse
1580 190 1735 238 aliquid

118 242 352 280 substantiae
372 239 529 281 divinae,
551 246 672 284 quum
691 236 734 273 in
752 237 1012 283 intelligendo
1033 237 1230 274 desectum
1249 237 1520 283 multipliciter
1540 238 1734 284 patiatur;

117 288 223 335 quod
242 288 288 323 de
308 288 386 322 Deo
406 285 482 321 dici
501 292 583 320 non
602 287 746 330 potest.
779 283 887 321 Unde
917 284 1001 321 haec
1034 284 1255 322 similitudo
1285 285 1414 331 magis
1442 288 1500 321 est
1521 285 1737 323 indicativa

117 334 322 380 cujusdam
361 331 600 377 imperfectae
636 330 825 377 imaginis
863 340 982 377 quam
1019 331 1188 377 alicujus
1217 331 1589 376 substantialitatis3
1630 332 1736 379 quod

117 382 235 418 etiam
258 378 458 424 Scriptura
475 377 620 422 innuit,
640 386 761 424 quum
795 377 889 415 dicit
918 378 967 415 ad
995 377 1210 425 imaginem
1239 378 1306 415 Dei
1336 379 1540 415 hominem
1572 379 1734 416 factum.

117 426 224 463 Unde
242 429 280 462 et
301 424 511 470 inspiratio
531 424 720 470 praedicta
740 433 972 470 processum
1005 425 1095 462 vitae
1114 434 1136 462 a
1169 427 1249 462 Deo
1282 425 1323 462 in
1352 425 1572 470 hominem,
1592 434 1735 463 secun-

116 473 209 510 dum
229 472 441 518 quamdam
461 471 779 515 similitudinem,
802 471 1061 514 demonstrat,
1083 480 1164 509 non
1185 471 1405 509 secundum
1427 472 1620 509 unitatem
1641 473 1735 510 sub·

117 520 294 563 stantiae3
312 522 472 565 propter
492 518 598 565 quod
619 521 657 554 et
677 518 716 554 in
739 518 882 555 faciem
901 519 1065 564 spiritus
1084 519 1174 556 vitae
1200 519 1345 556 dicitur
1370 519 1604 566 inspiratus,
1627 520 1736 566 quia,

116 575 239 613 quum
260 566 301 602 in
323 566 397 602 hac
417 569 526 611 parte
548 565 730 611 corporis
749 565 831 602 sint
861 565 1036 612 plurium
1067 574 1260 603 sensuum
1289 575 1441 613 organa
1476 567 1567 611 sita,
1586 567 1627 603 in
1649 567 1738 613 ipsa

117 613 218 650 facie
240 612 464 650 evidentius
496 612 574 648 vita
604 614 862 649 monstratur.
892 611 957 649 Sic
984 612 1106 658 igitur
1135 614 1240 650 Deus
1271 613 1493 660 inspirasse
1524 613 1567 650 in
1595 614 1738 650 faciem

116 659 294 697 hominis
314 659 560 705 spiraculum
586 659 676 696 vitae
697 658 856 703 dicitur,
876 658 971 706 quia
1003 659 1187 705 spiritum
1216 659 1306 697 vitae
1327 660 1481 697 homini
1513 659 1635 704 dedit,
1657 669 1740 698 non

117 715 206 744 eum
229 716 276 743 ex
294 715 369 743 sua
397 706 624 744 substantia
656 705 896 751 decidendo;
924 714 1017 743 nam
1049 709 1087 742 et
1116 706 1182 752 qui
1216 707 1477 753 corporaliter
1498 707 1678 744 insufflat
1699 708 1739 744 in

117 753 259 791 faciem
280 753 452 800 alicujus
472 753 593 800 (unde
612 752 769 789 videtur
801 756 960 799 sumpta
987 761 1077 790 esse
1108 752 1355 800 metaphora)
1376 762 1507 791 aerem
1535 754 1577 790 in
1599 754 1742 791 faciem

116 800 409 895 {ejusssimpellin
429 809 512 838 non
532 800 859 894 auttem)aliquam
881 809 965 838 suae
985 799 1220 839 substantiae
1236 803 1387 847 partem
1407 801 1450 837 in
1474 800 1606 847 ipsum
1628 801 1741 838 emit-

135 851 177 885 it.
242 851 359 894 part.‚
383 856 423 895 q.
445 854 511 892 xc,
531 856 574 884 ar
595 875 604 884 .
652 875 660 884 .

726 994 897 1036 CAPUT
923 993 1134 1036 LXXXVI.

371 1113 473 1148 QUOD
496 1114 625 1144 ANIMA
649 1114 816 1144 HUMANA
839 1114 921 1144 NON
944 1113 1204 1144 TRADUCATUR
1228 1113 1308 1143 CUM
1333 1113 1490 1143 SEMINE.

168 1224 222 1260 Ex
247 1222 469 1269 praemissis
489 1225 620 1260 autem
641 1222 799 1260 ostendi
828 1225 959 1268 potest
986 1221 1093 1269 quod
1111 1221 1245 1260 anima
1264 1221 1441 1259 humana
1468 1230 1550 1259 non
1569 1221 1743 1260 traduci·

122 1272 189 1307 tur
205 1278 295 1307 cum
314 1269 482 1314 semine,
503 1270 617 1317 quasi
635 1278 706 1316 per
726 1269 875 1307 coitum
895 1269 1105 1307 seminata.

168 1316 517 1363 Quorumcumque
538 1316 644 1353 enirn
664 1316 949 1362 principiorum
971 1316 1225 1362 operationes
1239 1324 1321 1353 non
1348 1318 1519 1362 possunt
1538 1324 1630 1353 esse
1649 1316 1738 1353 sine

121 1371 302 1409 corpore,
325 1372 398 1400 nec
419 1372 556 1400 eorum
577 1363 735 1400 initium
757 1363 845 1400 sine
865 1371 1030 1409 corpore
1047 1371 1135 1401 esse
1153 1366 1305 1409 potest;
1327 1364 1385 1400 sic
1406 1362 1512 1400 enim
1533 1371 1598 1400 res
1620 1362 1741 1400 habet

119 1419 211 1447 esse
233 1410 336 1448 sicut
355 1414 391 1446 et
412 1414 609 1455 operatur,
633 1418 755 1456 quum
775 1410 1088 1457 unumquodque
1107 1412 1291 1455 operetur
1305 1409 1346 1446 in
1365 1412 1555 1456 quantum
1573 1413 1634 1446 est
1654 1418 1741 1447 ens.

121 1458 150 1494 E
169 1457 369 1494 contrario
386 1466 494 1502 vero,
520 1465 690 1504 quorum
722 1456 1008 1503 principiorum
1041 1457 1294 1503 operationes
1324 1456 1412 1493 sine
1444 1465 1610 1502 corpore
1635 1460 1743 1502 sunt,

121 1504 328 1551 generatio
360 1513 499 1541 eorum
531 1512 613 1541 non
647 1507 707 1541 est
735 1512 805 1550 per
833 1504 1131 1550 generationem
1164 1502 1357 1550 corporis.
1392 1504 1577 1549 Operatio
1610 1507 1742 1541 autem

121 1550 265 1588 animae
285 1551 482 1589 nutritivae
501 1554 539 1588 et
559 1551 761 1589 sensitivae
791 1559 873 1588 non
902 1554 1143 1597 potestesse
1164 1550 1252 1588 sine
1281 1558 1460 1597 corpore,
1495 1554 1539 1587 ut
1567 1560 1615 1587 ex
1645 1560 1741 1597 prae-

120 1597 261 1636 missis
281 1597 331 1645 (ο.
353 1601 396 1635 57
417 1601 455 1635 et
475 1597 535 1646 68)
551 1601 677 1645 patet;
697 1598 876 1644 operatio
896 1601 1028 1635 autem
1046 1598 1190 1635 animae
1211 1597 1461 1634 intellectivae
1488 1606 1571 1636 non
1598 1597 1641 1634 fit
1670 1607 1741 1643 per

121 1652 315 1693 organum
336 1653 572 1691 corporeum
592 1648 635 1683 ut
653 1654 774 1692 supra
794 1645 842 1691 (c.
864 1645 923 1692 69)
945 1645 1124 1683 habitum
1145 1648 1218 1682 est.
1240 1645 1365 1692 Igitur
1390 1645 1526 1682 anima
1549 1645 1742 1683 nutritiva

120 1694 161 1729 et
187 1692 379 1730 sensitiva
403 1701 474 1738 per
499 1692 798 1739 generationem
830 1692 1010 1739 corporis
1040 1694 1296 1739 generantur,
1326 1700 1408 1729 non
1437 1695 1571 1729 autem
1605 1692 1742 1730 anima

120 1738 376 1777 intellectiva.
399 1739 473 1777 Sed
492 1739 688 1777 traductio
717 1739 884 1777 seminis
905 1740 954 1777 ad
983 1739 1163 1785 corporis
1190 1739 1490 1786 generationem
1516 1738 1740 1777 ordinatur.

121 1786 246 1834 Igitur
266 1786 399 1823 anima
419 1786 608 1823 nutritiva
628 1790 666 1823 et
690 1786 882 1824 sensitiva
902 1795 992 1825 esse
1017 1786 1214 1833 incipiunt
1233 1795 1303 1832 per
1331 1786 1499 1824 seminis
1520 1786 1738 1823 traductio-

121 1842 229 1877 nem,
253 1841 334 1870 non
353 1836 485 1870 autem
506 1833 759 1870 intellectiva.
1682 1873 1692 1879 ,,

167 1879 314 1921 Adhuc,
333 1880 369 1917 si
385 1880 519 1916 anima
538 1880 712 1917 humana
729 1890 798 1926 per
814 1879 1104 1918 traductionem
1125 1880 1293 1917 seminis
1313 1888 1402 1917 esse
1431 1880 1638 1926 inciperet,
1661 1880 1739 1918 hoo

120 1935 203 1965 non
219 1929 357 1974 posset
374 1934 465 1964 esse
485 1926 564 1964 nisi
585 1926 796 1973 dupliciter
818 1936 925 1965 :uno
956 1926 1091 1972 modo,
1111 1930 1154 1964 ut
1172 1926 1463 1973 intelligeretur
1490 1935 1581 1964 esse
1601 1927 1642 1963 in
1674 1935 1738 1965 se-

120 1974 229 2012 mine
249 1977 353 2018 actu,
375 1973 489 2021 quasi
509 1982 580 2021 per
597 1974 783 2011 accidens
812 1974 939 2011 divisa
958 1974 1007 2011 ab
1036 1974 1171 2011 anima
1199 1973 1430 2021 generantis
1461 1973 1567 2012 sicut
1598 1982 1738 2012 semen

122 2021 311 2058 dividitur
341 2030 366 2058 a
394 2029 574 2067 corpore,
606 2024 651 2058 ut
677 2021 859 2059 videmus
888 2022 927 2058 in
962 2021 1204 2058 animalibus
1229 2021 1441 2058 annulosis
1480 2029 1568 2069 quae
1604 2021 1740 2059 decisa

120 2067 272 2113 vivunt,
294 2068 335 2104 in
349 2067 496 2115 quibus
516 2070 577 2105 est
596 2068 730 2106 anima
749 2077 830 2106 una
851 2069 893 2105 in
913 2071 1000 2106 actu
1017 2072 1056 2105 et
1075 2068 1210 2107 multae
1239 2068 1281 2105 in
1303 2067 1494 2114 potentia,
1517 2067 1646 2105 diviso
1669 2078 1739 2105 au·

121 2117 201 2152 tem
223 2123 388 2161 corpore
406 2115 593 2152 animalis
622 2114 815 2162 praedicti‚
836 2115 878 2152 in
905 2115 1082 2162 qualibet
1107 2118 1218 2162 parte
1248 2114 1405 2152 vivente
1435 2115 1576 2161 incipit
1605 2115 1740 2153 anima

123 2170 214 2200 esse
233 2162 273 2199 in
292 2165 402 2207 actu;
423 2162 503 2200 alio
522 2161 657 2207 modo,
675 2165 718 2200 ut
737 2162 984 2209 intelligatur
1002 2163 1043 2200 in
1066 2162 1219 2200 semine
1250 2170 1340 2200 esse
1358 2162 1485 2200 virtus
1504 2161 1739 2208 productiva

122 2209 265 2247 animae
286 2209 550 2254 intellectivae‚
572 2212 616 2246 ut
634 2208 694 2247 sic
713 2209 848 2247 anima
867 2209 1108 2248 intellectiva
1124 2212 1296 2257 ponatur
1321 2208 1365 2247 in
1394 2209 1563 2255 semine,
1581 2209 1740 2256 virtute,

122 2256 294 2308 sednon
320 2259 424 2309 actu.
448 2256 625 2294 Primum
657 2259 789 2294 autem
833 2257 977 2295 horum
1012 2261 1072 2295 est
1103 2256 1355 2304 impossibile
1386 2256 1534 2303 duplici
1569 2256 1738 2294 ratione.

122 2304 270 2348 Primo,
295 2313 403 2350 quia,
437 2312 562 2351 quum
595 2303 731 2342 anima
761 2303 1002 2342 intellectiva
1031 2304 1084 2341 sit
1113 2304 1406 2351 perfectissima
1443 2303 1666 2341 animarum
1703 2307 1742 2341 et

121 2351 304 2388 maximae
326 2350 497 2396 virtutis,
519 2351 607 2398 ejus
625 2351 830 2398 proprium
850 2351 1096 2398 perfectibile
1116 2354 1178 2389 est
1205 2360 1351 2397 corpus
1378 2350 1531 2389 hahens
1553 2359 1739 2397 magnam

122 2397 388 2435 diversitatem
418 2398 460 2435 in
491 2399 655 2445 organis
683 2407 755 2445 per
781 2407 869 2446 quae
897 2402 1069 2445 possunt
1094 2398 1337 2445 multiplices
1368 2398 1454 2445 ejus
1485 2399 1739 2445 operationes

122 2445 293 2491 expleri;
315 2445 420 2482 unde
438 2453 518 2483 non
540 2448 673 2492 potest
692 2454 782 2483 esse
801 2445 907 2493 quod
940 2445 1010 2483 fiat
1027 2448 1117 2483 actu
1137 2446 1180 2482 in
1211 2445 1364 2483 semine
1384 2444 1534 2490 deciso,
1553 2445 1647 2492 quia
1666 2454 1741 2482 nec

122 2492 241 2528 etiam
264 2492 409 2530 animae
428 2492 636 2530 brutorum
657 2493 922 2539 perfectorum
939 2502 1009 2540 per
1022 2492 1267 2531 decisionem
1282 2492 1608 2539 multiplicantur,
1623 2495 1740 2543 prout

122 2538 320 2585 contingit
339 2539 381 2576 in
401 2539 644 2578 animalibus
662 2540 887 2578 annulosis.
916 2539 1114 2585 Secundo,
1139 2540 1247 2588 quia,
1268 2548 1391 2587 quum
1411 2539 1650 2579 intellectus,
1671 2547 1739 2584 qui

122 2587 183 2637 est
197 2585 359 2639 propria
378 2588 417 2624 et
433 2586 666 2635 principalis
684 2586 812 2625 virtus
838 2587 981 2625 animae
1002 2587 1265 2632 intellectivae,
1286 2595 1368 2625 non
1384 2586 1438 2624 sit
1456 2585 1626 2631 alicujus
1647 2593 1736 2637 par-

121 2634 176 2683 tis
195 2639 386 2684 ‚corporis
410 2637 538 2680 aetus,
571 2643 654 2672 non
684 2637 815 2681 potest
845 2634 967 2672 dividi
997 2643 1069 2682 per
1098 2633 1285 2673 accidens
1311 2632 1529 2672 secundum
1551 2640 1735 2684 ’corporis

124 2677 383 2724 divisionem3
403 2680 508 2718 unde
529 2690 603 2719 nec
620 2681 756 2720 anima
773 2681 1027 2719 intellectiva.
1061 2681 1287 2719 Secundum
1317 2680 1436 2717 etiam
1468 2682 1526 2716 est
1548 2687 1736 2723 impossi-

122 2724 216 2762 hile.
239 2724 370 2763 Virtus
390 2726 496 2764 enim
510 2727 638 2766 activa
653 2738 741 2775 quae
761 2728 883 2766 estin
903 2729 1056 2767 semine
1068 2728 1150 2776 agit
1165 2728 1213 2767 ad
1228 2726 1524 2775 generationem
1547 2725 1736 2777 animalis

123 2772 427 2824 transmutando
447 2782 612 2819 corpus;
633 2784 714 2812 non
741 2776 849 2813 enim
880 2775 995 2814 aliter
1025 2784 1143 2823 agere
1173 2778 1305 2822 potest
1330 2773 1457 2810 virtus
1483 2781 1572 2819 quae
1601 2776 1662 2809 est
1695 2781 1738 2809 in

122 2821 301 2856 materia.
322 2819 396 2856 Sed
411 2820 543 2857 omnis
563 2821 691 2859 forma
709 2831 796 2869 quae
810 2822 951 2869 incipit
969 2831 1059 2861 esse
1078 2831 1148 2869 per
1164 2819 1537 2860 transmutationem
1557 2819 1737 2857 materiae

124 2864 242 2904 habet
262 2875 351 2904 esse
372 2876 395 2903 a
412 2867 579 2906 materia
597 2868 846 2916 dependens;
865 2869 1145 2909 transmutatio
1159 2869 1265 2908 enim
1285 2866 1460 2908 materiae
1480 2865 1633 2906 reducit
1647 2874 1737 2906 eam
