1894 3223
129 151 198 186 290
718 143 805 178 LIB.
836 143 898 187 111,
927 143 1026 179 CAP.
1053 144 1169 180 xxvi.

131 228 342 276 cujustibet
365 224 645 262 intellectualis
669 223 903 261 substantiae
937 224 1106 262 felicitas
1134 225 1217 262 sive
1256 223 1457 262 beatitudo
1495 225 1755 272 nominatur;

132 277 206 314 hoc
231 275 334 311 enim
370 276 429 309 est
462 271 567 319 quod
603 271 735 308 omnis
764 271 989 308 substantia
1021 271 1300 309 intellectualis
1333 271 1531 309 desiderat
1562 276 1751 320 tanquam

131 323 313 360 ultimum
345 318 463 356 finem
499 322 538 355 et
559 321 718 370 propter
753 327 796 355 se
831 321 1000 356 tantum.
1033 320 1099 356 Est
1132 319 1252 366 igitur
1286 318 1489 356 beatitudo
1509 322 1546 356 et
1583 320 1753 358 felicitas

131 369 270 406 ultima
287 366 500 412 cujuslibet
515 366 749 402 substantiae
770 365 1051 403 intellectualis
1072 375 1315 412 cognoscere
1333 367 1471 403 Deum.

180 416 277 451 Hinc
307 417 366 450 est
397 412 503 459 quod
535 413 703 449 dicitur:
736 413 840 448 Beati
867 414 1002 449 mundo
1022 413 1137 454 corde,
1161 415 1330 459 quoniam
1349 414 1422 458 ipsi
1440 415 1552 449 Deum
1579 414 1755 450 videbunt

134 462 278 508 (Mami.
315 469 355 503 v,
380 461 443 506 8)‚·
479 462 536 496 et:
562 461 645 495 Haec
676 462 727 494 est
749 460 827 494 vita
845 462 980 496 aeterna
1009 463 1050 496 ut
1075 463 1287 505 cognoscant
1318 463 1350 496 te
1367 461 1482 496 solum
1500 463 1613 497 Deum
1630 471 1755 496 verum

135 510 251 556 (Joan.
273 516 388 551 xvm,
408 507 458 554 3).
480 506 577 543 Huic
597 506 714 543 etiam
737 507 943 544 sententiae
961 507 1192 545 Aristoteles
1215 508 1361 555 (Ethic.,
1382 515 1422 551 x,
1443 517 1476 544 c.
1502 508 1559 555 10)
1581 517 1752 545 concor-

134 557 211 599 dat,
234 555 495 592 ubiultimam
515 553 690 590 hominis
712 553 941 590 felicitatem
962 554 1057 591 dicit
1073 563 1163 592 esse
1181 554 1465 601 speculativam
1487 558 1680 602 quantum
1701 554 1752 592 ad

133 602 445 696 speculfiationcm
478 601 616 647 optimi
649 600 921 646 speculabilis.
952 600 980 648 (t
1011 605 1126 647 part.,
1159 612 1196 649 q.
1218 609 1298 645 XXI,
1321 604 1393 638 art.
1414 603 1461 647 33
1484 606 1521 639 et
1547 603 1629 647 1-11‚
1649 610 1690 649 ·q.
1722 611 1753 643 Ι,

134 654 204 687 art.
228 654 264 685 7.

776 746 945 788 CAPUT
972 747 1113 788 XXVI.

351 868 450 903 QUOD
491 867 690 896 FELICITAS
727 867 769 896 IN
800 867 902 896 ACTU
938 868 1183 898 VOLUNTATIS
1218 867 1298 898 NON
1333 866 1544 898 CONSISTIT.

183 979 283 1025 Quia
317 987 410 1016 vero
431 976 710 1014 intellectualis
742 976 966 1013 substantia
997 985 1070 1015 sua
1091 978 1322 1023 operatione
1341 976 1531 1023 pertingit
1550 975 1600 1013 ad
1618 977 1761 1022 Deum,

135 1037 216 1065 non
251 1026 380 1063 solum
413 1024 686 1071 intelligendo,
710 1024 779 1060 sed
799 1034 868 1070 per
894 1027 1023 1060 actum
1046 1025 1164 1061 etiam
1184 1024 1402 1062 voluntatis
1432 1023 1695 1061 desiderando
1721 1028 1759 1060 et

137 1075 307 1113 amando
329 1074 459 1118 ipsum
480 1076 515 1108 et
537 1073 576 1107 in
599 1071 688 1117 ipso
706 1071 1007 1108 delectationem
1029 1072 1225 1116 habendo,
1241 1074 1372 1118 potest
1385 1071 1503 1108 alicui
1516 1070 1640 1108 videri
1651 1071 1757 1118 quod

136 1122 301 1159 ultimus
333 1120 425 1157 finis
454 1122 495 1155 et
519 1118 661 1155 ultima
692 1117 868 1155 hominis
890 1118 1059 1156 felicitas
1079 1128 1160 1157 non
1182 1120 1231 1156 sit
1252 1119 1293 1156 in
1315 1117 1597 1165 cognoscendo
1617 1119 1760 1162 Deum,

137 1170 205 1207 sed
238 1167 367 1214 magis
400 1167 440 1203 in
473 1165 643 1202 amando
676 1165 736 1201 vel
773 1165 908 1212 aliquo
942 1165 1021 1203 alio
1052 1169 1141 1203 actu
1172 1166 1388 1203 voluntatis
1420 1174 1464 1202 se
1497 1164 1680 1202 habendo
1710 1165 1758 1201 ad

136 1217 268 1263 ipsum
289 1227 298 1260 ς
321 1213 517 1260 praecipue
538 1221 658 1259 quum
682 1211 879 1258 objectum
899 1213 1181 1250 voluntatissit
1199 1213 1364 1253 bonum,
1384 1211 1490 1259 quod
1512 1212 1630 1249 habet
1643 1212 1760 1248 ratio-

137 1271 227 1299 nem
260 1262 377 1305 finis;
399 1269 533 1297 verum
569 1263 714 1299 autem,
738 1260 843 1306 quod
871 1263 931 1296 est
951 1259 1148 1306 objectum
1169 1260 1411 1304 intellectus,
1435 1267 1518 1296 non
1537 1259 1681 1296 habeat
1701 1268 1759 1296 ra-

137 1311 286 1347 tionem
310 1308 415 1353 finis,
437 1307 514 1344 nisi
536 1307 576 1343 in
598 1310 789 1353 quantum
810 1307 950 1352 etipse
971 1311 1031 1344 est
1050 1307 1212 1344 bonum.
1231 1307 1337 1344 Unde
1361 1316 1440 1343 non
1458 1306 1614 1343 videtur
1635 1305 1758 1343 homo

137 1356 335 1403 consequi·
357 1355 540 1392 ultimum
572 1353 690 1390 finem
717 1362 786 1399 per
819 1357 949 1390 actum
982 1354 1222 1394 intellectus,
1257 1354 1327 1391 sed
1362 1353 1492 1400 magis
1522 1362 1593 1399 per
1625 1356 1756 1390 actum

136 1403 371 1441 voluntatis.

183 1453 373 1493 Praeterea,
407 1448 547 1485 ultima
569 1447 755 1493 perfectio
785 1448 1028 1493 operationis
1052 1452 1112 1485 est
1139 1447 1361 1492 delectatio,
1387 1456 1475 1494 quae
1492 1446 1650 1492 perficit
1666 1455 1760 1492 ope-

137 1499 346 1542 rationem,
383 1495 487 1532 sicut
507 1494 759 1541 pulchritudo
785 1493 1046 1540 juventutem,
1071 1498 1111 1531 ut
1131 1494 1400 1540 Philosophus
1422 1494 1518 1531 dicit
1538 1492 1693 1541 (Ethic.‚
1716 1501 1757 1538 x,

138 1555 172 1582 c.
206 1545 254 1591 4).
288 1545 323 1581 Si
357 1542 479 1590 igitur
497 1542 671 1588 perfecta
698 1542 875 1587 operatio
898 1545 958 1579 est
976 1543 1141 1579 ultimus
1159 1542 1267 1587 finis,
1289 1542 1444 1579 videtur
1464 1541 1570 1587 quod
1591 1540 1759 1578 ultimus

138 1592 230 1629 finis
254 1591 380 1638 magis
403 1589 689 1627 sitsecundum
711 1589 981 1634 operationem
999 1589 1216 1627 voluntatis
1236 1597 1356 1636 quam
1376 1588 1616 1626 intellectus.

186 1639 329 1682 Adhuc,
343 1637 550 1674 delectatio
570 1636 725 1673 videtur
745 1636 797 1673 ita
817 1640 976 1682 propter
997 1645 1040 1673 se
1061 1636 1276 1674 desiderari
1298 1635 1404 1684 quod
1419 1644 1624 1682 nunquam
1639 1643 1758 1681 prop·

137 1691 198 1723 ter
217 1686 323 1723 aliud
341 1697 350 1730 ;
372 1684 537 1722 stultum
570 1683 674 1720 enim
697 1687 756 1719 est
776 1693 950 1730 quaerere
975 1684 1023 1721 ab
1045 1684 1177 1731 aliquo
1197 1692 1317 1731 quare
1337 1683 1430 1721 velit
1448 1681 1647 1720 delectari.
1667 1682 1759 1719 Haec

140 1738 270 1771 autem
294 1737 354 1769 est
372 1731 547 1769 conditio
561 1730 689 1767 ultimi
711 1729 817 1775 finis,
848 1734 889 1767 ut
908 1731 1061 1768 scilicet
1082 1735 1240 1777 propter
1271 1739 1314 1768 se
1343 1734 1555 1778 quaeratur.
1585 1731 1653 1766 Est
1682 1728 1758 1776 igi-

138 1784 203 1865 Eur
225 1781 390 1817 ultimus
419 1778 510 1816 finis
539 1778 669 1824 magis
693 1778 732 1813 in
765 1778 994 1823 operatione
1013 1778 1230 1815 voluntatis
1250 1786 1367 1825 quam
1384 1777 1623 1821 intellectus,
1641 1779 1682 1813 ut
1702 1775 1758 1812 vi-

167 1831 266 1865 etur.

186 1876 287 1916 Item,
308 1873 348 1909 in
368 1873 541 1918 appetitu
564 1871 691 1908 ultimi
709 1871 800 1908 finis
819 1871 990 1908 maxime
1008 1879 1148 1909 omnes
1168 1871 1426 1915 concordant,
1445 1879 1566 1917 quum
1582 1870 1635 1907 sit
1647 1873 1759 1907 natu-

139 1922 249 1959 ralis.
284 1920 422 1956 Plures
454 1923 582 1956 autem
614 1921 797 1964 quaerunt
828 1918 1131 1955 delectationem
1163 1926 1281 1965 quam
1316 1918 1599 1964 cognitionem.
1630 1916 1756 1963 Magis

138 1969 261 2016 igitur
280 1967 435 2003 videtur
455 1975 544 2003 θεεθ
561 1965 654 2002 finis
675 1965 883 2002 delectatio
902 1974 1019 2012 quam
1041 1965 1232 2014 cognitio.

186 2015 368 2060 Amplius,
398 2014 582 2050 voluntas
607 2013 763 2049 videtur
791 2021 879 2049 esse
906 2012 1023 2049 altior
1049 2012 1226 2058 potentia
1245 2020 1362 2059 qnam
1384 2011 1634 2056 intellectus3
1663 2020 1755 2049 nam

137 2063 323 2099 voluntas
356 2064 487 2098 movet
517 2059 761 2097 intellectum
794 2059 842 2096 ad
874 2058 992 2096 finem
1010 2071 1019 2104 ;
1040 2059 1267 2097 intellectus
1284 2059 1391 2096 enim
1421 2062 1511 2096 actu
1529 2057 1760 2096 considerat

139 2119 227 2157 quae
261 2109 396 2145 habitu
429 2111 547 2151 tenet,
582 2116 703 2154 quum
725 2106 870 2153 aliquis
892 2106 1076 2144 voluerit.
1095 2107 1206 2144 Actio
1227 2106 1349 2153 igitur
1364 2105 1581 2143 voluntatis
1600 2104 1757 2143 videtur

138 2156 313 2194 nobilior
326 2165 443 2203 quam
458 2156 561 2192 actio
582 2153 822 2191 intellectus.
836 2154 960 2199 Magis
977 2154 1100 2200 igitur
1117 2153 1273 2191 videtur
1287 2152 1450 2191 ultimus
1465 2152 1573 2198 finis,
1594 2161 1682 2200 quae
1697 2155 1760 2191 est

137 2203 354 2247 beatitudo,
377 2202 596 2240 consistere
616 2202 657 2238 in
675 2205 762 2238 actu
785 2201 1001 2238 voluntatis
1016 2210 1132 2248 quam
1153 2200 1195 2237 in
1215 2204 1305 2238 actu
1323 2200 1565 2238 intellectus.

187 2252 268 2288 Hoc
289 2254 419 2287 autem
441 2258 530 2287 esse
549 2248 801 2295 impossibile
820 2248 1030 2286 manifeste
1055 2247 1294 2285 ostenditur.

188 2299 316 2342 Quum
339 2297 443 2334 enim
460 2296 663 2333 beatitudo
685 2296 737 2333 sit
755 2296 956 2341 proprium
972 2295 1122 2332 bonum
1144 2287 1424 2333 intellectualis
1442 2298 1609 2340 naturae,
1637 2303 1756 2341 opor-

137 2349 192 2382 tet
217 2345 323 2392 quod
350 2344 569 2382 secundum
595 2343 637 2380 in
669 2343 925 2380 intellectuali
955 2346 1107 2380 naturae
1126 2342 1337 2380 conveniat
1355 2341 1462 2390 quod
1491 2345 1550 2379 est
1570 2341 1647 2379 sibi
1664 2350 1758 2388 pro-

136 2393 281 2438 prium.
315 2392 519 2438 Appetitus
551 2394 682 2428 autem
715 2399 796 2427 non
828 2393 888 2427 est
922 2390 1125 2436 proprium
1160 2388 1441 2427 intellectualis
1479 2392 1642 2429 naturae,
1684 2387 1754 2425 sed

137 2439 326 2476 omnibus
347 2439 466 2476 rebus
484 2439 603 2482 inest,
625 2437 717 2475 licet
735 2437 788 2474 sit
814 2436 1078 2474 diversimode
1095 2437 1134 2474 in
1158 2437 1352 2481 diversis3
1373 2445 1461 2484 quae
1480 2439 1612 2473 tamen
1628 2435 1754 2472 diver-

139 2487 238 2523 sitas
267 2486 444 2532 procedit
477 2494 525 2522 ex
553 2485 630 2522 hoc
663 2484 768 2532 quod
789 2493 852 2522 res
873 2484 1137 2522 diversimode
1156 2493 1199 2521 se
1215 2483 1366 2521 habent
1387 2483 1436 2521 ad
1457 2483 1752 2530 cognitionem:

138 2542 225 2579 quae
243 2533 346 2570 enim
369 2533 533 2570 omnino
557 2532 786 2579 cognitione
803 2534 938 2569 carent
958 2531 1330 2578 habentappetitum
1346 2530 1565 2568 naturalem
1580 2532 1753 2573 tantum

138 2588 225 2626 quae
245 2589 337 2617 vero
359 2580 506 2617 habent
515 2579 786 2626 cognitionem
801 2578 1048 2624 sensitivam,
1063 2582 1100 2615 et
1112 2578 1328 2625 appetitum
1345 2577 1577 2615 sensibilem
1592 2574 1754 2621 habent,

138 2626 213 2663 sub
234 2636 312 2672 quo
343 2626 558 2664 irascibilis
580 2630 618 2663 et
635 2625 974 2672 concupiscibilis
995 2625 1275 2670 continentur;
1298 2633 1386 2672 quae
1403 2632 1497 2661 vero
1518 2621 1666 2660 habent
1685 2629 1752 2659 co-

138 2673 357 2724 gnitionem
376 2674 672 2718 intellectivam,
693 2677 731 2710 et
750 2673 965 2720 appetitum
986 2673 1206 2720 cognitioni
1221 2671 1566 2721 ,proportionatum
1587 2668 1748 2714 habent,

138 2719 291 2757 scilicet
320 2720 576 2758 voluntatem.
605 2720 797 2758 Voluntas
828 2719 963 2767 igitur,
993 2720 1213 2759 secundum
1234 2718 1339 2766 quod
1359 2721 1420 2755 est
1438 2719 1648 2763 appetitus,
1670 2724 1753 2753 non

138 2769 199 2803 est
230 2766 431 2812 proprium
453 2767 735 2805 intellectualis
767 2770 930 2808 naturae,
950 2767 1020 2804 sed
1041 2766 1171 2804 solum
1193 2764 1411 2803 secundum
1441 2762 1547 2810 quod
1567 2762 1615 2800 ab
1636 2762 1752 2800 intel-

137 2812 241 2850 lectu
264 2812 481 2858 dependet;
503 2813 727 2851 intellectus
748 2817 879 2851 autem
900 2814 1120 2851 secundum
1147 2821 1190 2850 se
1208 2810 1393 2858 proprius
1413 2813 1474 2848 est
1491 2808 1752 2847 intellectuali

137 2863 301 2897 naturae,
317 2859 522 2896 Beatitudo
542 2860 663 2905 igitur
679 2860 742 2897 vel
761 2860 931 2898 felicitas
950 2860 992 2897 in
1007 2864 1096 2897 actu
1114 2859 1338 2896 intellectus
1358 2856 1545 2895 consistit
1564 2856 1754 2894 substan·

136 2906 284 2944 tialiter
303 2910 340 2944 et
356 2906 626 2953 principaliter
641 2907 769 2954 magis
789 2916 907 2955 quam
926 2907 969 2945 in
989 2910 1079 2944 actu
1097 2904 1326 2943 voluntatis.
