1803 3223
65 98 140 134 XIV
407 96 541 158 nERN.
569 95 727 131 MARIAE
753 95 813 130 DE
837 96 1003 132 RUBEIS
1030 96 1342 133 DISSERTATIO.

66 200 110 236 et
130 196 256 236 etiam
277 195 523 245 sapientiam
545 194 915 244 comprehendere.
931 196 1233 236 Solidissimam
1252 196 1425 236 Thomae
1445 197 1680 236 doctrinam

67 259 233 311 egregie
255 259 439 298 declarat
457 256 728 297 Ferrariensis
759 257 803 297 in
835 259 1160 300 Commentario.
1200 260 1340 310 Capite
1369 260 1481 311 71.§
1516 259 1681 299 Tollitur

65 323 182 363 etiam
205 335 216 362 ε
237 321 328 370 Quae
346 321 414 360 sub
430 320 677 373 providentia
692 319 769 361 Dei
799 320 937 362 bonum
957 323 1080 362 locum
1100 322 1241 364 habere
1268 336 1344 362 non
1366 329 1523 375 posset,·
1554 323 1651 363 alibi
1668 336 1678 364 ε

71 386 193 435 Quasi
209 386 355 425 malum
373 385 442 425 sub
457 384 706 437 providentia
726 384 816 425 boni
831 385 909 426 Dei
937 387 1060 426 locum
1079 387 1220 428 habere
1238 400 1314 426 non
1333 393 1476 439 posset.
1497 389 1650 427 Textus
1667 399 1679 427 ε

71 464 91 487 e<
110 452 190 490 Per
209 450 290 490 hoc
304 449 522 489 essentiam
539 448 703 489 tollitur
717 451 882 490 errandi
898 452 1064 491 occasio
1079 451 1333 500 Manichaeis,
1353 452 1425 502 qui
1442 452 1525 490 duo
1546 451 1682 501 prima

66 514 269 565 principia
290 513 455 564 agentia
474 516 718 563 posuerunt,
740 513 901 554 bonum
923 518 965 555 et
998 516 1173 564 malum,
1197 527 1291 566 quae
1322 515 1399 555 sub
1420 515 1682 565 providentia

66 578 141 618 Dei
156 577 314 617 bonum
333 577 474 616 locum
494 576 648 617 habere
666 589 753 616 non
775 581 912 627 posset
931 592 970 617 n,
992 579 1039 617 In
1060 579 1370 619 Commentario
1403 579 1680 619 Ferrariensis

66 642 179 682 idem
207 641 265 681 sic
302 641 473 681 effertur
509 645 678 681 textus:
705 642 824 688 «Qui
858 640 1108 694 (Manichaei)
1131 643 1213 682 duo
1253 644 1457 694 principia
1497 644 1678 695 agentia,

66 705 225 746 bonum
245 705 404 745 scilicet
424 708 466 745 et
483 706 641 745 malum
659 710 892 756 posuerunt
914 719 923 745 :
948 707 1066 756 quasi
1085 706 1279 759 (malum)
1313 708 1389 747 sub
1419 708 1681 758 providentia

66 769 140 809 Dei
161 769 321 809 bonum
353 770 496 809 locum
524 769 680 810 habere
711 781 798 809 non
830 773 983 820 posset.
1019 771 1108 810 Imo
1143 771 1332 822 ejusdem
1351 771 1524 812 Thomae
1555 772 1682 812 verba

66 836 164 873 sunt
183 844 302 872 num.
322 836 346 873 5
366 834 630 884 praecedente
654 846 663 872 :
685 835 812 872 «Non
843 838 950 873 esset
988 835 1106 873 locus
1137 835 1313 886 justitiae
1342 836 1623 883 vindicativae‚
1646 836 1681 875 si

67 898 217 937 delicta
236 910 322 937 non
343 902 538 937 essent».
563 899 615 937 Et
634 909 752 937 num.
775 900 799 937 6
822 911 832 937 :
858 912 877 935 (t
898 899 967 946 ²Ex
1002 899 1120 938 malis
1153 901 1348 950 quaedam
1385 900 1496 941 bona
1533 912 1680 941 conse-

65 966 256 1013 quuntur
287 974 337 1002 ex
374 963 634 1012 providentia
675 963 943 1014 gubernantis
965 977 1003 1002 ».
1039 964 1140 1010 Quae
1174 965 1388 1004 verissima
1422 965 1679 1004 documenta

66 1030 233 1077 sumpta
252 1031 352 1066 sunt
370 1039 421 1067 ex
439 1027 660 1079 Augustini
681 1027 788 1067 libro
807 1026 866 1067 De
888 1032 1034 1067 natura
1054 1027 1144 1067 boni
1168 1035 1304 1068 eontra
1335 1028 1581 1068 Manieliaeos.
1605 1030 1679 1068 Ca-

66 1091 153 1141 pite
171 1092 219 1131 81
240 1091 351 1131 circa
371 1092 497 1131 finem
520 1105 530 1132 :
551 1091 737 1131 Divinam
752 1091 1042 1145 providentiam
1059 1105 1135 1132 non
1151 1092 1335 1141 excludit,
1355 1093 1536 1145 provenit
1560 1105 1681 1146 neque

62 1167 136 1207 per
163 1155 396 1207 hujusmodi.
426 1157 535 1208 Lege
573 1156 755 1208 provenit
784 1156 885 1196 enim
912 1168 962 1196 ex
998 1157 1246 1208 permissione
1288 1157 1420 1196 divina
1451 1170 1500 1197 ex
1529 1156 1680 1209 defectu

66 1219 298 1271 inferiorum
318 1220 529 1272 aqendum,
550 1220 648 1260 sicut
666 1220 712 1260 de
730 1220 817 1260 aliis
834 1220 947 1260 malis
965 1219 1109 1260 dictum
1129 1227 1199 1270 est,
1220 1221 1287 1260 sed
1302 1234 1422 1273 neque
1445 1235 1518 1274 per
1542 1221 1679 1273 liujus-

68 1283 185 1324 modi.
208 1285 361 1324 Textus
385 1297 394 1323 :
421 1299 440 1322 «
461 1284 711 1335 Hujusmodi
731 1287 874 1325 autern
894 1285 1148 1324 inordinatio
1171 1285 1352 1334 divinam
1374 1284 1679 1335 providentiam

66 1359 154 1405 non
173 1349 385 1395 excludit;
408 1349 600 1399 provenit
630 1361 827 1400 neque».
861 1351 1029 1390 Lacuna
1063 1354 1194 1400 patet,
1217 1361 1344 1400 quam
1374 1350 1462 1400 typi
1494 1351 1680 1389 errantes

65 1413 219 1453 fecere.
240 1414 294 1452 At
312 1412 416 1452 nihil
435 1413 625 1453 hiulcum
646 1413 690 1453 in
709 1414 859 1454 eodem
878 1418 1012 1463 textu,
1034 1426 1162 1465 quem
1182 1414 1453 1454 Ferrariensis
1485 1413 1607 1453 affert
1632 1413 1678 1452 in

65 1477 378 1518 Commentario
400 1490 410 1517 :
436 1492 456 1512 «
476 1478 557 1517 Ista
577 1477 784 1518 ordinatio
804 1490 891 1518 non
910 1479 1094 1518 excludit
1122 1479 1304 1519 divinam
1337 1478 1643 1528 providentiam
1665 1488 1676 1523 ;

64 1542 257 1593 provenit
276 1540 389 1582 enim
420 1553 472 1582 ex
503 1541 773 1591 permissione
805 1542 944 1581 divina
977 1546 1150 1592 propter
1181 1542 1397 1582 defectum
1429 1537 1678 1580 inferiorum

71 1606 450 1658 agentium.Neque
459 1605 611 1656 pei-huj
621 1606 782 1646 usmodi
795 1606 1148 1646 inordinationem
1160 1606 1348 1646 totaliter
1360 1605 1563 1645 naturalis
1575 1605 1678 1644 ordo

66 1669 319 1720 pervertitur
338 1683 377 1708 n.
395 1669 536 1719 Capite
557 1671 648 1718 116,
669 1670 714 1708 in
734 1670 816 1710 fine
839 1683 848 1708 ε
871 1669 948 1709 Hic
965 1670 1086 1722 iqitur
1105 1676 1160 1710 est
1177 1670 1268 1722 finis
1293 1670 1407 1708 totius
1424 1669 1674 1720 legislatoris.

66 1734 241 1775 Videtur
271 1734 498 1786 legendum
525 1733 616 1785 finis
643 1734 757 1772 totius
786 1733 1032 1785 leyislatoris.
1054 1735 1144 1774 lmo
1171 1733 1389 1774 retinenda
1414 1733 1578 1772 videtur
1597 1744 1676 1772 vox

67 1798 196 1847 totius,
207 1797 249 1837 id
265 1801 341 1847 est,
352 1797 472 1837 omnis
484 1797 730 1849 leqz‘slatorz’s.
741 1797 1016 1837 Ferrariensis
1029 1798 1072 1837 in
1085 1798 1392 1838 Commentario
1403 1797 1531 1837 habet
1546 1797 1675 1837 totius.

114 1862 243 1902 Plura
280 1864 514 1912 sequuntur
551 1862 718 1911 menda,
752 1873 846 1912 quae
882 1863 1129 1914 corrigenda
1160 1862 1394 1902 Lucarinus
1432 1861 1571 1913 jubet,
1606 1861 1679 1901 sed

63 1927 211 1967 eadem
231 1928 420 1967 correcta
440 1929 630 1977 prostant
646 1927 690 1966 in
722 1927 913 1978 ejusdem
945 1927 1219 1967 Ferrariensis
1250 1927 1574 1967 Commentario.
1608 1927 1678 1966 Li-

63 1991 140 2031 bro
158 2002 217 2040 1v,
238 1990 373 2041 capite
393 1991 458 2040 30,
481 2001 599 2030 num.
619 1993 646 2030 4
668 2004 677 2030 ε
700 1989 802 2030 Deus
821 1991 925 2030 misit
941 1991 1084 2030 Filium
1103 2004 1213 2030 suum
1248 1997 1384 2030 natum
1419 2003 1469 2031 ex
1499 1991 1676 2031 muliere.

63 2056 173 2108 Lege
191 2055 341 2107 factum
371 2067 421 2096 esc
438 2055 612 2095 muliere.
634 2069 653 2092 α
670 2056 768 2096 Haec
789 2055 902 2096 enim
922 2056 1047 2096 lectio
1070 2056 1369 2106 correspondet
1388 2054 1678 2106 sequentibus,

63 2122 112 2159 ut
130 2119 286 2171 legenti
306 2119 513 2159 constabit
533 2120 747 2160 evidenter
763 2136 803 2159 υ.
825 2120 887 2159 Ad
906 2120 1028 2160 illum
1049 2131 1177 2161 sacrae
1196 2119 1424 2170 Scripturae
1441 2123 1606 2159 textum
1622 2119 1676 2158 ad

63 2183 244 2233 Galatas,
265 2183 403 2234 capite
420 2195 462 2224 v.
480 2187 522 2233 4,
542 2184 706 2224 varians
737 2184 864 2224 lectio
884 2184 935 2224 ab
967 2184 1268 2236 interpretibus
1304 2188 1477 2223 notatur
1497 2197 1507 2223 z
1533 2199 1554 2220 «
1574 2185 1677 2224 Fac-

60 2249 156 2286 tum
177 2258 227 2287 ex
246 2247 438 2297 muliere,
459 2251 502 2288 et
520 2252 668 2288 natum
688 2259 738 2288 ex
757 2248 990 2289 muliere».
1011 2249 1292 2289 Nihilominus
1325 2248 1463 2299 priore
1496 2248 1679 2289 lectione

62 2323 188 2351 usum
207 2312 460 2363 Aquinatem
479 2312 644 2364 integer
665 2313 813 2353 suadet
833 2313 950 2352 locus
972 2313 1062 2364 ejus
1089 2325 1098 2352 :
1138 2327 1157 2351 «
1174 2313 1290 2353 Idem
1323 2313 1546 2363 Apostolus
1577 2312 1680 2352 dicit

62 2376 113 2415 ad
135 2376 284 2425 Galat.,
306 2387 364 2425 IV,
386 2377 500 2427 quod
518 2375 624 2417 Deus
648 2376 754 2417 misit
772 2376 918 2416 Filium
935 2389 1046 2417 suum
1064 2383 1201 2417 natum
1221 2377 1401 2430 (factum)
1420 2390 1470 2417 ex
1486 2377 1645 2416 muliere
1662 2387 1679 2416 .·

62 2443 104 2479 et
119 2441 285 2490 Matth„
305 2453 335 2491 1,
358 2441 526 2490 dicitur,
546 2441 659 2492 quod
675 2440 796 2481 Jacob
814 2441 946 2493 qenuit
961 2441 1103 2494 Joseplz
1123 2442 1251 2482 virum
1269 2441 1422 2491 Mara'ae,
1446 2442 1491 2481 de
1505 2453 1583 2494 qua
1601 2452 1673 2479 na-

63 2510 122 2542 tus
141 2510 196 2544 est
214 2505 338 2555 Jesus,
358 2507 427 2558 qui
443 2511 606 2546 vocatur
627 2505 821 2547 Christus.
844 2507 936 2546 Non
955 2511 1099 2546 autem
1119 2507 1184 2547 vel
1204 2519 1254 2547 ex
1272 2519 1321 2547 ea
1355 2506 1497 2556 factus,
1520 2505 1594 2554 >vel
1626 2515 1677 2544 ex

60 2579 111 2609 ca
129 2573 243 2608 natus
264 2570 488 2618 diceretur,
512 2570 547 2610 si
567 2571 704 2610 solum
725 2583 800 2621 per
819 2583 929 2619 eam,
965 2571 1074 2611 sicut
1105 2583 1179 2623 per
1211 2571 1395 2610 fistulam
1427 2569 1674 2617 transiisset,

60 2632 166 2672 nihil
187 2644 236 2672 ex
257 2644 305 2673 ea
325 2645 538 2674 assumens
561 2648 571 2674 ι
593 2647 643 2675 ex
676 2647 724 2675 ea
757 2636 887 2687 igitur
921 2648 1073 2687 corpus
1107 2636 1328 2686 assumpsit
1347 2649 1386 2674 ».
1422 2635 1553 2673 Nemo
1590 2645 1676 2673 non

59 2695 189 2746 videt,
209 2696 360 2748 sactum
379 2711 429 2738 ex
447 2698 607 2738 muliere
627 2699 773 2751 legisse
792 2700 1013 2741 Thornam.

113 2760 254 2811 Capite
274 2763 340 2810 38,
361 2773 479 2801 num.
501 2764 526 2801 7
549 2776 559 2801 z
579 2764 672 2802 «De
693 2764 944 2805 auctoritate
965 2764 1138 2805 inducta
1155 2776 1205 2804 ex
1221 2763 1372 2814 Cyrillo
1388 2763 1481 2803 vide
1496 2775 1591 2814 quae
1608 2763 1677 2803 ad-

59 2828 256 2866 notamus
275 2826 319 2865 in
344 2827 397 2866 Ill
418 2839 478 2877 p.,
511 2830 659 2878 quaest.
688 2838 733 2876 11,
765 2832 846 2878 art,
873 2831 915 2879 3,
937 2828 1122 2881 (nempe)
1142 2827 1334 2882 quasdam
1363 2839 1453 2869 vero
1474 2828 1576 2868 velut
1598 2827 1677 2867 Deo
