1894 3223
633 120 720 156 Ltss.
746 119 776 164 1,
805 118 904 154 cAP.
934 117 1075 153 cxxiv.
1619 118 1658 152 si

666 251 832 293 CAPUT
867 251 990 292 LXXI
999 251 1045 292 11.

433 366 533 401 QUOD
559 364 760 394 VOLUNTAS
786 364 852 393 DEI
880 365 939 393 SIT
964 365 1052 394 EJUS
1077 363 1275 394 ESSENTIA.

99 478 153 514 Ex
183 476 259 514 hoc
293 478 423 513 autem
454 478 613 520 apparet
639 474 745 521 quod
775 483 848 511 sua
878 474 1061 511 voluntas
1092 483 1170 511 non
1200 477 1260 511 est
1297 473 1402 509 aliud
1439 480 1556 520 quam
1593 481 1666 509 sua

48 524 240 562 essentia.
267 524 346 560 Deo
377 522 481 559 enim
514 523 698 558 convenit
730 530 818 558 esse
843 522 1038 558 volentem
1071 521 1110 558 in
1132 525 1319 567 quantum
1349 524 1405 557 est
1424 521 1666 566 intelligens,

54 575 94 608 ut
127 575 333 608 ostensum
366 573 426 606 est
459 569 558 614 (cap.
587 572 631 605 44
659 572 696 605 et
720 569 793 614 45).
826 570 891 605 Est
925 574 1054 605 autem
1088 568 1314 613 intelligens
1346 577 1414 612 per
1449 567 1661 604 essentiam

53 627 181 661 suam,
205 621 245 654 ut
263 626 382 662 supra
401 616 608 663 probatum
628 620 700 653 est.
718 617 817 662 Ergo
839 620 874 652 et
896 616 1046 652 volens.
1067 617 1132 652 Est
1152 615 1272 662 igitur
1291 615 1473 652 voluutas
1493 615 1560 651 Dei
1579 614 1665 660 ipsa

53 665 140 702 e'us
162 664 350 702 essentia.

73 675 243 755 JAdhuc,
263 711 365 747 sicut
386 710 605 756 intelligere
630 712 688 746 est
720 709 907 754 perfectio
929 708 1202 754 intelligentis,
1226 708 1281 744 ita
1306 712 1343 744 et
1364 708 1460 744 velle
1481 707 1665 744 volentis.

56 759 267 805 Utrumque
289 758 393 794 enim
414 760 474 794 est
494 757 596 794 actio
618 756 655 791 in
680 760 819 802 agente
840 765 1018 799 manens,
1040 764 1118 791 non
1140 758 1268 791 autem
1291 755 1489 791 transiens
1522 755 1560 790 in
1595 754 1664 790 ali-

55 805 161 852 quod
187 814 365 850 passum,
387 804 490 841 sicut
509 803 726 841 calefactio.
750 803 822 840 Sed
843 803 1061 848 intelligere
1081 801 1147 837 Dei
1167 804 1226 837 est
1250 801 1335 846 ejus
1357 810 1459 844 esse,
1483 806 1524 837 ut
1550 810 1669 846 snpra

55 852 155 935 Scap.
173 853 231 898 28)
252 852 457 897 probatum
479 855 550 895 est,
574 860 619 886 eo
641 849 758 896 quod,
781 859 870 886 cum
892 858 979 885 esse
1001 848 1176 884 divinum
1198 848 1416 884 secundum
1438 858 1480 884 se
1509 848 1560 885 sit
1580 857 1665 893 pcr-

73 899 331 942 ectissimum‚
365 898 513 934 nullam
546 897 888 942 supervenientem
927 895 1203 941 perfectionem
1240 895 1423 938 admittit,
1464 898 1505 931 ut
1545 903 1665 940 supra

57 950 262 983 ostensum
283 949 354 982 cst.
379 947 443 982 Est
462 945 581 991 igitur
601 943 775 980 divinum
797 943 894 979 velle
916 952 1003 979 csse
1032 942 1173 988 ipsius.
1194 943 1293 988 Ergo
1313 942 1496 979 voluntas
1517 942 1584 978 Dei
1607 944 1668 979 cst

58 993 143 1030 e'us
164 992 350 1029 essentia.

77 1004 284 1085 1Αηηοιὶιιε,
300 1047 389 1075 cum
405 1046 522 1080 omne
541 1045 664 1082 agens
685 1039 775 1082 agat
795 1035 835 1072 in
854 1039 1042 1082 quantum
1060 1038 1147 1072 actu
1167 1038 1239 1079 est,
1257 1038 1410 1081 oportet
1426 1035 1529 1081 quod
1549 1037 1666 1079 Deus,

56 1086 124 1132 qui
155 1090 217 1123 est
241 1089 352 1122 actus
383 1092 520 1130 purus,
549 1092 618 1129 per
636 1092 750 1120 suam
771 1084 985 1120 essentiam
1006 1086 1108 1130 agat.
1126 1083 1230 1119 Velle
1252 1086 1383 1119 autem
1404 1086 1464 1119 est
1488 1082 1667 1128 quaedam

56 1133 123 1170 Dei
153 1133 343 1179 operatio.
366 1133 524 1177 Oportet
545 1131 666 1177 igitur
685 1130 789 1176 quod
822 1132 924 1167 Deus
954 1140 1023 1176 per
1047 1130 1263 1167 essentiam
1291 1138 1402 1166 suam
1431 1129 1483 1166 sit
1502 1129 1667 1165 volens:

56 1180 136 1217 Sua
155 1179 277 1226 igitur
292 1179 477 1216 voluntas
498 1181 558 1215 est
578 1186 652 1215 sua
671 1177 858 1215 essentia.

102 1227 286 1272 Amplius,
316 1226 349 1263 si
375 1226 559 1262 voluntas
595 1228 701 1261 esset
733 1224 882 1270 aliquid
918 1223 1094 1261 additum
1124 1223 1266 1261 divinae
1303 1222 1549 1264 substantiae,
1581 1230 1670 1258 cum

56 1273 191 1311 divina
210 1273 432 1311 substantia
458 1272 510 1309 sit
535 1272 627 1318 quid
655 1272 895 1316 completum
919 1271 959 1307 in
987 1280 1089 1316 esse,
1111 1273 1341 1317 sequeretur
1360 1269 1464 1317 quod
1486 1269 1670 1305 voluntas

56 1320 258 1358 adveniret
277 1321 312 1357 ei
331 1319 444 1366 quasi
465 1319 650 1356 accidens
671 1319 848 1364 subjecto
873 1330 880 1354 :
904 1323 1134 1364 sequeretur
1154 1318 1271 1354 etiam
1292 1317 1395 1364 quod
1425 1316 1557 1353 divina
1577 1315 1671 1352 sub-

58 1368 203 1405 stantia
236 1370 531 1413 compararetur
557 1366 605 1403 ad
633 1366 760 1412 ipsam
794 1365 907 1412 quasi
940 1365 1115 1411 potentia
1136 1365 1184 1402 ad
1205 1369 1350 1408 actum,
1372 1368 1409 1400 et
1429 1363 1533 1410 quod
1564 1365 1672 1399 esset

59 1414 298 1461 compositio
333 1415 373 1450 in
395 1415 496 1458 De03
519 1422 605 1460 quae
625 1413 760 1450 omnia
779 1421 899 1458 supra
919 1412 1018 1458 (cap.
1045 1415 1101 1456 16,
1123 1414 1164 1449 18
1188 1415 1227 1448 et
1245 1411 1304 1458 22)
1326 1411 1545 1456 improbata
1561 1412 1672 1461 sunt.

60 1462 146 1498 Non
174 1465 234 1498 est
257 1462 282 1508 1·ι
302 1461 380 1498 itur
396 1460 587 1507 possibile
608 1460 713 1507 quod
734 1459 867 1497 divina
886 1460 1068 1496 voluntas
1090 1459 1142 1496 sit
1163 1458 1312 1505 aliquid
1332 1458 1507 1495 additum
1531 1457 1674 1494 divinae

59 1509 258 1546 essentiae.
294 1510 305 1544 1
327 1512 440 1553 part„
459 1517 497 1556 q.
524 1514 608 1552 xix,
632 1510 703 1544 art.
728 1510 743 1544 1
765 1506 813 1543 ad
837 1509 871 1550 3,
894 1510 931 1543 et
948 1517 985 1554 q.
1004 1514 1070 1551 xx,
1090 1509 1162 1543 art.
1183 1509 1203 1543 3
1224 1506 1272 1543 ad
1288 1505 1340 1552 2.)

688 1651 855 1694 CAPUT
881 1652 1051 1694 LXXIV.

308 1749 408 1784 QUOD
431 1748 659 1779 rma-emam
679 1724 855 1778 'vomunt
879 1749 945 1778 DEI
970 1732 1041 1778 Esr
1064 1747 1205 1778 mvtNA
1229 1749 1429 1778 ESSENTtA.

109 1843 162 1879 Ex
176 1842 251 1879 hoc
263 1845 394 1879 autem
408 1841 574 1878 ulterius
589 1843 749 1886 apparet
762 1840 867 1886 quod
881 1840 1096 1886 principale
1115 1840 1257 1877 divinae
1274 1840 1489 1877 voluntatis
1511 1844 1675 1878 vonturn

61 1893 120 1926 est
134 1889 220 1936 ejus
239 1888 426 1926 essentia.
445 1890 595 1925 Bonum
612 1887 716 1923 enini
738 1887 980 1924 intellectum
1001 1892 1061 1924 est
1080 1887 1276 1933 objectum
1295 1887 1524 1931 voluntatis,
1542 1892 1581 1924 ut
1599 1888 1678 1925 dic-

61 1941 144 1974 tum
159 1940 220 1973 est
232 1935 407 1982 (cap.72).
425 1934 522 1972 lllud
538 1938 668 1971 autem
684 1934 787 1981 quod
805 1944 827 1971 a
843 1936 919 1971 Deo
933 1934 1200 1979 principaliter
1213 1934 1457 1980 intelligitur,
1472 1938 1531 1971 est
1545 1935 1678 1971 divina

61 1983 250 2027 essentia,
271 1986 314 2019 ut
331 1991 450 2027 supra
468 1982 674 2028 probatum
699 1985 758 2018 est
779 1981 878 2027 (cap.
900 1982 973 2028 48).
997 1981 1136 2018 Divina
1155 1981 1275 2028 igitur
1295 1982 1471 2018 essentia
1490 1985 1551 2019 est
1568 1982 1607 2019 id
1629 1982 1675 2019 de

60 2039 141 2078 quo
161 2029 432 2076 principaliter
451 2032 511 2066 est
531 2028 665 2065 divina
685 2029 883 2065 voluntas.

107 2078 207 2117 Item,
231 2076 441 2122 appetibile
462 2079 713 2121 comparatur
731 2075 779 2113 ad
804 2076 1033 2121 appetitum,
1056 2075 1160 2112 sicut
1180 2084 1344 2112 movens
1367 2075 1415 2112 ad
1440 2079 1605 2119 motum,
1636 2079 1677 2112 ut

61 2131 184 2170 supra
200 2123 346 2161 dictum
370 2126 444 2165 est,
466 2127 503 2159 et
531 2122 714 2160 similiter
734 2131 776 2160 se
806 2123 923 2159 habet
943 2123 1105 2160 volitum
1127 2122 1175 2159 ad
1194 2122 1405 2166 volentem,
1428 2132 1517 2159 cum
1537 2123 1677 2160 volun-

62 2174 124 2208 tas
152 2170 205 2208 sit
228 2170 276 2207 de
305 2179 448 2217 genere
469 2170 767 2216 appetitivarum
795 2169 1074 2215 potentiarum.
1099 2170 1136 2206 Si
1159 2170 1279 2216 igitur
1298 2170 1513 2207 voluntatis
1536 2169 1677 2206 divinae

62 2217 116 2255 sit
134 2216 243 2254 aliud
269 2217 485 2263 principale
503 2217 683 2261 volitum,
706 2226 825 2264 quam
854 2217 942 2262 ipsa
966 2217 1035 2253 Dei
1063 2217 1252 2262 essentia,
1274 2220 1461 2263 sequetur
1480 2217 1585 2263 quod
1605 2217 1676 2253 ali-

63 2263 158 2311 quid
178 2264 286 2302 aliud
307 2264 359 2301 sit
384 2263 568 2310 superius
589 2264 721 2300 divina
741 2264 954 2310 voluntate,
977 2263 1083 2311 quod
1108 2264 1236 2310 ipsam
1269 2267 1411 2308 movet,
1433 2264 1547 2310 cujus
1583 2272 1677 2300 con-

63 2311 227 2348 trarium
246 2320 295 2349 ex
313 2311 512 2358 praedictis
536 2311 635 2357 (cap.
654 2311 713 2357 44)
736 2314 853 2357 patet.

110 2359 302 2402 Praeterea,
321 2358 537 2404 principale
556 2358 719 2394 volitum
743 2361 803 2395 est
835 2357 1049 2404 unicuique
1081 2357 1228 2395 volenti
1252 2366 1373 2394 causa
1387 2356 1558 2394 volendi.
1582 2358 1677 2393 Cum

64 2404 172 2456 enim
185 2404 355 2442 dicimus
371 2416 380 2440 :
400 2417 420 2438 «
431 2405 528 2441 Volo
539 2404 739 2441 ambulare
753 2408 793 2442 ut
806 2413 924 2441 saner
938 2417 972 2449 υ,
990 2413 1150 2442 causam
1166 2413 1239 2441 nos
1253 2404 1412 2440 reddere
1428 2403 1675 2440 arbitramur.

66 2452 111 2487 Et
127 2459 161 2488 sl
175 2454 396 2497 quaeratur:
417 2452 576 2494 «Quare
590 2451 650 2488 vis
668 2452 826 2488 sanari?
839 2464 856 2483 »
875 2451 1107 2496 procedetur
1122 2452 1163 2487 in
1175 2450 1447 2497 assignatione
1467 2458 1675 2486 causarum

69 2506 279 2544 quousque
311 2498 561 2544 perveniatur
597 2498 646 2534 ad
677 2498 796 2534 tinem
837 2498 1034 2541 ultimum,
1057 2498 1123 2544 qui
1163 2501 1221 2534 est
1260 2497 1476 2542 principale
1496 2497 1674 2537 volitum,

65 2544 172 2591 quod
207 2547 267 2582 est
304 2552 427 2581 causa
462 2544 620 2581 volendi
640 2553 710 2589 per
729 2545 919 2589 seipsum.
943 2545 981 2581 Si
997 2544 1118 2590 igitur
1135 2545 1239 2580 Deus
1266 2543 1416 2590 aliquid
1447 2543 1554 2580 aliud
1575 2544 1679 2589 prin-

63 2591 246 2637 cipaliter
272 2591 367 2628 velit
397 2599 516 2638 quam
545 2591 735 2636 seipsum,
758 2595 946 2638 sequetur
976 2590 1082 2637 quod
1103 2589 1253 2637 aliquid
1285 2590 1392 2627 aliud
1413 2590 1465 2627 sit
1492 2590 1527 2626 ei
1558 2599 1678 2627 causa

64 2637 238 2675 volendi.
259 2637 351 2677 Sed,
370 2645 488 2675 suum
508 2637 607 2674 velle
627 2641 687 2675 est
707 2646 824 2675 suum
853 2646 956 2681 esse,
971 2641 1014 2674 ut
1049 2640 1256 2674 ostensum
1276 2640 1335 2674 est
1357 2638 1456 2683 (cap.
1476 2637 1551 2683 73).
1575 2639 1675 2683 Ergo

66 2683 118 2722 ali
149 2685 217 2722 uid
236 2684 345 2723 aliud
359 2685 432 2721 erit
448 2685 483 2722 ei
504 2692 626 2721 causa
642 2684 815 2721 essendi.
835 2683 947 2728 Quod
969 2687 1029 2720 est
1046 2688 1184 2721 contra
1205 2683 1398 2721 rationem
1421 2684 1537 2729 primi
1558 2685 1674 2721 entis.

152 2731 260 2776 άὴασ,
284 2731 500 2779 unicuique
532 2731 678 2768 volenti
708 2731 927 2776 principale
960 2731 1123 2767 volitum
1150 2735 1209 2768 est
1239 2739 1338 2768 suus
1373 2731 1538 2768 ultimus
1570 2731 1676 2768 finis.

66 2778 163 2815 Nam
178 2778 272 2816 finis
290 2781 352 2816 est
367 2787 437 2824 per
459 2787 502 2816 se
521 2778 681 2822 vetitus,
698 2781 735 2814 et
755 2786 823 2822 per
843 2786 958 2824 quem
979 2777 1057 2815 alia
1076 2777 1176 2814 fiunt
1194 2777 1327 2814 volita.
1348 2777 1516 2815 UltImus
1545 2782 1675 2814 autem

67 2823 160 2862 finis
179 2827 240 2863 est
257 2825 344 2871 ipse
363 2827 481 2870 Deus,
503 2825 596 2872 quia
617 2825 701 2870 ipse
722 2828 782 2861 est
803 2833 1002 2861 summum
1022 2824 1185 2864 honum,
1203 2827 1245 2861 ut
1260 2827 1469 2863 ostensum
1491 2828 1552 2862 est
1573 2825 1674 2871 (cap.

66 2871 144 2917 41).
166 2872 253 2919 Ipse
271 2872 394 2919 igitur
411 2875 471 2910 est
489 2871 707 2919 principale
728 2871 892 2908 volitum
913 2879 996 2909 suae
1016 2871 1246 2909 voluntatis.

1455 2945 1478 2972 6
