1894 3223
739 170 823 204 ΗΒ.
854 170 881 211 l,
910 169 1011 204 CAP.
1039 170 1151 204 xxxt.
1707 173 1748 206 37

133 250 358 297 designant,
381 259 468 297 quae
488 258 536 286 ex
556 250 728 295 propriis
749 250 956 294 principiis
978 250 1201 295 specierum
1224 255 1451 291 causantur,
1477 251 1578 287 unde
1599 250 1646 287 tle
1669 253 1748 290 Deo

134 297 209 334 dici
237 305 317 334 non
337 300 508 342 possunt
527 297 604 332 nisi
627 296 908 341 metaphorice.

181 345 274 388 Quae
314 352 406 380 vero
443 343 669 389 hujusmodi
711 343 974 388 perlectiones
994 344 1220 388 exprimunt
1258 354 1347 381 cum
1375 346 1748 390 supereminentiori

132 390 252 428 modo
270 399 349 437 quo
371 391 450 427 Dco
471 390 722 433 convenient,
743 390 789 425 tle
811 390 899 427 solo
920 392 997 426 Deo
1017 391 1216 435 dicuntur,
1244 392 1344 428 sicut
1364 401 1561 428 summum
1586 392 1748 437 bonum,

132 438 303 485 primum
326 446 412 481 ens,
435 441 472 474 et
491 437 569 474 alia
591 436 834 483 hujusmodi.

182 485 277 522 Dico
297 488 427 521 autem
450 484 583 530 aliqua
611 484 887 529 praedictorum
924 485 1128 521 nominum
1164 485 1444 531 perfectionem
1474 485 1622 533 absque
1645 486 1749 523 defe-

133 535 197 568 ctu
237 532 463 576 importare,
499 535 690 578 quantum
722 530 769 567 ad
801 530 899 567 illud
928 531 975 568 ad
1012 533 1116 578 qnod
1157 533 1463 577 significandum
1498 543 1641 571 nomen
1679 534 1751 571 fuit

133 578 378 624 impositum.
402 579 598 621 Quantum
627 578 731 614 enim
761 577 809 614 ad
836 577 996 614 modum
1034 580 1303 625 significandi,
1332 590 1448 616 omne
1481 590 1624 617 nomen
1660 590 1749 618 cum

134 625 287 662 delectu
303 629 376 662 est.
393 626 488 662 Nam
511 625 672 661 nominc
694 634 756 661 res
778 625 1035 670 exprimimus
1055 636 1100 662 co
1118 627 1235 663 niodo
1251 636 1329 672 quo
1351 627 1551 664 intellectu
1576 628 1749 674 concipi-

133 681 236 709 mus.
256 672 484 709 Intellectus
502 676 631 708 autem
645 676 779 708 noster
794 682 816 708 a
831 672 1090 709 sensibilibus
1107 674 1374 719 cognoscendi
1396 674 1551 710 initium
1570 684 1748 721 sumens,

132 719 245 756 illum
264 718 424 756 modum
445 727 524 756 non
542 719 785 755 transcendit
808 719 873 765 qui
897 719 936 755 in
958 719 1074 756 rebus
1096 720 1356 757 sansibilibus
1379 721 1589 765 invenitur,
1613 723 1650 757 in
1668 722 1752 768 qui-

132 765 208 804 bus
230 766 337 803 aliud
359 770 417 803 est
452 768 577 802 torma
599 770 636 802 et
668 766 817 802 liabens
841 768 1021 809 formam,
1044 770 1203 812 propter
1231 768 1365 803 formae
1390 771 1427 803 et
1448 769 1620 805 materiae
1642 778 1748 805 com-

132 814 388 859 positionem.
407 814 545 850 Forma
567 822 658 849 vero
680 813 718 848 in
749 813 811 850 liis
832 813 950 850 rebus
978 813 1178 849 invenitur
1194 813 1352 860 quidem
1376 815 1558 859 simplex,
1581 816 1648 852 scd
1670 825 1749 852 non

133 862 319 906 perlecta,
340 864 472 906 utpote
492 869 571 897 non
592 860 830 896 subsistens.
852 860 1006 896 {labens
1029 864 1157 896 autem
1182 860 1346 897 formam
1369 860 1569 898 invenitur
1590 862 1750 908 quidem

134 907 375 949 subsistens,
395 907 462 943 sed
484 916 563 944 non
586 907 765 952 simplex,
787 907 866 942 imo
888 907 1181 943 concretionem
1202 907 1366 944 habens.
1392 909 1498 944 Unde
1522 910 1750 946 intellectus

134 960 283 997 noster,
304 954 495 1000 quidquid
516 953 715 999 significat
735 957 776 990 ut
793 953 1033 997 subsistens,
1055 954 1095 989 in
1117 955 1370 990 concretione
1397 954 1618 1000 significan
1642 956 1749 1002 quod

134 1011 225 1038 vero
243 1006 282 1037 ut
303 1001 470 1045 simplex
497 999 708 1047 significat,
736 1009 816 1036 non
839 1004 880 1036 ut
900 1000 996 1045 quod
1011 1004 1073 1040 cst,
1098 1001 1166 1037 sed
1189 1005 1230 1037 nt
1250 1012 1318 1046 quo
1339 1004 1402 1038 est.
1420 1004 1462 1037 Et
1485 1003 1543 1039 sic
1567 1003 1609 1039 in
1638 1003 1748 1040 omni

133 1049 294 1085 nomine
316 1057 339 1084 a
359 1047 474 1084 nohis
495 1047 613 1087 dicto,
645 1051 834 1093 quantum
864 1047 912 1083 ad
935 1047 1095 1084 modum
1119 1048 1386 1094 significandi,
1421 1049 1666 1094 imperfectio
1688 1051 1748 1086 in·

132 1095 288 1131 venitur
305 1103 392 1141 quae
422 1095 501 1130 Deo
532 1103 612 1130 non
633 1094 834 1139 competit,
857 1095 1038 1141 quamvis
1067 1104 1129 1132 res
1151 1095 1375 1141 significata
1393 1096 1526 1142 aliquo
1557 1097 1748 1133 eminenti

132 1141 251 1178 modo
274 1143 353 1178 Deo
375 1141 596 1185 conveniat,
621 1145 662 1177 ut
684 1144 789 1186 patet
821 1141 860 1177 in
889 1141 1050 1178 nomine
1071 1142 1260 1179 bonitatis
1280 1146 1317 1179 et
1340 1142 1449 1179 boni.
1470 1145 1566 1180 Nam
1589 1144 1748 1181 bonitas

132 1187 333 1235 significat
349 1192 390 1224 ut
418 1197 496 1224 non
519 1188 758 1231 subsistens,
781 1188 928 1224 bonum
956 1193 1084 1225 autem
1108 1193 1149 1225 nt
1169 1194 1418 1234 concretum3
1441 1194 1478 1226 et
1496 1194 1686 1237 quantum
1701 1190 1749 1227 ad

131 1235 208 1273 hoc
228 1236 381 1272 nullum
408 1244 552 1272 nomen
572 1237 650 1272 Deo
671 1236 950 1272 convenienter
970 1239 1137 1281 aptatur,
1159 1236 1227 1272 sed
1258 1237 1389 1273 solum
1411 1241 1602 1283 quantum
1638 1237 1685 1274 ad
1709 1237 1749 1274 id

132 1282 179 1319 ad
199 1283 304 1329 quod
322 1282 629 1328 significandum
651 1291 796 1318 nomen
816 1282 1047 1328 imponitur.
1225 1283 1233 1287 '

178 1330 500 1376 Possuntigitur,
523 1333 565 1365 ut
584 1329 798 1376 Dionysius
823 1329 951 1373 docet,
976 1329 1202 1376 hujusmodi
1235 1331 1400 1368 nomina
1420 1335 1457 1367 et
1489 1331 1747 1384 affirmatide

132 1378 212 1414 Deo
231 1381 268 1413 et
283 1377 433 1423 negari.
455 1375 650 1413 Al‘firmari
685 1376 842 1423 quidem
864 1380 1022 1422 propter
1041 1378 1217 1415 nominis
1248 1379 1464 1422 rationem3
1489 1380 1623 1426 negari
1657 1388 1748 1417 vero

130 1427 290 1470 propter
310 1422 561 1470 significandi
585 1424 760 1460 modum.

178 1471 316 1509 Modus
337 1475 464 1508 autem
489 1470 834 1517 supereminentiae
852 1480 930 1517 quo
950 1471 988 1507 in
1016 1473 1094 1508 Deo
1116 1471 1230 1508 dictae
1250 1472 1512 1517 perfectiones
1542 1473 1747 1511 invenian-

135 1520 195 1555 tur
215 1528 283 1564 per
302 1519 504 1555 nominaa
531 1518 648 1555 nobis
682 1518 882 1563 imposita,
917 1518 1133 1564 significari
1168 1528 1247 1555 non
1280 1524 1448 1564 possunt
1478 1520 1555 1556 nisi
1591 1521 1649 1557 vel
1680 1530 1747 1567 per

132 1565 382 1611 negationem
402 1565 506 1602 sicut
529 1574 648 1610 quum
669 1565 840 1601 dicimus
861 1567 983 1601 Deum
1005 1569 1193 1601 aeternum
1214 1566 1274 1601 vel
1303 1565 1514 1605 infinitum.
1545 1567 1602 1603 vel
1628 1568 1746 1604 etiam

131 1621 202 1657 per
220 1612 452 1648 relationem
473 1612 600 1657 ipsius
620 1611 667 1648 ad
690 1611 781 1655 alia,
804 1615 844 1647 ut
865 1621 985 1658 quum
1016 1612 1159 1648 dicitur
1175 1612 1301 1658 prima
1319 1623 1438 1650 causa
1459 1614 1517 1649 vel
1547 1623 1748 1652 summum

131 1658 296 1696 bonum.
316 1660 402 1695 Non
424 1659 530 1695 enim
552 1658 597 1694 de
623 1660 700 1695 Deo
721 1667 858 1703 capere
883 1667 1099 1704 possumus
1117 1659 1210 1705 quid
1227 1663 1298 1699 est,
1317 1660 1385 1696 sed
1403 1660 1508 1706 quod
1528 1669 1607 1698 non
1623 1665 1695 1702 est,
1711 1666 1749 1698 et

133 1705 301 1753 qualiter
319 1706 396 1742 alia
416 1714 459 1743 se
480 1705 651 1743 habeant
675 1704 724 1763 ἃς]
746 1705 890 1750 ipsum,
916 1709 958 1742 ut
978 1715 1025 1742 ex
1050 1706 1247 1751 praedictis
1266 1710 1422 1755 patet.(1
1444 1714 1561 1755 part„
1585 1721 1622 1757 q.
1645 1713 1748 1758 xm.)

770 1847 938 1888 CAPUT
972 1848 1113 1888 XXXI.

180 1967 281 2001 QUOD
306 1966 448 1996 DIVINA
470 1965 683 1996 PERFECTIO
707 1965 759 1996 ET
781 1967 1019 1996 PLURALITAS
1053 1968 1234 1997 NOMINUM
1263 1969 1412 1999 DIVINAE
1444 1971 1701 2001 SIMPLICITATI

768 2020 847 2049 NON
871 2021 1114 2050 REPUGNANT.

181 2129 233 2164 Ex
268 2127 468 2178 praedictis
506 2126 625 2165 etiam
662 2127 786 2165 videri
820 2131 970 2175 potest,
1011 2129 1116 2175 quod
1153 2129 1287 2168 divina
1327 2132 1518 2177 perfectio
1561 2138 1598 2170 ct
1634 2134 1749 2180 plura

132 2174 296 2211 nomina
341 2174 446 2211 dicta
478 2173 525 2211 de
565 2175 645 2211 Deo
681 2175 810 2221 ipsius
854 2175 1097 2222 simplicitati
1142 2186 1223 2213 non
1261 2183 1497 2225 repugnant.
1532 2180 1596 2217 Sic
1641 2182 1747 2218 enim

131 2230 272 2258 omnes
306 2220 570 2267 perfectiones
597 2221 639 2257 in
679 2221 799 2259 rebus
837 2223 926 2259 aliis
948 2223 1129 2260 inventas
1158 2226 1238 2260 Deo
1260 2225 1419 2261 attribui
1441 2226 1615 2264 diximus
1643 2228 1748 2265 sicut

132 2267 297 2305 effectus
318 2269 358 2304 in
380 2268 466 2305 suis
484 2268 619 2305 causis
636 2269 851 2315 aequivocis
866 2269 1147 2307 inveniuntur:
1170 2271 1235 2318 qui
1250 2272 1406 2317 quidem
1430 2272 1594 2310 effectus
1609 2274 1650 2310 in
1661 2275 1746 2312 suis

132 2315 266 2352 causis
286 2318 378 2352 sunt
398 2315 556 2360 virtute,
578 2318 619 2352 ut
639 2316 749 2352 calor
774 2316 816 2352 in
845 2317 944 2354 sole.
965 2317 1095 2354 Virtus
1116 2322 1247 2354 autem
1267 2318 1496 2365 hujusmodi
1518 2321 1596 2357 nisi
1615 2331 1746 2368 aequa-

131 2361 222 2398 liter
241 2366 347 2399 esset
363 2362 410 2398 de
432 2371 576 2408 genere
596 2362 757 2407 caloris,
779 2363 840 2400 sol
872 2373 942 2409 per
964 2373 1053 2401 eum
1083 2374 1206 2410 agens
1237 2374 1317 2402 non
1336 2366 1412 2402 sibi
1434 2367 1565 2403 simile
1585 2377 1746 2413 genera-

132 2411 202 2444 ret.
225 2409 279 2444 ΕΚ
298 2408 372 2446 hac
397 2409 520 2455 igitur
548 2410 691 2446 virtute
723 2410 785 2447 sol
811 2410 965 2448 calidus
995 2411 1151 2454 dicitur,
1175 2421 1255 2448 non
1283 2412 1414 2449 solum
1448 2413 1542 2459 quia
1571 2414 1744 2451 calorem

132 2454 239 2499 facit,
262 2454 331 2491 sed
350 2455 443 2502 qnia
459 2455 582 2493 virtus
602 2465 671 2502 per
691 2466 808 2503 quam
827 2457 902 2494 hoc
923 2457 1016 2494 facit
1035 2462 1095 2494 est
1110 2458 1259 2505 aliquid
1280 2459 1484 2496 conforme
1512 2459 1649 2497 calori.
1674 2463 1746 2498 Per

132 2501 310 2538 eamdem
332 2506 462 2538 autem
477 2502 674 2547 virtutem,
687 2513 757 2549 per
775 2513 893 2550 quam
912 2504 973 2542 sol
991 2504 1085 2541 facit
1104 2505 1290 2549 calorem,
1307 2505 1400 2542 facit
1421 2510 1458 2542 et
1473 2506 1621 2544 multos
1642 2507 1744 2546 alios

131 2547 298 2586 effectus
317 2548 358 2585 in
383 2548 639 2586 inferioribus
659 2551 906 2596 corporibus,
929 2554 1063 2596 utpote
1084 2551 1316 2588 siccitatem.
1340 2554 1382 2587 Et
1403 2553 1461 2589 sic
1487 2553 1596 2590 calor
1615 2558 1652 2590 et
1671 2555 1746 2592 sic·

131 2595 246 2639 citas,
267 2604 355 2642 quae
375 2595 416 2631 in
436 2595 529 2641 igne
555 2599 648 2632 sunt
675 2597 885 2643 qualitates
916 2597 1093 2638 diversae,
1125 2598 1200 2634 soli
1222 2598 1491 2636 attribuuntur
1522 2609 1592 2646 per
1622 2610 1743 2639 unam

130 2642 334 2690 virtutem;
355 2642 410 2679 ita
426 2647 463 2678 ct
484 2642 662 2679 omnium
681 2643 959 2688 perfectiones,
983 2653 1070 2690 quae
1098 2644 1216 2681 rebus
1241 2645 1332 2682 aliis
1360 2646 1579 2683 secundum
1615 2647 1744 2685 diver-

132 2697 199 2726 sas
218 2689 368 2726 formas
387 2689 643 2734 conveniunt,
666 2691 745 2726 Deo
766 2691 985 2727 secundum
1005 2699 1124 2728 unam
1161 2691 1246 2738 ejus
1287 2692 1470 2730 virtutem
1503 2694 1662 2731 attribui
1684 2699 1745 2733 est

131 2743 316 2773 necesse:
338 2745 425 2783 quae
445 2736 605 2783 quidem
618 2736 744 2773 virtus
764 2745 846 2773 non
865 2741 926 2774 est
948 2738 1026 2774 alia
1044 2747 1068 2775 a
1086 2747 1161 2775 sua
1186 2739 1374 2785 essentia,
1393 2749 1482 2777 cum
1504 2741 1540 2777 ei
1560 2741 1661 2778 nihil
1683 2751 1743 2780 ac·

131 2782 262 2820 cidere
279 2783 420 2829 possit,
449 2788 492 2820 ut
508 2783 716 2829 probatum
737 2787 810 2820 est.

177 2829 240 2866 Sic
260 2830 381 2876 igitur
399 2831 559 2876 sapiens
579 2831 684 2867 Deus
705 2830 848 2867 dicitur
868 2839 948 2868 non
969 2831 1100 2868 solum
1123 2832 1342 2870 secundum
1363 2834 1438 2871 hoc
1459 2834 1564 2881 quod
1583 2835 1741 2881 sapien-

131 2874 226 2913 tiam
249 2876 382 2922 efficit,
401 2877 470 2914 sed
506 2877 600 2924 quia
628 2877 847 2914 secundum
882 2878 986 2924 quod
1021 2878 1220 2924 sapientes
1254 2889 1408 2925 sumus,
1435 2882 1619 2918 virtutem
1639 2882 1739 2928 ejus,

132 2931 210 2970 qua
229 2923 430 2971 sapientes
450 2932 527 2962 nos
547 2924 654 2971 facit,
676 2924 928 2973 aliquatenus
949 2925 1176 2970 imitamus;
1197 2935 1280 2964 non
1311 2932 1442 2965 autem
1474 2928 1618 2966 dicitur
1637 2929 1740 2976 lapis
