1894 3223
678 130 766 165 [ΑΒ.
794 130 858 173 111,
887 129 986 165 CAP.
1015 129 1107 165 CIII.
1632 129 1697 164 401

81 220 173 250 mus
188 215 369 248 motuum
389 213 449 246 est
469 213 601 247 motus
621 209 776 253 localis,
806 209 910 246 unde
930 214 969 246 et
999 218 1121 247 causa
1155 209 1323 246 aliorum
1351 208 1498 246 existit.
1524 208 1693 250 Primum

80 259 189 296 enim
209 258 252 294 in
271 256 450 304 quolibet
469 265 614 303 genere
627 265 750 293 eausa
770 257 969 293 invenitur
986 266 1122 293 eorum
1145 266 1231 303 quae
1254 257 1293 292 in
1313 256 1382 293 illo
1399 265 1544 302 genere
1559 265 1697 293 eonse-

82 308 271 352 quuntur.
301 303 441 341 Omnis
472 306 603 340 autem
637 302 803 340 effectus
831 304 898 350 qui
932 304 972 340 in
1003 304 1065 341 liis
1087 303 1344 341 interioribus
1366 303 1607 349 producitur,
1632 311 1702 349 per

79 352 257 400 aliquam
278 350 577 398 generationem
613 349 676 387 vel
696 350 969 387 alterationem
993 359 1156 388 necesse
1175 355 1233 387 est
1253 354 1294 386 ut
1313 351 1565 396 producatur.
1585 351 1704 396 Opor-

82 403 138 436 tet
157 398 279 445 igitur
296 397 400 445 quod
422 406 491 443 per
509 396 661 444 aliquid
681 396 860 435 localiter
875 403 1024 434 motuni
1046 398 1120 434 lioc
1138 398 1354 443 proveniat,
1372 399 1404 433 si
1427 397 1491 433 siat
1506 398 1553 433 ab
1569 397 1702 444 aliquo

82 449 226 493 agente
246 444 503 491 incorporali,
523 443 629 491 quod
651 444 807 491 proprie
827 445 1004 482 localiter
1022 445 1169 482 moveri
1191 453 1271 481 non
1292 445 1429 489 possit.
1448 444 1617 481 Effectus
1637 453 1704 481 au-

83 497 160 530 tern
174 491 242 539 qui
257 490 358 529 fiunt
375 502 397 528 a
410 491 649 529 substantiis
666 492 914 538 incorporeis
931 502 999 538 per
1014 500 1204 538 corporea
1218 491 1496 534 instrumenta,
1515 500 1593 528 non
1611 494 1704 528 sunt

79 538 329 577 miraculosi.
344 539 516 584 Corpora
537 538 642 575 enim
665 547 745 576 non
764 544 976 585 operantur
998 539 1074 576 nisi
1096 539 1340 575 naturaliter.
1362 541 1446 575 Non
1468 538 1589 583 igitur
1610 538 1702 576 sub-

82 586 238 624 stantiae
256 589 395 623 ereatae
417 587 660 631 incorporem
676 591 843 632 possunt
866 587 999 633 aliqua
1019 586 1210 623 miracula
1230 585 1358 623 facere
1371 587 1529 631 propria
1544 585 1699 630 virtute,

78 637 120 670 >et
137 633 264 671 multo
286 633 421 670 minus
442 633 675 670 substantiae
697 642 911 679 corporeae,
935 642 1100 680 quarum
1129 632 1265 676 ,omnis
1287 633 1390 669 actio
1414 633 1604 669 naturalis
1625 636 1700 669 est.

82 679 215 718 Solius
234 680 357 727 igitur
375 680 442 717 Dei
464 684 524 717 est
545 680 737 717 miracula
757 682 899 718 faeere.
919 682 1007 726 Ipse
1027 680 1132 717 enim
1150 683 1211 717 est
1243 680 1424 725 superior
1453 680 1591 716 ordine
1623 687 1700 726 que

81 727 268 765 universa
288 727 556 772 continentur,
574 727 681 765 sicut
704 737 728 764 a
746 727 862 765 eu‘us
883 727 1131 774 providentia
1153 730 1261 764 totus
1281 726 1346 764 hic
1364 727 1462 764 ordo
1494 726 1592 763 fluit.
1612 727 1702 773 Ejus

80 775 196 812 etiam
220 774 360 818 virtus,
380 784 469 812 cum
491 775 543 811 sit
563 774 728 812 omnino
749 775 788 812 in
807 775 917 819 inita,
940 783 1018 812 non
1050 774 1334 811 determinatur
1356 773 1404 811 ad
1425 774 1596 820 aliquem
1620 782 1705 819 spe-

83 821 225 859 cialem
248 819 446 866 effectum,
471 830 597 868 neque
616 821 663 858 ad
684 821 761 859 hoc
775 821 881 869 quod
901 820 1067 859 effectus
1088 820 1216 867 ipsius
1234 820 1475 868 producatur
1493 821 1626 868 aliquo
1642 820 1704 857 de-

82 869 295 906 terminato
315 868 436 906 modo
450 869 510 905 vel
527 868 679 906 ordine.

128 915 228 953 Hine
246 919 307 953 est
325 915 431 963 quod
449 915 490 952 in
511 916 575 953 Ps.
601 923 747 961 cxxxv,
765 919 802 961 4,
819 916 964 954 dicitur
985 915 1031 953 de
1050 917 1130 954 Deo
1146 927 1156 953 ε
1172 915 1346 960 Quifacit
1363 915 1549 952 mirabilia
1569 924 1704 960 magna

81 963 190 1000 solus.
212 962 242 1010 (Ι
263 967 377 1009 part„
393 972 431 1010 q.
453 970 516 1009 cx,
537 965 609 1000 art.
631 962 682 1010 4.)

739 1102 909 1144 CAPUT
936 1101 1040 1143 CIII.

80 1215 266 1251 QUOMODO
285 1216 536 1247 SUBSTANTIAE
561 1215 810 1245 SPIRITUALES
833 1215 981 1250 ALIQUA
998 1215 1199 1246 MIRAGULA
1219 1215 1448 1246 OPERANTUR
1467 1216 1552 1251 QUAE
1572 1217 1705 1247 TAMEN

618 1274 698 1304 NON
716 1274 816 1304 SUNT
832 1275 936 1304 VERE
949 1275 1162 1304 MIRACULA.

128 1385 217 1423 Fuit
234 1388 366 1423 autem
386 1383 534 1431 positio
551 1383 760 1420 Avicennae
781 1382 850 1429 (De
873 1383 1006 1420 anima
1026 1383 1094 1420 lib.
1115 1392 1173 1427 Ἦ,
1194 1393 1281 1430 cap.
1303 1386 1324 1420 2
1342 1395 1351 1428 ;
1375 1387 1411 1420 et
1431 1383 1495 1420 lib.
1513 1393 1600 1429 vin,
1617 1394 1703 1432 cap.

83 1432 170 1479 ult.)
189 1432 297 1479 quod
318 1431 555 1469 substantiis
573 1430 769 1476 separatis
789 1430 914 1467 multo
935 1430 1063 1477 magis
1097 1430 1231 1467 obedit
1257 1431 1421 1468 materia
1457 1431 1504 1468 ad
1536 1432 1705 1478 produc-

82 1479 230 1516 tionem
260 1478 430 1525 alicujus
463 1476 642 1522 effectus,
675 1486 793 1524 quani
828 1478 1039 1514 contrariis
1069 1477 1280 1523 agentibus
1313 1478 1353 1514 in
1387 1481 1528 1515 natura
1559 1490 1567 1515 ε
1601 1479 1705 1517 unde

83 1526 196 1573 ponit
217 1526 323 1573 quod
341 1526 389 1563 ad
410 1524 768 1571 apprehensionem
789 1524 1065 1570 praedictarum
1084 1524 1398 1562 substantiarum
1432 1525 1613 1571 sequitur
1641 1526 1705 1563 in-

82 1573 237 1610 terdum
259 1571 424 1610 effectus
445 1572 591 1619 aliquis
610 1572 651 1608 in
673 1571 763 1609 istis
792 1571 1063 1615 inferioribus,
1085 1572 1146 1607 vel
1178 1571 1416 1617 pluviarum,
1437 1573 1497 1609 vel
1519 1573 1704 1611 sanitatis

80 1620 255 1667 alicujus
275 1619 436 1665 infirmi,
459 1619 609 1665 absque
628 1617 764 1665 aliquo
784 1626 976 1664 corporeo
1003 1622 1145 1665 agente
1165 1618 1310 1656 medio.
1328 1619 1447 1666 CuJ'us
1468 1619 1624 1666 quidem
1646 1621 1704 1658 si-

81 1676 208 1714 gnum
225 1666 275 1705 ab
298 1666 433 1705 anima
451 1670 590 1703 nostra
601 1665 856 1712 accipit,quae
875 1675 965 1702 cum
984 1665 1099 1702 suerit
1122 1665 1287 1703 fortisin
1303 1674 1376 1703 sua
1400 1666 1704 1713 imaginatione,

83 1713 133 1751 ad
153 1713 279 1751 solam
296 1713 655 1760 apprehensionem
677 1713 909 1749 immutatur
928 1722 1073 1758 corpus
1092 1725 1100 1757 ;
1123 1713 1228 1750 sicut
1257 1722 1347 1750 cum
1372 1714 1464 1760 quis
1492 1714 1705 1752 ambulans

85 1770 205 1806 super
219 1760 371 1798 trabem
391 1761 431 1796 in
454 1760 534 1797 alto
553 1759 723 1806 positam
745 1759 850 1796 cadit
869 1759 916 1796 de
948 1759 1068 1803 facili,
1098 1760 1192 1806 quia
1224 1760 1467 1807 imaginatur
1499 1770 1635 1798 casum
1657 1770 1706 1799 ex

81 1808 246 1852 timore3
267 1816 348 1845 non
371 1811 501 1844 autern
522 1806 694 1849 caderet,
713 1805 746 1843 si
767 1810 873 1843 esset
891 1806 1022 1843 trabes
1045 1806 1113 1843 illa
1130 1806 1261 1853 posita
1280 1810 1575 1854 superterram,
1595 1809 1703 1846 unde

80 1863 222 1892 casum
242 1855 380 1891 timere
395 1863 476 1891 non
496 1857 645 1900 posset.
666 1852 917 1890 Manifestum
940 1857 1000 1890 est
1018 1853 1135 1890 etiam
1151 1854 1256 1900 quod
1274 1854 1322 1891 ad
1342 1854 1470 1892 solam
1489 1855 1706 1901 apprehen-

80 1902 238 1940 sionem
259 1902 402 1939 animae
417 1901 581 1938 calescit
598 1909 759 1947 corpus,
781 1900 884 1937 sicut
897 1900 1042 1952 accidit
1062 1901 1102 1937 in
1121 1901 1514 1948 concupiscentibus,
1535 1903 1596 1939 vel
1625 1903 1702 1940 ira-

82 1949 162 1994 tis;
182 1949 388 1986 autetiam
406 1947 675 1995 infrigidatur,
697 1950 801 1984 sicut
821 1947 966 1984 accidit
992 1948 1034 1984 in
1053 1948 1301 1986 timentibus.
1322 1949 1570 1996 Quandoque
1583 1949 1702 1988 etiam

81 1996 316 2034 immutatur
335 2005 383 2033 ex
404 1995 495 2032 forti
514 1994 832 2042 apprehensione
850 1994 898 2031 ad
916 1995 1089 2047 aliquem
1110 1995 1402 2042 aegritudinem,
1423 1999 1517 2042 puta
1537 1996 1702 2042 febrem,

80 2043 146 2080 vel
165 2043 284 2080 etiam
315 2043 478 2089 lepram.
504 2044 548 2078 Et
562 2051 632 2089 per
651 2042 758 2079 hunc
776 2041 940 2078 modum
960 2041 1056 2079 dicit
1076 2043 1196 2090 quod,
1212 2043 1248 2080 si
1266 2043 1402 2080 anima
1423 2043 1476 2080 sit
1494 2053 1607 2089 pura,
1620 2052 1704 2081 non

81 2089 263 2136 ⁴subjecta
282 2089 558 2135 corporalibus
577 2088 834 2135 passionibus
855 2092 892 2126 et
913 2089 1026 2126 fortis
1048 2089 1088 2126 in
1118 2098 1193 2127 sua
1217 2090 1550 2137 apprehensione,
1572 2091 1706 2129 obedit

80 2135 394 2183 apprehensioni
414 2136 500 2182 ejus
526 2144 607 2173 non
629 2135 759 2174 solum
777 2144 924 2182 corpus
943 2136 1160 2183 proprium,
1180 2137 1253 2175 sed
1272 2137 1391 2175 etiam
1410 2138 1606 2176 exteriora
1623 2147 1708 2176 cor·

86 2191 186 2230 pora
203 2194 213 2227 ;
232 2182 333 2220 adeo
348 2183 456 2230 quod
476 2182 525 2220 ad
546 2182 633 2229 ejus
667 2182 1027 2228 apprehensionem
1050 2187 1214 2222 sanetur
1245 2185 1391 2232 aliquis
1424 2184 1621 2230 infirmus,
1643 2185 1705 2223 vel

87 2228 240 2282 aliquid
255 2229 487 2282 hujusmodi
506 2229 614 2267 aliud
635 2229 800 2267 accidat.
823 2231 868 2266 Et
886 2230 962 2267 hoe
979 2231 1092 2276 ponit
1111 2240 1200 2268 esse
1225 2241 1388 2269 eausam
1410 2232 1702 2278 fascinationis,

81 2286 182 2324 quia
211 2285 346 2315 anima
371 2277 555 2323 alicujus,
573 2276 828 2314 vehementer
848 2275 989 2314 affecta
1021 2278 1062 2315 in
1095 2279 1386 2323 malevolentia,
1405 2278 1524 2316 habet
1542 2279 1705 2325 impres-

85 2323 245 2361 sionem
276 2324 506 2361 nocumenti
535 2324 576 2361 in
608 2323 796 2371 aliquem,
826 2324 996 2361 maxime
1028 2334 1210 2372 puerum,
1237 2326 1305 2373 qui
1338 2329 1498 2372 propter
1526 2326 1705 2371 corporis

83 2370 393 2408 teneritudinem
414 2374 476 2409 est
495 2370 612 2408 facile
635 2370 887 2417 susceptivus
909 2372 1202 2418 impressionis.
1222 2372 1329 2409 Unde
1348 2373 1430 2409 vult
1451 2372 1556 2419 quod
1578 2373 1704 2411 multo

85 2417 261 2464 amplius
277 2417 329 2455 ad
351 2417 709 2464 apprehensionem
729 2417 1042 2456 substantiarum
1064 2423 1350 2465 separatarum,
1371 2428 1472 2466 quas
1491 2420 1604 2465 ponit
1625 2419 1707 2458 ani-

86 2473 188 2510 mas,
205 2464 268 2502 vel
285 2468 461 2503 motores
480 2464 651 2517 orbium,
669 2467 860 2517 sequatur
888 2465 1034 2512 aliquis
1055 2465 1221 2503 affectus
1249 2466 1291 2502 in
1324 2466 1413 2503 istis
1448 2466 1705 2505 inferioribus

89 2511 240 2558 absque
261 2511 418 2549 actione
436 2511 607 2559 allcujus
627 2511 847 2558 corporalis
867 2513 1036 2558 agentis.

135 2560 224 2596 Haec
245 2562 376 2596 autem
400 2558 547 2605 positio
567 2558 667 2596 satis
682 2566 863 2596 consona
882 2562 943 2595 est
961 2559 1051 2597 aliis
1066 2560 1152 2597 suis
1166 2558 1447 2607 positionibus.
1464 2561 1580 2598 Ponit
1600 2561 1707 2600 enim

91 2606 194 2653 quod
215 2615 356 2643 omnes
379 2606 516 2643 forma-3
542 2605 827 2643 substantiales
847 2604 1011 2642 effluant
1042 2607 1083 2643 in
1105 2607 1188 2644 haec
1217 2606 1405 2643 inferiora
1428 2616 1451 2643 a
1483 2607 1708 2647 substantia.
1768 2640 1771 2647 ,

91 2656 283 2699 reparata,
305 2656 342 2690 et
362 2653 468 2699 quod
489 2652 708 2699 corporalia
732 2652 891 2698 agentia
910 2661 991 2688 non
1011 2653 1091 2690 sint
1111 2653 1190 2691 nisi
1217 2654 1470 2699 disponentia
1500 2656 1706 2694 materiam

88 2700 137 2737 ad
157 2700 455 2746 suscipiendam
477 2699 783 2746 impressionem
804 2699 959 2751 agentis
991 2701 1175 2746 separati.
1199 2701 1311 2745 Quod
1343 2700 1502 2747 quidem
1532 2711 1614 2739 non
1646 2707 1707 2741 est

89 2755 241 2792 verum,
262 2747 482 2785 secundum
500 2745 724 2784 Aristotelis
751 2745 985 2790 doctrinam,
1008 2747 1074 2794 qui
1107 2747 1247 2793 probat
1276 2747 1317 2784 in
1350 2747 1518 2793 septimo
1546 2751 1705 2796 Metapa.

89 2793 198 2837 (text.
228 2803 373 2832 comm.
394 2796 439 2832 28
475 2797 513 2832 et
543 2793 644 2841 seq.)
664 2792 772 2841 quod
800 2793 936 2830 formae
970 2803 1057 2840 quae
1087 2795 1241 2832 suntin
1269 2796 1447 2839 materia,
1468 2805 1549 2833 non
1571 2801 1664 2834 sunt
1684 2805 1708 2834 a.

90 2840 230 2877 formis
251 2841 458 2887 separatis,
482 2841 552 2879 sed
574 2850 597 2878 a
615 2840 755 2878 formis
771 2849 858 2887 quae
879 2843 973 2877 sunt
991 2841 1033 2878 in
1064 2841 1229 2880 materia
1250 2853 1259 2879 ε
1281 2841 1340 2880 sic
1368 2842 1475 2879 enim
1508 2843 1707 2881 invenitur

87 2886 309 2925 similitudo
326 2888 428 2925 inter
447 2888 599 2926 faciens
617 2890 655 2925 et
675 2887 834 2925 factum.

1544 2968 1583 2996 ‘26
