1894 3223
632 114 717 150 [ΑΒ.
744 113 804 158 IV,
832 113 934 151 CAP.
960 113 1140 151 XXXVIII.
1629 113 1692 148 561

77 197 307 237 subsistens
327 196 368 234 in
393 194 549 233 duabus
567 195 734 239 naturis,
755 195 860 243 quod
893 194 1088 241 Eutyches
1108 193 1226 239 dixit;
1246 193 1345 232 nihil
1378 194 1483 232 enim
1513 192 1698 232 subsistit

78 245 122 284 in
152 253 201 283 eo
227 242 332 293 quod
355 241 431 280 sibi
462 241 757 280 accidentaliter
786 243 934 279 unitur.
959 244 1009 278 Ex
1031 251 1078 279 eo
1099 251 1191 279 vero
1212 242 1318 289 quod
1339 241 1434 279 dicit
1465 241 1636 278 animam
1659 244 1698 279 et

78 300 238 331 carnem
270 298 351 327 non
384 288 488 326 uniri
525 289 571 326 ad
605 289 755 337 aliquid
783 289 1121 333 constituendum,
1143 289 1328 327 convenit
1362 289 1503 335 partini
1535 287 1695 335 quidem

79 347 170 378 cum
205 336 298 375 Ario
335 338 374 374 et
396 336 626 383 Apollinari,
658 336 725 383 qui
761 340 980 383 posuerunt
1012 344 1158 383 corpus
1190 335 1333 373 Christi
1365 344 1445 372 non
1479 336 1696 373 animatum

79 386 214 424 anima
241 383 440 428 rationali,
468 387 506 420 et
540 383 680 430 partim
716 392 806 420 cum
843 382 1074 427 Manichaeo,
1102 383 1167 430 qui
1207 383 1342 429 posuit
1378 382 1575 420 Christum
1617 391 1697 420 non

77 440 213 471 verum
234 431 452 474 hominem,
475 431 543 468 sed
571 430 864 476 phantasticum
900 430 1049 474 111188ος
1069 430 1102 466 81
1123 429 1228 466 enim
1251 430 1382 466 anima
1405 438 1484 466 non
1507 434 1566 467 est
1589 431 1699 466 nnita

78 478 188 517 carni
223 477 271 516 ad
309 477 478 524 alicujus
515 477 865 522 constitutionem,
901 476 1192 523 phantasticum
1233 480 1317 513 erat
1354 476 1460 524 quod
1494 476 1700 514 videbatur

77 525 119 564 in
138 525 296 564 Christo
326 525 512 562 similiter
539 524 630 562 aliis
662 524 892 562 hominibus
924 533 972 561 ex
1002 523 1148 560 unione
1168 523 1311 560 animae
1334 527 1372 560 et
1403 524 1582 570 corporis
1604 532 1697 561 con-

76 572 243 612 stitutis.

123 619 300 667 Sumpsit
330 622 460 657 autem
487 619 571 657 11ωο
600 618 748 665 positio
779 617 1032 656 occasionem
1066 626 1115 656 ex
1145 616 1265 655 verbo
1287 617 1465 664 Apostoli
1497 617 1665 656 dicentis
1689 628 1697 652 ι

76 667 215 704 Habitu
249 668 415 702 inventus
466 669 508 702 ut
549 666 649 702 homo
686 666 820 713 (Phia,
854 674 896 711 11,
929 665 993 712 7);
1026 673 1107 702 non
1145 664 1252 702 enim
1307 664 1587 702 intellexerunt
1624 665 1700 703 hoc

78 713 298 752 secundum
338 713 608 760 metaphoram
641 712 732 751 dici.
773 713 868 757 Quae
906 716 1036 749 autem
1080 711 1346 764 metaphorice
1389 711 1575 750 dicuntur
1617 720 1699 750 non

77 764 235 808 oportet
274 760 493 798 secundum
527 760 662 798 omnia
694 760 842 798 similia
876 768 980 797 esse.
1021 758 1145 796 Habet
1176 759 1299 807 igitur
1335 762 1477 796 natura
1521 759 1696 797 humana

79 810 286 854 assumpta
317 807 528 854 quamdam
561 807 780 845 indumenti
803 806 1118 850 similitudinem,
1140 805 1182 843 in
1215 808 1407 853 quantum
1442 806 1610 843 Verbum
1632 815 1701 853 per

78 864 239 892 carnem
266 854 465 892 visibilem
494 854 712 898 videbatur,
734 854 838 892 sicut
870 854 990 891 homo
1020 853 1174 890 videtur
1194 862 1264 900 per
1295 853 1569 890 indumentum
1589 865 1597 897 3
1620 861 1700 890 11011

77 905 211 938 autem
230 905 420 949 quantum
441 900 579 938 adhoc
600 901 703 950 quod
728 901 822 939 unio
839 900 947 938 verbi
969 899 1016 939 ad
1038 900 1253 938 humanam
1278 903 1460 938 naturam
1478 900 1520 938 in
1545 900 1701 939 Christo

81 949 199 986 suerit
218 948 338 987 modo
359 948 607 987 accidentali.

685 1083 852 1124 CAPUT
890 1082 1104 1123 XXXVIII.

78 1203 232 1235 CONTRA
265 1203 339 1235 Eos
374 1201 440 1239 QUI
478 1203 632 1233 PONUNT
668 1203 770 1233 DUAS
808 1202 1053 1232 HYPOSTASES
1095 1203 1170 1231 VEL
1194 1203 1271 1232 DUO
1305 1203 1514 1232 SUPPOSITA
1547 1203 1589 1232 IN
1623 1202 1703 1233 UNA

500 1261 509 1266 ‘
703 1261 880 1292 PERSONA
904 1261 1072 1291 CHRISTI.

128 1374 236 1410 Hanc
272 1372 396 1421 igitur
425 1371 666 1419 positionem
689 1375 850 1419 propter
878 1371 1065 1418 praedicta
1096 1371 1418 1409 inconvenientia
1449 1371 1517 1408 alii
1538 1371 1700 1419 quidem

80 1419 251 1457 vitantes
291 1421 513 1466 posuerunt
547 1428 597 1457 ex
629 1420 763 1456 anima
797 1422 836 1455 et
867 1427 984 1455 carne
1022 1419 1062 1454 in
1086 1419 1255 1456 Domino
1279 1420 1372 1456 Jesu
1398 1419 1552 1455 Christo
1584 1428 1703 1457 unam

79 1466 347 1505 substantiam
367 1466 622 1504 constitutam
646 1474 750 1510 esse,
770 1465 923 1503 scilicet
945 1465 1143 1502 hominem
1165 1465 1376 1512 quemdam
1404 1465 1581 1512 ejusdcm
1614 1475 1702 1511 spe·

81 1513 158 1552 ciei
190 1513 282 1551 aliis
314 1513 563 1558 hominibus;
585 1522 702 1560 quem
722 1512 878 1560 quidem
912 1513 1112 1549 hominem
1135 1513 1288 1550 unitum
1309 1513 1443 1549 dicunt
1464 1513 1588 1550 Verbo
1618 1513 1702 1556 Dei,

82 1569 165 1598 non
183 1560 342 1607 quidem
363 1560 404 1597 in
424 1563 578 1605 natura,
603 1560 673 1597 sed
693 1559 735 1597 in
754 1568 939 1606 persona,
963 1563 1004 1596 ut
1037 1560 1189 1596 seilicet
1218 1560 1270 1597 sit
1289 1569 1366 1596 una
1387 1568 1559 1604 persona
1586 1559 1702 1597 Verbi

82 1607 151 1645 Dei
173 1611 211 1645 et
242 1607 352 1645 illius
381 1607 568 1645 hominis.
590 1607 678 1652 Sed,
701 1607 796 1654 quia
825 1607 945 1644 homo
965 1606 1030 1643 ille
1051 1607 1231 1653 quaedam
1253 1607 1457 1644 individua
1477 1607 1701 1644 substantia

82 1656 158 1700 est,
178 1654 286 1703 quod
305 1657 475 1693 estesse
492 1650 739 1702 hypostasim
760 1657 799 1690 et
832 1654 1097 1700 suppositum,
1129 1654 1266 1691 dicunt
1291 1653 1449 1700 quidem
1483 1654 1524 1690 in
1546 1653 1701 1692 Christo

82 1710 174 1740 esse
203 1701 320 1739 aliam
357 1702 603 1749 hypostasim
624 1701 734 1739 iliius
756 1701 931 1738 hominis
955 1704 992 1738 et
1015 1701 1128 1738 Verbi
1150 1701 1230 1747 Dei,
1252 1701 1323 1738 sed
1344 1709 1461 1738 unam
1489 1709 1702 1746 personam

84 1749 318 1796 utriusque3
351 1750 505 1786 ratione
538 1749 653 1795 cujus
691 1748 854 1786 unitatis
893 1748 1215 1785 dicuntverbum
1249 1748 1318 1784 Dei
1356 1748 1404 1785 de
1441 1748 1602 1785 homine
1633 1748 1703 1786 1110

111 1795 287 1834 raedicari
309 1798 347 1833 et
366 1795 569 1834 hominem
589 1796 700 1833 illum
730 1795 778 1832 de
797 1795 922 1832 Verbo
944 1795 1023 1839 Dei,
1048 1800 1088 1832 ut
1106 1795 1156 1832 sit
1176 1803 1322 1833 sensus
1343 1806 1353 1832 ε
1373 1795 1541 1832 Verbum
1557 1795 1625 1832 Dei
1644 1798 1705 1833 est

113 1851 220 1888 omo,
241 1842 280 1881 id
312 1844 374 1880 est
401 1851 574 1889 persona
591 1842 704 1879 Verbi
724 1842 790 1879 Dei
815 1846 875 1879 est
906 1851 1077 1888 persona
1108 1842 1297 1886 hominis,
1320 1844 1358 1879 et
1389 1851 1409 1878 e
1430 1851 1637 1883 converso.
1658 1843 1705 1879 Et

82 1890 151 1926 11αο
180 1891 322 1927 ratione
349 1890 531 1936 quidquid
560 1890 604 1926 de
635 1889 749 1927 Verbo
777 1891 844 1926 Dei
868 1889 1093 1935 praedicatar
1123 1890 1249 1925 dicant
1280 1889 1324 1924 de
1355 1889 1496 1925 homine
1514 1889 1576 1925 illo
1602 1898 1706 1935 posse

80 1937 291 1984 praedz'cari,
329 1940 363 1973 et
391 1947 409 1973 e
439 1947 605 1974 converso
637 1948 646 1974 :
679 1945 771 1974 cum
802 1936 973 1984 quadam
1003 1940 1137 1974 tamen
1176 1935 1446 1982 replicatione,
1488 1940 1542 1980 ut,
1583 1944 1705 1983 quum

83 1983 258 2022 dicitur:
281 1986 384 2022 Deus
405 1987 466 2021 est
494 1992 654 2031 passus,
676 1983 727 2022 sit
754 1992 900 2022 sensus
923 1993 931 2019 :
954 1985 1078 2021 Homo
1105 1983 1172 2030 qui
1194 1987 1255 2020 est
1282 1985 1400 2024 Dens,
1423 1987 1581 2029 propter
1609 1983 1705 2021 uni-

83 2035 205 2116 tattelrln
241 2040 436 2078 personae,
473 2035 533 2068 est
561 2040 722 2077 passus,
752 2034 791 2069 et
821 2040 830 2067 ε
867 2032 992 2068 Homo
1030 2031 1176 2068 creavit
1206 2030 1359 2075 stellas,
1388 2031 1426 2067 id
1456 2034 1517 2067 est
1542 2030 1608 2068 ille
1638 2030 1705 2078 qui

85 2087 129 2116 es
191 2087 298 2116 omo.

133 2125 211 2163 Sed
235 2124 320 2163 11ωο
338 2125 485 2171 positio
503 2125 550 2163 de
569 2125 803 2163 necessitate
824 2125 863 2162 in
887 2134 1061 2163 errorem
1081 2125 1251 2162 Nestorii
1272 2125 1475 2163 dilabitur.

133 2171 174 2211 Si
193 2171 300 2210 enim
321 2170 543 2209 differentia
563 2181 743 2218 personae
763 2176 802 2209 et
821 2172 1048 2219 hypostasis
1064 2172 1301 2218 attendatur,
1316 2172 1516 2210 invenitur
1533 2181 1707 2218 persona

82 2227 178 2258 esse
198 2227 280 2256 non
300 2218 475 2256 alienum
495 2219 543 2256 ab
564 2219 782 2266 hypostasi,
805 2220 875 2256 sed
898 2219 1078 2265 quaedam
1099 2227 1190 2264 pars
1216 2218 1328 2265 ejus3
1351 2219 1450 2256 1111111
1473 2219 1577 2256 enim
1598 2219 1707 2257 aliud

87 2270 150 2306 est
167 2274 341 2312 persona
358 2274 476 2313 quam
497 2266 724 2314 hypostasis
745 2266 836 2303 talis
857 2270 1020 2310 naturae,
1043 2265 1193 2304 scilicet
1213 2265 1443 2310 rationalis3
1474 2266 1578 2313 quod
1599 2269 1705 2313 patet

91 2323 139 2351 ex
159 2312 388 2351 definitione
409 2313 534 2350 Boetii
556 2313 724 2351 dicentis
744 2312 849 2359 quod
870 2325 888 2345 «
910 2321 1082 2358 persona
1102 2314 1164 2350 est
1192 2312 1399 2350 rationalis
1437 2317 1586 2350 naturae
1608 2313 1706 2351 indi·

85 2360 206 2398 vidua
231 2359 506 2399 substantia».
529 2361 583 2397 Ex
601 2369 680 2408 quo
704 2361 808 2406 patet
839 2359 958 2406 quod,
991 2359 1084 2397 licet
1115 2368 1194 2397 non
1229 2360 1360 2397 omnis
1394 2360 1623 2407 hypostasis
1655 2360 1706 2399 sit

86 2415 272 2454 persona,
290 2406 422 2444 omnis
442 2410 573 2443 tamen
600 2406 826 2454 hypostasis
846 2407 1030 2443 humanae
1052 2409 1201 2444 naturae
1221 2416 1392 2452 persona
1424 2411 1496 2444 est.
1519 2407 1558 2444 Si
1586 2407 1708 2454 igitur

88 2463 137 2491 ex
170 2453 258 2491 sola
289 2454 438 2491 unione
470 2454 612 2491 animae
643 2456 681 2491 et
711 2454 890 2500 corporis
926 2454 1143 2491 constituta
1175 2456 1236 2490 est
1269 2453 1308 2490 in
1332 2454 1486 2491 Christo
1523 2454 1704 2501 quaedam

87 2500 313 2538 substantia
337 2500 587 2547 particularis
621 2510 709 2553 quae
730 2505 790 2538 est
809 2500 1052 2548 hypostasis,
1082 2499 1234 2538 scilicet
1252 2500 1320 2537 ille
1354 2501 1487 2546 homo,
1525 2501 1705 2548 sequitur

82 2547 194 2594 »quod
223 2555 273 2584 ex
291 2546 429 2584 eadem
447 2547 595 2584 unione
616 2551 665 2585 sit
685 2547 902 2585 constituta
919 2555 1104 2594 persona.
1124 2546 1188 2584 Sic
1208 2546 1328 2594 igitur
1347 2547 1388 2584 111
1407 2548 1559 2585 Christo
1592 2551 1708 2585 erunt

88 2595 176 2632 duae
195 2601 392 2641 personae,
413 2602 494 2631 una
513 2594 623 2632 illius
644 2594 821 2632 hominis
840 2594 888 2631 de
908 2603 1012 2632 novo
1028 2593 1257 2638 constituta,
1279 2597 1316 2630 et
1336 2594 1415 2631 alia
1430 2599 1574 2632 aeterna
1595 2594 1707 2632 Verbi

88 2641 182 2687 Dei3
200 2640 306 2689 quod
327 2644 388 2678 est
405 2641 651 2679 Nestorianae
668 2641 897 2688 impietatis.

134 2689 235 2730 Item,
268 2687 343 2725 etsi
373 2687 603 2735 hypostasis
637 2688 748 2725 1111118
779 2687 954 2725 hominis
986 2697 1067 2726 non
1099 2691 1235 2734 posset
1259 2687 1335 2724 diei
1369 2697 1553 2734 persona,
1575 2693 1706 2726 tamen

81 2733 193 2773 idem
213 2737 274 2773 est
290 2734 518 2782 hypostasis
534 2734 645 2773 Verbi
659 2734 728 2772 Dei
746 2735 852 2782 quod
873 2743 1058 2781 persona.
1075 2734 1113 2771 Si
1133 2734 1252 2781 igitur
1271 2734 1500 2782 hypostasis
1513 2736 1624 2773 Verbi
1640 2736 1707 2773 Dei

89 2789 170 2819 non
189 2785 251 2819 est
269 2782 378 2819 illius
404 2781 594 2827 hominis,
614 2791 742 2829 neque
761 2782 876 2819 etiam
899 2789 1071 2828 persona
1089 2781 1203 2818 Verbi
1225 2781 1293 2818 Dei
1313 2782 1385 2818 erit
1404 2791 1576 2828 persona
1597 2783 1704 2821 illius

89 2826 285 2873 hominis3
308 2832 344 2866 et
363 2828 421 2866 sio
442 2829 588 2867 falsum
608 2828 683 2867 erit
699 2828 803 2877 quod
835 2828 983 2870 dicunt,
1006 2827 1113 2876 quod
1131 2836 1303 2874 persona
1322 2828 1432 2867 illius
1453 2829 1626 2868 hominis
1648 2833 1708 2868 est

85 2882 263 2921 ,persona
281 2875 395 2914 Verbi
415 2876 498 2913 Dei.

1482 2955 1521 2984 3ss
