1894 3223
123 135 193 171 466
686 127 774 164 LIB.
803 127 866 170 ΙΙΙ,
895 126 996 163 CAP.
1024 126 1186 164 CXLVII.

752 275 921 317 CAPUT
959 276 1145 318 CXLVII.

182 394 282 430 QUOD
308 393 416 422 HOMO
439 391 600 421 INDIGET
622 389 760 420 DIVINO
785 390 945 419 AUXILIO
967 390 1019 419 AD
1043 389 1336 420 BEATITUDINEM
1367 390 1691 425 CONSEQUENDAM.

174 503 275 548 Quia
305 509 397 538 vero
432 510 480 536 ex
506 498 781 545 superioribus
813 498 1068 536 manifestum
1102 501 1162 536 est
1199 498 1306 545 quod
1340 498 1474 536 divina
1501 499 1754 546 providentia

127 551 240 589 aliter
269 547 446 594 disponit
474 550 674 584 creaturas
708 545 926 583 rationales
957 555 1075 592 quam
1095 555 1159 582 res
1194 545 1310 591 alias,
1334 547 1554 583 secundum
1583 547 1688 594 quod
1710 547 1753 583 in

127 596 356 636 conditione
389 597 539 631 naturae
571 592 731 640 propria
751 592 799 629 ab
820 592 911 629 aliis
941 592 1142 637 differunt,
1162 595 1285 629 restat
1316 593 1607 630 ostendendum
1629 593 1751 640 quod,

128 646 246 682 etiam
268 653 315 680 ex
333 641 524 688 dignitate
544 639 652 685 finis,
672 639 827 676 altioris
856 639 1160 686 gubernationis
1182 639 1326 677 modus
1345 648 1369 677 a
1395 639 1529 677 divina
1546 641 1754 686 providen-

126 692 183 728 tia
203 691 261 727 eis
282 689 503 726 adhibetur.

176 737 427 774 Manifestum
448 738 506 772 est
527 737 658 771 autem
680 733 800 780 quod,
822 733 1042 770 secundum
1065 733 1382 771 convenientiam
1413 742 1496 770 suae
1517 737 1680 779 naturae,
1703 734 1753 772 ad

128 785 309 822 altiorem
330 781 671 829 participationem
691 780 783 817 finis
804 781 1051 826 perveniunt.
1071 780 1169 824 Quia
1191 780 1593 818 enimintellectualis
1613 785 1755 818 natura

129 836 236 875 sunt,
258 840 326 877 per
355 838 468 867 suam
502 828 773 874 operationem
802 827 1095 874 intelligibilem
1116 827 1320 864 veritatem
1341 828 1534 874 attingere
1555 832 1754 873 possunt;

130 878 237 926 quod
258 877 347 914 aliis
380 876 498 912 rebus
519 884 600 912 non
631 874 819 921 competit
839 884 925 921 quae
948 874 1144 911 intellectu
1168 878 1316 912 carent.
1339 877 1382 911 Et
1403 874 1622 912 secundum
1646 875 1752 921 quod

129 926 176 964 ad
198 923 489 970 intelligibilem
518 923 720 958 veritatem
756 922 926 958 naturali
960 921 1189 967 operatione
1222 922 1471 968 perveniunt,
1494 922 1754 959 manifestum

130 977 189 1010 est
211 972 270 1009 eis
291 971 404 1008 aliter
434 969 631 1016 provideri
665 969 856 1005 divinitus
891 978 1008 1015 quam
1030 968 1120 1005 aliis
1150 968 1283 1013 rebus,
1308 969 1349 1005 in
1383 972 1572 1015 quantum
1597 969 1751 1005 homini

131 1021 246 1058 datus
269 1021 327 1055 est
347 1017 573 1053 intellectus
605 1019 643 1052 et
662 1016 777 1060 ratio,
796 1025 866 1062 per
884 1025 971 1062 quae
1003 1016 1205 1053 veritatem
1225 1020 1262 1053 et
1281 1016 1506 1053 discernere
1537 1020 1574 1052 et
1594 1016 1755 1053 investi-

130 1076 225 1114 gare
246 1065 388 1112 possit.
411 1066 515 1101 Datae
536 1066 629 1100 sunt
662 1063 778 1100 etiam
800 1063 834 1099 ei
867 1064 972 1099 vires
993 1063 1208 1107 sensitivae,
1228 1067 1263 1100 et
1291 1063 1516 1107 interiores,
1539 1063 1684 1110 quibus
1705 1062 1754 1100 ad

128 1112 450 1159 investigandam
470 1112 673 1147 veritatem
707 1110 924 1156 adjuvetur.
948 1112 1069 1146 Datus
1090 1114 1149 1147 est
1169 1110 1284 1147 etiam
1309 1111 1342 1147 ci
1366 1110 1532 1156 loquelae
1553 1119 1666 1154 usus,
1685 1119 1759 1155 per

132 1161 247 1207 cujus
268 1159 443 1197 officium
472 1158 675 1194 veritatem
697 1166 814 1204 quam
837 1157 983 1203 aliquis
1012 1161 1142 1194 mente
1162 1158 1336 1203 concipit
1364 1157 1475 1193 alteri
1498 1157 1756 1194 manifestare

131 1208 264 1254 possit
283 1218 292 1250 3
314 1209 355 1242 ut
376 1206 434 1242 sic
457 1204 642 1241 homines
661 1205 818 1250 seipsos
843 1204 980 1249 juvent
1001 1204 1042 1239 in
1072 1204 1301 1251 cognitione
1318 1204 1509 1247 veritatis,
1532 1204 1636 1241 sicut
1655 1207 1692 1240 et
1712 1204 1755 1240 in

135 1255 226 1291 aliis
246 1253 365 1290 rebus
397 1251 637 1288 necessariis
662 1251 765 1294 vitae,
797 1260 887 1287 cum
920 1251 972 1288 sit
1002 1251 1122 1287 homo
1154 1251 1301 1288 animal
1332 1251 1564 1287 naturaliter
1589 1250 1755 1288 sociale.

134 1301 207 1338 Sed
227 1300 393 1337 ulterius
414 1299 580 1336 ultimus
599 1298 693 1335 tinis
723 1297 899 1334 hominis
919 1298 960 1334 in
978 1298 1146 1344 quadam
1165 1298 1342 1335 veritatis
1359 1298 1588 1344 cognitione
1610 1298 1757 1335 consti-

132 1352 243 1385 tutus
263 1351 336 1390 est,
360 1355 446 1392 quae
465 1345 685 1382 naturalem
706 1344 931 1381 facultatem
962 1345 1091 1390 ipsius
1112 1345 1277 1389 excedit,
1300 1348 1343 1381 ut
1360 1344 1512 1381 scilicet
1531 1345 1658 1390 ipsam
1679 1344 1758 1391 pri·

132 1404 238 1431 mam
272 1393 473 1429 veritatem
497 1392 627 1428 videat
647 1392 689 1427 in
722 1392 867 1436 seipsa,
889 1392 992 1428 sicut
1022 1400 1143 1436 supra
1177 1396 1383 1428 ostensum
1417 1395 1490 1428 est.
1510 1393 1590 1428 Hoc
1623 1395 1756 1428 autem

133 1441 393 1478 inferioribus
412 1439 603 1476 creaturis
624 1447 705 1475 non
726 1439 926 1483 competit,
943 1443 985 1474 ut
1003 1439 1156 1475 scilicet
1175 1438 1222 1475 ad
1243 1437 1361 1474 finem
1376 1439 1580 1484 pervenire
1597 1439 1758 1485 possint

162 1488 201 1524 ui
223 1497 359 1524 eorum
393 1486 617 1523 facultatem
648 1485 867 1521 naturalem
889 1485 1064 1522 excedat.
1085 1486 1246 1531 Oportet
1270 1485 1392 1532 igitur
1411 1489 1454 1521 ut
1474 1485 1590 1522 etiam
1613 1495 1660 1522 ex
1681 1485 1757 1523 hoc

131 1498 212 1572 gne
235 1534 458 1571 attendatur
474 1533 655 1569 diversus
677 1531 978 1578 gubernationis
997 1532 1139 1569 modus
1154 1532 1260 1569 circa
1276 1532 1461 1569 homines
1481 1536 1519 1569 et
1539 1532 1640 1569 alias
1659 1532 1758 1569 infe-

133 1582 260 1619 riores
296 1584 510 1617 creaturas.
534 1581 586 1615 Ea
606 1579 712 1615 enim
731 1589 817 1626 quae
850 1583 944 1616 sunt
963 1579 1011 1616 ad
1044 1579 1162 1615 finem
1193 1588 1359 1616 necesse
1378 1583 1439 1616 est
1469 1578 1539 1616 fini
1561 1588 1651 1617 esse
1669 1587 1761 1625 pro·

132 1629 372 1674 portionata.
396 1627 435 1664 Si
456 1627 578 1673 igitur
596 1626 715 1663 homo
737 1626 943 1663 ordinatur
962 1626 1003 1662 in
1024 1626 1143 1663 finem
1160 1626 1227 1673 qui
1247 1625 1333 1673 ejus
1352 1626 1580 1664 facultatem
1601 1629 1759 1664 natura-

133 1676 211 1712 lem
233 1675 398 1719 excedit,
422 1682 585 1711 necesse
606 1677 666 1709 est
686 1673 719 1710 ei
743 1673 905 1720 aliquod
936 1674 1129 1710 auxilium
1148 1673 1340 1711 divinitus
1357 1673 1535 1710 adhiberi
1556 1682 1757 1719 superna-

133 1723 261 1760 turale
281 1732 349 1768 per
367 1722 472 1768 quod
492 1721 627 1757 tendat
644 1721 683 1756 in
706 1720 839 1757 finem.

182 1770 325 1809 Adhuc,
349 1778 412 1805 res
430 1768 632 1804 inferioris
649 1771 799 1804 naturae
818 1768 857 1804 in
872 1767 912 1804 id
933 1768 1039 1815 quod
1061 1771 1121 1805 est
1139 1767 1343 1814 proprium
1364 1767 1584 1813 superioris
1605 1771 1758 1806 naturae

133 1825 213 1854 non
236 1820 365 1862 potest
397 1815 554 1861 perduci
586 1815 664 1851 nisi
685 1815 827 1851 virtute
846 1814 956 1852 illius
979 1815 1199 1860 superioris
1217 1817 1381 1858 naturae,
1403 1815 1508 1851 sicut
1538 1815 1647 1855 luna,
1668 1823 1759 1861 quae

136 1873 183 1900 ex
205 1872 246 1900 se
270 1872 346 1899 non
382 1863 501 1905 lucet,
522 1862 566 1898 tit
586 1861 717 1898 lucida
748 1862 890 1897 virtute
909 1865 947 1897 et
975 1862 1131 1898 actione
1153 1861 1277 1906 solis;
1300 1865 1339 1898 et
1370 1871 1486 1908 aqua,
1506 1870 1595 1908 quae
1624 1870 1694 1907 per
1713 1869 1757 1898 se

133 1918 216 1946 non
237 1910 351 1954 calet,
373 1908 417 1945 fit
433 1909 562 1945 calida
577 1909 720 1945 virtute
739 1912 777 1944 et
796 1908 952 1945 actione
982 1909 1102 1955 ignis.
1125 1909 1262 1945 Videre
1281 1912 1412 1945 autem
1434 1909 1561 1954 ipsam
1585 1909 1755 1954 primam

133 1956 339 1993 veritatem
372 1956 413 1992 in
434 1955 568 2001 seipsa
594 1955 649 1991 ita
667 1955 911 1991 transcendit
946 1955 1171 1992 facultatem
1195 1956 1378 1992 humanae
1397 1959 1548 1992 naturae
1569 1954 1674 2002 quod
1697 1957 1758 1992 est

133 2004 337 2050 proprium
372 2002 500 2039 solius
533 2002 616 2046 Dei,
637 2005 680 2038 ut
701 2011 820 2047 supra
842 2002 889 2047 (c.
913 2001 972 2048 52)
993 2006 1199 2039 ostensum
1225 2006 1297 2039 est.
1321 2001 1474 2048 Indiget
1493 2002 1615 2048 igitur
1634 2002 1758 2039 homo

134 2051 284 2087 anxilio
304 2050 437 2085 divino
459 2049 503 2085 ad
529 2049 602 2086 hoc
622 2049 727 2095 quod
743 2050 782 2085 in
804 2049 950 2085 dictum
972 2048 1090 2085 finem
1113 2049 1327 2095 perveniat.

180 2099 282 2141 Item,
303 2106 549 2143 unaquaeque
567 2105 630 2132 res
650 2105 720 2141 per
740 2096 1010 2141 operationem
1029 2105 1143 2133 suam
1174 2096 1356 2133 ultimum
1390 2095 1509 2133 finem
1542 2096 1758 2144 consequi·

133 2147 212 2181 tur.
237 2144 420 2190 Operatio
441 2147 571 2179 autem
591 2143 775 2179 virtutem
810 2144 975 2179 sortitur
1005 2153 1052 2180 ex
1085 2143 1282 2189 principio
1311 2147 1522 2189 operante;
1551 2143 1657 2180 unde
1688 2151 1760 2189 per

134 2191 331 2228 actionem
356 2190 522 2227 seminis
543 2193 754 2236 generatur
789 2189 939 2237 aliquid
966 2190 1008 2226 in
1037 2190 1297 2228 determinata
1322 2190 1470 2236 specie,
1497 2190 1612 2237 cujus
1631 2190 1758 2228 virtus

133 2237 176 2274 in
197 2238 349 2274 semine
370 2237 599 2283 praeexistit.
621 2239 706 2273 Non
725 2240 856 2283 potest
875 2237 998 2283 igitur
1017 2236 1139 2275 homo
1159 2246 1230 2284 per
1246 2237 1515 2283 operationem
1541 2246 1655 2274 suam
1674 2246 1759 2283 per-

134 2285 270 2321 venire
293 2285 333 2321 in
362 2285 546 2321 ultimum
577 2283 697 2320 finem
730 2293 859 2329 suam,
881 2284 948 2331 qui
980 2285 1228 2322 transcendit
1256 2284 1482 2322 facultatem
1513 2284 1757 2322 naturalium

133 2332 416 2415 Rotentiarucrin,
439 2332 517 2368 nisi
555 2331 640 2378 ejus
672 2331 850 2377 operatio
885 2341 934 2368 ex
960 2330 1094 2369 divina
1124 2331 1269 2369 virtute
1300 2331 1519 2369 efficaciam
1551 2331 1682 2378 capiat
1708 2331 1757 2368 ad

164 2388 251 2415 nem
278 2388 356 2424 prae
389 2382 523 2415 ictum.

182 2427 376 2471 Amplius,
410 2426 564 2462 nullum
592 2425 900 2463 instrumentum
935 2426 1157 2463 secundum
1193 2426 1378 2463 virtutem
1411 2426 1581 2473 propriae
1616 2426 1756 2463 formae

132 2473 322 2519 potestad
341 2473 521 2509 ultimam
543 2472 756 2519 perducere
774 2472 1071 2518 perfectionem,
1091 2473 1161 2511 sed
1182 2474 1315 2511 solum
1329 2473 1550 2511 secundum
1572 2473 1755 2510 virtutem

131 2519 365 2566 principalis
403 2519 583 2567 agentis,
621 2520 803 2567 quamvis
849 2520 1070 2557 secundum
1108 2520 1309 2567 propriam
1357 2520 1542 2558 virtutem
1578 2520 1753 2566 aliquam

133 2566 438 2613 dispositionem
478 2566 607 2604 facere
646 2567 775 2613 possit
804 2566 853 2604 ad
883 2567 1064 2604 ultimam
1093 2567 1400 2614 perfectionem;
1431 2577 1455 2605 a
1494 2576 1605 2605 serra
1632 2566 1754 2618 enim,

134 2614 351 2650 secundum
375 2614 570 2651 rationem
587 2614 757 2660 propriae
777 2614 929 2660 formae,
950 2618 1011 2652 est
1047 2615 1172 2652 sectio
1204 2614 1318 2661 ligni,
1350 2613 1422 2653 sed
1453 2613 1582 2652 forma
1600 2621 1754 2651 Scamm

134 2663 193 2696 est
214 2660 261 2696 ab
279 2664 373 2705 arte,
398 2670 485 2708 quae
505 2661 629 2698 utitur
647 2661 934 2707 instrumento;
957 2661 1143 2699 similiter
1161 2661 1356 2699 resolutio
1375 2664 1416 2698 et
1433 2659 1687 2712 consumptio
1711 2659 1752 2711 in

133 2714 298 2751 corpore
321 2708 506 2745 animalis
527 2711 588 2746 est
606 2717 629 2745 a
650 2708 781 2745 calore
801 2709 922 2755 ignis,
945 2709 1014 2746 sed
1036 2709 1240 2756 generatio
1260 2709 1394 2746 carnis
1413 2712 1452 2745 et
1475 2708 1753 2744 determinatio

134 2754 337 2799 augmenti
358 2758 396 2789 et
416 2755 492 2791 alia
511 2755 740 2802 hujusmodi
763 2759 856 2792 sunt
876 2755 924 2792 ab
949 2756 1084 2793 anima
1114 2755 1341 2803 vegetabili,
1367 2764 1456 2802 quae
1475 2754 1598 2790 utitur
1621 2753 1753 2790 calore

133 2798 254 2846 igneo
295 2800 398 2836 sicut
442 2802 721 2839 instrumento.
763 2803 842 2839 Sub
868 2804 948 2839 Deo
978 2806 1125 2848 autem,
1153 2803 1220 2849 qui
1245 2806 1306 2839 est
1340 2802 1492 2849 primus
1523 2799 1752 2837 intellectus

134 2850 172 2884 et
199 2847 352 2890 volens⁷
375 2846 608 2885 ordinantur
628 2858 767 2886 omnes
788 2849 1015 2887 intellectus
1041 2853 1080 2886 et
1104 2850 1329 2886 voluntates
1358 2848 1463 2885 sicut
1487 2847 1754 2884 instrumenta

134 2892 209 2931 sub
242 2893 452 2940 principali
471 2898 626 2940 agente.
649 2897 810 2942 Oportet
839 2896 962 2943 igitur
980 2896 1087 2944 quod
1107 2904 1245 2933 eorum
1265 2894 1518 2942 operationes
1533 2893 1751 2932 efficaciam
