1894 3223
153 137 221 173 314
735 130 822 165 LIB.
851 129 915 172 111,
942 128 1044 165 CAP.
1070 129 1188 165 XLVI.

155 217 258 253 Trin.
281 213 382 250 libro
399 211 500 258 (cap.
522 211 578 257 3):
599 223 620 244 «
638 211 763 253 Mens,
785 210 890 247 sicut
906 219 1186 256 corporearum
1207 219 1338 247 rerum
1353 209 1516 248 notitias
1537 219 1607 257 per
1627 219 1774 249 sensus

153 260 334 306 corporis
355 258 522 304 colligit,
550 257 610 294 sic
644 257 970 303 incorporearum
991 267 1123 294 rerum
1155 267 1224 304 per
1253 258 1567 303 semetipsam».
1606 259 1708 304 Ergo
1737 261 1776 294 et

154 306 411 351 semetipsam
431 313 500 351 per
519 303 776 350 semetipsam
805 304 928 349 novit,
948 305 1137 350 quoniam
1163 305 1252 350 ipsa
1283 307 1345 341 est
1363 304 1612 351 incorporea.
1637 306 1690 340 Ex
1710 303 1775 342 his

155 354 259 390 enim
287 352 419 388 verbis
444 350 599 388 videtur
635 350 741 398 quod
773 359 888 387 mens
926 354 1065 388 nostra
1098 360 1141 388 se
1181 360 1250 397 per
1291 351 1464 397 seipsam
1503 351 1715 398 intelligat,
1737 354 1776 388 et

155 398 418 445 intelligendo
440 406 496 443 se,
518 397 715 444 intelligat
742 397 990 435 substantias
1016 401 1232 444 separatas,
1255 398 1361 445 quod
1398 402 1460 436 est
1488 402 1626 435 contra
1662 398 1775 444 prius

155 449 334 484 ostensa.

206 492 407 539 inquirere
441 500 536 538 ergo
557 493 712 537 oportet
731 491 932 538 quomodo
966 491 1100 528 anima
1119 495 1256 528 nostra
1279 501 1349 537 per
1383 491 1557 538 seipsam
1578 491 1777 538 intelligat

154 549 214 577 se.
242 537 495 584 Impossibile
518 541 578 575 est
597 541 729 575 autem
750 538 828 575 dici
850 538 954 585 quod
971 548 1039 583 per
1058 537 1231 585 seipsam
1253 538 1447 585 intelligat
1463 539 1509 575 de
1522 548 1565 575 se
1586 539 1681 585 quid
1701 542 1774 576 est.

155 587 231 623 Per
250 586 326 623 hoc
353 585 458 621 enim
480 584 524 621 sit
554 585 732 632 potentia
751 585 1025 632 cognoscitiva
1044 588 1132 622 actu
1165 594 1428 631 cognoscens,
1448 585 1553 632 quod
1573 589 1634 623 est
1668 586 1707 622 in
1730 595 1777 623 ea

154 632 196 670 id
223 641 302 679 quo
330 632 601 678 cognoscitur.
624 633 681 676 Et,
718 632 753 669 si
779 631 937 679 quidem
974 631 1027 669 sit
1054 631 1095 668 in
1132 640 1179 668 ea
1211 632 1253 668 in
1283 632 1473 677 potentia,
1494 633 1704 679 cognoscit
1734 633 1776 670 in

154 679 359 727 potentia:
381 679 416 715 si
449 682 580 715 autem
616 678 657 714 in
685 682 789 723 actu,
811 678 1020 726 cognoscit
1049 678 1090 714 in
1120 681 1231 721 actu;
1259 679 1294 715 si
1330 683 1461 715 autem
1492 679 1622 716 medio
1641 679 1776 725 modo,

156 726 367 772 cognoscit
402 725 442 762 in
464 725 617 762 habitu.
639 728 728 772 Ipsa
751 729 882 763 autem
918 725 1052 762 anima
1068 734 1224 771 semper
1243 725 1319 763 sibi
1346 726 1459 763 adest
1478 730 1581 769 actu,
1604 730 1642 762 et
1673 735 1777 763 nun-

156 782 276 820 quam
319 775 361 809 in
389 773 566 818 potentia
584 772 645 809 vel
679 773 719 809 in
751 773 888 810 habitu
923 772 1146 809 tantum.Si
1182 772 1303 819 igitur
1332 781 1402 818 per
1433 772 1606 818 seipsam
1643 773 1775 810 anima

157 820 334 866 seipsam
361 819 571 903 θῗςίυοεθὶῑ
590 819 686 867 quid
709 823 783 865 est,
809 829 966 866 semper
985 823 1074 857 actu
1091 819 1287 866 intelliget
1304 818 1351 856 de
1373 828 1416 856 se
1450 819 1544 867 quid
1569 822 1642 856 est.
1665 819 1776 863 Quod

186 870 263 904 atet
284 875 373 904 esse
411 876 432 902 a
450 875 553 903 sum.

156 876 182 914 p
204 914 348 957 Adhuc,
365 913 399 950 si
427 913 561 950 anima
597 922 667 959 per
705 913 879 959 seipsam
910 914 1120 960 cognoscit
1145 913 1192 951 de
1213 922 1256 950 se
1285 913 1381 960 quid
1399 916 1473 956 est,
1493 912 1625 950 omnis
1646 916 1778 951 autem

159 960 280 998 homo
317 960 491 997 animam
523 959 660 1004 habet3
682 961 816 998 omnis
848 961 969 1007 igitur
989 961 1110 998 homo
1139 960 1349 1007 cognoscit
1367 960 1414 997 de
1437 960 1571 997 anima
1588 959 1683 1007 quid
1703 963 1775 997 est.

160 1007 274 1051 Quod
293 1011 400 1052 patet
419 1016 508 1044 esse
530 1007 689 1044 falsum.

205 1055 387 1099 Amplius,
411 1053 587 1100 cognitio
620 1064 706 1101 quae
745 1054 789 1091 fit
825 1064 894 1100 per
931 1054 1082 1101 aliquid
1111 1054 1345 1091 naturaliter
1373 1053 1491 1091 nobis
1511 1053 1696 1097 inditum,
1718 1058 1777 1091 est

159 1101 367 1145 naturalis,
390 1101 493 1138 sicut
520 1101 716 1147 principia
740 1101 1113 1138 indemonstrabilia
1129 1112 1217 1149 quae
1237 1104 1537 1148 cognoscuntur
1556 1110 1626 1147 per
1642 1100 1775 1138 lumen

159 1147 384 1184 intellectus
405 1148 574 1193 agentis.
596 1148 635 1184 Si
654 1148 775 1194 igitur
809 1157 884 1185 nos
922 1148 968 1184 de
988 1149 1121 1185 anima
1157 1149 1333 1186 sciamus
1366 1148 1461 1195 quid
1481 1151 1542 1185 est
1561 1157 1629 1193 per
1649 1147 1777 1193 ipsam

158 1194 348 1238 animam,
365 1195 440 1232 hoc
462 1195 535 1230 erit
554 1195 786 1232 naturaliter
819 1198 972 1232 notum.
993 1197 1036 1231 In
1058 1196 1120 1232 his
1155 1199 1287 1232 autem
1306 1204 1392 1242 quae
1419 1198 1513 1232 sunt
1543 1194 1776 1232 naturaliter

159 1245 267 1285 nota,
284 1241 419 1278 nullus
453 1244 584 1287 potest
622 1251 765 1278 errare.
790 1243 831 1278 ln
853 1242 1082 1288 cognitione
1104 1243 1209 1279 enim
1231 1242 1518 1288 principiorum
1550 1241 1778 1279 indemons-

158 1287 361 1325 trabilium
378 1287 514 1325 nullus
536 1292 652 1325 errat.
669 1289 810 1325 Nullus
832 1298 926 1335 ergo
948 1293 1096 1326 erraret
1111 1289 1217 1326 circa
1239 1289 1413 1326 animam
1434 1288 1529 1335 quid
1550 1292 1623 1333 est,
1646 1289 1680 1325 si
1701 1289 1777 1326 hoe

158 1335 293 1371 anima
328 1344 396 1381 per
429 1335 603 1381 seipsam
647 1339 920 1381 cognosceret.
945 1336 1057 1380 Quod
1098 1340 1204 1383 patet
1234 1345 1323 1373 esse
1361 1336 1519 1380 falsum,
1542 1345 1631 1372 cum
1662 1336 1777 1372 multi

159 1381 310 1426 opinati
332 1383 412 1418 sint
445 1383 617 1418 animam
657 1391 746 1419 esse
777 1382 852 1419 hoc
888 1382 949 1418 vel
979 1383 1076 1420 illud
1112 1392 1279 1428 corpus,
1319 1386 1356 1419 et
1388 1382 1510 1428 aliqui
1550 1391 1776 1427 numerum,

157 1428 219 1511 ve}
258 1429 522 1465 harmoniam.
545 1430 632 1465 Non
669 1429 792 1475 igitur
821 1429 955 1465 anima
992 1439 1061 1475 per
1089 1430 1261 1475 seipsam
1292 1429 1501 1476 cognoscit
1531 1428 1578 1465 de
1609 1438 1651 1466 so
1683 1430 1777 1476 quid

157 1482 201 1512 es
223 1503 230 1511 .

204 1522 389 1567 Amplius,
412 1521 451 1558 in
473 1522 652 1568 quolibet
672 1522 811 1559 ordine
840 1522 946 1569 quod
964 1525 1024 1560 est
1043 1532 1113 1570 per
1131 1532 1189 1568 se,
1214 1526 1275 1561 est
1293 1523 1404 1569 prius
1425 1532 1473 1560 eo
1503 1523 1609 1569 quod
1630 1528 1690 1560 est
1709 1533 1780 1569 per

158 1568 267 1605 aliud
290 1571 327 1605 et
355 1568 594 1616 principium
616 1569 715 1615 ejus.
735 1569 847 1613 Quod
880 1579 974 1617 ergo
995 1574 1056 1607 est
1088 1580 1157 1616 per
1175 1580 1218 1608 se
1243 1574 1397 1616 notum,
1417 1574 1478 1607 est
1506 1570 1617 1616 prius
1639 1574 1777 1608 notum

159 1616 346 1652 omnibus
376 1625 464 1663 quae
498 1625 567 1662 per
598 1616 706 1654 aliud
739 1621 1050 1663 cognoscuntur,
1070 1621 1107 1654 et
1140 1618 1379 1664 principium
1411 1617 1682 1664 cognoscendi
1715 1627 1776 1663 ea,

160 1662 262 1699 sicut
281 1663 417 1709 primae
438 1664 735 1709 propositiones
764 1664 1107 1702 conclusionibus.
1128 1665 1166 1701 Si
1188 1665 1310 1712 igitur
1333 1665 1468 1702 anima
1496 1674 1565 1711 per
1600 1665 1777 1710 seipsam

160 1709 206 1746 de
233 1718 276 1746 se
308 1711 517 1757 cognoscit
553 1710 648 1757 quid
685 1714 757 1755 est,
779 1711 854 1748 hoc
878 1711 950 1747 erit
987 1721 1056 1757 per
1096 1721 1139 1749 se
1175 1716 1327 1757 notum,
1353 1716 1391 1749 et
1419 1721 1489 1758 per
1519 1720 1775 1758 consequens

157 1757 286 1801 primo
322 1761 475 1802 notum,
503 1760 540 1794 et
574 1758 812 1804 principium
845 1759 1113 1804 cognoscendi
1149 1759 1238 1795 alia.
1262 1761 1341 1796 Hoc
1377 1764 1508 1796 autem
1540 1763 1646 1805 patet
1683 1768 1775 1797 esse

159 1803 318 1840 falsum.
339 1806 435 1840 Nam
456 1804 551 1850 quid
580 1808 640 1841 est
678 1805 810 1841 anima
843 1814 921 1841 non
943 1806 1181 1851 supponitur
1209 1806 1251 1842 in
1274 1806 1443 1843 scientia
1473 1806 1588 1852 quasi
1620 1809 1774 1847 notum,

159 1850 228 1886 sed
267 1851 502 1896 proponitur
521 1861 568 1887 ex
600 1852 690 1888 aliis
717 1851 1011 1898 inquirendum.
1032 1854 1119 1890 Non
1151 1852 1273 1898 igitur
1291 1853 1425 1890 anima
1445 1851 1492 1889 de
1527 1852 1660 1898 seipsa
1680 1862 1774 1900 cog-

158 1897 290 1934 noscit
311 1897 404 1943 quid
424 1902 484 1934 est
497 1907 567 1943 per
583 1898 774 1944 seipsam.

205 1946 313 1980 Patet
334 1948 464 1980 autem
486 1945 591 1990 quod
613 1954 685 1981 nec
705 1945 791 1990 ipse
810 1945 1056 1992 Augustinus
1077 1945 1153 1982 hoc
1167 1946 1305 1983 voluit.
1323 1946 1424 1983 Dicit
1438 1946 1542 1983 eniin
1559 1946 1600 1982 in
1616 1946 1771 1984 decimo

157 1990 226 2027 lib.
243 1993 293 2026 De
306 1992 405 2027 Trz'n.
420 1991 525 2038 quod
540 2005 559 2024 «
571 1992 716 2036 anima,
734 2002 822 2028 cum
842 1993 902 2029 sui
920 1993 1101 2029 notitiam
1117 1993 1268 2039 quaerit,
1288 2002 1366 2029 non
1383 1993 1489 2030 velut
1505 1993 1709 2030 absentem
1725 2003 1770 2031 se

157 2038 298 2084 quaerit
318 2047 493 2082 cernere,
517 2039 584 2074 sed
607 2042 841 2084 praesentem
862 2048 904 2076 se
919 2044 1029 2076 curat
1049 2040 1294 2083 discernere;
1322 2049 1403 2076 non
1428 2044 1470 2076 ut
1494 2044 1712 2085 cognoscat
1727 2050 1771 2078 se

156 2085 273 2131 quasi
295 2093 372 2121 non
394 2085 511 2129 norit,
533 2085 600 2122 sed
619 2090 660 2122 ut
674 2086 882 2132 dignoscat
911 2086 958 2123 ab
979 2096 1025 2123 eo
1046 2087 1151 2134 quod
1170 2087 1338 2123 alterum
1353 2087 1509 2123 novit».
1535 2089 1588 2123 Ex
1608 2096 1686 2134 quo
1706 2087 1775 2125 dat

156 2131 394 2178 intelligere,
415 2132 520 2178 quod
542 2133 674 2169 anima
690 2142 760 2179 per
780 2143 823 2170 se
847 2134 1055 2180 cognoscit
1092 2134 1264 2180 seipsam
1283 2134 1397 2180 quasi
1418 2137 1669 2180 praesentem,
1693 2143 1775 2172 non

157 2179 273 2225 quasi
304 2178 351 2215 ab
383 2178 473 2216 aliis
494 2179 735 2217 distinctam.
759 2180 867 2217 Unde
889 2184 924 2216 et
958 2181 1000 2217 in
1027 2180 1102 2218 hoc
1124 2181 1219 2218 dicit
1238 2181 1340 2218 alios
1372 2190 1540 2226 errasse,
1561 2181 1667 2228 quod
1688 2182 1774 2218 ani-

156 2234 262 2262 mam
288 2235 369 2262 non
401 2226 666 2263 distinxerunt
686 2227 733 2264 ab
765 2227 845 2264 illis
864 2237 950 2274 quae
968 2231 1062 2265 sunt
1082 2228 1129 2265 ab
1158 2228 1246 2275 ipsa
1266 2228 1434 2265 diversa.
1451 2230 1524 2265 Per
1544 2227 1618 2265 hoc
1639 2232 1772 2266 autem

156 2273 264 2318 quod
284 2272 409 2309 scitur
429 2273 476 2310 de
498 2284 537 2310 re
558 2273 652 2320 quid
670 2278 742 2319 est,
766 2275 890 2312 scitur
908 2284 970 2312 res
987 2278 1104 2321 prout
1124 2280 1184 2312 est
1203 2275 1250 2312 ab
1271 2275 1362 2313 aliis
1383 2276 1583 2313 distincta.
1606 2275 1713 2312 Unde
1735 2279 1775 2313 et

155 2319 334 2356 definitio
354 2330 441 2367 quae
462 2320 594 2367 signat
622 2321 717 2368 quid
746 2325 807 2358 est
823 2331 900 2367 res,
923 2322 1133 2368 distinguit
1152 2322 1358 2359 definitum
1376 2322 1424 2360 ab
1455 2322 1643 2360 omnibus
1662 2323 1769 2360 aliis.

155 2368 238 2419 Non
257 2367 379 2414 igitur
397 2367 522 2405 voluit
546 2369 794 2415 Augustinus
825 2369 932 2416 quod
960 2369 1095 2407 anima
1120 2369 1167 2406 de
1197 2379 1240 2407 se
1274 2373 1492 2417 cognoscat
1509 2370 1604 2417 quid
1624 2374 1685 2407 est
1703 2378 1773 2416 per

155 2422 343 2459 seipsam.

203 2463 281 2498 Nec
312 2461 546 2499 Aristoteles
574 2463 649 2499 hoc
669 2463 809 2500 voluit.
832 2463 931 2500 Dicit
969 2463 1074 2500 enim
1095 2463 1137 2500 in
1157 2464 1272 2500 tertio
1291 2466 1341 2500 De
1357 2466 1480 2500 anima
1497 2462 1604 2510 (text.
1625 2471 1768 2500 comm.

156 2508 229 2554 15),
246 2509 351 2555 quod
382 2509 608 2546 intellectus
629 2510 837 2555 possibilis
857 2510 1044 2557 intelligit
1066 2520 1109 2547 se
1141 2511 1244 2548 siout
1264 2511 1353 2548 alia.
1376 2511 1563 2557 Intelligit
1595 2510 1700 2546 enim
1728 2518 1771 2546 sc

154 2562 225 2605 per
244 2555 418 2601 speciem
440 2556 733 2603 intelligibilem
771 2567 852 2604 qua
885 2558 927 2594 fit
952 2562 1041 2594 actu
1070 2558 1111 2594 in
1141 2567 1284 2604 genere
1318 2558 1642 2603 intelligibilium.
1665 2558 1706 2593 ln
1727 2566 1771 2594 se

155 2609 261 2636 enim
283 2603 558 2640 consideratus
577 2608 637 2640 est
657 2604 787 2640 solum
803 2605 843 2640 in
863 2605 1038 2650 potentia
1059 2605 1106 2641 ad
1125 2614 1213 2642 esse
1228 2605 1490 2651 intelligibile.
1511 2603 1615 2640 Nihil
1634 2607 1766 2640 autem

155 2649 412 2691 cognoscitur
444 2651 663 2687 secundum
682 2651 787 2697 quod
817 2657 876 2688 est
895 2653 937 2688 in
966 2652 1155 2697 potentia,
1177 2653 1246 2689 sed
1279 2651 1498 2689 secundum
1519 2650 1622 2697 quod
1645 2654 1704 2686 est
1724 2651 1764 2686 in

155 2697 259 2744 actu.
285 2695 390 2731 Unde
411 2697 644 2734 substantiae
666 2702 868 2743 separatae‚
890 2708 1056 2746 quarum
1079 2699 1311 2736 substantiae
1332 2702 1422 2735 sunt
1446 2701 1487 2734 ut
1506 2696 1653 2743 aliquid
1677 2702 1766 2735 actu

156 2748 227 2776 ens
248 2749 288 2791 in
307 2750 449 2786 genere
479 2744 806 2790 intelligibilium,
830 2747 877 2782 de
899 2756 941 2783 se
962 2746 1191 2793 intelligunt
1211 2746 1303 2793 quid
1325 2748 1418 2781 sunt
1450 2752 1518 2789 per
1551 2752 1645 2780 suas
1675 2744 1768 2781 sub·

156 2789 336 2824 stantius.
359 2789 585 2826 Intellectus
606 2801 698 2828 vero
719 2793 928 2838 possibilis
948 2798 1085 2830 noster
1105 2803 1173 2838 per
1193 2792 1364 2839 speciem
1386 2790 1676 2836 intelligibilem
1701 2800 1770 2836 per

155 2842 271 2879 quain
294 2833 335 2870 fit
366 2838 454 2871 actu
483 2836 711 2882 intelligens
742 2840 843 2875 unde
883 2843 920 2876 ct
957 2840 1191 2876 Aristoieles
1226 2840 1267 2875 in
1303 2838 1417 2874 tertio
1437 2839 1488 2873 De
1517 2840 1638 2872 anima
1661 2839 1767 2884 (text.

154 2889 298 2918 connn.
317 2885 331 2918 1
356 2885 393 2918 et
412 2882 527 2929 infra)
551 2893 597 2921 ex
616 2885 704 2923 ipso
726 2885 947 2933 intelligere
966 2886 1212 2923 demonstrat
1230 2889 1411 2923 naturam
1429 2884 1656 2923 intellectus
1675 2894 1768 2932 pos-
