1894 3223
124 177 193 213 510
746 169 833 205 LIB.
861 169 920 213 tv,
948 169 1049 205 CAP.
1075 169 1135 204 XI.

123 253 306 300 intelligi.
325 265 431 291 mem
462 259 557 298 ergo
575 260 664 288 esse
688 253 749 287 est
767 249 876 286 verbi
896 248 1018 286 divini
1041 252 1079 286 et
1097 248 1322 287 intellectus
1343 248 1478 293 divini,
1501 251 1538 285 et
1559 257 1630 295 per
1650 257 1747 286 con-

125 309 297 348 sequens
317 299 442 344 ipsius
465 297 546 342 Dei,
568 296 636 344 qui
656 300 716 333 est
741 305 841 333 suus
861 296 1102 333 intellectus.
1124 298 1220 333 Esse
1240 300 1371 333 autem
1391 296 1460 332 Dei
1489 299 1549 332 est
1577 295 1663 342 ejus
1684 304 1747 332 es-

126 347 252 387 sentia
274 345 334 381 vel
365 348 519 386 natura,
550 352 638 390 quae
670 343 775 379 idem
799 346 860 380 est
881 342 987 389 quod
1016 343 1101 389 ipse
1134 344 1251 387 Deus,
1273 346 1316 379 ut
1346 347 1553 380 ostensum
1576 345 1635 379 est
1656 341 1697 394 (1.
1718 350 1746 385 1,

125 405 159 432 c.
180 391 443 475 22).Slerbum
465 390 586 437 igitur
603 389 671 426 Dei
692 393 752 426 est
771 389 903 435 ipsum
932 398 1021 427 esse
1039 388 1217 426 divinum
1237 393 1274 426 et
1295 389 1470 426 essentia
1501 389 1586 436 ejus
1607 391 1644 425 et
1662 396 1749 434 ipse

125 448 243 478 verus
295 447 379 475 eus.
1234 454 1237 471 l

172 489 258 524 Non
280 488 409 522 autem
433 484 489 522 sic
519 486 579 521 est
598 483 646 520 de
663 482 784 520 verbo
804 482 1029 519 intellectus
1050 476 1377 530 humanisssQuum
1397 483 1498 519 enim
1518 481 1744 519 intellectus

128 537 266 571 noster
296 532 474 578 seipsum
500 529 696 577 intelligit,
719 530 825 566 aliud
847 533 906 566 est
934 538 1023 566 esse
1044 529 1269 566 intellectus
1302 532 1339 565 et
1369 529 1473 566 aliud
1501 529 1633 575 ipsum
1663 528 1749 575 ejus

126 579 374 626 intelligere;
397 577 621 616 substantia
647 577 750 613 enim
779 577 1004 613 intellectus
1025 580 1106 612 erat
1124 576 1165 612 in
1186 575 1361 622 potentia
1386 576 1613 623 intelligens
1641 580 1749 612 ante-

128 635 247 674 quam
269 625 507 672 intelligeret
536 628 639 661 actu.
662 623 844 670 Sequitur
877 632 970 671 ergo
991 623 1097 669 quod
1121 622 1227 659 aliud
1257 622 1307 659 sit
1327 631 1416 659 esse
1435 622 1669 659 intentionis
1693 622 1751 658 in-

125 674 292 711 tellectae
325 676 361 709 et
393 672 500 708 aliud
532 671 756 707 intellectus
785 670 926 716 ipsius,
957 679 1047 707 cum
1078 669 1310 706 intentionis
1341 669 1547 706 intellectae
1577 677 1666 706 esse
1698 668 1751 705 sit

125 721 255 767 ipsum
289 719 481 767 intelligi.)
497 718 604 754 Unde
633 721 788 764 oportet
807 717 925 764 quod,
946 716 987 753 in
1011 716 1171 753 homine
1187 715 1432 763 intelligente
1452 716 1643 761 seipsum,
1663 724 1750 752 ver-

127 768 221 805 bum
254 766 419 803 interius
455 768 689 811 conceptum
723 773 803 801 non
835 765 887 801 sit
921 764 1040 800 homo
1077 771 1214 808 verus,
1248 763 1425 799 naturale
1455 762 1629 799 hominis
1660 770 1750 799 esse

128 814 280 851 liabens
300 842 308 858 ,
344 813 412 849 sed
449 813 499 849 sit
537 812 655 848 homo
692 812 917 848 intellectus
946 815 1098 847 tantum
1118 837 1127 855 ‚
1164 809 1278 856 quasi
1313 809 1492 856 quaedam
1531 808 1750 845 similitudo

128 861 300 899 hominis
331 860 412 896 veri
445 859 492 896 ab
515 858 716 895 intellectu
738 856 1151 911 apprehensffllpsum
1178 865 1270 893 vero
1296 856 1458 892 verbum
1489 856 1570 898 Dei,
1596 865 1643 892 ex
1675 855 1751 892 hoc

127 908 215 953 ipso
244 907 349 954 quod
380 910 439 943 est
470 908 572 942 Deus
600 905 839 949 intellectus,
866 909 923 941 est
950 914 1067 941 verus
1092 906 1195 940 Deus
1220 902 1373 939 habens
1402 903 1633 939 naturaliter
1661 911 1751 938 esse

132 955 323 997 divinum,
347 963 392 990 eo
414 952 519 999 quod
540 961 618 988 non
636 956 696 988 est
716 952 821 988 aliud
839 952 1015 988 naturale
1037 960 1125 987 esse
1140 950 1207 986 Dei
1224 954 1261 987 et
1281 949 1389 986 aliud
1410 950 1495 996 eJ'us
1516 948 1749 996 intelligere,

130 1005 174 1039 ut
195 1001 341 1038 dictum
373 1004 445 1036 est.
474 999 568 1036 Hinc
596 1003 656 1036 est
681 999 784 1045 quod
808 998 949 1035 dicitur
979 1010 987 1034 ε
1021 1000 1114 1034 Deus
1146 999 1224 1033 erat
1254 997 1411 1034 Verbum
1442 997 1600 1043 (Joann.,
1633 1005 1660 1039 Ι,
1691 995 1750 1042 ¹);

131 1048 251 1095 quod,
274 1048 367 1093 quia
388 1046 568 1083 absolute
590 1046 746 1089 dicitur,
770 1046 1014 1082 demonstrat
1035 1045 1201 1081 Verbum
1222 1043 1290 1080 Dei
1306 1053 1442 1079 verum
1467 1045 1588 1079 Deum
1611 1042 1751 1079 debere

131 1094 313 1142 intelligi.
336 1094 500 1130 Verbum
533 1093 637 1129 enim
668 1092 844 1129 hominis
873 1102 951 1128 non
975 1096 1110 1137 posset
1136 1091 1213 1128 dici
1247 1090 1478 1135 simpliciter
1508 1094 1545 1126 et
1571 1089 1751 1126 absolute

134 1142 269 1184 homo,
291 1141 358 1178 sed
383 1140 601 1177 secundum
623 1139 729 1186 quid,
750 1139 896 1176 scilicet
916 1139 1036 1175 homo
1057 1138 1280 1174 intellectus
1298 1150 1306 1181 ;
1329 1137 1432 1173 unde
1453 1137 1538 1173 haec
1559 1135 1751 1182 (propost-

132 1189 200 1234 tio)
220 1188 320 1224 falsa
341 1191 468 1224 esset:
493 1200 511 1218 «
534 1188 657 1222 Homo
679 1189 739 1222 est
757 1185 919 1222 verbum
937 1199 954 1217 »
975 1198 982 1227 ;
1003 1185 1068 1222 sed
1088 1185 1173 1221 haec
1193 1186 1322 1230 potest
1341 1193 1429 1220 esse
1448 1193 1541 1220 vera
1562 1195 1570 1219 ε
1589 1197 1608 1215 «
1625 1184 1751 1219 Homo

131 1235 355 1274 intellectus
378 1237 436 1270 est
454 1233 614 1269 verbum
636 1247 669 1268 ».
693 1234 820 1276 Quum
836 1241 928 1279 ergo
950 1232 1089 1268 dicitur
1108 1244 1115 1268 :
1134 1234 1227 1267 Deus
1247 1234 1324 1265 erat
1342 1231 1510 1273 Verbum,
1532 1229 1752 1266 ostenditur

135 1282 303 1318 Verbum
326 1281 498 1317 divinum
526 1289 605 1316 non
628 1280 758 1316 solum
789 1289 876 1315 esse
905 1279 1162 1314 intentionem
1192 1277 1444 1321 intellectam,
1467 1277 1569 1313 sicut
1589 1276 1752 1313 verbum

136 1331 330 1371 nostrum,
349 1327 415 1364 sed
433 1327 548 1363 etiam
563 1335 642 1362 rem
659 1326 698 1362 in
726 1329 863 1362 natura
883 1326 1112 1361 existentem
1133 1328 1170 1361 et
1196 1324 1501 1368 subsistentem;
1525 1326 1628 1360 Deus
1648 1323 1752 1359 enim

135 1384 252 1412 verus
275 1384 338 1411 res
359 1374 581 1411 subsistens
603 1375 674 1417 est,
694 1382 815 1418 quum
834 1373 1001 1408 maxime
1024 1372 1074 1408 sit
1092 1381 1161 1417 per
1181 1380 1223 1408 se
1241 1381 1326 1407 ens.

182 1424 268 1458 Non
290 1421 346 1457 sic
368 1424 497 1457 autem
518 1423 658 1455 natura
678 1419 745 1455 Dei
767 1422 827 1455 est
844 1419 882 1455 in
904 1420 1028 1455 Verbo
1052 1421 1092 1454 ut:
1112 1419 1162 1454 sit
1186 1427 1264 1454 una
1281 1417 1410 1463 specie
1431 1420 1469 1454 et
1495 1426 1659 1454 numero
1681 1416 1752 1453 dif-

137 1469 282 1505 ferens.
305 1468 366 1503 Sic
387 1467 491 1503 enim
504 1466 672 1502 Verbum
687 1465 804 1502 habet
823 1468 1002 1501 naturam
1020 1465 1087 1501 Dei
1108 1465 1209 1501 sicut
1227 1464 1444 1511 intelligere
1457 1464 1524 1500 Dei
1545 1467 1604 1500 est
1622 1464 1753 1510 ipsum

138 1524 226 1552 esse
252 1514 350 1560 eJ'us,
374 1517 416 1550 ut
447 1513 591 1549 dictum
620 1515 690 1549 est.
715 1512 932 1559 Intelligere
961 1515 1089 1548 autem
1112 1514 1172 1548 est
1189 1511 1318 1557 ipsum
1347 1520 1434 1548 esse
1455 1511 1642 1547 divinum.
1662 1511 1753 1546 Ver-

134 1562 228 1599 bum
255 1561 372 1608 igitur
398 1560 516 1596 habet
535 1560 659 1605 ipsam
683 1559 894 1596 essentiam
917 1559 1100 1602 divinam,
1123 1568 1203 1595 non
1225 1559 1355 1595 solum
1383 1558 1525 1603 specie,
1549 1557 1616 1594 sed
1638 1556 1754 1593 etiam

136 1617 303 1645 numero
322 1607 513 1643 eamdem.
533 1609 589 1643 Ita
606 1609 745 1642 natura
765 1615 851 1652 quae
865 1609 921 1642 est
939 1616 1017 1641 una
1034 1605 1252 1642 secundum
1268 1605 1451 1651 speciem,
1472 1613 1550 1641 ΠοΠ
1574 1603 1755 1640 dividitur

134 1656 174 1693 in
199 1655 311 1701 plura
327 1654 544 1691 secundum
569 1662 775 1689 numerum
800 1653 873 1688 nisi
896 1656 1052 1698 propter
1070 1653 1286 1689 materiam.
1309 1652 1443 1688 Divina
1463 1655 1595 1688 autem
1614 1653 1755 1687 natura

137 1702 298 1739 omnino
319 1700 588 1737 immaterialis
605 1704 678 1737 est.
696 1699 944 1745 Impossibile
966 1703 1025 1736 est
1043 1699 1162 1746 igitur
1179 1699 1282 1746 quod
1299 1703 1437 1735 natura
1461 1698 1589 1735 divina
1607 1697 1657 1735 sit
1676 1706 1756 1734 una

138 1749 268 1794 specie
291 1751 328 1784 et
346 1757 511 1784 numero
539 1746 738 1783 differens.
762 1747 927 1783 Verbum
962 1747 1080 1792 igitur
1106 1746 1173 1783 Dei
1200 1747 1240 1783 in
1261 1746 1397 1782 eadem
1429 1749 1568 1782 natura
1588 1753 1754 1781 numero

136 1795 402 1833 communicat
421 1803 510 1831 cum
531 1796 632 1838 Deo;
654 1796 811 1839 propter
825 1794 929 1840 quod
947 1793 1113 1829 Verbum
1131 1793 1198 1829 Dei
1212 1796 1250 1829 et
1263 1795 1367 1829 Deus
1382 1793 1495 1839 quus
1520 1795 1580 1829 est
1594 1791 1755 1828 verbum

134 1851 217 1879 non
245 1845 337 1878 sunt.
355 1842 432 1878 duo
455 1841 518 1885 dii,
541 1841 608 1877 sed
634 1850 735 1877 unus
757 1842 873 1876 Deus.
905 1842 1000 1876 Nam
1023 1840 1129 1886 quod
1150 1840 1251 1885 apud
1280 1849 1354 1876 nos
1375 1840 1453 1876 duo
1477 1839 1665 1875 babentes
1686 1839 1756 1874 hu-

135 1898 294 1925 manam
315 1891 495 1924 naturam
514 1888 593 1924 sint
612 1887 689 1923 duo
705 1887 901 1930 homines,
925 1897 971 1923 ex
989 1886 1066 1923 hoc
1085 1887 1277 1933 contingit
1296 1886 1401 1933 quod
1423 1890 1562 1922 natura
1580 1886 1756 1922 humana

136 1944 304 1972 numero
325 1934 505 1971 dividitur
535 1934 575 1970 in
602 1933 771 1970 duobus.
795 1934 1007 1970 Ostensum
1039 1936 1100 1970 est
1130 1937 1259 1970 autem
1281 1932 1321 1979 (l.
1343 1943 1370 1976 1,
1401 1942 1434 1969 c.
1452 1932 1509 1979 31)
1532 1942 1577 1968 ea
1597 1940 1684 1979 quae
1713 1931 1755 1967 in

139 1981 330 2019 creaturis
352 1981 475 2017 divisa
490 1985 581 2017 sunt
600 1980 638 2016 in
659 1982 739 2016 Deo
761 1980 989 2025 simpliciter
1005 1989 1125 2016 unum
1146 1989 1249 2023 esse,
1272 1980 1374 2016 sicut
1391 1979 1429 2015 in
1452 1984 1628 2015 creatura
1650 1977 1755 2014 aliud

138 2032 197 2065 est
219 2028 390 2065 essentia
412 2030 448 2063 et
468 2036 570 2071 esse,
592 2030 629 2062 et
648 2026 688 2062 in
709 2027 944 2072 quibusdam
963 2030 1023 2064 est
1042 2027 1156 2064 etiam
1180 2027 1285 2063 aliud
1305 2026 1409 2073 quod
1425 2026 1604 2063 subsistit
1621 2025 1662 2062 in
1682 2034 1757 2062 sua

140 2075 313 2111 essentia
336 2077 373 2110 et
389 2074 473 2120 eJ'us
495 2073 666 2110 essentia
696 2074 776 2110 sive
798 2076 963 2118 natura3
996 2083 1084 2110 nam
1109 2074 1170 2110 hic
1192 2073 1313 2110 homo
1335 2082 1412 2109 non
1436 2076 1496 2109 est
1524 2082 1597 2109 sua
1617 2072 1756 2108 huma-

138 2122 242 2158 nitas
262 2130 335 2157 nec
356 2130 472 2157 suum
495 2129 597 2164 esse,
620 2120 689 2157 sed
709 2122 812 2157 Deus
833 2124 892 2157 est
913 2130 985 2157 sua
1005 2120 1178 2157 essentia
1198 2122 1236 2157 et
1251 2129 1368 2157 suum
1390 2129 1492 2156 esse.
1515 2121 1556 2156 Et
1576 2118 1756 2166 quamvis

136 2168 220 2205 haec
240 2168 278 2204 in
301 2170 380 2204 Deo
402 2177 524 2204 unum
547 2167 625 2204 sint
654 2167 871 2211 verissime,
892 2170 1023 2204 tamen
1056 2167 1096 2203 in
1119 2169 1196 2204 Deo
1228 2171 1288 2204 est
1315 2166 1501 2214 quidquid
1523 2166 1690 2212 pertinet
1708 2165 1757 2202 ad

138 2215 331 2251 rationem
352 2214 412 2251 vel
435 2214 700 2251 subsistentiae
720 2214 780 2250 vel
813 2214 995 2251 essentiae
1014 2214 1071 2250 vel
1092 2214 1218 2260 ipsius
1239 2223 1350 2257 esse;
1384 2214 1568 2250 convenit
1593 2214 1696 2249 enim
1722 2212 1758 2249 ei

138 2270 219 2299 non
242 2271 329 2298 esse
350 2261 388 2297 in
412 2261 512 2305 aliis,
533 2261 573 2297 in
591 2263 781 2307 quantum
811 2264 871 2298 est
904 2261 1142 2306 subsistens,
1166 2270 1255 2298 esse
1285 2260 1390 2308 quid,
1413 2261 1451 2298 in
1481 2264 1672 2307 quantum
1698 2262 1759 2296 est

138 2309 324 2353 essentia,
347 2313 383 2344 et
404 2317 492 2345 esse
507 2308 547 2344 in
566 2311 668 2350 actu,
689 2308 838 2344 ratione
865 2308 990 2354 ipsius
1012 2317 1114 2345 esse.
1139 2308 1299 2354 Oportet
1316 2307 1448 2355 igitur,
1468 2316 1590 2354 quum
1610 2307 1648 2343 in
1677 2307 1757 2343 Deo

139 2356 188 2408 sit
207 2355 310 2391 idem
335 2355 562 2402 intelligens
587 2357 625 2391 et
642 2354 858 2402 intelligere
888 2358 926 2391 et
952 2355 1116 2392 intentio
1143 2354 1356 2399 intellecta,
1385 2356 1490 2402 quod
1512 2357 1571 2390 est
1588 2353 1757 2390 Verbum

136 2403 276 2448 1psius,
301 2402 406 2448 quod
425 2401 629 2439 verissime
658 2401 698 2437 in
718 2403 796 2438 Deo
820 2402 869 2439 sit
886 2406 923 2438 et
943 2402 1048 2449 quod
1075 2402 1242 2448 pertinet
1261 2401 1309 2438 ad
1329 2402 1520 2439 rationem
1538 2400 1759 2446 intelligen-

137 2450 188 2486 tis
209 2452 246 2485 et
273 2449 384 2501 ,quod
407 2449 573 2501 pertinet
591 2449 639 2486 ad
660 2448 851 2485 rationem
874 2449 958 2495 eJus
974 2449 1079 2495 quod
1095 2451 1155 2486 est
1173 2449 1390 2496 intelligere
1411 2451 1449 2485 et
1467 2448 1571 2496 quod
1593 2447 1759 2494 pertinet

139 2496 187 2532 ad
209 2499 400 2532 rationem
435 2495 665 2532 intentionis
699 2495 921 2535 intellectae.
944 2495 1025 2532 sive
1046 2496 1167 2533 verbi.
1190 2497 1257 2533 Est
1276 2498 1406 2532 autem
1421 2495 1467 2532 de
1488 2495 1639 2532 ratione
1659 2494 1757 2530 inte-

138 2543 254 2580 rioris
274 2542 393 2583 verbi,
417 2543 522 2595 quod
543 2545 604 2580 est
618 2542 784 2579 intentio
803 2542 1015 2585 intellecta,
1038 2543 1143 2589 quod
1164 2543 1351 2588 procedat
1370 2542 1417 2579 ab
1436 2542 1680 2589 intelligente
1701 2549 1759 2577 se-

139 2590 314 2641 cundum
335 2599 451 2626 suurn
467 2590 700 2636 intelligere,
721 2598 843 2636 quum
863 2590 913 2626 sit
927 2589 1040 2636 quasi
1059 2590 1253 2626 terminus
1272 2589 1550 2626 intellectualis
1569 2586 1760 2633 operatio-

140 2643 230 2687 nis-3
263 2636 484 2688 intel-lectus
516 2637 621 2673 enim
653 2636 908 2683 intelligendo
940 2636 1110 2682 concipit
1147 2641 1184 2673 et
1218 2638 1359 2673 format
1388 2636 1646 2672 intentionem
1676 2633 1757 2670 sive

140 2685 331 2718 rationem
351 2684 603 2728 intellectam,
627 2693 714 2730 quae
734 2686 794 2720 est
812 2683 977 2720 interius
997 2684 1172 2720 verbum.
1196 2684 1356 2729 Oportet
1373 2683 1492 2730 igitur
1511 2681 1613 2727 quod
1635 2689 1657 2716 a
1678 2681 1757 2715 Deo

141 2729 359 2780 secundum
380 2730 509 2774 ipsum
530 2739 647 2768 suum
677 2730 896 2777 intelligere
931 2730 1114 2775 procedat
1140 2730 1308 2766 Verbum
1337 2730 1477 2774 ipsius.
1504 2729 1756 2772 comparatur

138 2777 259 2821 igitur
278 2776 448 2811 Verbum
465 2776 530 2812 Dei
544 2777 592 2813 ad
608 2778 732 2813 Deum
751 2776 1050 2824 intelligentem,
1072 2776 1186 2823 quus
1205 2781 1263 2813 est
1284 2776 1458 2818 verbum,
1482 2774 1583 2811 sicut
1598 2773 1644 2809 ad
1668 2781 1757 2809 eum

134 2829 165 2873 ,a
185 2829 263 2873 quo
284 2824 366 2865 est;
389 2821 465 2858 hoc
484 2823 588 2859 enim
608 2826 667 2860 est
688 2823 734 2859 de
755 2823 905 2860 ratione
925 2823 1046 2860 verbi.
1068 2824 1195 2867 Quum
1215 2823 1333 2869 igitur
1352 2822 1390 2858 in
1418 2823 1496 2857 Deo
1516 2820 1757 2867 intelligens,

140 2867 357 2914 intelligere
378 2871 414 2903 et
443 2868 606 2906 intentio
626 2870 819 2906 intellecta
848 2870 928 2907 sive
949 2870 1110 2906 verbum
1138 2870 1216 2906 sint
1241 2879 1310 2914 per
1339 2867 1549 2904 essentiam
1580 2876 1702 2902 unum
1722 2869 1759 2902 et

142 2923 212 2960 per
228 2914 303 2951 hoc
321 2923 484 2950 necesse
509 2915 559 2951 sit
578 2916 682 2962 quod
703 2916 905 2962 quodlibet
919 2916 1062 2953 horum
1081 2917 1132 2953 sit
1151 2917 1268 2958 Deus,
1292 2916 1466 2950 remanet
1487 2913 1573 2950 sola
1596 2913 1757 2950 distinc-
