1894 3223
691 201 779 237 LIB.
807 201 836 241 1,
866 200 966 237 CAP.
993 201 1128 238 XXVII.
1675 201 1721 241 33

93 283 272 322 omnium
292 292 422 320 rerum
444 284 567 320 Deum
587 291 691 322 esse,
711 291 791 319 non
813 282 1114 320 considerantes
1135 284 1241 320 hunc
1256 283 1499 320 intellectum
1515 283 1615 328 ipsis
1630 292 1713 320 ver·

92 331 156 369 his
173 339 396 368 consonum
417 338 506 366 6336
527 338 607 366 non
628 338 759 375 posse.
783 331 879 366 Nam
896 329 930 365 si
947 330 1137 366 Divinitas
1153 334 1213 367 est
1229 330 1408 368 omnium
1424 339 1512 367 esse
1530 331 1709 375 formale,

93 386 174 415 non
195 377 269 414 erit
289 386 409 423 super
428 376 576 420 omnia,
596 376 664 413 sed
687 376 789 412 intra
811 376 959 420 omnia,
982 376 1061 413 imo
1083 377 1231 423 aliquid
1247 377 1439 414 omnium.
1454 378 1580 421 Quum
1605 377 1711 414 enim

93 424 343 461 Divinitatem
366 433 486 469 super
513 423 648 460 omnia
679 423 789 466 dixit,
828 423 1015 466 ostendit,
1050 424 1268 460 secundum
1299 428 1478 461 naturam
1506 433 1633 466 suam,
1663 423 1712 461 ab

92 471 280 509 omnibus
307 470 536 507 distinctum
556 473 593 506 et
610 479 729 515 super
748 470 884 506 omnia
904 470 1156 507 collocatum.
1181 473 1232 507 Ex
1254 472 1329 508 hoc
1349 481 1456 515 vero,
1477 471 1582 517 qnod
1613 471 1714 508 dixit

121 518 199 555 uod
222 517 414 554 Divinitas
435 520 494 554 est
523 526 612 554 6336
634 517 827 560 omnium,
852 517 1026 553 ostendit
1046 518 1151 563 quod
1173 528 1194 554 a
1216 520 1294 555 Deo
1315 518 1355 554 in
1389 518 1575 555 omnibus
1605 526 1711 564 0066-

91 528 182 602 3610
201 564 323 601 divini
345 573 434 602 esse
453 564 673 601 similitudo
695 564 899 609 reperitur.
923 566 1033 600 llunc
1054 565 1171 601 etiam
1193 574 1329 602 eorum
1352 574 1579 610 perversum
1602 564 1714 601 intel-

92 610 239 650 lectum
259 611 351 648 alibi
373 611 548 657 apertius
569 611 798 654 excludens,
817 611 910 647 dicit
934 611 1002 657 (De
1026 611 1173 648 divinis
1208 612 1451 655 nominibus,
1474 623 1506 648 c.
1538 612 1574 658 2)
1607 611 1712 658 quod

94 671 114 691 «
129 658 258 704 ipsius
280 658 346 695 Dei
369 667 496 704 neque
516 661 646 695 tactus
670 667 796 704 neque
818 658 951 704 aliqua
969 659 1199 696 commixtio
1220 663 1281 696 est
1312 659 1361 695 ad
1383 668 1446 696 res
1478 659 1590 703 alias,
1609 659 1714 696 sicut

92 709 154 743 est
174 705 308 751 puncti
330 705 377 742 ad
402 705 561 748 lineam,
583 705 642 741 vel
665 704 799 750 figurae
816 705 937 750 sigilli
959 706 1005 741 ad
1026 715 1155 742 ceram
1175 720 1209 742 ».

139 752 377 795 Secundum,
400 752 505 798 quod
527 761 596 788 603
618 752 656 787 in
678 752 783 788 liunc
804 761 989 788 errorem·
1010 752 1217 797 promovit,
1246 756 1307 789 cst
1326 752 1493 789 rationis
1518 753 1710 790 desectus.

93 799 194 842 Quia
213 799 317 836 enim
341 799 393 840 id,
417 799 522 845 quod
544 808 754 836 commune
776 803 849 843 cst,
875 808 942 844 per
958 799 1198 835 additionem
1222 799 1472 843 specificatur
1490 800 1550 835 vel
1570 800 1711 836 indivi-

92 845 249 890 duatur,
273 846 567 883 aestimaverunt
588 846 765 882 divinum
787 855 890 889 esse,
912 845 975 882 cui
1000 846 1109 882 nulla
1129 845 1171 881 fit
1190 846 1446 889 additio,non
1462 855 1550 883 esse
1563 846 1711 892 aliquid

90 893 310 939 proprium,
331 893 401 930 sed
421 902 511 930 6336
531 901 742 929 commune
759 892 938 929 omnium
956 904 964 934 ;
989 901 1070 928 non
1092 893 1392 930 considerantes
1408 893 1584 939 quodid,
1604 893 1710 939 quod

91 948 303 976 commune
324 943 384 977 est
403 940 463 976 vel
485 940 722 982 universale,
745 939 833 975 sine
868 938 1070 975 additione
1105 948 1194 976 esse
1231 949 1310 976 non
1342 943 1484 985 potest,
1517 940 1585 977 360
1623 940 1711 977 sine

91 986 295 1023 additione
327 987 615 1024 consideratur.
641 988 728 1022 Non
761 985 867 1021 enim
907 986 1054 1022 animal
1081 989 1211 1032 potest
1245 995 1333 1023 esse
1355 987 1504 1033 absque
1525 986 1710 1023 rationali

90 1033 151 1070 vel
173 1033 392 1070 irrationali
413 1032 648 1076 differentia,
671 1032 852 1079 quamvis
889 1032 976 1069 31116
1006 1033 1069 1069 his
1103 1032 1338 1070 differentiis
1368 1035 1587 1079 cogitetur3
1622 1034 1714 1071 licet

89 1080 209 1117 etiam
243 1080 439 1125 cogitetur
463 1079 685 1116 universale
708 1079 857 1125 absque
880 1079 1095 1123 additione,
1114 1090 1194 1116 non
1214 1084 1345 1117 tamen
1368 1081 1517 1127 absque
1547 1081 1711 1127 recepti-

89 1125 241 1164 bilitate
263 1126 478 1163 additionis
499 1130 571 1163 est.
594 1128 688 1162 Nam
711 1127 743 1162 si
767 1126 929 1162 animali
951 1127 1061 1163 nulla
1083 1127 1404 1164 differentiaaddi
1419 1133 1567 1173 posset,
1585 1136 1711 1173 genus

92 1181 172 1210 non
203 1176 335 1218 esset3
371 1178 408 1210 et
427 1173 609 1210 similiter
629 1177 689 1209 est
709 1173 756 1209 de
778 1173 964 1210 omnibus
986 1174 1076 1211 aliis
1104 1175 1347 1211 nominibus.
1368 1175 1550 1211 Divinum
1580 1178 1711 1211 autem

63 1216 180 1257 'esse
203 1223 264 1257 est
292 1219 442 1267 absque
462 1220 676 1264 additione,
698 1229 778 1256 non
801 1220 931 1256 solum
965 1221 1226 1266 cogitatione,
1259 1221 1328 1258 360
1360 1222 1477 1258 ctiam
1510 1222 1549 1257 in
1580 1230 1710 1258 rerum

90 1270 233 1303 natura
256 1278 264 1303 :
287 1270 325 1304 et
342 1276 422 1304 non
443 1267 575 1304 solum
600 1267 749 1312 absque
776 1267 1071 1304 additionesed
1093 1269 1209 1304 etiam
1240 1269 1390 1315 absque
1412 1268 1710 1314 receptibilitate

88 1313 318 1350 additionis.
344 1314 449 1351 Unde
470 1324 516 1350 ex
537 1314 612 1351 hoc
632 1314 720 1359 ipso
740 1314 843 1360 quod
866 1314 1108 1351 additionem
1124 1325 1203 1352 non
1220 1316 1442 1361 recipitnec
1457 1316 1629 1361 recipere
1645 1324 1713 1361 po·

90 1363 182 1405 test,
198 1361 327 1407 magis
339 1361 522 1398 concludi
538 1364 666 1406 potest
682 1361 786 1406 quod
800 1362 903 1398 Deus
917 1370 997 1398 non
1010 1362 1061 1398 sit
1073 1371 1160 1398 esse
1180 1371 1403 1407 commune,
1415 1363 1483 1399 sed
1492 1363 1709 1408 proprium.

90 1407 242 1444 Etenim
264 1417 311 1444 ex
332 1407 407 1445 hoc
427 1408 515 1454 ipso
538 1418 655 1444 suum
677 1416 766 1444 esse
788 1408 836 1444 ab
856 1408 1043 1445 omnibns
1066 1410 1156 1446 aliis
1190 1409 1462 1455 distinguitur,
1495 1410 1589 1456 quia
1610 1409 1709 1446 nihil

91 1454 126 1491 ei
145 1454 235 1491 addi
255 1458 397 1500 potest.
421 1456 528 1491 Unde
550 1457 856 1499 commentator,
892 1456 933 1491 in
967 1456 1067 1493 libro
1099 1458 1150 1492 De
1177 1458 1295 1492 causis
1325 1456 1499 1502 (propos.
1535 1459 1571 1500 9,
1606 1456 1712 1493 circa

91 1500 240 1548 tinem),
264 1501 359 1538 dicit
375 1502 480 1548 quod
502 1511 624 1539 causa
640 1502 780 1547 prima,
803 1511 850 1538 ex
884 1502 971 1547 ipsa
1003 1503 1171 1548 puritate
1197 1512 1280 1540 suae
1311 1503 1515 1548 bonitatis,
1536 1503 1584 1540 ab
1619 1503 1710 1540 aliis

91 1547 351 1594 distinguitur
373 1552 411 1585 et
429 1549 721 1594 quodammodo
744 1548 1025 1585 individuatur.

137 1595 323 1638 Tertium,
347 1596 452 1642 quod
473 1605 542 1632 eos
564 1596 604 1631 in
634 1596 739 1631 liunc
773 1605 944 1631 errorem
975 1596 1141 1640 induxit,
1175 1600 1234 1634 est
1266 1597 1408 1634 divinae
1442 1596 1709 1642 simplicitatis

90 1641 373 1678 consideratio.
403 1643 503 1686 Quia
535 1642 640 1677 enim
675 1643 779 1678 Deus
812 1642 976 1678 infinitae
1010 1643 1275 1689 simplicitatis
1312 1648 1384 1688 est,
1416 1644 1710 1680 aestimaverunt

91 1688 204 1732 illud,
229 1688 333 1734 quod
354 1688 395 1724 in
413 1689 551 1725 ultimo
585 1688 843 1725 resolutionis
872 1689 1071 1726 invenitur
1100 1700 1235 1726 eorum
1268 1700 1354 1737 quae
1385 1694 1474 1727 sunt
1504 1691 1543 1726 in
1577 1690 1708 1734 nobis,

92 1736 215 1772 Deum
237 1744 340 1778 6336,
360 1736 474 1781 quasi
510 1735 853 1781 simplicissitnum
875 1747 882 1779 ;
904 1745 983 1772 non
1003 1737 1108 1773 enim
1128 1741 1185 1773 est
1206 1738 1246 1773 in
1267 1737 1466 1774 infinitum
1497 1737 1710 1783 procedere

91 1781 132 1818 in
153 1782 441 1827 compositione
462 1791 598 1819 eorum
619 1791 705 1828 quae
724 1785 817 1818 sunt
838 1782 878 1818 in
917 1783 1048 1820 nobis.
1070 1785 1113 1819 In
1143 1784 1218 1820 hoc
1248 1785 1363 1820 etiam
1397 1793 1534 1821 eorum
1569 1783 1712 1820 deiecit

90 1828 204 1873 ratio,
221 1828 313 1865 dum
329 1837 408 1865 non
426 1829 676 1865 attenderunt
689 1828 742 1873 id,
760 1829 1706 1876 quodinnohissimplicissimuminvenitur,non

90 1877 170 1912 tam
191 1884 272 1912 rem
288 1876 521 1922 completam
544 1876 662 1923 quam
682 1876 737 1911 rei
759 1875 908 1922 aliquid
929 1886 1031 1914 esse.
1056 1879 1135 1915 Deo
1169 1882 1300 1915 autem
1331 1878 1567 1924 simplicitas
1599 1878 1708 1914 attri-

91 1921 238 1966 buitur,
261 1922 362 1960 sicut
382 1923 436 1959 rei
453 1923 572 1960 alicui
592 1922 768 1968 perfecte
789 1922 1037 1960 subsistenti,

137 1969 324 2013 Quartum
347 1970 479 2015 etiam,
501 1970 606 2017 0000
628 1978 696 2006 603
717 1969 765 2006 ad
792 1969 867 2006 hoc
900 1971 1086 2008 inducere
1110 1972 1250 2017 potuit,
1265 1971 1482 2009 estmodus
1502 1971 1705 2018 loquendi,

88 2024 169 2062 quo
188 2015 359 2053 dicimus
388 2018 507 2053 Deum
528 2017 570 2053 in
590 2016 776 2053 omnibus
798 2017 915 2054 rebus
937 2027 1025 2054 esse
1048 2031 1057 2058 ;
1078 2027 1158 2056 non
1185 2020 1452 2065 intelligentes
1484 2019 1590 2065 0000
1622 2027 1703 2055 non

90 2062 149 2100 sic
169 2066 229 2099 est
249 2063 287 2099 in
304 2063 422 2100 rebus
443 2064 557 2110 quasi
576 2063 724 2110 aliquid
743 2063 811 2107 rei,
835 2064 903 2100 sed
925 2065 1029 2101 sicut
1049 2066 1248 2110 reicausa,
1269 2076 1355 2112 quae
1373 2066 1617 2102 nullomodo
1631 2073 1709 2102 suo

88 2107 246 2192 effectui
265 2109 390 2163 deest.
409 2111 498 2150 Non
517 2111 624 2149 enim
644 2110 928 2148 similiteresse
938 2112 1108 2150 dicimus
1124 2113 1292 2151 formam
1310 2114 1352 2150 in
1371 2121 1535 2160 corpore
1552 2116 1590 2150 et
1620 2121 1712 2150 nau·

722 2279 891 2321 CAPUT
917 2278 1077 2320 XXVII.

407 2413 508 2447 0000
526 2414 625 2445 nnus
641 2415 722 2444 NON
744 2416 805 2444 311
821 2415 952 2445 FORMA
981 2415 1162 2445 ALIGUJUS
1192 2414 1389 2445 conroals.

138 2531 310 2568 ostenso
329 2531 451 2578 igitur
467 2532 572 2578 0000
593 2535 697 2571 Β603
715 2543 794 2571 000
815 2535 867 2572 sit
887 2544 976 2572 esse
993 2535 1188 2579 omnium,
1206 2534 1391 2571 similiter
1406 2534 1561 2572 ostendi
1577 2537 1708 2581 potest

89 2577 197 2625 quod
219 2579 324 2614 Deus
343 2587 423 2615 non
445 2579 497 2615 sit
516 2579 685 2625 alicujus
703 2581 758 2617 rei
781 2582 922 2618 forma.

135 2625 234 2661 Nam
254 2624 431 2661 divinum
447 2634 535 2662 esse
557 2634 637 2662 non
654 2631 784 2672 potest
804 2637 893 2664 esse
914 2626 1083 2673 aliquus
1104 2627 1160 2663 rei
1181 2627 1396 2674 quidditas,
1419 2638 1506 2674 quse
1541 2637 1619 2665 non
1657 2628 1710 2665 sit

89 2670 221 2717 ipsum
244 2678 347 2715 esse,
369 2675 411 2708 ut
430 2675 637 2709 ostensum
657 2677 717 2709 est
737 2673 785 2720 (c.
807 2674 892 2720 22);
913 2674 1019 2720 quod
1040 2677 1171 2710 autem
1190 2677 1251 2710 est
1269 2674 1399 2720 ipsum
1412 2684 1501 2711 esse
1517 2674 1710 2717 divinum,

0 2721 2 2723 ·
24 2734 27 2735 ⁷
89 2722 248 2801 npnqesSt
266 2714 375 2755 aliud
395 2728 514 2766 quam
534 2720 653 2757 Deus.
673 2720 924 2766 Impossibile
945 2719 1140 2767 estigitur
1158 2722 1282 2757 Deum
1303 2730 1392 2758 esse
1413 2721 1582 2768 alicujus
1614 2723 1710 2758 alte-

26 2774 29 2775 ’
92 2773 172 2801 riu„
217 2774 382 2802 ormam.

136 2811 320 2856 Amplius,
344 2812 472 2849 forma
490 2812 670 2859 corporis
691 2821 772 2850 non
790 2816 851 2850 est
869 2813 1000 2859 ipsum
1031 2822 1134 2854 esse,
1166 2814 1236 2851 360
1267 2815 1426 2851 6336001
1453 2815 1707 2861 principium.

89 2857 196 2894 Deus
215 2863 347 2895 autem
368 2863 432 2896 est
450 2860 579 2905 ipsum
601 2869 715 2904 esse;
738 2868 819 2896 non
840 2870 934 2907 ergo
955 2863 1016 2897 est
1033 2862 1137 2897 Deus
1157 2861 1286 2898 forma
1305 2862 1496 2907 corporis.

0 2925 19 2952 »ἒ
134 2905 237 2945 Item,
257 2914 305 2941 ex
324 2906 474 2943 unione
497 2907 633 2944 formae
653 2910 691 2943 et
710 2907 884 2944 materiae
914 2907 1079 2944 resultet
1103 2907 1254 2954 aliquid
1286 2908 1568 2954 compositum,
1602 2908 1708 2954 qnod

0 2955 19 3011 ’ζ
68 2953 151 2989 γ631
169 2953 311 2998 totum,
330 2956 514 2999 respectu
541 2953 718 2992 materiae
737 2956 776 2990 et
806 2954 957 2991 formae.
980 2955 1115 2992 Partes
1147 2958 1280 2992 autem
1318 2959 1413 2993 sunt
1444 2955 1486 2991 in
1517 2955 1706 3001 potentia,

1546 3033 1568 3060 3
