<?xml version="1.0" encoding="UTF-8"?>
<!DOCTYPE html PUBLIC "-//W3C//DTD XHTML 1.0 Transitional//EN"
    "http://www.w3.org/TR/xhtml1/DTD/xhtml1-transitional.dtd">
<html xmlns="http://www.w3.org/1999/xhtml" xml:lang="en" lang="en">
 <head>
  <title>
</title>
<meta http-equiv="Content-Type" content="text/html;charset=utf-8" />
  <meta name='ocr-system' content='tesseract 3.04.00' />
  <meta name='ocr-capabilities' content='ocr_page ocr_carea ocr_par ocr_line ocrx_word'/>
</head>
<body>
  <div class='ocr_page' id='page_1' title='image "./deveritatecathol00thomuoft_0634.png"; bbox 0 0 1894 3223; ppageno 0'>
   <div class='ocr_carea' id='block_1_1' title="bbox 146 114 1166 161">
    <p class='ocr_par' dir='ltr' id='par_1_1' title="bbox 146 114 1166 161">
     <span class='ocr_line' id='line_1_1' title="bbox 146 114 1166 161; baseline -0.005 -3"><span class='ocrx_word' id='word_1_1' title='bbox 146 124 212 158; x_wconf 79' lang='lat'>594</span> <span class='ocrx_word' id='word_1_2' title='bbox 748 118 834 153; x_wconf 84' lang='lat' dir='ltr'>Llss.</span> <span class='ocrx_word' id='word_1_3' title='bbox 864 118 921 161; x_wconf 88' lang='lat' dir='ltr'>IV,</span> <span class='ocrx_word' id='word_1_4' title='bbox 953 118 1052 153; x_wconf 64' lang='grc' dir='ltr'><strong>ΠΛΡ.</strong></span> <span class='ocrx_word' id='word_1_5' title='bbox 1082 114 1166 153; x_wconf 85' lang='lat' dir='ltr'>LIX.</span> 
     </span>
    </p>
   </div>
   <div class='ocr_carea' id='block_1_2' title="bbox 144 196 1766 1460">
    <p class='ocr_par' dir='ltr' id='par_1_2' title="bbox 144 196 1764 608">
     <span class='ocr_line' id='line_1_2' title="bbox 147 196 1764 247; baseline -0.004 -8"><span class='ocrx_word' id='word_1_6' title='bbox 147 201 339 243; x_wconf 80' lang='lat' dir='ltr'>secundo,</span> <span class='ocrx_word' id='word_1_7' title='bbox 357 198 459 245; x_wconf 83' lang='lat' dir='ltr'>quod</span> <span class='ocrx_word' id='word_1_8' title='bbox 475 206 543 243; x_wconf 89' lang='lat' dir='ltr'>per</span> <span class='ocrx_word' id='word_1_9' title='bbox 558 200 814 244; x_wconf 76' lang='lat' dir='ltr'>augmentum</span> <span class='ocrx_word' id='word_1_10' title='bbox 831 196 876 233; x_wconf 90' lang='lat' dir='ltr'>ad</span> <span class='ocrx_word' id='word_1_11' title='bbox 893 196 1062 233; x_wconf 79' lang='lat' dir='ltr'>debitam</span> <span class='ocrx_word' id='word_1_12' title='bbox 1083 197 1339 247; x_wconf 79' lang='lat' dir='ltr'>quantitatem</span> <span class='ocrx_word' id='word_1_13' title='bbox 1356 200 1393 234; x_wconf 87' lang='lat' dir='ltr'>et</span> <span class='ocrx_word' id='word_1_14' title='bbox 1410 196 1532 233; x_wconf 85' lang='lat' dir='ltr'>robur</span> <span class='ocrx_word' id='word_1_15' title='bbox 1548 197 1764 242; x_wconf 62' lang='lat' dir='ltr'>perveniat,</span> 
     </span>
     <span class='ocr_line' id='line_1_3' title="bbox 145 243 1760 290; baseline -0.002 -6"><span class='ocrx_word' id='word_1_16' title='bbox 145 248 271 290; x_wconf 85' lang='lat' dir='ltr'>tertio,</span> <span class='ocrx_word' id='word_1_17' title='bbox 295 247 341 283; x_wconf 87' lang='lat' dir='ltr'>ad</span> <span class='ocrx_word' id='word_1_18' title='bbox 361 244 706 282; x_wconf 89' lang='lat' dir='ltr'>conservationem</span> <span class='ocrx_word' id='word_1_19' title='bbox 728 244 815 279; x_wconf 83' lang='lat' dir='ltr'>vitae</span> <span class='ocrx_word' id='word_1_20' title='bbox 835 252 905 288; x_wconf 90' lang='lat' dir='ltr'>per</span> <span class='ocrx_word' id='word_1_21' title='bbox 925 243 1220 289; x_wconf 76' lang='lat' dir='ltr'>generationem</span> <span class='ocrx_word' id='word_1_22' title='bbox 1250 244 1398 289; x_wconf 77' lang='lat' dir='ltr'>adeptae</span> <span class='ocrx_word' id='word_1_23' title='bbox 1421 248 1458 279; x_wconf 88' lang='lat' dir='ltr'>et</span> <span class='ocrx_word' id='word_1_24' title='bbox 1488 243 1534 279; x_wconf 81' lang='lat' dir='ltr'>ad</span> <span class='ocrx_word' id='word_1_25' title='bbox 1568 253 1760 290; x_wconf 82' lang='lat' dir='ltr'>angmen-</span> 
     </span>
     <span class='ocr_line' id='line_1_4' title="bbox 146 289 1760 338; baseline -0.002 -8"><span class='ocrx_word' id='word_1_26' title='bbox 146 301 226 330; x_wconf 83' lang='lat' dir='ltr'>tum</span> <span class='ocrx_word' id='word_1_27' title='bbox 250 293 457 338; x_wconf 78' lang='lat' dir='ltr'>perductae,</span> <span class='ocrx_word' id='word_1_28' title='bbox 481 294 539 327; x_wconf 88' lang='lat' dir='ltr'>est</span> <span class='ocrx_word' id='word_1_29' title='bbox 561 290 831 327; x_wconf 87' lang='lat' dir='ltr'>necessarium</span> <span class='ocrx_word' id='word_1_30' title='bbox 855 291 1154 326; x_wconf 71' lang='lat' dir='ltr'>nutrimentum.</span> <span class='ocrx_word' id='word_1_31' title='bbox 1175 291 1218 325; x_wconf 88' lang='lat' dir='ltr'>Et</span> <span class='ocrx_word' id='word_1_32' title='bbox 1236 289 1318 327; x_wconf 82' lang='lat' dir='ltr'>haec</span> <span class='ocrx_word' id='word_1_33' title='bbox 1340 291 1497 336; x_wconf 84' lang='lat' dir='ltr'>quidem</span> <span class='ocrx_word' id='word_1_34' title='bbox 1522 295 1613 327; x_wconf 88' lang='lat' dir='ltr'>sunt</span> <span class='ocrx_word' id='word_1_35' title='bbox 1632 299 1699 335; x_wconf 89' lang='lat' dir='ltr'>per</span> <span class='ocrx_word' id='word_1_36' title='bbox 1720 300 1760 327; x_wconf 86' lang='lat' dir='ltr'>se</span> 
     </span>
     <span class='ocr_line' id='line_1_5' title="bbox 147 336 1759 383; baseline -0.002 -7"><span class='ocrx_word' id='word_1_37' title='bbox 147 339 373 376; x_wconf 73' lang='lat' dir='ltr'>necessaria</span> <span class='ocrx_word' id='word_1_38' title='bbox 396 337 565 374; x_wconf 86' lang='lat' dir='ltr'>naturali</span> <span class='ocrx_word' id='word_1_39' title='bbox 587 337 688 379; x_wconf 74' lang='lat' dir='ltr'>vitae,</span> <span class='ocrx_word' id='word_1_40' title='bbox 709 337 802 383; x_wconf 83' lang='lat' dir='ltr'>quia</span> <span class='ocrx_word' id='word_1_41' title='bbox 822 337 908 372; x_wconf 90' lang='lat' dir='ltr'>sine</span> <span class='ocrx_word' id='word_1_42' title='bbox 932 337 994 372; x_wconf 82' lang='lat' dir='ltr'>liis</span> <span class='ocrx_word' id='word_1_43' title='bbox 1011 336 1092 372; x_wconf 88' lang='lat' dir='ltr'>vita</span> <span class='ocrx_word' id='word_1_44' title='bbox 1112 337 1332 382; x_wconf 85' lang='lat' dir='ltr'>corporalis</span> <span class='ocrx_word' id='word_1_45' title='bbox 1349 336 1482 382; x_wconf 85' lang='lat' dir='ltr'>perfici</span> <span class='ocrx_word' id='word_1_46' title='bbox 1504 346 1584 373; x_wconf 88' lang='lat' dir='ltr'>non</span> <span class='ocrx_word' id='word_1_47' title='bbox 1607 341 1759 382; x_wconf 85' lang='lat' dir='ltr'>potest;</span> 
     </span>
     <span class='ocr_line' id='line_1_6' title="bbox 147 382 1763 430; baseline -0.001 -8"><span class='ocrx_word' id='word_1_48' title='bbox 147 387 248 423; x_wconf 80' lang='lat' dir='ltr'>unde</span> <span class='ocrx_word' id='word_1_49' title='bbox 283 391 319 421; x_wconf 87' lang='lat' dir='ltr'>et</span> <span class='ocrx_word' id='word_1_50' title='bbox 350 385 491 421; x_wconf 81' lang='lat' dir='ltr'>animae</span> <span class='ocrx_word' id='word_1_51' title='bbox 520 385 761 430; x_wconf 79' lang='lat' dir='ltr'>vegetativae,</span> <span class='ocrx_word' id='word_1_52' title='bbox 784 393 870 429; x_wconf 63' lang='lat' dir='ltr'>quae</span> <span class='ocrx_word' id='word_1_53' title='bbox 892 386 952 419; x_wconf 85' lang='lat' dir='ltr'>est</span> <span class='ocrx_word' id='word_1_54' title='bbox 971 382 1126 419; x_wconf 87' lang='lat' dir='ltr'>vivendi</span> <span class='ocrx_word' id='word_1_55' title='bbox 1158 383 1408 428; x_wconf 89' lang='lat' dir='ltr'>principium,</span> <span class='ocrx_word' id='word_1_56' title='bbox 1429 386 1508 420; x_wconf 84' lang='lat' dir='ltr'>tres</span> <span class='ocrx_word' id='word_1_57' title='bbox 1530 385 1630 420; x_wconf 86' lang='lat' dir='ltr'>vires</span> <span class='ocrx_word' id='word_1_58' title='bbox 1650 388 1763 420; x_wconf 88' lang='lat' dir='ltr'>natu-</span> 
     </span>
     <span class='ocr_line' id='line_1_7' title="bbox 146 430 1763 478; baseline -0.002 -9"><span class='ocrx_word' id='word_1_59' title='bbox 146 433 248 469; x_wconf 83' lang='lat' dir='ltr'>rales</span> <span class='ocrx_word' id='word_1_60' title='bbox 270 432 539 478; x_wconf 79' lang='lat' dir='ltr'>assignantur,</span> <span class='ocrx_word' id='word_1_61' title='bbox 562 431 714 467; x_wconf 91' lang='lat' dir='ltr'>scilicet</span> <span class='ocrx_word' id='word_1_62' title='bbox 731 430 971 477; x_wconf 73' lang='lat' dir='ltr'>generativa,</span> <span class='ocrx_word' id='word_1_63' title='bbox 994 430 1288 476; x_wconf 83' lang='lat' dir='ltr'>augmentativa</span> <span class='ocrx_word' id='word_1_64' title='bbox 1305 433 1341 465; x_wconf 91' lang='lat' dir='ltr'>et</span> <span class='ocrx_word' id='word_1_65' title='bbox 1359 430 1557 467; x_wconf 75' lang='lat' dir='ltr'>nutritiva.</span> <span class='ocrx_word' id='word_1_66' title='bbox 1580 431 1650 466; x_wconf 79' lang='lat' dir='ltr'>Sed</span> <span class='ocrx_word' id='word_1_67' title='bbox 1671 432 1763 476; x_wconf 70' lang='grc'><strong>(11110</strong></span> 
     </span>
     <span class='ocr_line' id='line_1_8' title="bbox 146 476 1764 525; baseline -0.001 -11"><span class='ocrx_word' id='word_1_68' title='bbox 146 479 342 525; x_wconf 72' lang='lat' dir='ltr'>contingit</span> <span class='ocrx_word' id='word_1_69' title='bbox 361 478 520 524; x_wconf 78' lang='lat' dir='ltr'>aliquod</span> <span class='ocrx_word' id='word_1_70' title='bbox 542 477 865 522; x_wconf 81' lang='lat' dir='ltr'>impedimentum</span> <span class='ocrx_word' id='word_1_71' title='bbox 886 477 990 512; x_wconf 87' lang='lat' dir='ltr'>eirca</span> <span class='ocrx_word' id='word_1_72' title='bbox 1008 477 1126 513; x_wconf 86' lang='lat' dir='ltr'>vitam</span> <span class='ocrx_word' id='word_1_73' title='bbox 1145 476 1406 521; x_wconf 80' lang='lat' dir='ltr'>corporalem,</span> <span class='ocrx_word' id='word_1_74' title='bbox 1428 486 1475 513; x_wconf 85' lang='lat' dir='ltr'>ex</span> <span class='ocrx_word' id='word_1_75' title='bbox 1495 487 1573 523; x_wconf 82' lang='lat' dir='ltr'>quo</span> <span class='ocrx_word' id='word_1_76' title='bbox 1594 487 1656 514; x_wconf 90' lang='lat' dir='ltr'>res</span> <span class='ocrx_word' id='word_1_77' title='bbox 1681 478 1764 513; x_wconf 74' lang='lat' dir='ltr'>viva</span> 
     </span>
     <span class='ocr_line' id='line_1_9' title="bbox 144 523 1761 570; baseline -0.001 -9"><span class='ocrx_word' id='word_1_78' title='bbox 144 526 378 569; x_wconf 78' lang='lat' dir='ltr'>infirmatur,</span> <span class='ocrx_word' id='word_1_79' title='bbox 405 535 473 570; x_wconf 87' lang='lat' dir='ltr'>per</span> <span class='ocrx_word' id='word_1_80' title='bbox 500 524 684 561; x_wconf 85' lang='lat' dir='ltr'>accidens</span> <span class='ocrx_word' id='word_1_81' title='bbox 711 523 980 560; x_wconf 84' lang='lat' dir='ltr'>necessarium</span> <span class='ocrx_word' id='word_1_82' title='bbox 1012 527 1070 560; x_wconf 88' lang='lat' dir='ltr'>est</span> <span class='ocrx_word' id='word_1_83' title='bbox 1101 526 1298 569; x_wconf 86' lang='lat' dir='ltr'>quartum,</span> <span class='ocrx_word' id='word_1_84' title='bbox 1320 523 1424 569; x_wconf 87' lang='lat' dir='ltr'>quod</span> <span class='ocrx_word' id='word_1_85' title='bbox 1454 528 1514 560; x_wconf 88' lang='lat' dir='ltr'>est</span> <span class='ocrx_word' id='word_1_86' title='bbox 1534 525 1686 561; x_wconf 86' lang='lat' dir='ltr'>sanatio</span> <span class='ocrx_word' id='word_1_87' title='bbox 1707 525 1761 560; x_wconf 89' lang='lat' dir='ltr'>rei</span> 
     </span>
     <span class='ocr_line' id='line_1_10' title="bbox 144 573 502 608; baseline 0.003 -2"><span class='ocrx_word' id='word_1_88' title='bbox 144 573 312 608; x_wconf 61' lang='lat' dir='ltr'>viventis</span> <span class='ocrx_word' id='word_1_89' title='bbox 332 576 502 608; x_wconf 57' lang='lat' dir='ltr'>merome.</span> 
     </span>
    </p>

    <p class='ocr_par' dir='ltr' id='par_1_3' title="bbox 145 599 1766 983">
     <span class='ocr_line' id='line_1_11' title="bbox 192 599 1763 665; baseline -0.001 -10"><span class='ocrx_word' id='word_1_90' title='bbox 192 620 252 655; x_wconf 85' lang='lat' dir='ltr'>Sic</span> <span class='ocrx_word' id='word_1_91' title='bbox 274 599 390 665; x_wconf 61' lang='lat' dir='ltr'>igitlff·</span> <span class='ocrx_word' id='word_1_92' title='bbox 410 622 447 654; x_wconf 90' lang='lat' dir='ltr'>et</span> <span class='ocrx_word' id='word_1_93' title='bbox 466 619 505 654; x_wconf 90' lang='lat' dir='ltr'>in</span> <span class='ocrx_word' id='word_1_94' title='bbox 527 618 608 655; x_wconf 85' lang='lat' dir='ltr'>vita</span> <span class='ocrx_word' id='word_1_95' title='bbox 627 616 822 664; x_wconf 87' lang='lat' dir='ltr'>spirituali</span> <span class='ocrx_word' id='word_1_96' title='bbox 845 616 1012 661; x_wconf 87' lang='lat' dir='ltr'>primum</span> <span class='ocrx_word' id='word_1_97' title='bbox 1036 619 1096 653; x_wconf 90' lang='lat' dir='ltr'>est</span> <span class='ocrx_word' id='word_1_98' title='bbox 1120 616 1335 662; x_wconf 87' lang='lat' dir='ltr'>spiritualis</span> <span class='ocrx_word' id='word_1_99' title='bbox 1356 616 1557 662; x_wconf 77' lang='lat' dir='ltr'>generatio</span> <span class='ocrx_word' id='word_1_100' title='bbox 1577 627 1646 662; x_wconf 87' lang='lat' dir='ltr'>per</span> <span class='ocrx_word' id='word_1_101' title='bbox 1666 619 1763 663; x_wconf 84' lang='lat' dir='ltr'>Bap-</span> 
     </span>
     <span class='ocr_line' id='line_1_12' title="bbox 145 663 1765 710; baseline -0.001 -8"><span class='ocrx_word' id='word_1_102' title='bbox 145 666 304 702; x_wconf 85' lang='lat' dir='ltr'>tismum</span> <span class='ocrx_word' id='word_1_103' title='bbox 326 678 334 710; x_wconf 89' lang='lat'>;</span> <span class='ocrx_word' id='word_1_104' title='bbox 358 665 575 702; x_wconf 88' lang='lat' dir='ltr'>secundum</span> <span class='ocrx_word' id='word_1_105' title='bbox 598 668 657 701; x_wconf 89' lang='lat' dir='ltr'>est</span> <span class='ocrx_word' id='word_1_106' title='bbox 679 664 881 709; x_wconf 75' lang='lat' dir='ltr'>spirituale</span> <span class='ocrx_word' id='word_1_107' title='bbox 903 667 1159 709; x_wconf 77' lang='lat' dir='ltr'>augmentum</span> <span class='ocrx_word' id='word_1_108' title='bbox 1178 663 1397 709; x_wconf 88' lang='lat' dir='ltr'>perducens</span> <span class='ocrx_word' id='word_1_109' title='bbox 1414 663 1461 699; x_wconf 85' lang='lat' dir='ltr'>ad</span> <span class='ocrx_word' id='word_1_110' title='bbox 1483 663 1602 700; x_wconf 84' lang='lat' dir='ltr'>robur</span> <span class='ocrx_word' id='word_1_111' title='bbox 1619 664 1765 709; x_wconf 84' lang='lat' dir='ltr'>persec-</span> 
     </span>
     <span class='ocr_line' id='line_1_13' title="bbox 146 710 1761 757; baseline 0 -9"><span class='ocrx_word' id='word_1_112' title='bbox 146 718 227 749; x_wconf 89' lang='lat' dir='ltr'>tum</span> <span class='ocrx_word' id='word_1_113' title='bbox 249 723 316 757; x_wconf 83' lang='lat' dir='ltr'>per</span> <span class='ocrx_word' id='word_1_114' title='bbox 331 715 620 748; x_wconf 84' lang='lat' dir='ltr'>sacramentum</span> <span class='ocrx_word' id='word_1_115' title='bbox 640 710 982 754; x_wconf 77' lang='lat' dir='ltr'>confirmationis3</span> <span class='ocrx_word' id='word_1_116' title='bbox 1005 710 1158 746; x_wconf 86' lang='lat' dir='ltr'>tertium</span> <span class='ocrx_word' id='word_1_117' title='bbox 1181 715 1239 747; x_wconf 89' lang='lat' dir='ltr'>est</span> <span class='ocrx_word' id='word_1_118' title='bbox 1258 710 1461 755; x_wconf 72' lang='lat' dir='ltr'>spirituale</span> <span class='ocrx_word' id='word_1_119' title='bbox 1482 711 1761 748; x_wconf 84' lang='lat' dir='ltr'>nutrimentum</span> 
     </span>
     <span class='ocr_line' id='line_1_14' title="bbox 146 757 1763 805; baseline -0.001 -10"><span class='ocrx_word' id='word_1_120' title='bbox 146 770 214 805; x_wconf 85' lang='lat' dir='ltr'>per</span> <span class='ocrx_word' id='word_1_121' title='bbox 243 759 495 795; x_wconf 72' lang='lat' dir='ltr'>Eucharistiae</span> <span class='ocrx_word' id='word_1_122' title='bbox 522 762 812 795; x_wconf 89' lang='lat' dir='ltr'>sacramentum</span> <span class='ocrx_word' id='word_1_123' title='bbox 836 769 843 801; x_wconf 80' lang='lat'><em>3</em></span> <span class='ocrx_word' id='word_1_124' title='bbox 878 760 998 794; x_wconf 83' lang='lat' dir='ltr'>restat</span> <span class='ocrx_word' id='word_1_125' title='bbox 1031 762 1228 803; x_wconf 79' lang='lat' dir='ltr'>quartum,</span> <span class='ocrx_word' id='word_1_126' title='bbox 1252 757 1356 803; x_wconf 84' lang='lat' dir='ltr'>quod</span> <span class='ocrx_word' id='word_1_127' title='bbox 1379 759 1439 794; x_wconf 89' lang='lat' dir='ltr'>est</span> <span class='ocrx_word' id='word_1_128' title='bbox 1467 757 1682 802; x_wconf 88' lang='lat' dir='ltr'>spiritualis</span> <span class='ocrx_word' id='word_1_129' title='bbox 1701 767 1763 794; x_wconf 86' lang='lat' dir='ltr'>sa-</span> 
     </span>
     <span class='ocr_line' id='line_1_15' title="bbox 147 804 1764 852; baseline -0.001 -10"><span class='ocrx_word' id='word_1_130' title='bbox 147 806 268 850; x_wconf 83' lang='lat' dir='ltr'>natio,</span> <span class='ocrx_word' id='word_1_131' title='bbox 290 815 375 852; x_wconf 76' lang='lat' dir='ltr'>quae</span> <span class='ocrx_word' id='word_1_132' title='bbox 396 805 438 841; x_wconf 82' lang='lat' dir='ltr'>sit</span> <span class='ocrx_word' id='word_1_133' title='bbox 456 805 514 841; x_wconf 85' lang='lat' dir='ltr'>vel</span> <span class='ocrx_word' id='word_1_134' title='bbox 536 806 575 841; x_wconf 90' lang='lat' dir='ltr'>in</span> <span class='ocrx_word' id='word_1_135' title='bbox 597 805 730 841; x_wconf 89' lang='lat' dir='ltr'>anima</span> <span class='ocrx_word' id='word_1_136' title='bbox 757 808 923 845; x_wconf 82' lang='lat' dir='ltr'>tantum,</span> <span class='ocrx_word' id='word_1_137' title='bbox 958 814 1026 849; x_wconf 88' lang='lat' dir='ltr'>per</span> <span class='ocrx_word' id='word_1_138' title='bbox 1047 804 1288 840; x_wconf 77' lang='lat' dir='ltr'>Paenitentiae</span> <span class='ocrx_word' id='word_1_139' title='bbox 1309 807 1616 847; x_wconf 87' lang='lat' dir='ltr'>sacramentum,</span> <span class='ocrx_word' id='word_1_140' title='bbox 1634 804 1695 840; x_wconf 80' lang='lat' dir='ltr'>vel</span> <span class='ocrx_word' id='word_1_141' title='bbox 1717 813 1764 841; x_wconf 82' lang='lat' dir='ltr'>ex</span> 
     </span>
     <span class='ocr_line' id='line_1_16' title="bbox 147 851 1763 898; baseline -0.002 -9"><span class='ocrx_word' id='word_1_142' title='bbox 147 853 278 890; x_wconf 86' lang='lat' dir='ltr'>anima</span> <span class='ocrx_word' id='word_1_143' title='bbox 305 854 502 888; x_wconf 80' lang='lat' dir='ltr'>derivatur</span> <span class='ocrx_word' id='word_1_144' title='bbox 528 852 574 888; x_wconf 87' lang='lat' dir='ltr'>ad</span> <span class='ocrx_word' id='word_1_145' title='bbox 606 860 765 898; x_wconf 90' lang='lat' dir='ltr'>eorpus,</span> <span class='ocrx_word' id='word_1_146' title='bbox 796 851 954 897; x_wconf 81' lang='lat' dir='ltr'>quando</span> <span class='ocrx_word' id='word_1_147' title='bbox 986 851 1103 887; x_wconf 83' lang='lat' dir='ltr'>suerit</span> <span class='ocrx_word' id='word_1_148' title='bbox 1131 855 1411 897; x_wconf 87' lang='lat' dir='ltr'>opportunum,</span> <span class='ocrx_word' id='word_1_149' title='bbox 1446 859 1514 895; x_wconf 90' lang='lat' dir='ltr'>per</span> <span class='ocrx_word' id='word_1_150' title='bbox 1544 853 1763 887; x_wconf 82' lang='lat' dir='ltr'>Extremam</span> 
     </span>
     <span class='ocr_line' id='line_1_17' title="bbox 148 898 1766 945; baseline -0.001 -9"><span class='ocrx_word' id='word_1_151' title='bbox 148 900 390 936; x_wconf 88' lang='lat' dir='ltr'>Unctionem.</span> <span class='ocrx_word' id='word_1_152' title='bbox 416 901 504 935; x_wconf 80' lang='lat' dir='ltr'>Haec</span> <span class='ocrx_word' id='word_1_153' title='bbox 523 899 642 945; x_wconf 82' lang='lat' dir='ltr'>igitur</span> <span class='ocrx_word' id='word_1_154' title='bbox 664 898 861 944; x_wconf 87' lang='lat' dir='ltr'>pertinent</span> <span class='ocrx_word' id='word_1_155' title='bbox 880 898 925 934; x_wconf 87' lang='lat' dir='ltr'>ad</span> <span class='ocrx_word' id='word_1_156' title='bbox 946 906 1015 934; x_wconf 88' lang='lat' dir='ltr'>eos</span> <span class='ocrx_word' id='word_1_157' title='bbox 1038 898 1103 944; x_wconf 82' lang='lat' dir='ltr'>qui</span> <span class='ocrx_word' id='word_1_158' title='bbox 1124 898 1162 934; x_wconf 87' lang='grc'>111</span> <span class='ocrx_word' id='word_1_159' title='bbox 1182 898 1262 934; x_wconf 86' lang='lat' dir='ltr'>vita</span> <span class='ocrx_word' id='word_1_160' title='bbox 1282 898 1474 943; x_wconf 84' lang='lat' dir='ltr'>spirituali</span> <span class='ocrx_word' id='word_1_161' title='bbox 1494 902 1766 944; x_wconf 81' lang='lat' dir='ltr'>propagantur</span> 
     </span>
     <span class='ocr_line' id='line_1_18' title="bbox 147 950 501 983; baseline -0.003 0"><span class='ocrx_word' id='word_1_162' title='bbox 147 951 183 983; x_wconf 87' lang='lat' dir='ltr'>et</span> <span class='ocrx_word' id='word_1_163' title='bbox 204 950 501 983; x_wconf 79' lang='lat' dir='ltr'>conservantur.</span> 
     </span>
    </p>

    <p class='ocr_par' dir='ltr' id='par_1_4' title="bbox 147 991 1766 1460">
     <span class='ocr_line' id='line_1_19' title="bbox 195 991 1765 1039; baseline 0 -10"><span class='ocrx_word' id='word_1_164' title='bbox 195 995 481 1039; x_wconf 74' lang='lat' dir='ltr'>Prepagatores</span> <span class='ocrx_word' id='word_1_165' title='bbox 515 996 645 1029; x_wconf 85' lang='lat' dir='ltr'>autem</span> <span class='ocrx_word' id='word_1_166' title='bbox 681 995 719 1029; x_wconf 86' lang='lat' dir='ltr'>et</span> <span class='ocrx_word' id='word_1_167' title='bbox 757 992 1006 1029; x_wconf 84' lang='lat' dir='ltr'>ordinatores</span> <span class='ocrx_word' id='word_1_168' title='bbox 1045 991 1264 1037; x_wconf 84' lang='lat' dir='ltr'>corporalis</span> <span class='ocrx_word' id='word_1_169' title='bbox 1298 991 1386 1028; x_wconf 82' lang='lat' dir='ltr'>vitae</span> <span class='ocrx_word' id='word_1_170' title='bbox 1424 992 1643 1028; x_wconf 89' lang='lat' dir='ltr'>secundum</span> <span class='ocrx_word' id='word_1_171' title='bbox 1685 991 1765 1029; x_wconf 89' lang='lat' dir='ltr'>duo</span> 
     </span>
     <span class='ocr_line' id='line_1_20' title="bbox 149 1038 1765 1085; baseline -0.001 -9"><span class='ocrx_word' id='word_1_172' title='bbox 149 1041 417 1083; x_wconf 89' lang='lat' dir='ltr'>attenduntur,</span> <span class='ocrx_word' id='word_1_173' title='bbox 440 1040 593 1076; x_wconf 90' lang='lat' dir='ltr'>scilicet</span> <span class='ocrx_word' id='word_1_174' title='bbox 628 1040 846 1076; x_wconf 85' lang='lat' dir='ltr'>secundum</span> <span class='ocrx_word' id='word_1_175' title='bbox 884 1039 1080 1085; x_wconf 84' lang='lat' dir='ltr'>originem</span> <span class='ocrx_word' id='word_1_176' title='bbox 1115 1038 1350 1082; x_wconf 86' lang='lat' dir='ltr'>naturalem,</span> <span class='ocrx_word' id='word_1_177' title='bbox 1373 1039 1478 1085; x_wconf 86' lang='lat' dir='ltr'>quod</span> <span class='ocrx_word' id='word_1_178' title='bbox 1500 1038 1547 1074; x_wconf 85' lang='lat' dir='ltr'>ad</span> <span class='ocrx_word' id='word_1_179' title='bbox 1581 1042 1765 1084; x_wconf 88' lang='lat' dir='ltr'>parentes</span> 
     </span>
     <span class='ocr_line' id='line_1_21' title="bbox 147 1085 1766 1133; baseline 0.001 -12"><span class='ocrx_word' id='word_1_180' title='bbox 147 1087 326 1133; x_wconf 79' lang='lat' dir='ltr'>pertinet,</span> <span class='ocrx_word' id='word_1_181' title='bbox 351 1091 387 1122; x_wconf 90' lang='lat' dir='ltr'>et</span> <span class='ocrx_word' id='word_1_182' title='bbox 409 1087 628 1123; x_wconf 87' lang='lat' dir='ltr'>secundum</span> <span class='ocrx_word' id='word_1_183' title='bbox 650 1086 827 1132; x_wconf 77' lang='lat' dir='ltr'>regimen</span> <span class='ocrx_word' id='word_1_184' title='bbox 848 1086 1069 1131; x_wconf 87' lang='lat' dir='ltr'>politicum,</span> <span class='ocrx_word' id='word_1_185' title='bbox 1091 1094 1160 1130; x_wconf 89' lang='lat' dir='ltr'>per</span> <span class='ocrx_word' id='word_1_186' title='bbox 1182 1085 1285 1131; x_wconf 84' lang='lat' dir='ltr'>quod</span> <span class='ocrx_word' id='word_1_187' title='bbox 1307 1086 1385 1121; x_wconf 88' lang='lat' dir='ltr'>vita</span> <span class='ocrx_word' id='word_1_188' title='bbox 1404 1085 1580 1122; x_wconf 89' lang='lat' dir='ltr'>hominis</span> <span class='ocrx_word' id='word_1_189' title='bbox 1601 1085 1766 1131; x_wconf 82' lang='lat' dir='ltr'>pacifica</span> 
     </span>
     <span class='ocr_line' id='line_1_22' title="bbox 147 1132 1764 1179; baseline -0.001 -9"><span class='ocrx_word' id='word_1_190' title='bbox 147 1137 428 1177; x_wconf 77' lang='lat' dir='ltr'>conservatur3</span> <span class='ocrx_word' id='word_1_191' title='bbox 449 1138 486 1170; x_wconf 89' lang='lat' dir='ltr'>et</span> <span class='ocrx_word' id='word_1_192' title='bbox 502 1134 578 1170; x_wconf 87' lang='grc'><strong>1100</strong></span> <span class='ocrx_word' id='word_1_193' title='bbox 598 1134 766 1179; x_wconf 84' lang='lat' dir='ltr'>pertinet</span> <span class='ocrx_word' id='word_1_194' title='bbox 785 1133 833 1169; x_wconf 89' lang='lat' dir='ltr'>ad</span> <span class='ocrx_word' id='word_1_195' title='bbox 854 1142 967 1179; x_wconf 82' lang='lat' dir='ltr'>reges</span> <span class='ocrx_word' id='word_1_196' title='bbox 987 1137 1023 1168; x_wconf 88' lang='lat' dir='ltr'>et</span> <span class='ocrx_word' id='word_1_197' title='bbox 1045 1132 1256 1178; x_wconf 77' lang='lat' dir='ltr'>principes.</span> <span class='ocrx_word' id='word_1_198' title='bbox 1281 1132 1343 1169; x_wconf 88' lang='lat' dir='ltr'>Sic</span> <span class='ocrx_word' id='word_1_199' title='bbox 1364 1133 1484 1179; x_wconf 79' lang='lat' dir='ltr'>igitur</span> <span class='ocrx_word' id='word_1_200' title='bbox 1505 1136 1565 1169; x_wconf 90' lang='lat' dir='ltr'>est</span> <span class='ocrx_word' id='word_1_201' title='bbox 1586 1133 1626 1169; x_wconf 91' lang='lat' dir='ltr'>in</span> <span class='ocrx_word' id='word_1_202' title='bbox 1649 1133 1764 1178; x_wconf 88' lang='lat' dir='ltr'>spiri-</span> 
     </span>
     <span class='ocr_line' id='line_1_23' title="bbox 147 1179 1763 1226; baseline 0 -10"><span class='ocrx_word' id='word_1_203' title='bbox 147 1181 244 1217; x_wconf 84' lang='lat' dir='ltr'>tuali</span> <span class='ocrx_word' id='word_1_204' title='bbox 275 1181 368 1217; x_wconf 88' lang='lat' dir='ltr'>vita.</span> <span class='ocrx_word' id='word_1_205' title='bbox 405 1181 503 1216; x_wconf 87' lang='lat' dir='ltr'>Sunt</span> <span class='ocrx_word' id='word_1_206' title='bbox 535 1180 641 1216; x_wconf 92' lang='lat' dir='ltr'>enim</span> <span class='ocrx_word' id='word_1_207' title='bbox 664 1180 821 1226; x_wconf 88' lang='lat' dir='ltr'>quidam</span> <span class='ocrx_word' id='word_1_208' title='bbox 856 1184 1140 1225; x_wconf 78' lang='lat' dir='ltr'>propagatores</span> <span class='ocrx_word' id='word_1_209' title='bbox 1165 1182 1202 1215; x_wconf 90' lang='lat' dir='ltr'>et</span> <span class='ocrx_word' id='word_1_210' title='bbox 1221 1183 1521 1216; x_wconf 87' lang='lat' dir='ltr'>conservatores</span> <span class='ocrx_word' id='word_1_211' title='bbox 1542 1179 1763 1224; x_wconf 87' lang='lat' dir='ltr'>spiritualis</span> 
     </span>
     <span class='ocr_line' id='line_1_24' title="bbox 147 1225 1764 1272; baseline 0.001 -10"><span class='ocrx_word' id='word_1_212' title='bbox 147 1228 234 1264; x_wconf 70' lang='lat' dir='ltr'>vitae</span> <span class='ocrx_word' id='word_1_213' title='bbox 265 1227 482 1264; x_wconf 90' lang='lat' dir='ltr'>secundum</span> <span class='ocrx_word' id='word_1_214' title='bbox 505 1227 708 1272; x_wconf 88' lang='lat' dir='ltr'>spirituale</span> <span class='ocrx_word' id='word_1_215' title='bbox 728 1226 989 1262; x_wconf 86' lang='lat' dir='ltr'>ministerium</span> <span class='ocrx_word' id='word_1_216' title='bbox 1011 1229 1188 1266; x_wconf 81' lang='lat' dir='ltr'>lantum.</span> <span class='ocrx_word' id='word_1_217' title='bbox 1210 1226 1257 1262; x_wconf 89' lang='lat' dir='ltr'>ad</span> <span class='ocrx_word' id='word_1_218' title='bbox 1282 1225 1388 1272; x_wconf 78' lang='lat' dir='ltr'>quod</span> <span class='ocrx_word' id='word_1_219' title='bbox 1417 1225 1586 1271; x_wconf 86' lang='lat' dir='ltr'>pertinet</span> <span class='ocrx_word' id='word_1_220' title='bbox 1605 1226 1764 1263; x_wconf 89' lang='lat' dir='ltr'>Ordinis</span> 
     </span>
     <span class='ocr_line' id='line_1_25' title="bbox 151 1272 1763 1320; baseline -0.001 -10"><span class='ocrx_word' id='word_1_221' title='bbox 151 1278 441 1311; x_wconf 86' lang='lat' dir='ltr'>sacramentum</span> <span class='ocrx_word' id='word_1_222' title='bbox 460 1285 468 1318; x_wconf 87' lang='lat'><em>;</em></span> <span class='ocrx_word' id='word_1_223' title='bbox 491 1273 650 1320; x_wconf 80' lang='lat' dir='ltr'>quidam</span> <span class='ocrx_word' id='word_1_224' title='bbox 680 1282 771 1309; x_wconf 90' lang='lat' dir='ltr'>vero</span> <span class='ocrx_word' id='word_1_225' title='bbox 794 1273 1013 1310; x_wconf 84' lang='lat' dir='ltr'>secu‘ndum</span> <span class='ocrx_word' id='word_1_226' title='bbox 1033 1272 1277 1318; x_wconf 88' lang='lat' dir='ltr'>corporalem</span> <span class='ocrx_word' id='word_1_227' title='bbox 1300 1276 1336 1308; x_wconf 90' lang='lat' dir='ltr'>et</span> <span class='ocrx_word' id='word_1_228' title='bbox 1354 1272 1599 1317; x_wconf 88' lang='lat' dir='ltr'>spiritualem</span> <span class='ocrx_word' id='word_1_229' title='bbox 1630 1273 1763 1313; x_wconf 85' lang='lat' dir='ltr'>simul,</span> 
     </span>
     <span class='ocr_line' id='line_1_26' title="bbox 151 1319 1764 1367; baseline -0.001 -10"><span class='ocrx_word' id='word_1_230' title='bbox 151 1321 254 1367; x_wconf 79' lang='lat' dir='ltr'>quod</span> <span class='ocrx_word' id='word_1_231' title='bbox 277 1321 318 1357; x_wconf 85' lang='lat' dir='ltr'>sit</span> <span class='ocrx_word' id='word_1_232' title='bbox 337 1331 405 1366; x_wconf 88' lang='lat' dir='ltr'>per</span> <span class='ocrx_word' id='word_1_233' title='bbox 435 1323 726 1357; x_wconf 84' lang='lat' dir='ltr'>sacramentum</span> <span class='ocrx_word' id='word_1_234' title='bbox 754 1320 1005 1364; x_wconf 84' lang='lat' dir='ltr'>Matrimonii,</span> <span class='ocrx_word' id='word_1_235' title='bbox 1039 1328 1117 1365; x_wconf 82' lang='lat' dir='ltr'>quo</span> <span class='ocrx_word' id='word_1_236' title='bbox 1138 1319 1197 1355; x_wconf 88' lang='lat' dir='ltr'>vir</span> <span class='ocrx_word' id='word_1_237' title='bbox 1228 1322 1265 1355; x_wconf 90' lang='lat' dir='ltr'>et</span> <span class='ocrx_word' id='word_1_238' title='bbox 1292 1319 1435 1355; x_wconf 86' lang='lat' dir='ltr'>mulier</span> <span class='ocrx_word' id='word_1_239' title='bbox 1454 1319 1697 1356; x_wconf 81' lang='lat' dir='ltr'>conveniunt</span> <span class='ocrx_word' id='word_1_240' title='bbox 1717 1320 1764 1356; x_wconf 85' lang='lat' dir='ltr'>ad</span> 
     </span>
     <span class='ocr_line' id='line_1_27' title="bbox 149 1365 1764 1414; baseline -0.001 -11"><span class='ocrx_word' id='word_1_241' title='bbox 149 1368 298 1413; x_wconf 84' lang='lat' dir='ltr'>prolem</span> <span class='ocrx_word' id='word_1_242' title='bbox 323 1367 589 1414; x_wconf 82' lang='lat' dir='ltr'>generandam</span> <span class='ocrx_word' id='word_1_243' title='bbox 612 1369 649 1403; x_wconf 90' lang='lat' dir='ltr'>et</span> <span class='ocrx_word' id='word_1_244' title='bbox 669 1367 913 1404; x_wconf 83' lang='lat' dir='ltr'>educandam</span> <span class='ocrx_word' id='word_1_245' title='bbox 936 1366 983 1402; x_wconf 89' lang='lat' dir='ltr'>ad</span> <span class='ocrx_word' id='word_1_246' title='bbox 1005 1367 1153 1403; x_wconf 85' lang='lat' dir='ltr'>cultum</span> <span class='ocrx_word' id='word_1_247' title='bbox 1176 1365 1367 1402; x_wconf 87' lang='lat' dir='ltr'>divinum.</span> <span class='ocrx_word' id='word_1_248' title='bbox 1388 1365 1452 1412; x_wconf 87' lang='lat'><em>(111</em></span> <span class='ocrx_word' id='word_1_249' title='bbox 1468 1369 1582 1411; x_wconf 68' lang='lat' dir='ltr'>part„</span> <span class='ocrx_word' id='word_1_250' title='bbox 1603 1375 1641 1413; x_wconf 89' lang='lat' dir='ltr'>q.</span> <span class='ocrx_word' id='word_1_251' title='bbox 1672 1374 1764 1410; x_wconf 73' lang='lat' dir='ltr'>va,</span> 
     </span>
     <span class='ocr_line' id='line_1_28' title="bbox 149 1415 627 1460; baseline -0.002 -9"><span class='ocrx_word' id='word_1_252' title='bbox 149 1416 219 1451; x_wconf 85' lang='lat' dir='ltr'>art.</span> <span class='ocrx_word' id='word_1_253' title='bbox 242 1415 289 1460; x_wconf 88' lang='lat'>1.)</span> <span class='ocrx_word' id='word_1_254' title='bbox 623 1416 627 1419; x_wconf 74' lang='grc'><em>’</em></span> 
     </span>
    </p>
   </div>
   <div class='ocr_carea' id='block_1_3' title="bbox 807 1524 1088 1564">
    <p class='ocr_par' dir='ltr' id='par_1_5' title="bbox 807 1524 1088 1564">
     <span class='ocr_line' id='line_1_29' title="bbox 807 1524 1088 1564; baseline 0 0"><span class='ocrx_word' id='word_1_255' title='bbox 807 1524 974 1564; x_wconf 74' lang='lat' dir='ltr'><strong>CAPUT</strong></span> <span class='ocrx_word' id='word_1_256' title='bbox 1002 1524 1088 1564; x_wconf 84' lang='lat' dir='ltr'>LIX</span> 
     </span>
    </p>
   </div>
   <div class='ocr_carea' id='block_1_4' title="bbox 805 1639 1100 1667">
    <p class='ocr_par' dir='ltr' id='par_1_6' title="bbox 805 1639 1100 1667">
     <span class='ocr_line' id='line_1_30' title="bbox 805 1639 1100 1667; baseline 0 0"><span class='ocrx_word' id='word_1_257' title='bbox 805 1639 856 1667; x_wconf 88' lang='lat' dir='ltr'>DE</span> <span class='ocrx_word' id='word_1_258' title='bbox 896 1639 1100 1667; x_wconf 82' lang='lat' dir='ltr'>BAPTISMO.</span> 
     </span>
    </p>
   </div>
   <div class='ocr_carea' id='block_1_5' title="bbox 144 1741 1764 2914">
    <p class='ocr_par' dir='ltr' id='par_1_7' title="bbox 148 1741 1764 1882">
     <span class='ocr_line' id='line_1_31' title="bbox 193 1741 1764 1790; baseline 0.001 -11"><span class='ocrx_word' id='word_1_259' title='bbox 193 1742 417 1780; x_wconf 90' lang='lat' dir='ltr'>Secundum</span> <span class='ocrx_word' id='word_1_260' title='bbox 446 1742 522 1778; x_wconf 89' lang='grc'><strong>1100</strong></span> <span class='ocrx_word' id='word_1_261' title='bbox 555 1741 675 1789; x_wconf 79' lang='lat' dir='ltr'>igitur</span> <span class='ocrx_word' id='word_1_262' title='bbox 706 1750 893 1788; x_wconf 90' lang='lat' dir='ltr'>apparere</span> <span class='ocrx_word' id='word_1_263' title='bbox 926 1745 1069 1787; x_wconf 85' lang='lat' dir='ltr'>potest,</span> <span class='ocrx_word' id='word_1_264' title='bbox 1104 1742 1207 1778; x_wconf 90' lang='lat' dir='ltr'>circa</span> <span class='ocrx_word' id='word_1_265' title='bbox 1240 1745 1488 1779; x_wconf 88' lang='lat' dir='ltr'>sacramenta</span> <span class='ocrx_word' id='word_1_266' title='bbox 1521 1742 1691 1790; x_wconf 78' lang='lat' dir='ltr'>singula,</span> <span class='ocrx_word' id='word_1_267' title='bbox 1725 1746 1764 1780; x_wconf 87' lang='lat' dir='ltr'>et</span> 
     </span>
     <span class='ocr_line' id='line_1_32' title="bbox 148 1788 1763 1837; baseline 0.001 -12"><span class='ocrx_word' id='word_1_268' title='bbox 148 1788 311 1826; x_wconf 81' lang='lat' dir='ltr'>effeetus</span> <span class='ocrx_word' id='word_1_269' title='bbox 333 1790 515 1834; x_wconf 91' lang='lat' dir='ltr'>proprius</span> <span class='ocrx_word' id='word_1_270' title='bbox 536 1789 850 1836; x_wconf 76' lang='lat' dir='ltr'>uniuscujUsque</span> <span class='ocrx_word' id='word_1_271' title='bbox 877 1791 913 1825; x_wconf 88' lang='lat' dir='ltr'>et</span> <span class='ocrx_word' id='word_1_272' title='bbox 933 1790 1098 1825; x_wconf 85' lang='lat' dir='ltr'>materia</span> <span class='ocrx_word' id='word_1_273' title='bbox 1117 1789 1383 1834; x_wconf 88' lang='lat' dir='ltr'>conveniens;</span> <span class='ocrx_word' id='word_1_274' title='bbox 1406 1793 1443 1826; x_wconf 92' lang='lat' dir='ltr'>et</span> <span class='ocrx_word' id='word_1_275' title='bbox 1462 1789 1589 1835; x_wconf 89' lang='lat' dir='ltr'>primo</span> <span class='ocrx_word' id='word_1_276' title='bbox 1606 1789 1763 1837; x_wconf 88' lang='lat' dir='ltr'>quidem</span> 
     </span>
     <span class='ocr_line' id='line_1_33' title="bbox 148 1836 1382 1882; baseline -0.001 -9"><span class='ocrx_word' id='word_1_277' title='bbox 148 1837 250 1873; x_wconf 88' lang='lat' dir='ltr'>circa</span> <span class='ocrx_word' id='word_1_278' title='bbox 272 1836 512 1881; x_wconf 86' lang='lat' dir='ltr'>spiritualem</span> <span class='ocrx_word' id='word_1_279' title='bbox 535 1837 846 1882; x_wconf 83' lang='lat' dir='ltr'>generationem,</span> <span class='ocrx_word' id='word_1_280' title='bbox 869 1845 955 1882; x_wconf 78' lang='lat' dir='ltr'>quae</span> <span class='ocrx_word' id='word_1_281' title='bbox 976 1845 1044 1881; x_wconf 89' lang='lat' dir='ltr'>per</span> <span class='ocrx_word' id='word_1_282' title='bbox 1065 1836 1304 1882; x_wconf 88' lang='lat' dir='ltr'>Baptismum</span> <span class='ocrx_word' id='word_1_283' title='bbox 1327 1836 1382 1872; x_wconf 79' lang='lat' dir='ltr'>fit,</span> 
     </span>
    </p>

    <p class='ocr_par' dir='ltr' id='par_1_8' title="bbox 144 1883 1763 2632">
     <span class='ocr_line' id='line_1_34' title="bbox 195 1883 1762 1930; baseline 0.001 -12"><span class='ocrx_word' id='word_1_284' title='bbox 195 1883 532 1919; x_wconf 83' lang='lat' dir='ltr'>Considerandum</span> <span class='ocrx_word' id='word_1_285' title='bbox 551 1886 609 1919; x_wconf 89' lang='lat' dir='ltr'>est</span> <span class='ocrx_word' id='word_1_286' title='bbox 631 1883 750 1930; x_wconf 83' lang='lat' dir='ltr'>igitur</span> <span class='ocrx_word' id='word_1_287' title='bbox 771 1883 875 1929; x_wconf 83' lang='lat' dir='ltr'>quod</span> <span class='ocrx_word' id='word_1_288' title='bbox 894 1883 1096 1929; x_wconf 83' lang='lat' dir='ltr'>generatio</span> <span class='ocrx_word' id='word_1_289' title='bbox 1118 1883 1172 1918; x_wconf 88' lang='lat' dir='ltr'>rei</span> <span class='ocrx_word' id='word_1_290' title='bbox 1193 1883 1361 1919; x_wconf 86' lang='lat' dir='ltr'>viventis</span> <span class='ocrx_word' id='word_1_291' title='bbox 1392 1886 1452 1919; x_wconf 90' lang='lat' dir='ltr'>est</span> <span class='ocrx_word' id='word_1_292' title='bbox 1469 1883 1636 1920; x_wconf 87' lang='lat' dir='ltr'>mutatio</span> <span class='ocrx_word' id='word_1_293' title='bbox 1657 1892 1762 1929; x_wconf 68' lang='lat' dir='ltr'>quae·</span> 
     </span>
     <span class='ocr_line' id='line_1_35' title="bbox 147 1929 1762 1975; baseline 0.001 -10"><span class='ocrx_word' id='word_1_294' title='bbox 147 1929 236 1965; x_wconf 89' lang='lat' dir='ltr'>dam</span> <span class='ocrx_word' id='word_1_295' title='bbox 258 1929 304 1965; x_wconf 86' lang='lat' dir='ltr'>de</span> <span class='ocrx_word' id='word_1_296' title='bbox 326 1939 403 1965; x_wconf 89' lang='lat' dir='ltr'>non</span> <span class='ocrx_word' id='word_1_297' title='bbox 424 1930 576 1965; x_wconf 78' lang='lat' dir='ltr'>vivente</span> <span class='ocrx_word' id='word_1_298' title='bbox 598 1930 645 1965; x_wconf 89' lang='lat' dir='ltr'>ad</span> <span class='ocrx_word' id='word_1_299' title='bbox 665 1930 797 1965; x_wconf 90' lang='lat' dir='ltr'>vitam.</span> <span class='ocrx_word' id='word_1_300' title='bbox 820 1930 904 1965; x_wconf 85' lang='lat' dir='ltr'>Vita</span> <span class='ocrx_word' id='word_1_301' title='bbox 925 1933 1055 1966; x_wconf 88' lang='lat' dir='ltr'>autem</span> <span class='ocrx_word' id='word_1_302' title='bbox 1078 1929 1271 1975; x_wconf 87' lang='lat' dir='ltr'>spirituali</span> <span class='ocrx_word' id='word_1_303' title='bbox 1289 1930 1463 1974; x_wconf 89' lang='lat' dir='ltr'>privatus</span> <span class='ocrx_word' id='word_1_304' title='bbox 1495 1933 1556 1967; x_wconf 89' lang='lat' dir='ltr'>est</span> <span class='ocrx_word' id='word_1_305' title='bbox 1581 1929 1700 1967; x_wconf 91' lang='lat' dir='ltr'>homo</span> <span class='ocrx_word' id='word_1_306' title='bbox 1721 1930 1762 1967; x_wconf 83' lang='lat' dir='ltr'>in</span> 
     </span>
     <span class='ocr_line' id='line_1_36' title="bbox 148 1975 1761 2023; baseline 0.001 -11"><span class='ocrx_word' id='word_1_307' title='bbox 148 1985 220 2012; x_wconf 89' lang='lat' dir='ltr'>sua</span> <span class='ocrx_word' id='word_1_308' title='bbox 256 1976 408 2021; x_wconf 78' lang='lat' dir='ltr'>origine</span> <span class='ocrx_word' id='word_1_309' title='bbox 440 1985 508 2021; x_wconf 88' lang='lat' dir='ltr'>per</span> <span class='ocrx_word' id='word_1_310' title='bbox 531 1979 732 2021; x_wconf 88' lang='lat' dir='ltr'>peecatum</span> <span class='ocrx_word' id='word_1_311' title='bbox 754 1976 962 2022; x_wconf 78' lang='lat' dir='ltr'>originale,</span> <span class='ocrx_word' id='word_1_312' title='bbox 997 1978 1176 2021; x_wconf 86' lang='lat' dir='ltr'>utsupra</span> <span class='ocrx_word' id='word_1_313' title='bbox 1197 1975 1243 2022; x_wconf 91' lang='lat' dir='ltr'>(c.</span> <span class='ocrx_word' id='word_1_314' title='bbox 1267 1976 1324 2023; x_wconf 84' lang='lat'>50)</span> <span class='ocrx_word' id='word_1_315' title='bbox 1347 1976 1492 2012; x_wconf 87' lang='lat' dir='ltr'>dictum</span> <span class='ocrx_word' id='word_1_316' title='bbox 1530 1980 1615 2021; x_wconf 80' lang='lat' dir='ltr'>est3</span> <span class='ocrx_word' id='word_1_317' title='bbox 1647 1981 1686 2013; x_wconf 86' lang='lat' dir='ltr'>et</span> <span class='ocrx_word' id='word_1_318' title='bbox 1714 1977 1761 2014; x_wconf 89' lang='lat' dir='ltr'>ad</span> 
     </span>
     <span class='ocr_line' id='line_1_37' title="bbox 147 2022 1761 2070; baseline 0.001 -12"><span class='ocrx_word' id='word_1_319' title='bbox 147 2022 221 2058; x_wconf 88' lang='lat' dir='ltr'>hoc</span> <span class='ocrx_word' id='word_1_320' title='bbox 243 2032 498 2068; x_wconf 77' lang='lat' dir='ltr'>quaecumque</span> <span class='ocrx_word' id='word_1_321' title='bbox 516 2026 676 2068; x_wconf 86' lang='lat' dir='ltr'>peccata</span> <span class='ocrx_word' id='word_1_322' title='bbox 697 2026 790 2059; x_wconf 91' lang='lat' dir='ltr'>sunt</span> <span class='ocrx_word' id='word_1_323' title='bbox 810 2022 939 2059; x_wconf 87' lang='lat' dir='ltr'>addita</span> <span class='ocrx_word' id='word_1_324' title='bbox 958 2023 1158 2059; x_wconf 88' lang='lat' dir='ltr'>abducunt</span> <span class='ocrx_word' id='word_1_325' title='bbox 1176 2032 1199 2059; x_wconf 89' lang='lat' dir='ltr'>a</span> <span class='ocrx_word' id='word_1_326' title='bbox 1217 2023 1307 2060; x_wconf 86' lang='lat' dir='ltr'>vita.</span> <span class='ocrx_word' id='word_1_327' title='bbox 1328 2024 1508 2068; x_wconf 83' lang='lat' dir='ltr'>Oportuit</span> <span class='ocrx_word' id='word_1_328' title='bbox 1527 2023 1646 2070; x_wconf 81' lang='lat' dir='ltr'>igitur</span> <span class='ocrx_word' id='word_1_329' title='bbox 1665 2025 1761 2069; x_wconf 84' lang='lat' dir='ltr'>Bap-</span> 
     </span>
     <span class='ocr_line' id='line_1_38' title="bbox 145 2069 1762 2116; baseline 0.001 -12"><span class='ocrx_word' id='word_1_330' title='bbox 145 2069 322 2112; x_wconf 88' lang='lat' dir='ltr'>tismum,</span> <span class='ocrx_word' id='word_1_331' title='bbox 346 2070 411 2114; x_wconf 76' lang='lat' dir='ltr'>qui</span> <span class='ocrx_word' id='word_1_332' title='bbox 450 2072 509 2105; x_wconf 86' lang='lat' dir='ltr'>est</span> <span class='ocrx_word' id='word_1_333' title='bbox 529 2069 748 2115; x_wconf 88' lang='lat' dir='ltr'>spiritualis</span> <span class='ocrx_word' id='word_1_334' title='bbox 769 2070 984 2116; x_wconf 80' lang='lat' dir='ltr'>generatio,</span> <span class='ocrx_word' id='word_1_335' title='bbox 1013 2070 1130 2106; x_wconf 86' lang='lat' dir='ltr'>talem</span> <span class='ocrx_word' id='word_1_336' title='bbox 1151 2070 1333 2107; x_wconf 83' lang='lat' dir='ltr'>virtutem</span> <span class='ocrx_word' id='word_1_337' title='bbox 1354 2070 1498 2107; x_wconf 84' lang='lat' dir='ltr'>habere</span> <span class='ocrx_word' id='word_1_338' title='bbox 1519 2070 1623 2116; x_wconf 90' lang='lat' dir='ltr'>quod</span> <span class='ocrx_word' id='word_1_339' title='bbox 1646 2070 1762 2107; x_wconf 86' lang='lat' dir='ltr'>etiam</span> 
     </span>
     <span class='ocr_line' id='line_1_39' title="bbox 145 2116 1763 2163; baseline 0.002 -11"><span class='ocrx_word' id='word_1_340' title='bbox 145 2120 348 2162; x_wconf 88' lang='lat' dir='ltr'>peccatum</span> <span class='ocrx_word' id='word_1_341' title='bbox 370 2116 563 2162; x_wconf 80' lang='lat' dir='ltr'>originale</span> <span class='ocrx_word' id='word_1_342' title='bbox 583 2119 619 2152; x_wconf 90' lang='lat' dir='ltr'>et</span> <span class='ocrx_word' id='word_1_343' title='bbox 640 2116 773 2153; x_wconf 88' lang='lat' dir='ltr'>omnia</span> <span class='ocrx_word' id='word_1_344' title='bbox 802 2117 970 2153; x_wconf 80' lang='lat' dir='ltr'>actualia</span> <span class='ocrx_word' id='word_1_345' title='bbox 999 2120 1159 2162; x_wconf 83' lang='lat' dir='ltr'>peccata</span> <span class='ocrx_word' id='word_1_346' title='bbox 1189 2117 1405 2154; x_wconf 86' lang='lat' dir='ltr'>commissa</span> <span class='ocrx_word' id='word_1_347' title='bbox 1433 2117 1556 2153; x_wconf 88' lang='lat' dir='ltr'>tollat.</span> <span class='ocrx_word' id='word_1_348' title='bbox 1592 2119 1648 2161; x_wconf 89' lang='lat' dir='ltr'>Et,</span> <span class='ocrx_word' id='word_1_349' title='bbox 1670 2118 1763 2163; x_wconf 83' lang='lat' dir='ltr'>quia</span> 
     </span>
     <span class='ocr_line' id='line_1_40' title="bbox 147 2163 1762 2210; baseline 0.002 -12"><span class='ocrx_word' id='word_1_350' title='bbox 147 2163 304 2208; x_wconf 82' lang='lat' dir='ltr'>signum</span> <span class='ocrx_word' id='word_1_351' title='bbox 327 2163 562 2199; x_wconf 81' lang='lat' dir='ltr'>sacramenti</span> <span class='ocrx_word' id='word_1_352' title='bbox 591 2163 780 2200; x_wconf 82' lang='lat' dir='ltr'>sensibile</span> <span class='ocrx_word' id='word_1_353' title='bbox 808 2172 1028 2209; x_wconf 81' lang='lat' dir='ltr'>congruum</span> <span class='ocrx_word' id='word_1_354' title='bbox 1062 2163 1176 2201; x_wconf 87' lang='lat' dir='ltr'>debet</span> <span class='ocrx_word' id='word_1_355' title='bbox 1201 2173 1289 2201; x_wconf 90' lang='lat' dir='ltr'>esse</span> <span class='ocrx_word' id='word_1_356' title='bbox 1322 2164 1369 2201; x_wconf 89' lang='lat' dir='ltr'>ad</span> <span class='ocrx_word' id='word_1_357' title='bbox 1400 2165 1762 2210; x_wconf 83' lang='lat' dir='ltr'>repraesentandum</span> 
     </span>
     <span class='ocr_line' id='line_1_41' title="bbox 146 2209 1763 2257; baseline 0.002 -12"><span class='ocrx_word' id='word_1_358' title='bbox 146 2210 389 2255; x_wconf 87' lang='lat' dir='ltr'>spiritualem</span> <span class='ocrx_word' id='word_1_359' title='bbox 413 2210 647 2246; x_wconf 83' lang='lat' dir='ltr'>sacramenti</span> <span class='ocrx_word' id='word_1_360' title='bbox 670 2209 864 2249; x_wconf 83' lang='lat' dir='ltr'>effectum,</span> <span class='ocrx_word' id='word_1_361' title='bbox 886 2210 1069 2247; x_wconf 74' lang='lat' dir='ltr'>foeditatis</span> <span class='ocrx_word' id='word_1_362' title='bbox 1085 2214 1214 2248; x_wconf 89' lang='lat' dir='ltr'>autem</span> <span class='ocrx_word' id='word_1_363' title='bbox 1231 2210 1379 2248; x_wconf 85' lang='lat' dir='ltr'>ablutio</span> <span class='ocrx_word' id='word_1_364' title='bbox 1398 2211 1439 2247; x_wconf 89' lang='lat' dir='ltr'>iu</span> <span class='ocrx_word' id='word_1_365' title='bbox 1454 2211 1572 2247; x_wconf 83' lang='lat' dir='ltr'>rebus</span> <span class='ocrx_word' id='word_1_366' title='bbox 1583 2220 1763 2257; x_wconf 87' lang='lat' dir='ltr'>corpora-</span> 
     </span>
     <span class='ocr_line' id='line_1_42' title="bbox 146 2256 1761 2304; baseline 0.001 -12"><span class='ocrx_word' id='word_1_367' title='bbox 146 2256 249 2293; x_wconf 74' lang='lat' dir='ltr'>lilius</span> <span class='ocrx_word' id='word_1_368' title='bbox 274 2256 428 2293; x_wconf 78' lang='lat' dir='ltr'>facilius</span> <span class='ocrx_word' id='word_1_369' title='bbox 457 2261 495 2293; x_wconf 87' lang='lat' dir='ltr'>et</span> <span class='ocrx_word' id='word_1_370' title='bbox 522 2257 822 2294; x_wconf 83' lang='lat' dir='ltr'>convenientius</span> <span class='ocrx_word' id='word_1_371' title='bbox 853 2257 893 2294; x_wconf 82' lang='lat' dir='ltr'>tit</span> <span class='ocrx_word' id='word_1_372' title='bbox 923 2267 992 2303; x_wconf 89' lang='lat' dir='ltr'>per</span> <span class='ocrx_word' id='word_1_373' title='bbox 1017 2267 1174 2304; x_wconf 79' lang='lat' dir='ltr'>aquam,</span> <span class='ocrx_word' id='word_1_374' title='bbox 1202 2258 1351 2295; x_wconf 89' lang='lat' dir='ltr'>ideirco</span> <span class='ocrx_word' id='word_1_375' title='bbox 1373 2258 1596 2304; x_wconf 86' lang='lat' dir='ltr'>Baptismus</span> <span class='ocrx_word' id='word_1_376' title='bbox 1617 2267 1761 2295; x_wconf 85' lang='lat' dir='ltr'>conve-</span> 
     </span>
     <span class='ocr_line' id='line_1_43' title="bbox 146 2303 1760 2351; baseline 0.002 -13"><span class='ocrx_word' id='word_1_377' title='bbox 146 2303 297 2339; x_wconf 83' lang='lat' dir='ltr'>nienter</span> <span class='ocrx_word' id='word_1_378' title='bbox 318 2303 355 2339; x_wconf 83' lang='lat' dir='ltr'>in</span> <span class='ocrx_word' id='word_1_379' title='bbox 378 2313 478 2349; x_wconf 76' lang='lat' dir='ltr'>aqua</span> <span class='ocrx_word' id='word_1_380' title='bbox 500 2304 700 2340; x_wconf 87' lang='lat' dir='ltr'>confertur</span> <span class='ocrx_word' id='word_1_381' title='bbox 719 2314 788 2349; x_wconf 91' lang='lat' dir='ltr'>per</span> <span class='ocrx_word' id='word_1_382' title='bbox 807 2305 972 2341; x_wconf 82' lang='lat' dir='ltr'>Verbum</span> <span class='ocrx_word' id='word_1_383' title='bbox 996 2305 1063 2341; x_wconf 90' lang='lat' dir='ltr'>Dei</span> <span class='ocrx_word' id='word_1_384' title='bbox 1083 2304 1338 2342; x_wconf 81' lang='lat' dir='ltr'>sanctificata.</span> <span class='ocrx_word' id='word_1_385' title='bbox 1367 2307 1422 2349; x_wconf 87' lang='lat' dir='ltr'>Et,</span> <span class='ocrx_word' id='word_1_386' title='bbox 1445 2305 1537 2351; x_wconf 86' lang='lat' dir='ltr'>quia</span> <span class='ocrx_word' id='word_1_387' title='bbox 1557 2305 1760 2351; x_wconf 81' lang='lat' dir='ltr'>generatio</span> 
     </span>
     <span class='ocr_line' id='line_1_44' title="bbox 147 2350 1762 2398; baseline 0.002 -13"><span class='ocrx_word' id='word_1_388' title='bbox 147 2350 264 2386; x_wconf 86' lang='lat' dir='ltr'>unius</span> <span class='ocrx_word' id='word_1_389' title='bbox 284 2354 341 2385; x_wconf 85' lang='lat' dir='ltr'>est</span> <span class='ocrx_word' id='word_1_390' title='bbox 361 2351 521 2387; x_wconf 76' lang='lat' dir='ltr'>alterius</span> <span class='ocrx_word' id='word_1_391' title='bbox 545 2351 746 2396; x_wconf 84' lang='lat' dir='ltr'>corruptio</span> <span class='ocrx_word' id='word_1_392' title='bbox 769 2356 805 2387; x_wconf 87' lang='lat' dir='ltr'>et</span> <span class='ocrx_word' id='word_1_393' title='bbox 826 2351 927 2397; x_wconf 81' lang='lat' dir='ltr'>quod</span> <span class='ocrx_word' id='word_1_394' title='bbox 952 2356 1162 2398; x_wconf 83' lang='lat' dir='ltr'>generatur</span> <span class='ocrx_word' id='word_1_395' title='bbox 1182 2353 1354 2397; x_wconf 88' lang='lat' dir='ltr'>priorem</span> <span class='ocrx_word' id='word_1_396' title='bbox 1377 2354 1542 2389; x_wconf 82' lang='lat' dir='ltr'>sormam</span> <span class='ocrx_word' id='word_1_397' title='bbox 1564 2352 1703 2388; x_wconf 88' lang='lat' dir='ltr'>amittit</span> <span class='ocrx_word' id='word_1_398' title='bbox 1724 2355 1762 2388; x_wconf 85' lang='lat' dir='ltr'>et</span> 
     </span>
     <span class='ocr_line' id='line_1_45' title="bbox 144 2397 1760 2445; baseline 0.002 -13"><span class='ocrx_word' id='word_1_399' title='bbox 144 2397 401 2442; x_wconf 81' lang='lat' dir='ltr'>proprietates</span> <span class='ocrx_word' id='word_1_400' title='bbox 432 2398 557 2442; x_wconf 83' lang='lat' dir='ltr'>ipsam</span> <span class='ocrx_word' id='word_1_401' title='bbox 584 2401 888 2444; x_wconf 84' lang='lat' dir='ltr'>consequentes,</span> <span class='ocrx_word' id='word_1_402' title='bbox 923 2408 1086 2435; x_wconf 89' lang='lat' dir='ltr'>necesse</span> <span class='ocrx_word' id='word_1_403' title='bbox 1115 2399 1299 2445; x_wconf 84' lang='lat' dir='ltr'>estquod</span> <span class='ocrx_word' id='word_1_404' title='bbox 1324 2408 1392 2444; x_wconf 91' lang='lat' dir='ltr'>per</span> <span class='ocrx_word' id='word_1_405' title='bbox 1414 2399 1669 2444; x_wconf 84' lang='lat' dir='ltr'>Baptisnium,</span> <span class='ocrx_word' id='word_1_406' title='bbox 1693 2398 1760 2445; x_wconf 86' lang='lat' dir='ltr'>qui</span> 
     </span>
     <span class='ocr_line' id='line_1_46' title="bbox 145 2444 1758 2492; baseline 0.001 -13"><span class='ocrx_word' id='word_1_407' title='bbox 145 2448 205 2480; x_wconf 88' lang='lat' dir='ltr'>est</span> <span class='ocrx_word' id='word_1_408' title='bbox 230 2444 446 2489; x_wconf 78' lang='lat' dir='ltr'>spiritualis</span> <span class='ocrx_word' id='word_1_409' title='bbox 480 2445 696 2490; x_wconf 78' lang='lat' dir='ltr'>generatio,</span> <span class='ocrx_word' id='word_1_410' title='bbox 731 2454 811 2481; x_wconf 87' lang='lat' dir='ltr'>non</span> <span class='ocrx_word' id='word_1_411' title='bbox 843 2446 971 2481; x_wconf 89' lang='lat' dir='ltr'>solum</span> <span class='ocrx_word' id='word_1_412' title='bbox 1002 2450 1163 2491; x_wconf 87' lang='lat' dir='ltr'>peecata</span> <span class='ocrx_word' id='word_1_413' title='bbox 1190 2446 1395 2489; x_wconf 86' lang='lat' dir='ltr'>tollantur,</span> <span class='ocrx_word' id='word_1_414' title='bbox 1422 2455 1508 2492; x_wconf 81' lang='lat' dir='ltr'>quae</span> <span class='ocrx_word' id='word_1_415' title='bbox 1529 2449 1622 2482; x_wconf 86' lang='lat' dir='ltr'>sunt</span> <span class='ocrx_word' id='word_1_416' title='bbox 1645 2446 1758 2491; x_wconf 87' lang='lat' dir='ltr'>spiri-</span> 
     </span>
     <span class='ocr_line' id='line_1_47' title="bbox 145 2491 1759 2538; baseline 0.002 -12"><span class='ocrx_word' id='word_1_417' title='bbox 145 2491 239 2526; x_wconf 86' lang='lat' dir='ltr'>tuali</span> <span class='ocrx_word' id='word_1_418' title='bbox 263 2491 347 2527; x_wconf 68' lang='lat' dir='ltr'>vitre</span> <span class='ocrx_word' id='word_1_419' title='bbox 374 2491 582 2534; x_wconf 72' lang='lat' dir='ltr'>coiitraria,</span> <span class='ocrx_word' id='word_1_420' title='bbox 607 2491 674 2528; x_wconf 89' lang='lat' dir='ltr'>sed</span> <span class='ocrx_word' id='word_1_421' title='bbox 700 2491 817 2527; x_wconf 87' lang='lat' dir='ltr'>etiam</span> <span class='ocrx_word' id='word_1_422' title='bbox 847 2502 985 2529; x_wconf 92' lang='lat' dir='ltr'>omnes</span> <span class='ocrx_word' id='word_1_423' title='bbox 1003 2495 1252 2538; x_wconf 88' lang='lat' dir='ltr'>peecatorum</span> <span class='ocrx_word' id='word_1_424' title='bbox 1272 2496 1404 2529; x_wconf 88' lang='lat' dir='ltr'>reatus</span> <span class='ocrx_word' id='word_1_425' title='bbox 1423 2504 1431 2537; x_wconf 94' lang='grc'>;</span> <span class='ocrx_word' id='word_1_426' title='bbox 1451 2497 1486 2529; x_wconf 84' lang='grc'>01</span> <span class='ocrx_word' id='word_1_427' title='bbox 1507 2495 1664 2538; x_wconf 87' lang='lat' dir='ltr'>propter</span> <span class='ocrx_word' id='word_1_428' title='bbox 1684 2492 1759 2529; x_wconf 81' lang='lat' dir='ltr'>hoe</span> 
     </span>
     <span class='ocr_line' id='line_1_48' title="bbox 147 2537 1760 2585; baseline 0.002 -13"><span class='ocrx_word' id='word_1_429' title='bbox 147 2537 367 2582; x_wconf 78' lang='lat' dir='ltr'>Baptismus</span> <span class='ocrx_word' id='word_1_430' title='bbox 390 2548 469 2573; x_wconf 86' lang='grc'><strong>11011</strong></span> <span class='ocrx_word' id='word_1_431' title='bbox 489 2539 617 2574; x_wconf 88' lang='grc'><strong>00111111</strong></span> <span class='ocrx_word' id='word_1_432' title='bbox 637 2548 660 2575; x_wconf 90' lang='lat' dir='ltr'>a</span> <span class='ocrx_word' id='word_1_433' title='bbox 680 2539 795 2584; x_wconf 87' lang='lat' dir='ltr'>culpa</span> <span class='ocrx_word' id='word_1_434' title='bbox 812 2539 949 2584; x_wconf 85' lang='lat' dir='ltr'>abluit,</span> <span class='ocrx_word' id='word_1_435' title='bbox 978 2540 1046 2576; x_wconf 89' lang='lat' dir='ltr'>sed</span> <span class='ocrx_word' id='word_1_436' title='bbox 1068 2540 1185 2576; x_wconf 87' lang='lat' dir='ltr'>etiam</span> <span class='ocrx_word' id='word_1_437' title='bbox 1219 2539 1266 2576; x_wconf 86' lang='lat' dir='ltr'>ab</span> <span class='ocrx_word' id='word_1_438' title='bbox 1287 2539 1395 2576; x_wconf 89' lang='lat' dir='ltr'>omni</span> <span class='ocrx_word' id='word_1_439' title='bbox 1416 2543 1523 2576; x_wconf 85' lang='lat' dir='ltr'>reatu</span> <span class='ocrx_word' id='word_1_440' title='bbox 1547 2547 1672 2585; x_wconf 59' lang='lat' dir='ltr'>poenae</span> <span class='ocrx_word' id='word_1_441' title='bbox 1693 2539 1760 2576; x_wconf 88' lang='lat' dir='ltr'>ab·</span> 
     </span>
     <span class='ocr_line' id='line_1_49' title="bbox 146 2584 1517 2632; baseline 0.003 -13"><span class='ocrx_word' id='word_1_442' title='bbox 146 2584 284 2627; x_wconf 74' lang='lat' dir='ltr'>solvit3</span> <span class='ocrx_word' id='word_1_443' title='bbox 310 2585 411 2620; x_wconf 85' lang='lat' dir='ltr'>unde</span> <span class='ocrx_word' id='word_1_444' title='bbox 434 2585 639 2630; x_wconf 77' lang='lat' dir='ltr'>baptizatis</span> <span class='ocrx_word' id='word_1_445' title='bbox 658 2585 877 2622; x_wconf 80' lang='lat' dir='ltr'>satisfactio</span> <span class='ocrx_word' id='word_1_446' title='bbox 900 2595 979 2622; x_wconf 91' lang='lat' dir='ltr'>non</span> <span class='ocrx_word' id='word_1_447' title='bbox 999 2586 1220 2632; x_wconf 68' lang='lat' dir='ltr'>injungitur</span> <span class='ocrx_word' id='word_1_448' title='bbox 1239 2595 1309 2632; x_wconf 93' lang='lat' dir='ltr'>pro</span> <span class='ocrx_word' id='word_1_449' title='bbox 1329 2587 1517 2632; x_wconf 84' lang='lat' dir='ltr'>pecc-atis.</span> 
     </span>
    </p>

    <p class='ocr_par' dir='ltr' id='par_1_9' title="bbox 145 2632 1760 2914">
     <span class='ocr_line' id='line_1_50' title="bbox 190 2632 1760 2680; baseline 0.003 -17"><span class='ocrx_word' id='word_1_450' title='bbox 190 2632 288 2673; x_wconf 71' lang='lat' dir='ltr'>Item,</span> <span class='ocrx_word' id='word_1_451' title='bbox 322 2641 441 2676; x_wconf 72' lang='lat' dir='ltr'>quum</span> <span class='ocrx_word' id='word_1_452' title='bbox 468 2641 536 2677; x_wconf 84' lang='lat' dir='ltr'>per</span> <span class='ocrx_word' id='word_1_453' title='bbox 565 2633 861 2678; x_wconf 75' lang='lat' dir='ltr'>generationem</span> <span class='ocrx_word' id='word_1_454' title='bbox 892 2642 955 2670; x_wconf 88' lang='lat' dir='ltr'>res</span> <span class='ocrx_word' id='word_1_455' title='bbox 988 2633 1153 2670; x_wconf 77' lang='lat' dir='ltr'>formam</span> <span class='ocrx_word' id='word_1_456' title='bbox 1182 2633 1371 2680; x_wconf 87' lang='lat' dir='ltr'>acquirat,</span> <span class='ocrx_word' id='word_1_457' title='bbox 1401 2633 1518 2670; x_wconf 87' lang='lat' dir='ltr'>simul</span> <span class='ocrx_word' id='word_1_458' title='bbox 1540 2633 1705 2679; x_wconf 83' lang='lat' dir='ltr'>acquirit</span> <span class='ocrx_word' id='word_1_459' title='bbox 1724 2637 1760 2669; x_wconf 84' lang='lat' dir='ltr'>ct</span> 
     </span>
     <span class='ocr_line' id='line_1_51' title="bbox 146 2678 1758 2726; baseline 0.002 -14"><span class='ocrx_word' id='word_1_460' title='bbox 146 2678 412 2721; x_wconf 83' lang='lat' dir='ltr'>operationem</span> <span class='ocrx_word' id='word_1_461' title='bbox 428 2683 735 2725; x_wconf 70' lang='lat' dir='ltr'>consequentem</span> <span class='ocrx_word' id='word_1_462' title='bbox 757 2679 922 2716; x_wconf 86' lang='lat' dir='ltr'>formam</span> <span class='ocrx_word' id='word_1_463' title='bbox 942 2684 979 2716; x_wconf 91' lang='lat' dir='ltr'>et</span> <span class='ocrx_word' id='word_1_464' title='bbox 997 2680 1128 2717; x_wconf 89' lang='lat' dir='ltr'>locum</span> <span class='ocrx_word' id='word_1_465' title='bbox 1145 2680 1179 2716; x_wconf 93' lang='lat' dir='ltr'>ei</span> <span class='ocrx_word' id='word_1_466' title='bbox 1201 2683 1508 2726; x_wconf 70' lang='lat' dir='ltr'>congruentem3</span> <span class='ocrx_word' id='word_1_467' title='bbox 1531 2680 1635 2726; x_wconf 82' lang='lat' dir='ltr'>ignis</span> <span class='ocrx_word' id='word_1_468' title='bbox 1654 2680 1758 2716; x_wconf 88' lang='grc'><strong>0111111</strong></span> 
     </span>
     <span class='ocr_line' id='line_1_52' title="bbox 145 2725 1758 2774; baseline 0.003 -17"><span class='ocrx_word' id='word_1_469' title='bbox 145 2729 475 2774; x_wconf 35' lang='lat' dir='ltr'>mox-generatus</span> <span class='ocrx_word' id='word_1_470' title='bbox 500 2726 625 2761; x_wconf 87' lang='lat' dir='ltr'>tendit</span> <span class='ocrx_word' id='word_1_471' title='bbox 651 2735 810 2762; x_wconf 87' lang='lat' dir='ltr'>sursum</span> <span class='ocrx_word' id='word_1_472' title='bbox 839 2726 938 2762; x_wconf 85' lang='lat' dir='ltr'>sieut</span> <span class='ocrx_word' id='word_1_473' title='bbox 969 2727 1008 2763; x_wconf 90' lang='lat' dir='ltr'>in</span> <span class='ocrx_word' id='word_1_474' title='bbox 1036 2727 1236 2772; x_wconf 89' lang='lat' dir='ltr'>proprium</span> <span class='ocrx_word' id='word_1_475' title='bbox 1269 2727 1413 2764; x_wconf 88' lang='lat' dir='ltr'>locum.</span> <span class='ocrx_word' id='word_1_476' title='bbox 1448 2729 1490 2763; x_wconf 89' lang='lat' dir='ltr'>Et</span> <span class='ocrx_word' id='word_1_477' title='bbox 1509 2727 1611 2769; x_wconf 85' lang='lat' dir='ltr'>ideo,</span> <span class='ocrx_word' id='word_1_478' title='bbox 1638 2725 1758 2772; x_wconf 85' lang='lat' dir='ltr'>quum</span> 
     </span>
     <span class='ocr_line' id='line_1_53' title="bbox 146 2770 1758 2820; baseline 0.002 -15"><span class='ocrx_word' id='word_1_479' title='bbox 146 2770 367 2820; x_wconf 79' lang='lat' dir='ltr'>Baptismus</span> <span class='ocrx_word' id='word_1_480' title='bbox 403 2772 453 2806; x_wconf 85' lang='lat' dir='ltr'>sit</span> <span class='ocrx_word' id='word_1_481' title='bbox 474 2772 691 2817; x_wconf 84' lang='lat' dir='ltr'>spiritualis</span> <span class='ocrx_word' id='word_1_482' title='bbox 713 2773 928 2819; x_wconf 82' lang='lat' dir='ltr'>generatio,</span> <span class='ocrx_word' id='word_1_483' title='bbox 952 2774 1083 2810; x_wconf 87' lang='lat' dir='ltr'>statim</span> <span class='ocrx_word' id='word_1_484' title='bbox 1101 2773 1284 2819; x_wconf 83' lang='lat' dir='ltr'>baptizati</span> <span class='ocrx_word' id='word_1_485' title='bbox 1307 2774 1439 2810; x_wconf 88' lang='lat' dir='ltr'>idonei</span> <span class='ocrx_word' id='word_1_486' title='bbox 1461 2777 1553 2810; x_wconf 82' lang='lat' dir='ltr'>suut</span> <span class='ocrx_word' id='word_1_487' title='bbox 1573 2772 1621 2808; x_wconf 86' lang='lat' dir='ltr'>ad</span> <span class='ocrx_word' id='word_1_488' title='bbox 1643 2773 1758 2818; x_wconf 80' lang='lat' dir='ltr'>spirt-</span> 
     </span>
     <span class='ocr_line' id='line_1_54' title="bbox 145 2816 1759 2867; baseline 0.004 -18"><span class='ocrx_word' id='word_1_489' title='bbox 145 2816 271 2866; x_wconf 76' lang='lat' dir='ltr'>tuales</span> <span class='ocrx_word' id='word_1_490' title='bbox 291 2820 480 2867; x_wconf 61' lang='grc'><strong>1101101100,</strong></span> <span class='ocrx_word' id='word_1_491' title='bbox 504 2819 606 2854; x_wconf 84' lang='grc'><strong>010111</strong></span> <span class='ocrx_word' id='word_1_492' title='bbox 633 2819 680 2855; x_wconf 85' lang='lat' dir='ltr'>ad</span> <span class='ocrx_word' id='word_1_493' title='bbox 702 2819 994 2864; x_wconf 88' lang='lat' dir='ltr'>susceptionem</span> <span class='ocrx_word' id='word_1_494' title='bbox 1017 2821 1183 2857; x_wconf 81' lang='lat' dir='ltr'>aliorum</span> <span class='ocrx_word' id='word_1_495' title='bbox 1202 2824 1538 2857; x_wconf 87' lang='lat' dir='ltr'>sacramentorum</span> <span class='ocrx_word' id='word_1_496' title='bbox 1557 2822 1594 2854; x_wconf 89' lang='lat' dir='ltr'>et</span> <span class='ocrx_word' id='word_1_497' title='bbox 1613 2819 1660 2855; x_wconf 81' lang='lat' dir='ltr'>ad</span> <span class='ocrx_word' id='word_1_498' title='bbox 1683 2820 1759 2856; x_wconf 80' lang='lat' dir='ltr'>alia</span> 
     </span>
     <span class='ocr_line' id='line_1_55' title="bbox 147 2862 1759 2914; baseline 0.002 -16"><span class='ocrx_word' id='word_1_499' title='bbox 147 2862 373 2908; x_wconf 70' lang='lat' dir='ltr'>hujusmodi</span> <span class='ocrx_word' id='word_1_500' title='bbox 393 2875 400 2905; x_wconf 86' lang='lat'>;</span> <span class='ocrx_word' id='word_1_501' title='bbox 433 2868 469 2899; x_wconf 84' lang='lat' dir='ltr'>et</span> <span class='ocrx_word' id='word_1_502' title='bbox 491 2865 620 2901; x_wconf 87' lang='lat' dir='ltr'>statim</span> <span class='ocrx_word' id='word_1_503' title='bbox 647 2866 703 2902; x_wconf 89' lang='lat' dir='ltr'>eis</span> <span class='ocrx_word' id='word_1_504' title='bbox 735 2866 896 2903; x_wconf 86' lang='lat' dir='ltr'>debetur</span> <span class='ocrx_word' id='word_1_505' title='bbox 917 2867 1029 2904; x_wconf 86' lang='lat' dir='ltr'>locus</span> <span class='ocrx_word' id='word_1_506' title='bbox 1050 2875 1252 2913; x_wconf 82' lang='lat' dir='ltr'>congruus</span> <span class='ocrx_word' id='word_1_507' title='bbox 1273 2866 1468 2914; x_wconf 87' lang='lat' dir='ltr'>spirituali</span> <span class='ocrx_word' id='word_1_508' title='bbox 1489 2865 1588 2910; x_wconf 60' lang='lat' dir='ltr'>vitae,</span> <span class='ocrx_word' id='word_1_509' title='bbox 1612 2866 1678 2913; x_wconf 87' lang='lat' dir='ltr'>qui</span> <span class='ocrx_word' id='word_1_510' title='bbox 1701 2871 1759 2903; x_wconf 80' lang='lat' dir='ltr'>est</span> 
     </span>
    </p>
   </div>
  </div>
 </body>
</html>
