1894 3223
194 110 260 145 ¹58
809 103 898 140 LlB.
927 104 973 147 ΙΙ,
1002 103 1102 139 CAP.
1128 103 1228 139 XLV.

239 189 430 226 Praeterea,
452 193 574 231 quum
593 187 772 220 creatura
791 183 1013 229 spiritualis
1033 193 1114 220 non
1135 188 1332 221 mereatur
1368 182 1608 220 descendere
1640 183 1719 220 nisi
1747 193 1818 230 per

195 237 398 280 peccatum
422 230 643 277 (descendit
662 234 792 267 autem
813 239 836 266 a
857 239 931 266 sua
949 230 1207 275 sublimitate,
1226 231 1268 267 in
1287 240 1364 278 qua
1384 229 1600 267 invisibilis
1635 234 1709 274 est,
1748 240 1819 277 per

194 282 267 317 1100
289 279 393 324 quod
410 277 640 314 visibilibus
658 276 893 322 corporibus
914 277 1082 323 unitur),
1101 278 1257 314 videtur
1279 277 1392 324 sequi
1412 276 1517 324 quod
1538 276 1716 314 visibilia
1735 286 1820 314 cor-

193 335 289 372 pora
307 327 386 361 sint
407 324 464 361 eis
485 324 671 370 adiuncta
690 327 850 370 propter
879 327 1110 369 peccalum;
1141 325 1247 371 quod
1268 324 1423 361 videtur
1454 324 1723 370 propinquum
1758 333 1818 361 er-

194 373 272 409 rori
307 371 627 415 Manichaeorum‚
651 370 888 416 ponentium
922 371 1006 407 haec
1026 371 1204 409 visibilia
1223 381 1271 408 ex
1290 371 1397 408 malo
1428 370 1627 418 principio
1656 380 1816 417 proces-

195 427 312 457 slsse.
996 437 998 439 v

242 464 340 501 Huic
376 464 493 501 etiam
514 464 694 510 opinioni
715 463 931 501 auctoritas
952 473 1075 501 sacrae
1094 464 1303 510 Scripturae
1335 464 1547 502 manifeste
1566 464 1816 510 contradicit,

193 512 287 558 quia
308 511 349 547 in
369 511 540 558 singulis
561 511 749 557 operibus
768 511 987 547 visibilium
1008 515 1292 556 creaturarum,
1311 511 1379 548 tali
1401 511 1718 558 modoloquendi
1741 512 1818 548 uti-

193 563 257 595 tur
275 559 430 604 Moyses
453 570 461 594 :
488 558 590 594 Vidit
605 560 698 594 Deus
718 558 813 603 quod
830 560 918 592 esset
938 558 1065 593 bonum
1081 558 1205 604 (Gen.‚
1241 567 1268 598 1.
1290 558 1475 605 passim);
1497 562 1537 596 et
1561 558 1818 605 postmodum

192 605 240 641 de
261 605 415 642 cunctis
436 605 555 642 simul
575 605 782 651 subjiingit
802 616 810 640 :
838 604 940 640 Vidit
957 606 1053 640 Deus
1072 607 1202 641 cuncta
1238 615 1317 651 quae
1337 607 1485 649 fecerat,
1518 608 1552 641 et
1582 608 1687 641 erant
1713 605 1821 641 valde

194 652 286 687 bona
318 651 445 697 (lbid.‚
466 652 539 699 31).
559 653 612 688 Ex
626 661 704 698 quo
722 651 932 688 manifeste
948 650 1062 687 datur
1075 651 1244 698 intelligi
1262 652 1368 698 quod
1386 655 1574 689 creaturae
1591 652 1819 698 corporales

194 702 232 735 et
250 698 430 735 visibiles
451 699 539 735 ideo
561 703 654 735 sunt
676 700 801 742 factae,
826 698 920 744 quia
939 697 1089 734 bonum
1110 701 1170 735 est
1190 707 1259 735 eas
1271 707 1374 742 esse,
1393 699 1498 745 quod
1515 703 1574 736 est
1593 708 1818 735 consonum

194 745 336 782 divinae
356 745 538 790 bonitati,
561 749 598 782 et
619 754 697 782 non
719 748 879 792 propter
896 744 1028 791 aliqua
1047 749 1317 782 creaturarum
1335 745 1591 782 rationalium
1610 745 1819 782 meritavel

223 795 369 828 eccata.

194 801 218 837 p
239 839 399 875 Videtur
415 842 546 875 autem
565 839 759 885 Origenes
781 848 861 875 non
882 838 1141 885 perpendisse
1162 838 1282 886 quod,
1315 847 1437 885 quum
1471 838 1622 886 aliquid
1657 848 1738 876 non
1772 849 1819 876 ex

193 885 326 922 debito
347 885 415 922 sed
441 886 656 922 liberaliter
676 886 831 929 damus,
848 895 929 923 non
959 890 1018 923 est
1043 890 1182 922 contra
1204 885 1403 932 J'ustitiam
1439 885 1473 922 si
1511 886 1725 933 inaequalia
1751 886 1818 924 da-

195 940 301 977 mus,
323 932 433 969 nulla
453 932 679 970 diversitate
700 934 929 970 meritorum
953 937 1131 979 pensata,
1168 942 1289 979 quum
1326 932 1534 970 retributio
1572 933 1819 970 merentibus

193 979 407 1023 debeatur3
429 980 533 1016 Deus
554 983 699 1024 autem,
722 983 764 1017 ut
784 989 903 1026 supra
927 984 1132 1017 ostensum
1155 983 1228 1024 est,
1264 989 1310 1016 ex
1344 980 1456 1017 nullo
1489 980 1635 1024 debito,
1670 980 1740 1017 sed
1772 989 1820 1017 ex

193 1034 302 1062 mera
328 1026 561 1063 liberalitate
584 1027 704 1063 resin
726 1036 814 1064 esse
836 1027 1047 1072 produxit;
1069 1026 1173 1063 unde
1214 1026 1425 1064 diversitas
1459 1031 1728 1064 creaturarum
1760 1027 1819 1063 di-

193 1073 420 1109 versitatem
439 1073 668 1110 meritorum
701 1082 781 1110 non
812 1074 1096 1120 praesupponit.
1133 1076 1240 1114 Item,
1274 1083 1395 1120 quum
1426 1074 1574 1110 bonum
1611 1074 1735 1111 totius
1767 1074 1819 1110 sit

193 1119 339 1156 melius
360 1129 476 1166 quam
498 1120 646 1157 bonum
667 1120 931 1166 singularium
950 1121 1133 1167 partium,
1158 1129 1239 1157 non
1257 1124 1318 1157 est
1345 1121 1483 1166 optimi
1506 1121 1667 1157 factoris
1702 1121 1817 1157 dimi-

193 1174 316 1202 nuere
342 1166 490 1203 bonum
509 1168 646 1211 totius,
668 1171 711 1203 ut
731 1167 954 1213 aliquarum
976 1168 1145 1213 partium
1167 1171 1311 1213 augeat
1331 1167 1549 1204 bonitatem
1572 1179 1580 1211 ;
1607 1177 1687 1204 non
1709 1168 1817 1204 enim

194 1212 411 1250 aedificator
447 1214 705 1250 fundamento
741 1214 878 1251 tribuit
910 1224 996 1251 eam
1034 1214 1251 1251 bonitatem
1285 1224 1403 1260 quam
1434 1213 1571 1251 tribuit
1606 1218 1725 1259 tecto,
1764 1223 1815 1250 ne

195 1259 355 1296 domum
379 1260 497 1297 faciat
517 1262 722 1297 ruinosam
742 1273 750 1305 ;
772 1262 898 1298 factor
918 1262 1040 1308 igitur
1059 1262 1239 1298 omnium
1263 1263 1365 1298 Deus
1391 1270 1472 1297 non
1500 1261 1648 1297 faceret
1686 1264 1815 1298 totum

194 1307 424 1343 universnm
459 1316 533 1344 suo
565 1317 709 1354 genere
739 1308 948 1354 optimum,
972 1309 1005 1345 si
1044 1308 1189 1345 faceret
1210 1317 1350 1344 omnes
1370 1311 1502 1353 partes
1520 1308 1707 1354 aequales‚
1724 1308 1822 1355 quia

194 1353 308 1390 multi
330 1354 478 1400 gradus
498 1354 690 1391 bonitatis
710 1354 752 1391 in
767 1355 955 1392 universo
977 1355 1175 1399 deessent,
1198 1358 1235 1391 et
1253 1355 1311 1392 sic
1332 1358 1438 1392 esset
1456 1354 1743 1401 imperfectum.

845 1499 1014 1541 CAPUT
1044 1500 1163 1541 XLV.

307 1618 393 1652 QUAE
417 1619 476 1648 SIT
498 1619 621 1648 PRIMA
640 1619 767 1649 CAUSA
786 1620 1070 1650 DISTINGTIONIS
1091 1621 1223 1650 RERUM
1242 1621 1446 1651 SECUNDUM
1466 1623 1705 1652 VERITATEM.

243 1726 405 1763 Ostendi
422 1730 551 1764 autem
574 1737 621 1764 ex
642 1728 843 1774 praedictis
865 1733 995 1774 potest
1015 1739 1102 1776 qnae
1121 1730 1172 1766 sit
1192 1739 1281 1767 vere
1302 1731 1430 1776 prima
1455 1731 1726 1771 distinctionis
1756 1742 1816 1771 re·

195 1782 282 1809 rum
305 1782 440 1810 causa.

242 1821 370 1863 Quum
390 1820 494 1856 enim
517 1829 635 1857 omne
653 1830 778 1867 agens
800 1821 980 1858 intendat
1001 1832 1113 1859 suam
1136 1823 1442 1860 similitudinem
1474 1824 1515 1861 in
1544 1825 1727 1863 effectum
1755 1828 1815 1864 in-

193 1866 351 1911 ducere,
372 1867 590 1904 secundum
613 1867 718 1914 quod
740 1867 904 1905 effectus
925 1879 1064 1915 capere
1084 1874 1227 1916 potest,
1249 1874 1358 1907 tanto
1378 1871 1454 1907 hoc
1481 1872 1564 1918 agit
1583 1873 1813 1919 perfectius,

193 1917 342 1959 quanto
364 1923 488 1959 agens
509 1914 723 1960 perfectius
744 1919 945 1962 est;patet
965 1917 1069 1953 enim
1091 1917 1196 1963 quod
1218 1922 1366 1964 quanto
1385 1918 1535 1965 aliquid
1553 1924 1614 1957 est
1643 1921 1813 1959 calidius

192 1963 302 1996 tanto
329 1961 420 2012 facit
435 1961 564 2007 magis
585 1961 772 2013 calidum,
790 1966 827 1998 et
846 1967 994 2009 quanto
1013 1967 1073 2000 est
1090 1964 1235 2010 aliquis
1251 1965 1392 2001 melior
1410 1966 1564 2010 artifex,
1586 1970 1696 2004 tanto
1735 1969 1814 2005 sor-

193 2015 296 2043 mam
319 2011 415 2044 art1s
436 2010 650 2053 perfectius
671 2009 823 2045 inducit
843 2010 882 2045 in
899 2011 1121 2048 materiam.
1145 2013 1247 2048 Deus
1259 2016 1389 2048 autem
1400 2016 1460 2048 est
1477 2014 1813 2059 perfectissimum

192 2062 330 2100 agens.
356 2054 475 2090 Suam
495 2055 616 2101 igitur
634 2056 936 2093 similitudinem
958 2057 999 2093 in
1020 2058 1139 2095 rebus
1158 2059 1300 2095 creatis
1322 2059 1370 2095 ad
1389 2068 1479 2096 eum
1499 2060 1722 2105 pertinebat
1753 2063 1814 2099 in-

191 2099 334 2152 ducere
358 2101 661 2153 perfectissime,
683 2107 873 2149 quantum
901 2108 1052 2142 naturae
1082 2108 1223 2142 creatae
1252 2106 1452 2143 convenit.
1490 2107 1564 2144 Sed
1597 2108 1812 2153 perfectam

191 2148 259 2183 Dei
276 2148 577 2200 similitudinem
597 2158 677 2185 non
701 2153 871 2195 possunt
885 2151 1076 2198 consequi
1098 2161 1162 2189 res
1185 2156 1325 2190 creatae
1347 2153 1566 2191 seeundum
1589 2164 1709 2192 unam
1746 2166 1812 2193 so-

190 2193 268 2230 lam
287 2203 459 2247 speclem
481 2199 684 2248 creaturae,
701 2197 815 2248 quia,
835 2207 955 2244 quum
977 2208 1099 2235 causa
1119 2199 1282 2236 excedat
1311 2199 1509 2245 effectum,
1541 2202 1646 2247 quod
1680 2206 1741 2240 est
1770 2204 1812 2241 in

189 2250 312 2292 cau—sa
330 2242 563 2295 simphciter
583 2246 620 2279 et
640 2248 763 2288 unite,
785 2245 826 2280 in
847 2244 989 2282 effectu
1010 2246 1212 2283 invenitur
1230 2247 1451 2293 composite
1473 2249 1809 2295 etmultipliciter‚

189 2295 268 2324 nisi
285 2286 449 2326 effectus
465 2293 662 2341 pertingat
681 2290 730 2327 ad
750 2291 922 2336 speciem
944 2301 1101 2338 causae;
1122 2293 1228 2340 quod
1248 2293 1291 2330 in
1308 2294 1514 2340 proposito
1535 2295 1612 2332 dici
1634 2305 1715 2334 non
1741 2306 1811 2343 po-

188 2337 293 2386 10313
306 2344 396 2387 ‘non
411 2344 516 2372 enlm
533 2340 712 2374 creatura
727 2341 854 2383 potest
872 2348 961 2376 esse
976 2341 1056 2376 Deo
1070 2340 1249 2386 aequalis.
1267 2341 1449 2387 Oportuit
1468 2341 1590 2388 igitur
1608 2352 1697 2381 csse
1711 2344 1813 2381 mul-

188 2381 436 2435 tiplicitatem
457 2385 495 2419 et
513 2383 740 2421 varietatem
761 2385 801 2420 in
817 2384 935 2422 rebus
955 2387 1112 2431 creatis,
1135 2387 1181 2423 ad
1204 2387 1280 2424 1100
1301 2388 1408 2435 quod
1424 2388 1669 2427 inveniretur
1688 2391 1730 2427 in
1751 2391 1811 2428 eis

189 2428 258 2464 Dei
281 2429 501 2482 similitudo
516 2430 688 2476 perfecta
707 2432 926 2469 secundum
945 2433 1106 2471 modum
1123 2443 1254 2471 suum.

235 2476 417 2527 Amplius,
441 2481 544 2531 310111
561 2487 606 2514 ea
618 2487 705 2524 quae
725 2477 824 2515 fiunt
845 2489 891 2516 ex
911 2481 1091 2526 materia,
1111 2485 1207 2518 sunt
1226 2481 1267 2518 in
1288 2483 1468 2528 potentia
1484 2483 1659 2520 materiae
1680 2483 1810 2529 passi·

187 2528 250 2565 va,
272 2526 327 2558 ita
346 2532 432 2569 quae
452 2525 551 2576 1111111
568 2524 616 2561 ab
632 2529 774 2577 agente
793 2530 948 2572 oportet
967 2536 1056 2565 esse
1089 2527 1130 2564 in
1161 2529 1339 2574 potentia
1365 2530 1492 2567 activa
1513 2530 1683 2576 agentis.
1720 2531 1808 2567 Non

189 2570 320 2618 autem
341 2573 518 2614 potentia
537 2580 696 2616 passiva
715 2574 890 2610 materiae
912 2575 1084 2620 perfecte
1104 2575 1358 2613 reduceretur
1375 2577 1418 2613 in
1438 2579 1584 2619 actum,
1605 2576 1639 2613 si
1662 2585 1709 2612 ex
1729 2585 1810 2614 ma·

187 2616 287 2665 teria
303 2613 417 2666 fieret
436 2626 559 2669 unum
574 2622 726 2656 tantum
748 2628 884 2657 eorum
907 2621 956 2658 ad
977 2631 1064 2668 quae
1085 2623 1250 2659 materia
1270 2626 1330 2660 est
1362 2623 1403 2659 in
1423 2623 1612 2669 potentia.
1635 2624 1751 2669 Ergo,
1771 2624 1807 2660 si

188 2660 335 2706 aliquis
353 2671 477 2707 agens
498 2674 611 2716 ⁰.UJU.S
631 2667 808 2711 potentia
828 2671 888 2704 est
909 2668 955 2704 ad
973 2669 1106 2714 plures
1126 2668 1291 2706 effectus
1321 2670 1466 2706 faceret
1499 2678 1621 2706 unum
1642 2669 1805 2708 illorum

187 2710 354 2758 tantum,
375 2712 551 2753 potentia
571 2720 656 2757 elus
676 2721 756 2749 non
778 2714 832 2750 ita
852 2716 1046 2760 complete
1064 2715 1317 2753 reduceretur
1335 2716 1376 2752 in
1395 2719 1526 2753 actum
1547 2716 1653 2753 sicut
1684 2726 1806 2764 quum

187 2753 282 2791 facit
300 2755 426 2800 plura.
449 2757 522 2808 P-er
541 2757 617 2809 hoc
637 2763 766 2810 autem
787 2761 893 2806 quod
912 2762 1089 2807 potentia
1105 2763 1234 2799 activa
1252 2762 1453 2799 reducitur
1481 2763 1522 2799 in
1543 2767 1688 2809 actum,
1711 2763 1805 2801 effe-

188 2803 275 2852 ctus
290 2806 550 2854 consequitur
569 2805 873 2856 similitudinem
895 2809 1065 2855 agentis.
1086 2811 1187 2856 Ergo
1206 2818 1287 2846 non
1300 2812 1406 2846 esset
1422 2809 1598 2855 perfecta
1612 2812 1679 2847 Dei
1699 2812 1808 2849 simi·

189 2846 315 2885 litudo
336 2858 375 2884 1n
398 2858 599 2895 universo,
620 2859 655 2888 31
677 2856 784 2889 esset
800 2862 906 2892 unus
925 2858 1078 2892 tantum
1099 2855 1248 2902 gradus
1261 2856 1440 2893 omnium
1456 2857 1621 2894 entium.
1644 2860 1808 2905 Propter
