1894 3223
148 129 214 164 004
736 121 824 157 LIB.
850 120 909 166 IV,
937 121 1038 157 CAP.
1066 120 1180 158 LXIX.

147 211 322 244 mentum
346 203 487 241 confici
515 202 656 248 possit,
678 211 765 249 quaa
786 205 879 239 sunt
900 201 946 238 de
967 201 1119 239 ratione
1152 201 1267 248 panis
1302 204 1340 238 et
1358 200 1452 237 vini.
1474 200 1616 238 Vinum
1635 203 1767 238 autem

147 263 227 290 non
252 252 390 288 dicitur
408 250 483 287 nisi
505 250 636 296 liquor
655 249 722 296 qui
743 258 792 286 ex
810 249 899 286 uvis
919 247 1162 295 exprimitur,
1185 257 1258 285 nec
1288 247 1402 294 panis
1432 247 1576 285 dicitur
1607 247 1766 294 proprie

147 300 225 336 nisi
261 298 327 344 qui
362 307 410 334 ex
442 298 579 343 granis
607 296 726 333 tritici
755 295 987 340 conficitur;
1018 295 1085 332 alii
1112 303 1206 331 vero
1226 295 1293 342 qui
1324 295 1510 332 dicuntur
1530 303 1669 341 panes,
1691 302 1762 339 pro

147 346 301 382 defectu
322 344 438 390 panis
464 343 622 388 triticei,
643 343 692 380 ad
719 343 804 389 ejus
831 343 1149 388 supplementum
1169 341 1211 378 in
1239 351 1356 379 usum
1375 345 1581 386 venerunt,
1603 345 1640 378 et
1661 341 1771 378 simi-

147 393 237 429 liter
259 391 326 428 alii
348 391 524 437 liquores
542 390 584 427 in
612 399 730 427 usum
762 389 855 426 vini.
879 389 986 426 Unde
1007 398 1081 426 nec
1102 398 1148 425 ex
1169 387 1246 425 alio
1279 398 1381 435 pane
1401 398 1474 426 nec
1504 398 1552 426 ex
1577 388 1654 426 alio
1674 388 1769 425 vino

147 439 223 476 1100
247 439 538 475 sacramentum
559 436 701 474 confici
722 440 871 483 posset,
894 446 1022 483 neque
1042 436 1161 473 etiam
1177 436 1210 472 si
1225 435 1318 482 pani
1339 439 1377 472 et
1392 435 1484 472 vino
1503 438 1614 473 tanta
1630 435 1770 472 alienae

145 485 318 522 materiae
340 484 529 521 admixtio
550 483 662 521 fieret
681 483 787 530 quod
809 483 963 529 species
984 483 1218 521 solveretur.
1239 482 1279 519 Si
1307 491 1386 528 qua
1414 492 1508 520 vero
1535 481 1767 529 hujusmodi

145 533 238 578 pani
260 536 298 568 et
322 532 412 568 vino
433 531 617 569 accidunt
637 540 724 577 quae
748 540 828 567 non
851 534 944 567 sunt
964 530 1011 567 de
1032 530 1185 567 ratione
1206 529 1320 574 panis
1338 529 1488 574 etvini,
1508 529 1770 566 manifestum

147 584 207 617 est
245 579 351 625 quod
382 578 446 615 his
481 577 760 624 praetermissis
798 581 927 622 potest
963 586 1098 614 verum
1131 576 1273 613 confici
1307 580 1611 614 sacramentum.
1646 575 1769 620 Unde,

146 635 269 673 quum
308 635 397 662 esse
433 625 711 662 fermentatum
747 625 808 661 vel
845 625 1013 661 azimum
1052 633 1133 661 non
1154 624 1206 660 sit
1244 623 1290 660 de
1328 623 1481 660 ratione
1518 623 1648 669 panis,
1683 623 1768 668 sed,

146 672 334 710 utrolibet
352 672 557 715 existente,
579 673 734 718 species
758 672 874 717 panis
897 672 1083 715 salvetur,
1114 681 1161 707 ex
1182 669 1367 707 utrolibet
1395 679 1496 715 pane
1531 672 1660 715 potest
1680 679 1771 707 con-

146 719 212 757 fici
251 723 569 763 sacramentum3
599 724 637 755 et
669 722 827 765 propter
858 719 934 755 hoc
963 718 1129 755 diversae
1162 718 1346 754 Ecclesiae
1381 718 1582 753 diversum
1620 717 1662 753 in
1694 716 1771 754 hoc

147 776 265 804 usum
285 766 446 811 habent,
471 770 509 803 et
544 770 755 812 utrumque
789 774 1009 812 congruere
1030 767 1161 811 potest
1194 763 1477 810 significationi
1512 763 1766 800 sacramenti.

147 816 259 857 Nam,
280 818 321 850 ut
336 813 547 859 Gregorius
568 813 661 849 dicit
680 813 720 849 in
733 814 912 857 ReyistrO,
931 814 1106 849 Romana
1123 812 1299 848 Ecclesia
1320 810 1434 848 offert
1455 819 1614 857 azymos
1631 819 1771 856 panes,

147 864 354 907 propterea
387 860 491 907 quod
524 860 717 897 Dominus
749 860 835 896 sine
865 860 947 896 ulla
973 859 1258 897 commixtione
1289 867 1448 895 carnem
1477 858 1677 903 suscepit;
1700 857 1769 894 sed

147 912 298 945 caeterae
337 908 521 944 Ecclesiae
562 906 735 943 offerunt
771 907 1063 951 fermentatum,
1107 914 1176 952 pro
1212 915 1259 943 eo
1299 905 1405 953 quod
1440 905 1609 942 Verbum
1645 904 1770 942 Patris

148 955 331 991 indutum
361 958 421 991 est
442 963 560 991 carne
580 957 617 990 et
637 958 698 991 est
723 963 841 990 verus
862 956 966 991 Deus
987 958 1025 991 et
1043 962 1161 990 verus
1179 952 1314 998 homo,
1340 953 1443 990 sicut
1473 956 1511 989 et
1531 952 1769 990 fermentum

148 1002 432 1039 commiscetur
452 1001 601 1038 farinae.

197 1048 384 1095 Congruit
400 1052 532 1084 tamen
553 1048 682 1094 magis
697 1047 857 1093 puritati
877 1048 1055 1093 corporis
1075 1047 1247 1095 mystici,
1268 1047 1306 1084 id
1328 1049 1388 1084 est
1407 1048 1606 1093 Ecclesiae,
1629 1050 1771 1096 quaein

147 1095 223 1132 hoc
241 1099 490 1132 sacramento
506 1094 789 1141 configuratur,
806 1103 904 1131 usus
926 1095 1049 1142 azymi
1065 1096 1192 1140 panis,
1210 1094 1430 1131 secundum
1450 1095 1548 1132 illud
1569 1096 1767 1142 Apostoli:

147 1143 289 1178 Pascha
309 1144 470 1178 nestrum
495 1143 700 1178 immolatus
728 1145 780 1177 est
808 1142 983 1179 Christus.
1011 1144 1137 1187 Itaque
1161 1143 1388 1187 epulemur...
1411 1143 1450 1177 z'n
1470 1145 1608 1187 azymis
1626 1145 1771 1180 sinceri-

146 1191 234 1225 tatis
253 1192 285 1225 ct
303 1191 480 1225 veritatis.
503 1189 538 1234 (I
550 1189 644 1232 Cor„
664 1198 706 1232 v,
726 1193 762 1230 7,
785 1188 835 1234 8.)

198 1238 270 1273 Per
287 1236 362 1273 hoc
383 1239 514 1273 autem
533 1235 754 1272 excluditur
769 1244 880 1272 error
896 1235 1158 1282 quorumdam
1180 1235 1470 1280 haereticorum,
1488 1237 1554 1283 qui
1578 1237 1714 1275 dicunt
1728 1239 1770 1275 in

148 1292 286 1329 azymo
323 1286 615 1320 sacramentum
653 1282 730 1319 hoc
766 1282 954 1319 celebrari
989 1291 1070 1319 non
1106 1291 1252 1328 posse;
1287 1283 1392 1328 quod
1419 1283 1537 1320 etiam
1568 1284 1770 1323 evidenter

149 1330 350 1376 Evangelii
379 1330 610 1367 auctoritate
643 1329 870 1366 destruitur.
904 1329 1053 1367 Dicitur
1072 1329 1176 1366 enim
1201 1329 1306 1376 quod
1330 1329 1537 1375 Dominus,
1559 1331 1687 1376 prima
1706 1332 1769 1370 die

149 1386 390 1423 azymorum,
415 1377 564 1422 pascha
580 1385 670 1413 cum
691 1376 899 1421 discipulis
913 1377 999 1413 suis
1019 1376 1191 1413 comedit
1209 1380 1247 1412 et
1263 1380 1358 1413 tunc
1378 1375 1454 1413 hoc
1475 1382 1769 1416 sacramentum

149 1424 334 1460 instituit.
368 1423 527 1469 (Mutua,
561 1432 686 1467 xxvi;
708 1425 836 1466 Marc„
871 1432 964 1467 x1v;
987 1425 1089 1466 Luc„
1122 1422 1235 1469 xxii.)
1255 1424 1383 1467 Quum
1409 1427 1540 1460 autem
1561 1434 1641 1462 non
1662 1430 1769 1463 esset:

148 1471 314 1514 licitum,
348 1470 568 1507 secundum
597 1470 740 1516 legem,
771 1470 890 1516 quod,
921 1470 1047 1516 prima
1068 1470 1130 1506 die
1163 1479 1403 1517 azymorum,
1429 1470 1705 1510 fermentatum
1727 1473 1769 1510 in·

148 1517 334 1554 domibus
353 1517 578 1554 Judaeorum
600 1517 921 1560 inveniretuniit
940 1520 1045 1562 patet
1064 1517 1187 1553 Exodi
1213 1517 1462 1562 duodecimo,
1484 1519 1678 1557 Dominus
1699 1529 1767 1558 au-

146 1568 240 1609 tem,
263 1565 448 1611 quamdiu
472 1564 544 1601 fuit
565 1564 605 1600 in
625 1563 789 1607 mundo,
811 1564 938 1610 legem
961 1564 1185 1607 servaverit,
1211 1564 1466 1602 manifestum
1487 1570 1547 1602 est
1575 1566 1679 1613 quod
1704 1576 1769 1613 pa-

147 1620 238 1648 nem
274 1621 451 1658 azymum
490 1612 531 1648 in
562 1620 706 1657 corpus
738 1620 855 1648 suum
889 1611 1084 1648 convertit
1104 1616 1142 1648 et
1162 1611 1370 1657 discipulis
1389 1613 1628 1651 sumendum
1645 1613 1765 1651 dedit.

146 1658 317 1695 Stultum
338 1662 398 1695 est
418 1659 540 1704 igitur
561 1658 799 1704 improbare,
822 1658 863 1694 in
884 1667 959 1695 usu
979 1658 1164 1695 Ecclesiae
1185 1660 1426 1704 Latinorum,
1450 1660 1556 1706 quod
1575 1661 1766 1699 Dominus

144 1705 186 1741 in
208 1706 295 1751 ipsa
315 1705 565 1742 institutione
586 1706 705 1751 hujus
729 1706 965 1742 sacramenti
986 1707 1167 1742 servavit.

193 1753 405 1789 Sciendum
438 1756 569 1788 tamen
591 1753 696 1798 quod
718 1752 876 1798 quidam
900 1753 1033 1789 dicunt
1061 1753 1191 1798 ipsum
1213 1754 1452 1799 praevenisse
1481 1754 1583 1791 diem
1615 1765 1769 1803 azymo·

145 1809 233 1837 rum
253 1804 413 1845 propter
432 1800 662 1845 passionem
684 1800 970 1844 imminentem,
992 1803 1028 1836 et
1049 1804 1142 1836 tunc
1164 1801 1397 1838 fermentato
1418 1810 1517 1847 pane
1539 1812 1629 1839 eum
1647 1812 1765 1840 usum

145 1847 295 1891 fuisse3
318 1847 423 1893 quod
438 1847 595 1893 quidem
617 1847 826 1884 ostendere
848 1847 1030 1884 nituntur
1049 1856 1096 1883 ex
1115 1847 1272 1884 duobus
1294 1860 1303 1884 ε
1330 1848 1474 1893 Ρ111110,
1497 1858 1543 1885 ex
1566 1849 1641 1886 11οο
1658 1850 1766 1897 quod

145 1894 301 1938 dicitur,
331 1893 436 1943 quod
468 1896 551 1930 ante
576 1893 670 1929 diem
701 1895 833 1937 festam
863 1894 1022 1934 Paschae‚
1046 1894 1239 1931 Dominus
1259 1904 1348 1931 cuni
1376 1895 1586 1940 discipulis
1608 1905 1764 1934 coenam

144 1940 355 1977 celebravit
383 1940 541 1986 (Joann.,
567 1948 655 1984 x111,
678 1944 692 1977 1
719 1944 756 1977 et
785 1940 898 1987 seq.),
922 1941 963 1976 in
983 1950 1061 1987 qua
1081 1950 1225 1986 corpus
1244 1950 1361 1978 suum
1383 1942 1642 1987 consecravit,
1662 1944 1764 1981 sicut

143 1987 358 2033 Apostolus
379 1987 497 2024 tradit
518 1987 547 2033 (1
568 1987 661 2027 Gor„
683 1995 738 2031 xi,
760 1988 819 2033 23)
839 1999 849 2027 3
871 1987 975 2024 unde
993 1987 1144 2024 videtur
1167 1988 1270 2034 quod
1293 1988 1470 2026 Christus
1486 1998 1639 2027 coenam
1661 1991 1763 2028 cele-

143 2034 270 2071 bravit
289 2038 378 2070 ante
401 2034 503 2070 diem
518 2043 759 2080 azymorum,
781 2038 819 2071 et
837 2034 895 2071 sic
914 2034 955 2071 111
971 2035 1269 2072 consecratione
1289 2039 1352 2072 sui
1372 2036 1551 2082 corporis
1571 2045 1671 2074 usus
1690 2037 1764 2075 fuit

142 2090 243 2127 pane
266 2081 513 2118 sermentato.
545 2082 626 2118 Hoc
655 2081 772 2117 etiam
804 2080 1039 2118 confirmare
1070 2081 1208 2119 volunt
1240 2091 1309 2128 per
1336 2082 1412 2120 hoc
1444 2083 1550 2130 quod
1581 2083 1763 2130 habetur,

143 2128 248 2174 quod
271 2131 380 2164 sexta
400 2128 510 2173 seria,
534 2137 611 2175 qua
633 2127 811 2165 Christus
832 2131 892 2164 est
910 2127 1137 2169 crucifixus,
1158 2129 1280 2166 Judaei
1311 2140 1383 2166 non
1401 2132 1621 2167 introierunt
1636 2135 1765 2176 praeto·

141 2177 237 2210 riam
254 2176 380 2218 Pilati,
400 2178 528 2211 utnon
547 2177 892 2221 contaminarentur,
912 2176 974 2211 sed
985 2178 1026 2211 ut
1041 2175 1305 2212 manducarent
1309 2178 1449 2222 pascha
1469 2177 1628 2224 (Joann.,
1646 2187 1762 2223 XVIII,

141 2222 226 2268 28);
249 2222 398 2268 pascha
428 2226 558 2259 autem
589 2222 774 2260 dicuntur
807 2232 968 2271 azyma3
999 2232 1093 2270 ergo
1127 2223 1371 2262 concludunt
1404 2225 1511 2272 quod
1543 2233 1658 2263 coena
1688 2225 1764 2264 fuit

142 2269 339 2307 celebrata
359 2273 448 2306 ante
469 2279 618 2316 azyma.

167 2316 242 2368 *Ad
269 2316 346 2353 hoc
368 2319 498 2354 autem
520 2317 782 2363 respondetur
809 2317 929 2365 quod,
951 2318 1055 2355 sicut
1073 2318 1266 2356 Dominus
1286 2318 1448 2356 mandat
1465 2319 1588 2355 Exodi
1606 2320 1762 2357 duode-

141 2372 259 2408 cimo,
294 2363 438 2401 festum
468 2373 694 2412 azymorum
729 2367 879 2411 septem
909 2365 1050 2402 diebus
1084 2364 1369 2411 celebrabatur,
1404 2366 1508 2403 inter
1541 2376 1642 2413 quas
1677 2367 1762 2405 dies

139 2411 267 2456 prima
293 2415 376 2448 erat
404 2415 542 2449 sancta
573 2415 689 2459 atque
709 2412 904 2449 solemnis
923 2412 1118 2458 praeci'pue
1135 2412 1238 2450 inter
1257 2413 1372 2459 alias,
1394 2413 1500 2460 quod
1520 2415 1762 2461 ei‘atbquinta

140 2457 293 2510 decima
313 2458 377 2511 (fle.
394 2459 544 2497 mensis
561 2470 569 2502 ;
591 2458 675 2503 sed,
697 2459 790 2506 quia
808 2459 911 2505 apud
926 2459 1083 2497 ,ludaeos
1101 2459 1375 2498 solemnitates
1394 2461 1761 2506 apraecedentives-

139 2514 230 2550 pere
258 2506 515 2552 incipiebant,
544 2505 634 2543 ideo
666 2510 806 2553 quarta
825 2507 978 2544 decima
996 2506 1058 2544 die
1079 2506 1128 2545 ad
1152 2516 1359 2554 vesperam
1379 2507 1624 2554 incipiebant
1652 2517 1761 2545 com·

140 2552 254 2604 edere
279 2562 415 2600 azyma
438 2556 475 2589 et
495 2553 755 2590 comedebant
774 2563 842 2599 per
865 2558 1015 2600 septem
1037 2554 1329 2601 subsequentes
1355 2554 1440 2592 dies
1459 2566 1468 2598 3
1491 2559 1529 2591 et
1550 2555 1640 2592 ideo
1670 2556 1761 2592 dici-

138 2601 201 2634 tur
221 2609 262 2635 iii
281 2600 419 2636 eodem
441 2600 638 2647 capitulo:
659 2602 782 2637 Primo
799 2611 930 2646 mense,
949 2605 1082 2647 quarta
1106 2602 1246 2638 decima
1270 2602 1329 2638 die
1345 2603 1477 2638 mensis
1493 2601 1542 2637 ad
1559 2612 1756 2648 vesperam,

139 2647 324 2682 comedetis
349 2658 491 2692 azyma,
515 2658 628 2694 usque
655 2648 705 2684 ad
726 2649 820 2684 diem
837 2650 1047 2694 viqesimam
1064 2650 1223 2695 primam
1243 2649 1402 2695 ejusdem
1421 2650 1553 2685 mensis
1572 2649 1621 2684 ad
1639 2659 1759 2694 vespe-

138 2702 230 2728 ram.
260 2694 399 2738 Septem
425 2694 549 2731 diebus
568 2696 784 2739 fermentum
812 2706 885 2732 non
904 2697 1109 2732 invenietur
1126 2698 1167 2732 in
1187 2696 1352 2733 domibus
1370 2697 1498 2732 vestris
1518 2695 1664 2742 (Επεὶ,
1685 2703 1756 2739 ΧΠ,

141 2740 258 2791 18-19)
276 2751 284 2784 ;
309 2741 498 2792 eteadem
519 2745 659 2788 quarta
679 2742 833 2780 decima
852 2742 915 2780 die
936 2743 985 2780 ad
1012 2752 1200 2790 vesperas
1229 2743 1511 2780 immolabatur
1527 2750 1656 2789 agnus
1673 2750 1760 2787 pas-

139 2786 279 2823 chalis.
298 2788 432 2838 *Prima
456 2798 550 2835 ergo
581 2789 643 2826 die
664 2799 892 2836 azymorum
913 2799 935 2827 a
955 2790 1082 2828 tribus
1103 2791 1375 2837 evangelistis,
1396 2789 1590 2832 Matthaao,
1611 2789 1756 2830 Marco,

139 2833 254 2878 Luca,
268 2833 411 2886 dicitur
420 2839 559 2880 quarta
568 2836 720 2873 decima
733 2837 795 2873 die
805 2837 970 2881 mensis,
982 2837 1074 2884 quia
1084 2837 1131 2874 ad
1140 2846 1344 2884 vesperam
1355 2835 1613 2874 comedebant
1623 2844 1759 2882 azyma

138 2884 175 2917 et
194 2885 288 2918 tunc
308 2882 588 2920 immolabatur
607 2883 756 2929 pascha
789 2884 831 2920 λεὶ
856 2887 917 2922 est
949 2893 1077 2931 agnus
1098 2884 1297 2930 paschalis
1313 2896 1322 2928 ;
1338 2887 1377 2921 01
1396 2883 1472 2921 1100
1501 2886 1597 2928 0101,
1620 2891 1758 2922 secun-
