1894 3223
131 108 199 144 418
727 104 816 140 ΠΒ.
840 104 909 148 111,
935 104 1038 141 CAP„
1062 103 1166 142 mv.

179 187 323 227 Adhuc,
345 184 554 222 rationalis
575 186 768 236 creatura,
785 186 829 220 ut
848 183 998 221 dietum
1013 184 1164 230 est‚vsic
1182 184 1327 223 divinae
1347 184 1606 231 providentiae
1622 185 1760 223 subdi-

131 238 209 278 tur,
233 233 338 279 quod
368 232 484 267 etiam
514 230 817 268 similitudinem
848 231 1060 277 quamdam
1083 231 1227 269 divinae
1247 232 1505 278 providentiae
1533 232 1756 279 participat,

132 282 173 319 in
196 283 386 326 quantum
409 287 452 314 se
481 278 524 314 in
557 277 644 314 suis
675 277 830 315 actibus
852 281 890 314 et
923 278 1002 315 alia
1030 278 1253 324 gubernare
1285 282 1430 325 potest.
1453 279 1495 315 Id
1527 282 1658 316 autern
1677 288 1757 325 quo

133 327 358 372 aliquorum
389 329 501 361 actus
535 324 807 370 gubernantur
844 324 989 362 dicitur
1019 325 1096 362 lex.
1119 325 1368 363 Conveniens
1392 325 1516 373 igitur
1543 326 1658 364 suita
1676 328 1759 363 Deo

132 372 364 411 hominihus
386 372 513 418 legem
534 371 633 408 dari.

178 421 279 463 Item,
301 428 421 465 quum
442 420 506 455 lex
527 418 628 455 nihil
657 417 766 455 aliud
784 417 837 455 sit
857 427 974 465 quam
1003 419 1183 466 quaedam
1204 419 1306 456 ratio
1325 423 1363 456 et
1384 420 1525 466 regula
1549 420 1756 467 operandi,

131 466 214 504 illis
233 466 364 502 solnm
386 466 573 502 convenit
592 465 676 502 dari
698 465 826 511 legem
847 466 914 513 qui
936 465 999 502 sui
1021 466 1154 512 operis
1178 466 1372 503 rationem
1392 471 1656 513 cognoscunt.
1677 469 1758 504 Hoc

133 517 264 551 autem
287 513 473 550 convenit
501 513 634 551 solum
664 512 851 549 rationali
885 517 1089 550 creaturae.
1109 512 1190 549 Soli
1210 512 1333 559 igitur
1363 514 1547 551 rationali
1568 518 1758 552 creaturae

133 561 207 598 fuit
225 561 470 597 conveniens
493 559 576 596 dari
599 560 741 606 legem.

178 609 368 647 Proetei'ecz,
393 607 474 644 illis
495 607 625 644 danda
639 609 699 643 est
714 606 776 643 lex
791 606 831 643 in
854 606 1000 653 quibus
1021 610 1082 643 est
1099 615 1215 653 agere
1231 610 1269 643 et
1285 615 1366 643 non
1384 616 1515 653 agere.
1529 609 1610 646 Hoc
1625 612 1758 645 autem

133 655 316 737 conveni}
339 654 414 691 soli
445 653 631 691 rationali
662 657 866 690 creaturae.
885 654 976 690 Sola
1006 652 1128 701 igitur
1145 653 1354 691 rationalis
1377 658 1559 692 creatura
1584 659 1645 692 est
1667 664 1757 693 sus-

133 711 176 738 ce
207 702 285 737 tiva
322 701 421 738 eois.

178 711 366 793 anplius?
385 757 507 795 quum
539 748 601 785 lex
622 747 724 784 nihil
745 747 853 784 aliud
874 747 927 785 sit
946 757 1065 795 quam
1095 747 1196 784 ratio
1224 748 1372 794 operis,
1395 748 1609 794 cujuslibet
1626 754 1759 787 antem

131 796 263 841 operis
296 795 396 832 ratio
430 805 452 831 a
481 794 559 831 fine
604 800 797 838 sumatur,
824 795 872 832 ab
904 804 952 831 eo
984 795 1264 841 unusquisque
1292 795 1397 841 'legis
1434 805 1555 841 capax
1592 797 1761 842 suscipit

130 842 257 889 legen]
279 852 301 879 a
319 851 398 888 quo
431 842 480 879 ad
497 842 616 879 tinem
647 842 890 888 perducitur,
914 842 1017 879 sicut
1045 842 1212 879 inferior
1243 842 1385 879 artifex
1402 842 1453 879 ab
1473 843 1759 888 architectone,

131 893 170 926 et
187 890 303 926 miles
325 900 348 926 a
368 890 466 926 duce
500 889 712 926 exercitus.
734 889 807 926 Sed
838 893 1018 926 creatura
1050 888 1260 926 rationalis
1280 888 1400 925 tinem
1429 897 1547 926 suum
1573 890 1759 927 ultimum

130 937 173 974 in
194 938 273 973 Deo
296 941 332 973 et
353 946 376 974 a
400 938 479 974 Deo
498 937 772 983 consequitur,
793 939 836 973 ut
856 946 904 972 ex
934 936 1209 982 superioribus
1231 939 1352 982 patet.
1375 936 1462 972 Fuit
1481 936 1604 983 igitur
1620 947 1761 975 conve-

131 984 247 1020 niens
267 994 289 1021 a
311 986 389 1020 Deo
410 984 539 1031 legem
560 983 794 1020 hominihus
814 983 912 1020 dari.

181 1031 278 1067 Hinc
299 1035 359 1067 est
379 1031 484 1077 quod
521 1031 665 1068 dicitur
687 1043 695 1067 ε
717 1031 817 1066 Dabo
837 1031 947 1075 leqem
965 1041 1081 1066 meam
1108 1032 1148 1066 in
1166 1030 1364 1066 visceribus
1383 1041 1505 1067 eorum
1525 1031 1627 1078 (Jeru,
1647 1039 1761 1076 xxxi,

124 1078 189 1124 33)
209 1090 216 1122 3
240 1083 278 1114 et
297 1091 305 1114 ι
328 1079 492 1114 Scribam
514 1080 547 1114 οι·
561 1078 780 1124 multiplices
800 1079 891 1122 leqcs
907 1088 1017 1115 meas.
1043 1077 1150 1125 (Ose.‚
1173 1086 1263 1122 vm,
1287 1077 1360 1123 12.)

783 1225 952 1266 CAPUT
993 1224 1109 1265 CXV.

291 1344 391 1378 QUOD
417 1344 493 1372 LEX
517 1343 660 1373 DIVINA
691 1343 987 1373 PRINCIPALITER
1013 1343 1183 1372 ORDINAT
1207 1344 1388 1373 HOMINEM
1413 1344 1453 1373 IN
1479 1344 1599 1374 DEUM.

177 1456 230 1490 Ex
266 1453 342 1490 hoc
372 1456 504 1489 autem
537 1452 642 1490 sumi
671 1455 803 1498 potest
832 1452 880 1488 ad
912 1452 1007 1498 quid
1045 1452 1109 1489 lex
1137 1451 1329 1488 divinitus
1359 1452 1450 1489 data
1486 1452 1760 1498 principaliter

122 1500 426 1584 ’ἴθῗὲπῗῖΐοεῑωᾙ
448 1550 507 1584 est
528 1546 635 1584 enim
649 1546 756 1593 quod
775 1546 1053 1593 unusquisque
1075 1545 1281 1593 legislator
1293 1546 1347 1583 ad
1369 1555 1488 1583 suum
1508 1546 1629 1584 finem
1650 1546 1758 1592 prin-

127 1594 308 1640 cipaliter
327 1603 398 1640 per
417 1594 527 1640 leges
556 1594 742 1631 homines
763 1593 934 1639 dirigere
956 1593 1139 1638 intendit,
1161 1593 1266 1630 sicut
1287 1593 1366 1630 dux
1386 1593 1585 1631 exercitus
1607 1593 1656 1631 ad
1676 1594 1756 1631 vic-

125 1642 283 1684 toriam,
306 1645 342 1678 et
365 1645 495 1678 rector
527 1641 698 1678 civitatis
717 1640 766 1677 ad
784 1650 935 1687 pacem.
957 1641 1064 1677 Finis
1084 1645 1215 1677 autem
1241 1650 1359 1687 quem
1380 1642 1485 1678 Deus
1505 1640 1677 1678 intendit
1697 1644 1758 1677 est

124 1688 295 1773 {ffigililffit
314 1690 431 1726 Deus.
455 1690 532 1725 Lex
548 1688 673 1735 igitur
686 1687 822 1725 divina
841 1687 1046 1724 hominem
1067 1688 1341 1734 principaliter
1360 1688 1399 1724 in
1423 1689 1548 1724 Deum
1570 1688 1757 1725 ordinare

171 1801 314 1841 Adhuc,
335 1800 411 1844 lex,
437 1801 542 1837 sicut
562 1800 710 1837 dictum
732 1804 805 1844 est,
828 1804 888 1836 est
916 1800 1096 1846 quaedam
1116 1799 1218 1836 ratio
1239 1799 1382 1837 divinae
1402 1799 1665 1846 providentiae
1686 1809 1758 1845 gu·

123 1847 343 1891 hernantis,
365 1847 549 1884 rationali
580 1852 769 1884 creaturae
803 1847 1019 1892 proposita.
1042 1847 1114 1883 Sed
1141 1846 1378 1893 gubernatio
1410 1846 1656 1893 providentis
1685 1847 1758 1883 Dei*

120 1895 286 1940 singula
314 1894 361 1931 ad
380 1894 563 1940 proprios
586 1894 684 1930 fines
718 1894 838 1930 ducit.
863 1896 935 1930 Per
955 1894 1083 1939 legem
1113 1893 1237 1940 igitur
1256 1893 1443 1930 divivitus
1466 1893 1597 1930 datam
1632 1893 1754 1931 homo

120 1941 172 1979 >ad
195 1950 311 1978 suum
345 1940 464 1977 finem
497 1942 694 1987 praecipue
727 1941 946 1977 ordinatur.
970 1941 1079 1977 Finis
1113 1944 1246 1977 autem
1267 1940 1451 1978 humanae
1483 1944 1673 1978 creaturae
1694 1945 1756 1978 est

123 1988 325 2025 adhaerere
344 1989 423 2024 Deo
442 2000 449 2031 ;
472 1988 512 2023 in
535 1988 611 2024 hoc
632 1988 737 2024 enim
758 1987 927 2024 felicitas
948 1987 1034 2033 ejus
1050 1987 1254 2032 consistit,
1273 1992 1449 2033 utsupra
1467 1987 1515 2034 (c.
1533 1987 1593 2034 37)
1618 1991 1753 2025 osten-

120 2043 212 2119 siffli
235 2040 306 2072 est.
334 2035 389 2071 Ad
411 2035 486 2072 hoc
506 2035 628 2081 igitur
656 2034 927 2081 principaliter
946 2034 1008 2071 lex
1035 2034 1169 2071 divina
1199 2034 1402 2072 hominem
1436 2034 1587 2082 dirigit,
1607 2038 1653 2072 ut
1673 2036 1752 2072 Deo

124 2091 148 2119 a
207 2085 338 2119 aereat.

168 2130 352 2175 Amplius,
374 2128 543 2165 intentio
564 2128 778 2175 cujuslibet
797 2129 1040 2175 legislatoris
1056 2133 1114 2166 est
1134 2139 1204 2167 eos
1219 2129 1368 2176 quibus
1383 2128 1513 2175 legem
1533 2128 1599 2165 dat
1619 2128 1750 2167 facere

119 2175 250 2214 bonos
270 2189 278 2221 ;
301 2176 404 2213 unde
426 2179 621 2222 praecepta
658 2176 759 2222 legis
795 2175 939 2212 debent
959 2185 1048 2213 esse
1070 2176 1116 2212 de
1138 2177 1294 2215 actibus
1314 2176 1519 2213 virtutum.
1541 2175 1603 2212 Illi
1631 2175 1757 2222 igitur

120 2227 232 2261 actus
266 2233 289 2260 a
318 2224 404 2269 lege
440 2223 573 2260 divina
606 2223 803 2269 praecipue
838 2223 1099 2260 intenduntur
1124 2224 1192 2271 qui
1226 2227 1321 2261 sunt
1351 2223 1503 2268 optimi.
1537 2222 1626 2268 Sed,
1649 2223 1756 2261 inter

119 2279 260 2308 omnes
276 2271 474 2307 humanos
492 2273 619 2315 actus,
641 2270 698 2306 illi
720 2273 814 2307 sunt
834 2270 973 2315 optimi
995 2270 1141 2317 quihus
1160 2271 1282 2308 homo
1304 2269 1478 2307 adhaeret
1498 2271 1592 2314 Deo,
1616 2273 1753 2315 utpote

118 2317 188 2355 fini
210 2318 531 2364 propinquiores.
552 2319 653 2364 Ergo
675 2317 724 2354 ad
743 2317 818 2354 lios
839 2320 952 2354 actus
985 2318 1184 2365 praecipue
1204 2318 1269 2356 lex
1289 2317 1422 2355 divina
1444 2316 1602 2354 ordinat
1622 2316 1753 2354 homi-

118 2373 204 2402 nes.

164 2414 264 2457 Item,
280 2412 378 2449 illud
399 2411 641 2458 praecipuum
663 2411 778 2448 debet
799 2411 888 2450 esse
906 2412 949 2449 in
979 2412 1068 2460 lege
1105 2422 1153 2449 ex
1171 2410 1261 2460 ‘quo
1281 2412 1346 2449 lex
1365 2410 1584 2449 efficaciam
1615 2410 1748 2448 hahet.

115 2459 189 2497 Sed
214 2460 275 2496 lex
293 2459 484 2496 divinitus
505 2459 596 2496 data
616 2468 663 2495 ex
682 2459 758 2496 hoc
779 2459 883 2505 apud
904 2459 1090 2497 homines
1104 2459 1325 2498 efficaciam
1347 2458 1466 2496 habet
1497 2458 1606 2511 quod
1627 2457 1749 2494 homo

115 2506 302 2544 subditur
320 2507 427 2551 Deo;
450 2515 533 2543 non
554 2506 660 2543 enim
693 2506 841 2553 aliquis
875 2506 1046 2553 alicujus
1066 2506 1174 2553 regis
1197 2507 1284 2554 lege
1306 2508 1481 2544 arctatur
1506 2514 1574 2552 qul
1597 2505 1633 2543 ei
1654 2504 1748 2541 sub-

116 2552 222 2591 ditus
244 2562 324 2591 non
347 2557 420 2591 est.
443 2555 524 2591 Hoc
560 2553 682 2599 igitur
718 2554 961 2600 praecipuum
979 2555 1021 2591 in
1048 2553 1183 2592 divina
1199 2554 1286 2601 lege
1302 2562 1396 2591 *esse
1420 2551 1550 2598 debet,
1569 2555 1613 2589 ut
1633 2559 1748 2588 mens

117 2598 293 2638 humana
308 2602 389 2638 Deo
410 2601 623 2638 adhaereat.

163 2647 262 2684 Hinc
279 2652 342 2685 est
363 2648 469 2695 quod
498 2647 644 2685 dicitur
664 2646 870 2694 immoto„
887 2649 1014 2692 Israel,
1029 2648 1120 2695 quid
1137 2650 1313 2685 Dominus
1331 2649 1426 2684 Deus
1444 2646 1637 2692 tmcspettt
1655 2655 1677 2679 α
1697 2646 1744 2687 te,

113 2693 190 2729 nist
208 2697 250 2729 ut
263 2696 390 2730 timeas
409 2696 602 2732 Dominum
621 2696 734 2732 Deum
752 2698 868 2740 tuum,
891 2699 925 2732 et
947 2696 1106 2732 ambules
1121 2697 1166 2731 in
1178 2697 1250 2732 viis
1266 2695 1357 2741 ejus,
1377 2698 1412 2730 et
1431 2693 1568 2737 diligas
1585 2701 1677 2731 eum,
1703 2701 1751 2728 ac

113 2741 251 2776 servias
263 2741 415 2778 Domino
434 2744 504 2779 Deo
519 2745 584 2780 tuo
602 2743 643 2779 in
657 2744 730 2779 toto
749 2743 854 2779 corde
874 2745 948 2784 tuo,
970 2746 1004 2779 et
1025 2745 1065 2779 in
1078 2745 1154 2779 tota
1171 2744 1297 2779 anima
1314 2745 1380 2778 tua
1392 2742 1412 2776 ?
1426 2740 1604 2787 (Deut.,x‚
1623 2737 1696 2784 12.)
