1838 3227
324 139 459 175 BERN.
487 138 645 174 MARIAE
672 138 731 173 DE
757 137 922 174 RUBEIS
950 136 1261 175 DISSERTATIO.
1553 140 1596 174 xl

0 238 128 278 vilium
157 238 233 277 nisi
260 237 400 286 Pater,
422 249 542 289 neque
563 237 724 276 Patrem
739 237 823 288 quis
840 237 947 276 ηουιέ
968 237 1044 276 nisi
1063 237 1199 277 Filius.
1235 238 1295 276 Ad
1334 237 1416 277 hoc
1435 238 1598 278 Marcus

0 315 108 342 ¹‚uum
130 302 401 354 Evangelium
422 301 583 352 incipit,
604 301 745 340 dicens
768 313 777 340 :
800 300 959 341 Initium
984 301 1198 354 Evanqelz'i
1226 301 1317 341 ιΙεέῑι
1340 301 1490 341 Christi
1507 301 1602 341 Filii

0 366 72 406 Dei.
94 368 274 408 Joannes
293 366 419 406 etiam
441 366 692 416 evangelista
709 365 790 404 h'oc
824 365 1068 416 frequenter
1097 365 1294 407 ostendit.
1329 366 1440 406 Dicit
1471 366 1598 411 enim,

0 430 123 478 toan„
145 442 188 470 111
207 443 217 470 ε
240 430 363 469 Pater
381 429 510 481 dileyit
529 429 689 475 Filium,
711 435 747 467 et
767 430 897 468 omnia
917 429 1019 469 dedic
1038 431 1075 470 ei
1093 431 1132 469 in
1152 443 1270 470 manu
1280 430 1376 482 ejus.
1396 431 1446 469 Et
1459 431 1598 480 Joan.,

0 505 14 533 7
37 509 45 533 :
67 495 178 534 Sicut
195 495 319 534 Pater
335 495 495 533 suscitat
517 499 686 532 mortuo<
706 498 742 532 et
764 494 951 545 vivificat,
973 494 1027 532 sic·
1043 499 1080 532 et
1100 493 1139 532 F
1137 494 1222 533 c'lz'us
1242 505 1335 546 quos
1354 493 1437 532 vult
1466 493 1602 545 vz'oifis

0 565 63 597 rot.
96 560 249 599 Paulus
280 559 406 599 etiam
439 559 652 609 apostolus
682 559 773 598 haec
807 559 929 599 verba
962 559 1205 608 frequenter
1238 558 1462 599 interserit.
1490 558 1601 598 Dicit

0 624 100 663 inim
121 625 172 663 ad
193 624 331 672 Rom.‚
353 635 365 662 1
390 637 398 662 ε
422 622 660 675 Seqreqatus
683 623 720 661 in
744 623 785 662 E
789 623 1006 675 vanyelz'um
1024 622 1113 671 Dei,
1135 623 1238 674 quod
1256 629 1344 662 ante
1367 623 1602 675 promiserat

0 699 57 725 aer
72 687 283 740 prophetas
301 700 386 727 suos
416 688 454 726 in
481 687 699 739 Scripturas
727 688 870 727 sanctis
901 687 945 727 de
973 687 1073 726 Filio
1104 700 1186 726 suo,
1223 689 1275 727 Et
1311 689 1361 727 ad
1392 688 1533 737 I·Iebr.‚
1553 699 1598 730 1:

0 751 252 803 ‚tlulte'fariam
271 752 475 804 multisque
502 751 622 791 modis
651 752 741 790 olim
775 751 874 791 Deus
909 752 1064 803 loquens
1094 751 1284 791 Patribus
1315 755 1355 791 in
1381 753 1600 805 prophetis,

0 817 187 856 zom'ssime
205 815 334 856 diebus
354 817 435 855 istis
455 816 602 855 locutus
621 821 676 854 est
696 814 802 853 nobis
822 815 861 853 in
879 814 996 854 Filio.
1019 816 1106 854 Hoc
1138 817 1266 855 etiam
1287 818 1481 865 traditur,
1503 818 1602 859 licet

0 881 135 930 ssarius,
165 881 207 920 in
239 880 462 931 Scripturis
492 880 651 919 Veteris
677 879 948 918 Testamenti.
981 879 1143 918 Dicitur
1175 880 1303 929 enim,
1335 882 1474 928 Prov.,
1495 892 1599 920 xxx:

0 944 101 993 Quod
118 958 253 985 nomen
272 951 326 984 est
344 945 440 996 ejus,
461 950 498 984 ec
518 943 622 996 quod
638 956 771 982 nomen
799 943 893 982 Filia·
910 943 1007 994 ejus,
1029 944 1062 982 si
1088 944 1202 983 nosti.
1236 945 1282 984 In
1313 945 1481 984 Psalmo
1503 945 1600 996 legi-

0 1023 57 1048 .ur
79 1024 88 1049 ε
113 1011 298 1049 Dominus
316 1009 417 1048 davit
436 1008 490 1047 ad
506 1020 591 1047 me:
608 1007 730 1046 Filius
750 1020 854 1046 meus
873 1020 910 1047 es
929 1014 985 1046 tu.
1008 1009 1060 1046 Et
1086 1008 1241 1048 iterum
1265 1022 1274 1048 ε
1296 1008 1384 1060 Ipse
1409 1010 1602 1049 invocavit

0 1087 61 1122 ne,
81 1074 204 1113 Pater
223 1086 325 1113 meus
341 1085 378 1112 es
394 1078 448 1111 tu.
471 1073 522 1110 Et
541 1071 730 1122 quamvis
749 1070 840 1110 haec
861 1072 943 1111 duo
966 1073 1115 1112 ultima
1146 1073 1272 1112 verba
1297 1073 1425 1123 aliqui
1446 1074 1601 1115 vellent

0 1140 38 1177 id
61 1151 227 1179 sensum
247 1138 376 1178 alium
408 1140 669 1187 retorquere,
693 1139 740 1175 ut
772 1137 887 1186 quod
923 1137 1078 1176 dicitur
1102 1136 1311 1189 (Dominus
1335 1137 1437 1177 deecit
1457 1137 1511 1177 ad
1527 1150 1600 1187 me,

0 1203 109 1242 Filius
127 1217 228 1244 meus
248 1216 284 1244 es
311 1203 382 1255 tu),
407 1202 458 1241 ad
491 1201 630 1251 ipsum
662 1200 860 1240 Davidem
891 1201 1096 1241 referatur
1125 1214 1135 1240 ε
1171 1203 1283 1252 quod
1316 1215 1413 1242 vero
1446 1203 1601 1243 dicitur

4 1267 81 1319 ipse
97 1267 287 1307 invocavit
305 1278 378 1315 me,
399 1265 525 1306 Pater
543 1277 697 1304 meuses
725 1264 799 1317 tu),
820 1265 1035 1305 Salomoni
1055 1266 1310 1306 attribuatur
1331 1280 1341 1306 :
1364 1271 1505 1306 tamen
1535 1279 1599 1317 ea,

0 1344 82 1382 1uae
112 1332 426 1383 conjunguntur
457 1329 643 1380 utrique,
677 1328 759 1368 hoc
792 1329 966 1368 omnino
997 1341 1083 1369 non
1119 1330 1177 1369 ita
1221 1343 1310 1371 esse
1351 1333 1597 1372 ostendunt.

0 1397 127 1447 leque
146 1396 258 1436 enim
278 1395 406 1434 David
425 1397 564 1445 potest
584 1397 842 1444 competere,
863 1394 977 1444 quod
998 1394 1166 1434 additur
1188 1408 1198 1434 ε
1220 1395 1311 1447 qu
1340 1395 1449 1435 lzodz'e
1484 1396 1604 1447 qenai

1 1472 34 1499 e.
59 1461 236 1511 thuod
257 1459 452 1499 subditur
474 1472 483 1498 :
505 1457 618 1497 Dabo
639 1456 710 1496 tibi
725 1463 854 1509 qentes
886 1457 1149 1498 haereditatem
1181 1465 1303 1509 tuam,
1330 1466 1368 1499 et
1396 1461 1599 1512 possessio-

0 1537 70 1563 zem
90 1530 196 1563 tuam
218 1524 399 1563 terminos
421 1529 561 1570 terrae;
585 1536 603 1559 «
626 1533 724 1561 cum
745 1522 836 1572 ejus
856 1534 1032 1573 regnum
1054 1535 1139 1562 non
1162 1536 1294 1574 usque
1315 1526 1366 1563 ad
1395 1525 1599 1565 terminos

0 1599 109 1627 ‚errae
126 1588 254 1627 fuerit
274 1587 513 1634 dilatatum,
536 1589 582 1624 ut
601 1585 779 1624 Historia
800 1585 892 1624 libri
914 1587 1073 1636 Regum
1094 1586 1293 1626 declarat.
1312 1589 1454 1638 Neque
1471 1588 1598 1628 etiam

0 1651 201 1692 §alomoni
218 1654 357 1701 potest
377 1650 550 1690 omnino
572 1652 812 1699 competere
848 1650 961 1700 quod
984 1649 1139 1690 dicitur
1161 1663 1171 1690 ;
1193 1650 1279 1702 Ipse
1310 1652 1504 1691 invocavit
1521 1665 1597 1704 me,

0 1715 111 1755 Pater
128 1727 232 1755 meus
251 1727 289 1754 es
310 1721 351 1754 tu
364 1727 382 1763 ‚·
401 1727 499 1754 cum
520 1714 758 1753 subdatur:
780 1713 934 1752 Ponam
954 1713 993 1752 in
1012 1713 1190 1752 saeculam
1210 1715 1340 1754 saeculz·
1354 1727 1478 1755 semen
1499 1716 1598 1768 ejus,

0 1785 21 1818 τι
42 1779 225 1819 thronum
243 1779 327 1832 ejus
342 1780 440 1819 sicut
460 1780 538 1819 dies
557 1779 655 1818 caelz'.
677 1780 796 1818 Unde
814 1779 937 1818 datur
955 1779 1129 1830 intelligi
1144 1781 1274 1831 quod,
1292 1781 1388 1832 quia
1403 1783 1599 1832 quaedam

0 1844 210 1893 ›raemissis
245 1844 380 1884 verbis
417 1856 579 1884 annexa
614 1844 757 1883 Davidi
797 1844 861 1883 vel
899 1843 1113 1883 Salomoni
1151 1845 1311 1895 possint
1344 1857 1592 1897 congruere,

0 1908 182 1958 Juaedam
230 1920 327 1948 vero
373 1920 644 1960 nequaquam
694 1909 745 1947 de
788 1908 943 1947 Davide
990 1911 1033 1948 et
1074 1909 1297 1949 Salomone
1340 1910 1433 1951 haec
1476 1911 1599 1952 verba

0 1971 182 2012 licantur
216 1973 450 2012 secundum
483 1983 646 2012 morem
678 1972 904 2022 Scripturae
934 1972 978 2012 in
1010 1973 1180 2013 alterius
1211 1975 1404 2026 figuram,
1438 1974 1482 2015 in
1513 1988 1598 2027 quo

0 2036 180 2075 iniversa
209 2037 561 2086 compleantur».
597 2036 672 2075 Hic
701 2035 828 2075 habes
861 2037 1219 2077 accuratissimam
1239 2040 1443 2090 regulam,
1468 2039 1606 2091 quam'

0 2103 134 2150 sostea
155 2099 344 2150 pluribus
363 2100 626 2139 illustrarunt
646 2100 837 2148 Huetius,
861 2101 1102 2150 Bossuetus,
1125 2102 1351 2152 Calmetus,
1370 2104 1595 2154 Marchius,

0 2164 191 2215 Vitringa,
224 2163 482 2215 Deylingius,
524 2164 677 2215 aliique
714 2165 870 2214 plures,
912 2166 1176 2206 discernendi
1213 2172 1366 2218 praeter
1403 2170 1597 2210 vaticinia

0 2229 158 2280 proprie
179 2228 306 2276 dicta,
325 2229 478 2279 figuras
499 2229 605 2278 illas,
628 2241 782 2279 eosque
798 2234 932 2280 typos,
955 2231 1027 2280 qui
1052 2232 1251 2272 Davidem
1266 2234 1454 2283 quidem,
1474 2247 1513 2275 v,
1537 2247 1596 2286 gu,

0 2296 61 2332 tut
79 2293 363 2337 Salomonem,
385 2296 458 2330 aut
478 2293 607 2332 alium
628 2293 817 2343 quemvis
848 2294 1103 2334 adumbrant
1134 2296 1318 2347 oblique,
1351 2298 1596 2349 improprie,

0 2356 179 2404 >bscure‚
201 2359 242 2395 et
263 2355 379 2405 quasi
409 2368 483 2406 per
514 2357 618 2403 vim;
655 2368 753 2396 cum
780 2362 896 2397 recto
928 2362 970 2397 et
1001 2359 1126 2408 plano
1159 2372 1283 2401 sensu
1312 2361 1355 2400 in
1386 2363 1596 2402 Christum

0 2420 189 2459 'erantur.

12 2478 15 2484 ¹
37 2483 180 2534 Pergit
205 2484 362 2523 Doctor
381 2485 593 2536 angelicus
615 2485 907 2526 Gener-ationem
927 2487 967 2525 z‘n
986 2487 1124 2527 divinis
1157 2501 1364 2539 exponere
1393 2492 1597 2533 similibus

4 2546 325 2587 uculentissimis
336 2548 596 2589 revelationis
606 2550 754 2590 divinae
764 2551 1012 2590 testimoniis
1025 2564 1034 2591 ε
1048 2555 1139 2591 tum
1153 2557 1369 2603 praeterea,
1382 2557 1516 2606 capite
1529 2559 1594 2607 11,

0 2610 226 2651 lz'vz'm'tatem
244 2610 341 2650 Fz’lz‘z·
370 2612 619 2663 patefacere,
653 2626 702 2654 ac
733 2615 1014 2665 photinianos,
1048 2616 1310 2667 sabellianos,
1346 2620 1595 2671 arianosque

0 2686 148 2714 {rrores
178 2676 436 2726 propulsare,
477 2677 747 2729 ipsorumque
784 2680 1078 2731 Paganorum,
1118 2693 1214 2731 quae
1246 2684 1594 2736 opponebantur,

0 2742 235 2789 [rgumenta
255 2739 444 2779 refellere
471 2753 480 2779 :
503 2741 616 2790 quod
636 2741 952 2792 insequentibus
988 2744 1192 2794 capitibus
1218 2747 1380 2797 egregie
1409 2754 1592 2798 praestat.

0 2802 207 2842 tlethodus
236 2803 328 2843 haec
357 2807 448 2843 toto
471 2816 520 2843 eo
552 2804 658 2844 libro
685 2806 1018 2846 constantissime
1050 2813 1250 2848 servatur.
1273 2810 1379 2848 Hinc
1403 2823 1522 2858 vana,
1544 2823 1593 2850 ac

3 2877 76 2905 ure
92 2865 212 2906 nullo
231 2867 355 2917 fulta,
376 2871 496 2907 vetus
517 2880 565 2908 ea
582 2870 751 2919 querela
772 2870 885 2910 Petri
907 2871 956 2910 de
976 2872 1134 2912 Alliaco
1161 2873 1204 2911 in
1231 2875 1443 2923 Tractatu‚
1466 2888 1591 2926 quem
