1894 3223
170 104 239 139 612
719 106 726 108 ἡ
743 99 830 134 Llss.
859 98 917 141 iv,
945 73 1044 134 CAP]
1067 80 1214 133 [xxiv.

168 186 343 220 mentum
380 180 568 226 perficere
606 179 647 215 in
680 179 818 215 virtute
847 178 970 215 totius
999 178 1198 225 Ecclesiae,
1221 177 1334 224 qu'us
1364 177 1546 214 minister
1575 177 1721 222 existit,
1742 180 1782 214 et

168 229 281 274 cujus
316 236 526 273 personam
556 226 669 273 gerit.
701 225 915 270 Impeditur
944 228 1074 261 autem
1108 225 1227 277 hujus
1252 222 1682 276 sacramenti-effectus
1716 233 1784 269 per

167 273 656 366 {fsttioiiffissuscmientis'
676 272 778 309 sicut
798 271 992 318 contingit
1012 275 1049 308 et
1079 271 1121 307 in
1149 271 1239 308 ains
1276 275 1548 309 sacramentis.
1584 270 1654 306 (IV
1668 271 1782 312 sent„

795 430 961 470 CAPUT
990 429 1161 470 LXXIV.

715 543 767 572 DE
793 543 1047 572 SACRAMENTO
1076 543 1242 571 ORDINIS.

215 644 460 682 Manifestum
494 647 554 680 est
578 648 708 680 autem
743 654 790 680 ex
821 644 1016 689 praedictis
1037 644 1141 690 quod
1162 644 1199 680 in
1223 644 1408 681 omnibus
1428 644 1701 689 sacramentis,
1735 644 1783 681 de

169 692 315 739 quibus
331 691 412 738 J'am
431 691 578 727 dictum
599 695 672 735 est,
706 690 924 736 spiritualis
946 691 1146 727 confertur
1167 692 1293 737 gratia
1313 691 1386 728 sub
1409 695 1657 728 sacramento
1687 692 1783 728 visi-

170 739 312 775 bilium
358 747 502 774 rerum.
542 738 679 774 Omnis
713 742 843 774 autern
877 738 979 774 actio
1019 737 1131 774 debet
1169 747 1256 775 esse
1307 738 1600 784 proportionata
1636 738 1781 784 agenti.

172 787 333 831 Oportet
363 785 483 831 igitur
515 784 619 830 quod
653 785 930 829 praedictorum
958 785 1201 830 dispensatio
1240 789 1578 822 sacramentorum
1619 784 1684 821 fiat
1716 794 1785 830 per

171 832 355 870 homines
394 831 575 868 visibiles
608 832 847 876 spiritualem
888 832 1069 868 virtutem
1105 831 1295 868 habentes
1324 844 1332 868 :
1374 841 1450 868 non
1489 832 1592 868 enim
1630 831 1784 878 angelis

175 879 362 923 competit
408 882 745 915 sacramentorum
787 879 1032 924 dispensatio
1049 906 1058 921 ,
1101 879 1168 915 sed
1212 878 1438 916 hominibus
1475 878 1621 915 visibili
1666 887 1784 915 carne

171 926 351 963 indutis:
387 925 489 961 unde
522 929 559 961 et
590 925 803 971 Apostolus
837 926 932 962 dicit
962 926 1009 962 ad
1044 926 1240 965 Hebraeos,
1264 929 1337 969 V‚1
1366 927 1518 962 :Omnis
1542 926 1711 970 pontifex
1741 936 1785 961 em

174 973 377 1008 hominibus
398 975 616 1017 assumptus,
632 983 699 1017 pro
718 973 919 1008 hominibus
940 974 1169 1008 constituitur
1186 975 1224 1008 in
1244 973 1299 1008 his
1321 983 1398 1017 quae
1416 976 1500 1008 sant
1519 973 1567 1007 ad
1585 975 1709 1008 Deum.

222 1019 344 1065 HuJus
366 1023 495 1055 autem
515 1020 613 1055 ratio
636 1019 794 1056 aliunde
815 1021 918 1056 sumi
938 1023 1079 1064 potest.
1102 1021 1442 1056 sacramentorum
1463 1020 1566 1055 enim
1588 1019 1784 1056 institutio

173 1070 212 1103 et
224 1067 348 1102 virtus
370 1076 392 1102 a
412 1066 566 1102 Christo
590 1066 742 1102 initium
766 1066 903 1103 habet:
928 1067 974 1103 de
995 1066 1081 1112 ipso
1103 1067 1208 1103 enim
1231 1067 1549 1111 dicitApostolus
1565 1066 1613 1102 ad
1626 1066 1783 1111 Ephes.,

172 1122 214 1158 v,
237 1116 292 1156 15,
315 1112 420 1159 quod
441 1113 601 1149 Christus
635 1113 765 1148 dilexit
782 1114 988 1152 Ecclesiam,
1011 1116 1043 1148 et
1075 1115 1230 1158 seipsum
1261 1113 1417 1148 tradidit
1442 1124 1510 1158 pro
1542 1123 1595 1153 ea,
1615 1116 1655 1148 ut
1684 1114 1785 1148 illam

173 1162 428 1205 sanctificaret,
449 1160 628 1195 mundans
649 1171 724 1195 eam
741 1161 883 1196 lavacro
902 1171 1003 1205 aquae
1023 1162 1062 1196 in
1081 1162 1184 1196 verbo
1203 1162 1298 1195 vitae.
1319 1160 1567 1197 Manifestum
1589 1165 1648 1196 est
1668 1160 1784 1196 etiam

174 1208 280 1253 quod
315 1207 493 1243 Christus
514 1210 804 1243 sacramentum
825 1208 887 1244 sui
911 1207 1087 1253 corporis
1108 1210 1145 1243 et
1171 1207 1380 1253 sanguinis
1409 1207 1449 1243 in
1471 1216 1583 1244 coena
1603 1206 1722 1247 dedit,
1747 1210 1785 1242 et

174 1253 503 1299 frequentandum
533 1253 717 1296 instituit,
751 1262 837 1300 quae
868 1258 961 1291 sunt
991 1254 1222 1300 principalia
1254 1258 1512 1291 sacramenta.
1535 1253 1634 1297 Quia
1664 1254 1785 1300 igitur

176 1301 353 1337 Christus
371 1300 616 1346 corporalem
647 1300 708 1337 sui
741 1301 990 1346 praesentiam
1022 1305 1105 1337 erat
1134 1301 1316 1338 Ecclesiae
1336 1301 1624 1343 subtracturus,
1646 1309 1783 1336 neces—

175 1348 325 1384 sarium
361 1347 435 1383 fuit
455 1351 496 1383 ut
516 1347 617 1383 alios
652 1347 875 1384 institueret
897 1347 972 1384 sibi
992 1348 1212 1391 ministros,
1235 1348 1300 1394 qui
1334 1351 1582 1384 sacramenta
1600 1347 1784 1384 fidelibus

177 1395 466 1439 dispensarent,
489 1393 706 1430 secundum
727 1394 823 1431 illud
844 1394 1035 1439 Apostoli,
1054 1396 1069 1430 I
1090 1394 1137 1431 ad
1162 1395 1263 1438 Cor.‚
1290 1403 1346 1439 lv,
1369 1398 1383 1430 1
1408 1404 1416 1428 ε
1438 1395 1496 1430 Sic
1525 1404 1588 1429 nos
1608 1395 1786 1429 existimet

174 1441 274 1476 homo
305 1444 344 1475 ut
372 1442 557 1476 ministros
578 1441 724 1480 Christi,
745 1444 778 1476 et
805 1441 1068 1486 dispensatores
1088 1442 1337 1484 mysteriorum
1353 1442 1431 1476 Dei.
1457 1440 1561 1477 Unde
1581 1440 1785 1486 discipulis

176 1487 515 1525 consecrationem
531 1488 592 1524 sui
605 1487 783 1533 corporis
798 1492 835 1524 et
850 1488 1059 1535 sanguinis
1072 1488 1285 1532 commisit,
1303 1487 1439 1524 dicens
1455 1487 1569 1534 (Luc.,
1587 1496 1685 1531 xxii,
1704 1487 1783 1532 19):

173 1535 246 1571 Hoc
277 1536 387 1578 facite
419 1536 460 1569 in
489 1545 603 1569 meam
634 1536 1009 1578 commemorationem,
1032 1534 1180 1572 eisdem
1211 1534 1347 1572 tribuit
1365 1538 1600 1581 potestatem
1625 1539 1786 1580 peccata

175 1581 413 1625 remittendi,
449 1581 667 1618 secundum
697 1581 808 1625 illud,
840 1583 994 1622 Joann.,
1016 1590 1081 1626 xx,
1102 1585 1147 1619 23
1171 1582 1354 1625 :Quorum
1383 1583 1593 1618 remiseritis
1621 1585 1782 1626 peccata,

173 1630 407 1664 remittuntur
437 1630 507 1672 eis;
541 1628 687 1665 eisdem
723 1629 840 1665 etiam
870 1629 1036 1666 docendi
1067 1633 1105 1665 et
1137 1628 1359 1675 baptizandi
1388 1628 1558 1675 injhnxit
1592 1627 1784 1673 officium,

176 1674 326 1719 dicens,
366 1675 513 1720 matth„
553 1675 639 1719 ult.‚
673 1677 714 1712 19
740 1687 748 1711 :
778 1678 929 1720 Euntes,
966 1677 1082 1712 docete
1118 1686 1237 1711 omnes
1273 1679 1390 1720 9entes
1404 1702 1415 1716 ,
1457 1677 1680 1721 baptizantes
1714 1685 1782 1712 eos.

173 1722 352 1759 Minister
370 1726 499 1758 autem
521 1725 772 1767 comparatur
789 1723 837 1759 ad
858 1723 1063 1759 dominum
1085 1723 1188 1760 sicut
1218 1723 1523 1760 instrumentum
1553 1724 1602 1760 ad
1633 1722 1785 1768 princi-

176 1769 263 1815 pale
287 1778 424 1816 agens.
445 1769 549 1805 Sicut
569 1770 673 1805 enim
694 1769 1001 1806 instrumentum
1024 1775 1202 1806 movetur
1222 1769 1269 1807 ab
1291 1774 1431 1816 agente
1452 1770 1499 1807 ad
1530 1770 1679 1817 aliquid
1700 1768 1784 1806 effi-

176 1816 374 1859 ciendum,
393 1817 450 1852 sic
469 1817 650 1852 minister
666 1820 844 1854 movetur
863 1817 1027 1863 imperio
1049 1817 1200 1854 domini
1230 1817 1278 1854 ad
1304 1817 1454 1864 aliquid
1473 1816 1783 1863 exsequendum.

177 1864 335 1908 Oportet
353 1867 483 1899 autem
505 1864 810 1900 instrumentum
832 1873 920 1901 esse
940 1865 1277 1909 proportionatum
1299 1863 1453 1911 agenti:
1486 1864 1590 1900 unde
1612 1867 1649 1900 et
1668 1863 1784 1899 mini-

176 1914 281 1947 stros
312 1910 452 1946 Christi
491 1914 644 1954 oportet
677 1920 766 1946 esse
797 1911 831 1947 ei
862 1911 1102 1947 conformes.
1124 1911 1304 1948 Christus
1341 1914 1469 1947 autem
1508 1915 1550 1946 ut
1582 1910 1783 1951 dominus,

176 1957 406 1993 auctoritate
424 1956 609 1992 etvirtute
624 1958 795 2002 propria,
810 1962 985 1994 nostram
1001 1958 1168 1994 salutem
1181 1961 1364 2003 operatus
1381 1957 1697 2003 est‚inquantum
1715 1957 1787 1993 fuit

177 2004 281 2040 Deus
320 2007 357 2039 et
396 2003 538 2047 homo;
571 2007 614 2040 ut
644 2005 863 2040 secundum
898 2004 937 2040 id
969 2004 1075 2050 quod
1112 2005 1233 2042 homo
1271 2008 1349 2048 est,
1387 2004 1435 2041 ad
1473 2005 1784 2050 redemptionem

177 2054 353 2086 nostram
375 2054 594 2095 pateretur3
617 2051 835 2087 secundum
857 2055 986 2087 autem
1007 2051 1113 2097 quod
1132 2053 1250 2094 Deus,
1270 2051 1405 2097 passio
1425 2051 1510 2097 ejus
1540 2051 1655 2088 nobis
1676 2050 1787 2087 fieret

176 2096 376 2148 salutaris.
399 2098 558 2142 Oportet
574 2097 693 2142 igitur
712 2098 918 2135 ministros
940 2099 1081 2135 Christi
1101 2098 1284 2135 homines
1305 2107 1408 2141 esse,
1428 2102 1465 2134 et
1485 2098 1633 2144 aliquid
1649 2097 1789 2135 divini·

175 2144 267 2180 tatis
288 2152 373 2189 ejus
394 2144 624 2189 participare
643 2145 859 2181 secundum
877 2145 1050 2191 aliquam
1071 2145 1317 2190 spiritualem
1338 2147 1572 2191 potestatem
1596 2155 1603 2179 :
1626 2153 1715 2181 nam
1749 2148 1788 2182 et

175 2190 484 2227 instrumentum
514 2190 661 2237 aliquid
692 2192 898 2237 participat
926 2192 973 2228 de
1004 2193 1145 2228 virtute
1174 2192 1401 2237 principalis
1432 2192 1600 2239 agentis.
1633 2194 1686 2228 De
1713 2191 1787 2229 hac

175 2241 305 2274 autem
344 2240 536 2283 potestate
582 2238 675 2274 dicit
712 2239 938 2284 Apostolus,
959 2240 992 2275 ΙΙ
1031 2239 1077 2275 ad
1117 2240 1218 2283 Cor.‚
1240 2243 1398 2282 x111‚iO‚
1422 2239 1528 2285 quod
1552 2242 1786 2284 potestatem

175 2284 284 2321 dedit
302 2284 337 2320 ei
358 2285 548 2322 Dominus
570 2285 610 2320 in
632 2284 946 2329 aedificationem,
963 2289 999 2322 et
1016 2295 1092 2322 non
1110 2287 1150 2322 in
1172 2286 1494 2323 destructionem.

224 2333 309 2367 Non
339 2335 396 2368 est
418 2336 548 2368 autem
568 2331 776 2368 dicendum
802 2333 907 2379 quod
928 2337 1103 2378 potestas
1124 2333 1352 2379 huiusmodi
1373 2333 1430 2370 sic
1456 2333 1546 2370 data
1563 2333 1615 2370 sit
1644 2332 1786 2370 Christi

176 2376 384 2422 discipulis
401 2379 506 2430 quod
526 2388 593 2423 per
613 2388 682 2415 eos
709 2379 757 2415 ad
779 2379 880 2417 alios
902 2379 1114 2416 derivanda
1136 2389 1217 2417 non
1238 2384 1369 2424 esset3
1392 2380 1482 2416 data
1511 2383 1572 2417 est
1604 2380 1708 2416 enim
1728 2380 1787 2417 eis

177 2424 226 2461 ad
261 2426 445 2462 Ecclesiae
482 2425 782 2463 aedificationem
820 2426 1038 2463 secundum
1076 2427 1252 2472 Apostoli
1283 2427 1443 2463 dictum.
1477 2426 1638 2464 Tamdiu
1665 2426 1788 2473 igitur

177 2475 331 2517 oportet
352 2472 452 2510 hanc
472 2475 704 2518 potestatem
725 2474 962 2519 perpetuari,
983 2474 1172 2520 quamdiu
1193 2483 1357 2510 necesse
1378 2478 1437 2510 est
1457 2473 1640 2510 aedificari
1662 2473 1789 2511 Eccle-

178 2519 291 2555 siam.
314 2520 392 2555 Hoc
413 2527 542 2556 autem
566 2529 728 2556 necesse
745 2525 803 2556 est
821 2523 909 2566 post
929 2524 1096 2557 mortem
1117 2521 1400 2567 discipulorum
1426 2520 1570 2557 Christi
1589 2529 1714 2567 usque
1737 2519 1788 2557 ad

177 2566 312 2601 saeculi
334 2565 466 2603 tinem.
489 2567 551 2603 Sic
571 2567 690 2613 igitur
710 2566 799 2604 data
829 2568 902 2604 fuit
934 2567 1144 2613 discipulis
1167 2567 1311 2604 Christi
1347 2568 1565 2613 spiritualis
1595 2572 1785 2614 potestas,

177 2615 306 2662 uthper
325 2621 394 2649 eos
413 2613 611 2649 deveniret
631 2613 679 2650 ad
710 2613 841 2651 alios:
874 2614 975 2651 unde
1006 2619 1043 2650 et
1072 2615 1263 2651 Dominus
1297 2615 1513 2660 discipulos
1541 2615 1583 2651 in
1615 2622 1786 2660 persona

177 2657 342 2695 aliorum
369 2659 543 2696 fidelium
562 2660 848 2706 alloquebatur,
871 2664 914 2697 ut
932 2664 1037 2707 patet
1057 2671 1126 2706 per
1145 2661 1184 2698 id
1216 2662 1321 2708 quod
1352 2662 1529 2705 habetur,
1547 2662 1678 2703 Marc„
1699 2669 1784 2703 xm,

175 2706 219 2755 37
244 2716 255 2755 :-
273 2705 372 2748 Quod
389 2707 488 2742 vobis
509 2708 771 2746 tttco,omnibus
790 2708 891 2751 ἄϊσος
912 2712 949 2744 et
968 2709 1116 2751 matth„
1138 2717 1278 2752 XXVIII,
1294 2711 1352 2752 20,
1368 2709 1560 2745 Dominus
1578 2707 1785 2753 discipulis

177 2749 275 2787 dixit
288 2764 301 2802 ‚²
323 2754 409 2804 Ecce
429 2763 489 2797 eqo
504 2754 685 2789 vobiscum
705 2765 784 2789 sum
803 2765 914 2799 usque
933 2755 982 2790 ad
1003 2757 1341 2791 consummationem
1359 2756 1492 2791 saecuzt.

200 2843 206 2849 ‘
224 2798 322 2841 Quia
339 2803 459 2845 igitur
476 2800 558 2836 haec
579 2801 797 2845 spiritualis
818 2805 994 2846 potestas
1015 2811 1037 2838 a
1054 2802 1207 2839 Christo
1227 2802 1268 2838 in
1289 2802 1492 2838 ministros
1513 2800 1696 2836 Ecclesiae
1723 2799 1786 2837 de-

175 2848 324 2882 rivatur
339 2873 349 2891 ‚
369 2845 591 2892 spirituales
609 2852 739 2884 autem
760 2847 923 2885 effectus
943 2849 983 2884 in
1005 2857 1079 2886 nos
1103 2858 1127 2886 a
1156 2848 1309 2887 Christo
1339 2847 1498 2886 derivati
1518 2846 1592 2884 sub
1620 2846 1787 2894 quibus-

1889 1755 1894 1759 .
1885 1604 1894 1734 λι.--..,.Α
