1894 3223
147 155 249 190 xxtv
480 154 616 189 BERN.
641 152 800 187 MARIAE
827 151 886 185 DE
911 150 1078 186 RUBEIS
1104 151 1422 187 DISSERTATIO.

149 253 190 293 in
232 253 377 293 ordine
424 251 604 290 naturali
652 254 693 289 et
729 249 773 286 in
807 249 952 288 ordine
999 250 1201 300 superiori
1243 249 1384 302 gratiae
1429 251 1756 300 componendos.

200 319 264 356 An
281 320 528 368 argumenta
549 317 700 365 praesto
722 312 880 350 fuerint
900 324 993 363 quae
1014 315 1149 353 Deum
1178 314 1269 353 haec
1290 315 1467 354 voluisse
1489 315 1629 354 omnia
1650 327 1761 354 reve-

147 381 233 420 lare
254 381 458 419 suadeant
489 376 683 428 prudenti
718 376 976 427 cordatoque
1018 378 1205 427 cuique?
1224 379 1410 417 Plurima
1446 384 1610 418 suntac
1640 380 1760 418 lucu-

148 444 392 490 lentissima,
417 453 510 492 quae
531 440 590 479 rei
611 439 796 479 conditio
816 441 974 489 patitur
996 453 1005 480 ε
1029 441 1181 491 quibus
1201 454 1353 492 nempe
1373 444 1643 493 quaestiones,
1666 454 1761 493 quae

149 509 247 548 facti
269 507 447 556 alicujus
469 503 718 543 exstantiam
738 507 890 543 vocant
908 506 959 543 ad
979 517 1170 554 examen,
1192 507 1354 546 felicius
1373 519 1420 546 ac
1442 508 1615 546 solidius
1637 519 1762 556 expe-

149 573 225 611 diri
248 582 433 621 unquam
449 572 636 619 possunt.
651 570 732 607 Pro
748 580 821 607 sua
841 568 948 607 virili
963 580 1053 608 rem
1067 570 1153 620 agit
1173 571 1485 610 accuratissime
1503 571 1543 610 S.
1564 572 1760 619 ThomaS,

149 637 282 686 capite
303 637 342 683 6,
365 634 434 673 ubi
455 646 503 673 ea
520 633 721 673 doctrinae
739 633 897 672 semina
914 634 1070 684 spargit
1089 635 1245 682 omnia,
1269 647 1362 684 quae
1380 640 1526 685 postea
1546 636 1622 673 viri
1647 635 1761 674 docti

148 700 395 747 evolventes,
428 709 476 737 ac
511 698 784 745 declarantes,
819 701 861 736 et
893 697 1210 747 amplificantes,
1245 698 1465 737 latissimas
1504 700 1764 738 adornarunt

148 764 358 815 apologias
379 763 597 802 adversum
614 762 764 810 impios
784 762 933 801 divinae
954 761 1217 801 revelationis
1235 763 1513 812 revelataeque
1546 763 1763 814 religionis

146 829 301 867 hostes.

199 893 410 943 Integrum
426 891 553 930 affero
569 894 755 930 textum:
771 890 946 928 «Divina
957 889 1181 939 Sapientia,
1196 890 1247 928 ad
1263 891 1600 929 confirmandum
1613 902 1764 940 eaquae

147 956 383 996 naturalem
400 955 684 1006 cognitionem
700 955 922 1002 excedunt,
939 966 1065 1004 opera
1085 954 1299 993 visibiliter
1320 955 1502 994 ostendit
1522 966 1617 1005 quae
1632 955 1764 994 totius

146 1024 309 1060 naturae
331 1022 530 1069 superant
550 1019 811 1067 facultatem,
827 1018 1020 1057 videlicet
1035 1018 1077 1056 in
1098 1017 1480 1057 mirabilicuratione
1494 1019 1761 1070 languorum,

146 1090 387 1125 mortuorum
417 1083 676 1131 suscitatione,
700 1084 931 1122 coelestium
970 1094 1195 1132 corporum
1216 1082 1389 1121 mirabili
1413 1083 1704 1131 iminutatione;
1723 1087 1765 1123 et

148 1152 261 1202 quod
289 1153 351 1190 est
393 1148 637 1196 mirabilius,
661 1148 919 1186 humanarum
965 1147 1148 1185 mentium
1177 1147 1443 1198 inspiratione,
1467 1151 1514 1186 ut
1544 1148 1685 1187 idiotae
1724 1152 1765 1187 et

150 1215 374 1265 simplices,
397 1214 508 1252 dono
530 1212 704 1262 Spiritus
724 1212 855 1251 sancti
877 1212 1039 1261 repleti,
1063 1223 1270 1250 summam
1291 1212 1546 1261 Sapientiam
1564 1216 1605 1250 et
1625 1212 1766 1251 facun-

150 1279 262 1318 diam
283 1278 326 1316 in
345 1277 515 1317 instanti
532 1280 890 1326 consequerentur
911 1290 949 1314 ».
970 1275 1049 1314 Sed
1070 1276 1173 1314 illud
1195 1275 1554 1314 animadversione
1574 1274 1762 1326 dignissi-

149 1354 282 1388 mum,
310 1357 328 1379 «
350 1342 562 1392 praedictae
596 1340 852 1391 probationis
884 1340 1113 1379 efficaciam
1140 1352 1215 1378 non
1235 1352 1431 1378 armorum
1462 1340 1659 1386 violentia,
1679 1350 1765 1378 non

147 1406 390 1457 uoluptatum
417 1404 664 1456 permissione
677 1415 694 1453 ,·
714 1407 756 1443 et
787 1403 898 1453 quod
933 1406 993 1442 est
1022 1403 1395 1452 mirabflissimum,
1420 1405 1520 1442 inter
1545 1409 1765 1455 persecuto-

147 1483 235 1508 rum
257 1469 517 1523 tyrannidem,
541 1467 889 1507 innumerabilem
922 1467 1104 1515 turbam,
1128 1480 1213 1507 non
1233 1469 1369 1507 solum
1401 1469 1672 1518 simplicium,
1695 1469 1765 1508 sed

147 1535 275 1575 etiam
295 1534 663 1585 sapientissimorum
682 1532 893 1579 hominum,
916 1533 968 1571 ad
989 1533 1115 1571 fidem
1136 1532 1404 1571 christianam
1427 1533 1709 1572 convolavisse
1723 1549 1763 1572 ».

148 1599 255 1645 Quid
277 1602 338 1637 est
357 1610 453 1637 vero
474 1598 565 1637 haec
582 1598 683 1637 fides
705 1597 928 1636 christiana
944 1596 964 1635 ἱ)
984 1597 1057 1637 llla
1076 1607 1228 1646 nempe
1252 1611 1271 1632 «
1291 1597 1334 1634 in
1356 1609 1439 1647 qua
1458 1610 1605 1635 omnem
1633 1596 1768 1636 limna-

147 1675 237 1701 num
256 1661 488 1700 intellectum
509 1661 730 1700 excedentia
750 1661 1050 1711 praedicantur,
1066 1661 1282 1711 voluptates
1301 1662 1429 1700 carnis
1444 1662 1709 1711 cohibentur,
1724 1666 1767 1701 et

149 1727 292 1766 omnia
312 1738 407 1776 quae
427 1726 470 1764 in
491 1727 648 1765 mundo
681 1730 779 1764 sunt
799 1724 936 1763 haberi
954 1725 1189 1776 contemptui
1204 1726 1409 1765 docentur
1431 1739 1440 1764 ε
1464 1725 1599 1778 quibus
1619 1727 1766 1764 animos

147 1791 372 1832 mortalium
394 1789 577 1829 assentire
600 1793 641 1828 et
662 1789 892 1829 maximum
915 1789 1167 1828 miraculum
1189 1793 1265 1838 est,
1288 1793 1329 1829 et
1355 1790 1588 1829 manifestae
1611 1790 1760 1828 divinae

146 1855 428 1906 inspirationis
461 1866 581 1904 opuS,
606 1857 667 1901 ut,
684 1854 936 1903 contemptis
967 1852 1212 1902 visibilibus,
1228 1854 1314 1892 sola
1346 1854 1567 1893 invisibilia
1587 1854 1764 1904 cupian-

147 1925 217 1961 tur
239 1936 277 1960 ».
301 1921 491 1967 Quonam
523 1931 620 1958 vero
648 1919 773 1958 modo
801 1919 893 1958 haec
919 1918 1164 1966 acciderint,
1186 1929 1280 1967 quae
1311 1929 1435 1957 nemo
1457 1918 1766 1969 excogitasset?

151 2000 170 2023 «
188 1987 277 2025 Hoc
298 1989 439 2024 autem
459 1995 545 2024 non
555 1983 694 2031 subito,
710 1995 848 2034 neque
865 1995 970 2031 casu,
988 1984 1060 2022 sed
1080 1981 1211 2020 divina
1225 1981 1468 2034 dispositione
1487 1982 1647 2021 factum
1674 1993 1762 2022 esse

147 2051 417 2090 manifestum
449 2053 511 2089 est
548 2061 597 2088 ex
631 2049 828 2099 hocquod
863 2048 944 2087 hoc
982 2060 1025 2087 se
1057 2048 1269 2086 facturum
1289 2047 1420 2086 multis
1440 2052 1529 2085 ante
1555 2045 1768 2098 propheta·
1827 2050 1830 2051 ’

146 2127 233 2152 rum
250 2114 437 2166 praedixit
456 2113 622 2152 oraculis
641 2125 659 2162 ,·
679 2124 861 2164 quorum
882 2113 976 2152 libri
1008 2124 1134 2163 penes
1156 2124 1232 2152 nos
1259 2113 1303 2151 in
1321 2113 1590 2152 veneratione
1607 2112 1766 2151 haben-

147 2183 231 2227 tur,
255 2182 400 2228 utpote
434 2182 592 2218 nostrae
612 2178 708 2217 fidei
742 2178 1031 2217 testimonium
1051 2177 1352 2217 adhibentes».
1375 2177 1539 2227 Inquies
1576 2177 1764 2225 fortasse,

148 2243 263 2294 signa
281 2247 322 2282 et
342 2246 537 2293 portenta
557 2243 708 2291 afferri,
729 2254 823 2292 quae
844 2242 921 2282 sub
941 2243 1086 2282 oculos
1116 2245 1281 2281 nostros
1310 2253 1396 2280 non
1428 2242 1597 2280 cadunt.
1621 2241 1767 2280 Nonne

145 2319 244 2347 vero
263 2322 282 2344 «
296 2308 388 2346 haec
409 2314 488 2346 tam
508 2307 698 2346 mirabilis
717 2308 864 2347 mundi
884 2307 1098 2347 conversio
1119 2308 1172 2347 ad
1191 2308 1317 2346 fidem
1333 2305 1601 2345 christianam
1622 2304 1768 2355 (quam

147 2372 279 2411 oculis
307 2372 774 2424 intuemur)indicium4
788 2373 1072 2414 certissimum
1101 2372 1227 2412 fuerit
1243 2370 1532 2423 praeteritorum
1551 2370 1767 2421 siynorum,

146 2439 193 2474 ut
224 2448 274 2475 ea
308 2437 481 2476 ulterius
510 2438 650 2477 iterari
678 2447 846 2477 necesse
879 2447 964 2475 non
995 2436 1065 2485 sit,
1079 2447 1178 2475 cum
1210 2436 1248 2473 in
1279 2448 1346 2473 suo
1364 2434 1500 2486 effectu
1538 2437 1768 2485 appareant

146 2500 394 2540 evidenter?
428 2502 544 2540 Esset
575 2505 718 2541 autem
747 2499 919 2540 omnibus
955 2501 1073 2553 signis
1104 2499 1337 2546 mirabilius,
1357 2500 1475 2547 si,ad
1509 2499 1766 2538 credendum

148 2568 228 2602 tam
246 2563 389 2611 ardua,
413 2566 464 2603 ad
483 2565 742 2615 operandum
765 2571 844 2605 tam
865 2565 1062 2618 difficilia,
1083 2566 1135 2606 ad
1155 2565 1409 2616 sperandum
1433 2570 1512 2602 tam
1528 2563 1626 2611 alta,
1649 2573 1768 2601 1111111-

147 2627 225 2666 dus
245 2627 386 2679 absque
419 2627 660 2666 mirabilibus
679 2629 797 2680 signis
825 2631 1023 2671 inductus
1042 2630 1188 2670 fuisset
1207 2641 1231 2668 a
1251 2627 1484 2680 simplicibus
1521 2632 1559 2665 et
1585 2625 1766 2677 z'qtzobz'li'-

147 2690 214 2730 bus
232 2691 498 2741 hominibus;
521 2693 709 2742 quamvis
727 2704 814 2733 non
834 2697 965 2733 cesset
997 2696 1124 2743 Deus,
1145 2693 1271 2733 etiam
1309 2692 1459 2732 nostris
1484 2690 1763 2740 temporibus,

146 2755 198 2794 ad
218 2756 583 2795 confirmationem
602 2756 698 2795 fidei
718 2768 790 2806 per
811 2761 979 2796 sanctos
1002 2769 1099 2796 suos
1120 2757 1324 2797 miracula
1344 2755 1507 2806 operari
1529 2769 1567 2794 υ.

199 2820 349 2859 Paucis
369 2820 545 2860 collecta
581 2820 707 2860 habes
727 2825 973 2872 argumenta
994 2822 1151 2867 onmia,
1173 2833 1268 2873 quae
1288 2820 1439 2859 adduci
1459 2831 1646 2870 unquam
1670 2831 1763 2869 pos-

146 2883 243 2935 sint,
266 2895 315 2926 ae
331 2884 510 2927 debeant
526 2885 578 2926 ad
597 2885 706 2926 hanc
720 2886 820 2926 facti
834 2887 1112 2937 quaestionem
1130 2885 1408 2927 dirimendam
1426 2885 1559 2924 :Num
1582 2895 1624 2924 se
1639 2885 1766 2931 Deus,
