1894 3223
127 124 198 160 570
726 120 814 156 ΗΒ.
841 119 900 163 IV,
929 118 1030 155 CAP.
1055 118 1155 156 XLV.

778 262 946 302 CAPUT
973 262 1090 302 XLV.

480 377 580 411 QUOD
608 377 801 406 CHRISTUM
827 377 967 406 DEGUIT
996 377 1109 406 NASGl
1139 377 1192 406 EX
1218 377 1391 408 VIRGINE.

171 483 244 520 Per
264 480 339 518 hoc
359 482 489 517 autem
505 482 610 525 patet
627 477 733 525 quod
754 485 918 513 necesse
938 476 1009 513 fuit
1024 475 1227 513 hominem
1247 476 1360 514 illum
1382 486 1430 514 ex
1448 477 1599 523 virgine
1618 481 1744 515 matre

126 528 252 569 nasci,
275 527 424 574 absque
444 525 614 563 naturali
638 524 805 562 semine.

171 576 314 612 Semen
334 573 438 610 enim
457 572 529 610 viri
550 572 765 619 requiritur
785 570 826 606 in
841 569 1094 617 generatione
1114 570 1290 607 humana
1304 572 1492 616 tanquam
1508 571 1747 617 principium

129 622 314 665 activum,
336 623 495 666 propter
512 619 696 656 virtutem
724 617 891 655 activam
909 625 996 662 quae
1021 616 1063 653 in
1094 616 1181 662 ipso
1214 619 1287 653 est.
1314 616 1388 653 Sed
1414 616 1538 654 virtus
1560 618 1686 656 activa
1706 619 1748 655 in

127 668 382 715 generatione
402 666 581 713 corporis
602 665 746 703 Christi
771 673 849 700 non
881 664 1009 709 potuit
1029 672 1118 700 esse
1155 663 1360 708 naturalis,
1390 664 1616 701 >secundum
1648 673 1746 710 prae-

126 716 243 760 dicta,
266 714 358 760 quia
378 714 502 750 virtus
524 712 715 750 naturalis
745 720 825 748 non
847 710 979 748 subito
999 709 1150 756 perficit
1175 713 1297 747 totam
1330 710 1509 756 corporis
1544 711 1746 749 formatio-

127 771 233 806 nem,
256 761 326 798 scd
347 760 394 798 ad
419 761 494 797 hoc
514 759 665 806 indiget
681 762 882 803 tempore:
907 766 1051 803 corpus
1079 760 1210 794 autem
1229 757 1388 803 Christi,
1409 757 1450 794 in
1486 757 1574 802 ipso
1610 758 1748 803 princi·

125 809 191 855 pio
223 818 303 845 suae
333 806 618 853 conceptionis,
653 805 727 843 suit
759 805 971 842 formatum
997 808 1035 840 et
1065 804 1350 850 organizatum‚
1384 808 1425 841 ut
1459 808 1668 842 ostensum
1688 808 1750 843 est

127 855 176 901 (c.
198 855 272 938 414.)
294 855 545 901 Relinquitur
562 854 685 901 igitur
713 851 819 900 quod
848 850 1050 900 generatio
1071 851 1213 889 Christi
1235 851 1409 889 humana
1427 850 1498 888 fuit
1515 851 1666 899 absque
1683 860 1750 890 na-

126 906 214 940 tura
234 902 244 938 i
270 901 436 938 semine.

171 951 272 993 Item,
297 957 432 985 semen
468 947 589 984 maris
621 947 663 983 in
695 945 949 993 generatione
974 945 1168 998 *animalis
1190 945 1476 997 cujuscumque
1497 945 1615 998 trahit
1635 945 1683 982 ad
1704 954 1749 998 se

125 996 328 1033 materiam
353 1004 470 1042 quam
491 997 617 1030 mater
636 993 847 1033 ministrat,
868 1002 982 1039 quasi
1003 993 1128 1029 virtus
1159 1001 1246 1039 quae
1273 996 1334 1029 est
1368 1001 1410 1029 in
1441 1001 1593 1029 semine
1625 1001 1749 1030 maris

127 1042 306 1081 intendat
326 1042 388 1079 sui
409 1041 539 1087 ipsius
556 1041 889 1086 complementum
905 1043 947 1076 ut
965 1039 1083 1076 finem
1107 1040 1230 1077 totius
1249 1039 1518 1087 generationis
1537 1051 1545 1084 ;
1569 1039 1688 1083 unde,
1710 1042 1749 1077 et

126 1090 321 1136 completa
341 1088 611 1133 generatione,
631 1087 760 1133 ipsum
783 1095 917 1124 semen
941 1086 1191 1123 immutatum
1213 1089 1251 1123 et
1270 1086 1509 1132 comptetum
1531 1089 1591 1123 est
1612 1086 1746 1132 proles

127 1146 213 1183 quae
234 1136 422 1172 nascitur.
445 1135 533 1180 Sed,
553 1134 594 1171 in
615 1134 870 1181 generatione
904 1134 1078 1170 humana
1098 1133 1256 1179 Christi,
1286 1133 1361 1170 fuit
1389 1133 1554 1170 ultimus
1587 1142 1748 1180 genera-

126 1183 248 1220 tionis
269 1182 461 1219 terminus
482 1181 577 1218 unio
602 1181 652 1218 ad
681 1190 894 1227 personam
930 1180 1117 1224 divinam,
1154 1189 1234 1217 non
1271 1182 1401 1218 autem
1421 1180 1553 1227 aliqua
1571 1188 1745 1226 persona

129 1238 200 1268 seu
221 1229 449 1276 hypostasis
466 1228 640 1265 humana
660 1227 953 1271 constituenda,
969 1231 1010 1263 ut
1032 1237 1078 1263 ex
1101 1227 1216 1264 dictis
1232 1226 1280 1273 (c.
1303 1227 1363 1274 41)
1384 1230 1500 1272 patet.
1520 1228 1606 1263 Non
1624 1226 1747 1274 igitur

127 1276 168 1314 in
185 1277 258 1313 hac
275 1275 530 1323 generatione
559 1274 688 1320 potuit
711 1283 801 1312 esse
832 1274 1003 1311 activum
1029 1273 1269 1319 principium
1295 1282 1431 1310 semen
1452 1273 1537 1317 viri,
1557 1273 1628 1311 sed
1659 1273 1747 1311 sola

124 1323 252 1360 virtus
275 1322 416 1366 divina,
439 1324 481 1358 ut
501 1321 604 1359 sicut
624 1330 760 1358 semen
791 1321 862 1357 viri
883 1321 922 1357 in
959 1321 1214 1368 generatione
1243 1320 1445 1357 communi
1467 1320 1676 1358 hominum
1703 1320 1746 1358 in

125 1379 240 1407 suam
291 1368 554 1406 substantiam
601 1368 721 1405 trahit
757 1368 962 1404 materiam
1001 1377 1024 1406 a
1055 1370 1178 1404 matre
1218 1367 1482 1405 ministratam
1500 1395 1508 1411 ‚
1548 1368 1603 1404 ita
1639 1376 1745 1405 eam-

127 1416 215 1454 dem
252 1416 456 1453 materiam
487 1415 528 1451 in
561 1415 815 1461 generatione
847 1414 990 1452 Christi
1020 1414 1189 1451 Verbum
1221 1414 1288 1451 Dei
1323 1414 1371 1450 ad
1410 1422 1521 1452 suam
1555 1414 1745 1453 unionem

127 1463 358 1508 assumpsit.

171 1509 356 1546 Similiter
377 1512 508 1546 autem
529 1508 785 1546 manifestum
802 1511 863 1552 est
883 1507 986 1554 quod
1003 1507 1244 1545 conveniens
1266 1510 1348 1544 erat
1365 1507 1463 1545 utin
1482 1507 1569 1553 ipsa
1584 1517 1746 1555 genera-

123 1556 232 1593 tione
251 1556 425 1593 humana
441 1555 554 1592 Verbi
580 1555 645 1591 Dei
677 1555 810 1602 aliqua
841 1555 1062 1600 proprietas
1091 1554 1310 1601 spiritualis
1331 1555 1603 1602 generationis
1625 1555 1742 1593 Verbi

123 1604 329 1641 reluceret.
354 1602 521 1639 Verbum
542 1605 688 1647 autem,
711 1602 929 1639 secundum
957 1602 1063 1649 quod
1084 1612 1106 1639 a
1125 1602 1278 1639 dicente
1295 1602 1558 1648 progreditur,
1577 1602 1661 1640 sive
1683 1602 1744 1639 in-

124 1651 249 1687 terius
270 1653 504 1695 conceptum
526 1649 608 1686 sive
621 1649 793 1686 exterius
813 1650 1024 1695 prolatum,
1041 1649 1336 1695 corruptionem
1351 1649 1496 1686 dicenti
1515 1658 1595 1686 non
1612 1648 1742 1695 affert,

123 1697 193 1734 sed
215 1697 343 1744 magis
363 1696 618 1742 perfectionis
640 1695 844 1742 plenitudo
865 1705 935 1741 per
954 1695 1117 1734 verbum
1144 1695 1359 1733 attenditur
1380 1696 1421 1732 in
1451 1695 1618 1733 dicente.
1643 1697 1743 1734 Con·

122 1744 288 1781 veniens
309 1744 430 1789 igitur
449 1743 521 1781 fuit
541 1747 583 1780 ut
603 1743 661 1780 sic
679 1743 849 1780 Verbum
867 1743 934 1780 Dei
954 1743 1174 1780 secundum
1208 1742 1422 1781 humanam
1444 1743 1743 1791 generationem

123 1791 399 1836 conciperetur
419 1794 457 1827 et
471 1794 700 1827 nasceretur
720 1794 762 1827 ut
775 1790 913 1827 matris
930 1790 1137 1837 integritas
1159 1798 1240 1828 non
1260 1794 1591 1837 corrumperetur.
1613 1791 1743 1835 Quum

124 1837 200 1875 hoc
219 1838 336 1874 etiam
354 1837 609 1874 manifestum
629 1840 689 1874 est
709 1837 814 1884 quod
833 1837 1001 1874 Verbum
1031 1838 1114 1882 Dei,
1136 1846 1215 1884 quo
1246 1837 1381 1874 omnia
1413 1837 1628 1875 constituta
1649 1840 1743 1874 sunt

123 1887 162 1922 et
183 1893 261 1931 quo
281 1884 417 1920 omnia
436 1884 476 1921 in
499 1893 571 1920 sua
590 1883 812 1931 integritate
833 1887 1132 1929 conservantur,
1155 1884 1213 1921 sic
1234 1884 1344 1921 nasci
1365 1884 1496 1921 decuit
1516 1887 1641 1930 utper
1656 1893 1740 1922 om·

123 1930 190 1967 nia
210 1931 347 1967 matris
369 1930 634 1977 integritatem
656 1934 842 1975 servaret,
861 1931 1103 1968 conveniens
1138 1931 1260 1978 igitur
1284 1931 1358 1968 fuit
1387 1931 1489 1968 hanc
1515 1931 1740 1978 generatio·

123 1987 212 2014 nem
236 1977 362 2014 fuisse
383 1987 431 2014 ex
450 1977 614 2024 virgine.

171 2026 302 2070 Neque
324 2028 456 2060 tamen
473 2023 538 2060 hic
555 2023 823 2070 generationis
835 2024 977 2061 modus
989 2033 1089 2062 verae
1105 2027 1142 2061 et
1161 2024 1330 2062 naturali
1346 2024 1581 2062 humanitati
1597 2025 1740 2063 Christi

123 2070 303 2117 derogat,
339 2070 431 2107 licet
462 2070 575 2107 aliter
604 2079 722 2116 quam
750 2071 817 2107 alii
842 2071 1025 2108 homines
1057 2076 1269 2118 generatus
1300 2071 1365 2110 sit.
1395 2072 1647 2109 Manifestum
1679 2076 1741 2110 est

122 2117 244 2161 enim,
268 2126 389 2164 quum
409 2116 534 2154 virtus
555 2117 688 2154 divina
704 2117 860 2154 infinita
880 2119 944 2163 sit,
967 2122 1009 2155 ut
1028 2127 1149 2164 supra
1165 2118 1206 2164 (l.
1232 2127 1260 2164 1,
1281 2128 1315 2156 c.
1336 2118 1395 2165 43)
1420 2119 1628 2164 probatum
1664 2123 1739 2164 est,

123 2168 160 2201 et
182 2174 250 2209 per
268 2173 353 2201 eam
377 2173 515 2201 omnes
536 2173 667 2201 causae
687 2164 868 2202 virtutem
894 2165 1137 2210 producendi
1166 2164 1350 2203 effectum
1382 2165 1610 2211 sortiantur,
1632 2166 1741 2213 quod

122 2211 363 2258 quicumque
380 2210 543 2248 effectus
558 2221 626 2258 per
637 2221 927 2259 quamcumque
944 2221 1105 2250 causam
1126 2212 1370 2259 producitur,
1385 2216 1516 2259 potest
1529 2222 1598 2260 per
1615 2214 1738 2251 Deum

122 2258 271 2310 absque
292 2258 402 2295 illius
422 2267 552 2296 causae
572 2258 815 2296 adminiculo
836 2259 999 2305 produci
1021 2259 1198 2306 ejusdem
1219 2260 1366 2306 speciei
1386 2263 1424 2296 et
1445 2263 1607 2297 naturae.
1630 2260 1739 2298 Sicut

124 2308 244 2352 ig1tur
264 2305 388 2342 virtus
408 2305 599 2342 naturalis
617 2315 704 2352 quae
725 2309 785 2343 est
804 2306 843 2342 in
864 2305 1040 2343 hnmano
1059 2307 1212 2343 semine
1232 2307 1414 2353 producit
1446 2307 1646 2344 hominem
1677 2317 1740 2345 ve-

121 2360 224 2396 rum,
243 2352 415 2398 speciem
437 2355 474 2389 et
495 2352 709 2390 humanam
730 2356 911 2390 naturam
934 2353 1157 2398 habentem,
1179 2354 1232 2390 ita
1256 2354 1380 2391 virtus
1401 2354 1545 2397 divina,
1568 2363 1654 2401 quae
1685 2359 1739 2393 ta-

121 2398 198 2435 lem
216 2399 398 2435 virtutem
420 2399 562 2436 semini
583 2399 703 2444 dedit,
719 2399 868 2446 absque
890 2400 1119 2446 huJusmodi
1134 2401 1276 2437 virtute
1295 2404 1425 2446 potest
1445 2400 1608 2438 effectus
1628 2401 1737 2441 illius

122 2445 279 2482 virtutis
299 2446 530 2492 producere,
559 2446 836 2484 constituendo
869 2456 1004 2484 verum
1038 2447 1254 2493 hominem,
1282 2449 1455 2495 speciem
1485 2451 1524 2485 et
1555 2452 1736 2488 naturam

119 2491 335 2529 humanam
357 2492 581 2530 habentem.

166 2538 205 2575 Si
225 2548 317 2576 vero
342 2539 487 2586 aliquis
508 2540 613 2578 dicat
633 2540 754 2587 quod,
783 2550 905 2588 quum
935 2541 1055 2580 homo
1087 2542 1321 2580 naturaliter
1350 2546 1562 2590 generatus
1595 2542 1739 2581 habeat

51 2625 53 2628 ,
118 2593 263 2630 corpus
287 2586 519 2624 naturaliter
537 2587 796 2625 constitutum
817 2598 864 2625 ex
882 2588 1036 2626 semine
1056 2589 1178 2626 maris
1200 2593 1237 2626 et
1267 2598 1314 2627 eo
1347 2590 1454 2636 quod
1475 2590 1621 2627 femina
1642 2590 1734 2628 sub-

118 2631 330 2685 ministrat,
350 2633 541 2680 quidquid
562 2635 613 2671 sit
634 2634 746 2679 illud,
767 2644 913 2681 corpus
934 2636 1077 2673 Christi
1091 2645 1172 2673 non
1191 2636 1265 2673 fuit
1284 2636 1462 2683 ejusdem
1476 2641 1625 2674 naturae
1643 2645 1734 2675 cum

119 2681 270 2730 nostijO,
296 2688 329 2716 si
351 2689 431 2717 non
452 2684 512 2718 est
531 2691 578 2718 ex
595 2682 717 2734 maris
738 2683 890 2719 semine
906 2686 1151 2730 generatum,
1171 2703 1217 2711 -
1237 2682 1286 2720 ad
1317 2684 1392 2721 hoc
1420 2684 1632 2721 manifesta
1650 2691 1734 2720 res-

117 2732 261 2776 ponsio
283 2730 341 2762 est
363 2727 581 2765 secundnm
605 2729 828 2766 Aristotelis
847 2730 1102 2776 positionem,
1123 2730 1293 2768 dicentis
1319 2730 1425 2777 quod
1456 2739 1591 2768 semen
1611 2730 1732 2768 maris

119 2778 199 2822 non
221 2775 340 2824 intrat
359 2775 614 2812 materialiter
633 2776 675 2812 in
696 2776 1021 2814 constitutionem
1035 2777 1230 2823 concepti,
1249 2777 1319 2815 sed
1339 2781 1400 2815 est
1415 2777 1545 2814 solum
1562 2776 1731 2815 activum

117 2825 355 2863 principium
372 2830 381 2863 ;
403 2822 563 2872 materia
582 2831 674 2860 vero
693 2823 870 2868 corporis
884 2827 966 2861 tota
986 2824 1232 2861 ministratur
1249 2834 1272 2861 a
1291 2828 1414 2861 matre
1429 2832 1439 2868 ;'
1454 2827 1492 2860 et
1515 2823 1587 2868 sic,
1607 2833 1731 2870 quan-

116 2867 197 2902 tum
219 2865 267 2903 ad
287 2869 506 2912 materiam,
525 2877 669 2915 corpus
690 2870 831 2908 Christi
850 2880 931 2908 uon
946 2870 1111 2909 differta
1130 2879 1295 2918 corpore
1315 2873 1453 2909 nostro
1471 2881 1479 2916 ;
1501 2878 1592 2908 nani
1612 2871 1731 2910 etiarn

1850 2770 1894 3223 j
