1894 3223
699 131 786 167 LIB.
813 131 878 175 111,
907 131 1006 168 CAP.
1037 130 1179 166 cxxlx.
1676 131 1744 166 433

118 214 302 268 dispositi
324 216 368 250 ut
388 222 434 250 ex
456 211 601 258 seipsis
619 215 761 258 sponte
782 211 929 249 faciant
949 212 1054 259 quod
1076 211 1139 248 lex
1155 210 1280 258 jubet.
1314 210 1483 248 Secundi
1517 210 1639 257 igitur
1665 210 1743 262 sibi

118 262 196 309 ipsi
227 263 320 299 sunt
350 260 426 303 lex,
450 259 640 296 habentes
672 259 919 301 charitatem,
941 268 1028 305 qum
1049 267 1118 295 eos
1154 259 1241 295 loco
1264 258 1365 304 legis
1386 257 1550 295 inclinat
1573 261 1610 293 ct
1646 257 1744 294 libe-

119 309 254 346 raliter
273 307 426 353 operari
450 306 554 342 facit.
570 307 645 342 Lex
664 305 784 352 igitur
798 307 968 342 exterior
984 315 1063 343 non
1086 305 1158 342 suit
1179 305 1449 342 necessarium
1467 303 1570 351 quod
1587 308 1747 350 propter

120 364 190 394 eos
208 357 434 400 poneretur,
466 352 535 389 sed
557 356 715 398 propter
729 351 821 389 illos
837 353 903 399 qui
921 362 967 389 ex
985 353 1130 398 scipsis
1146 360 1225 388 non
1245 352 1487 388 inclinantur
1507 351 1555 388 ab
1571 350 1747 396 bonum;

120 402 225 440 unde
246 400 390 438 dicitur
415 401 486 436 Lex
509 399 610 444 justo
628 409 700 435 non
720 402 771 435 est
798 401 932 444 posita,
954 400 1017 435 sed
1036 399 1186 444 injustis
1208 399 1241 444 (Ι
1260 400 1365 440 Tim..
1388 407 1417 444 1,
1444 398 1501 444 9);
1528 397 1633 445 quod
1666 405 1746 435 non

120 452 180 486 oet
208 447 266 484 sic
287 446 588 499 intelligendum
611 445 725 493 quasi
744 445 840 492 J'usti
868 455 947 483 non
968 449 1177 483 teneantur
1194 445 1242 482 ad
1263 445 1390 492 legem
1426 444 1683 491 implendam,
1702 446 1745 481 ut

150 494 279 531 uidam
303 494 404 530 male
425 493 717 538 intellexerunt,
731 492 801 530 scd
816 493 909 541 quia
930 493 995 530 isti
1017 492 1260 530 inclinantur
1272 501 1318 529 cx
1333 492 1479 539 seipsis
1490 491 1746 539 adjustitiam

139 541 361 585 aciendam,
382 540 502 577 etiam
525 541 612 577 sine
633 540 735 588 lege.

752 661 921 705 CAPUT
962 663 1134 704 CXXIX.

215 771 316 805 QUOD
343 772 382 800 IN
407 770 582 801 nUMANIS
606 770 769 801 ACTIBUS
795 770 893 800 SUNT
916 771 1062 805 ALIQUA
1083 770 1207 799 ItEc'rA
1233 769 1438 800 SECUNDUM
1459 769 1661 808 NATURAM,

565 822 614 852 ΕΤ
638 823 716 853 NON
741 823 864 854 SOLUM
890 823 1007 858 QUASI
1033 824 1131 853 LEGE
1154 822 1307 852 POSITA-

174 916 227 953 Ex
258 913 477 962 praemissis
507 919 637 952 autem
669 919 830 961 apparet
862 915 966 962 quod
993 924 1040 952 ca
1062 923 1149 961 ‹111ae
1179 914 1313 951 divina
1332 914 1420 961 lege
1447 915 1744 962 praecipiuntur,

125 963 403 1048 gectitudinem
434 961 593 1007 liabent,
612 970 693 1000 non
714 964 845 1000 solum
867 963 961 1009 quia
986 967 1078 999 sunt
1100 962 1187 1009 lege
1208 962 1353 1008 posita,
1373 963 1442 1001 sed
1463 963 1581 1000 etiam
1603 972 1746 1000 secun·

156 1018 220 1048 um
241 1013 437 1046 naturam.

174 1057 226 1093 Ex
259 1056 465 1102 proeceptis
496 1056 602 1094 enim
625 1054 726 1103 legis
747 1055 890 1094 divinae
921 1064 1035 1093 mens
1056 1055 1233 1093 hominis
1253 1054 1462 1094 ordinatur
1481 1055 1556 1094 sub
1596 1058 1691 1102 Deo,
1713 1060 1752 1094 et

125 1103 264 1142 omnia
295 1102 373 1140 alia
404 1111 491 1149 quae
511 1107 605 1140 sunt
624 1103 665 1139 in
688 1103 862 1145 homine,
885 1103 960 1140 suh
981 1102 1146 1140 ratione.
1170 1104 1251 1140 Hoc
1283 1106 1415 1139 autem
1437 1103 1631 1141 naturalis
1652 1103 1750 1141 ordo

125 1149 292 1197 requirit
323 1150 429 1196 quod
449 1149 638 1187 inferiora
659 1149 933 1195 superioribus
953 1149 1186 1187 subdantur.
1209 1150 1309 1187 Sunt
1340 1149 1461 1196 igitur
1489 1158 1535 1186 ea
1554 1159 1642 1197 quae
1662 1150 1752 1197 lege

126 1196 260 1235 divina
277 1196 574 1242 praecipiuntur,
596 1196 816 1234 secundum
836 1205 879 1233 se
897 1196 1130 1233 naturaliter
1150 1200 1268 1233 recta.

178 1244 366 1281 Homines
380 1253 426 1280 ex
441 1243 574 1280 divina
584 1242 833 1290 providentia
847 1243 1068 1281 sortiuntur
1081 1242 1551 1290 naturalejudicatorium
1567 1243 1751 1290 rationis,

127 1294 171 1329 ut
189 1291 412 1336 principum
434 1290 682 1337 propriarum
704 1291 993 1337 operationum.
1026 1290 1227 1328 Naturalia
1246 1294 1377 1328 autem
1398 1290 1595 1337 principia
1626 1291 1674 1329 ad
1705 1301 1753 1330 ea

128 1337 365 1376 ordinantur
386 1346 474 1385 quae
494 1341 588 1375 sunt
616 1337 860 1375 naturaliter.
885 1338 984 1375 Sunt
1012 1337 1134 1384 igitur
1153 1337 1296 1385 aliquae
1318 1337 1571 1383 operationes
1591 1342 1752 1377 natura·

127 1384 218 1422 liter
237 1384 399 1468 'hlomini
433 1384 730 1437 convenientes,
751 1393 840 1432 quae
873 1388 968 1422 sunt
998 1384 1218 1422 secundum
1239 1394 1283 1422 se
1303 1387 1435 1430 rectae,
1457 1387 1496 1421 et
1515 1393 1597 1422 non
1618 1385 1751 1423 solum

158 1440 244 1469 uasi
283 1441 353 1478 ege
375 1435 530 1478 positae.

130 1441 154 1480 q
177 1480 368 1523 Praeterea,
387 1486 728 1526 quorumcumque
749 1480 810 1516 est
837 1480 979 1516 natura
1005 1477 1277 1521 determinata„
1310 1481 1465 1524 oportet
1492 1486 1584 1517 esse
1615 1487 1753 1526 opera·

129 1525 262 1563 tiones
283 1525 564 1563 determinatas
584 1534 672 1572 quae
692 1525 750 1562 illi
772 1528 922 1562 naturae
954 1525 1218 1562 conveniant:
1252 1525 1414 1572 propria
1444 1525 1550 1563 enim
1571 1527 1750 1572 operatio

130 1572 463 1619 uniuscujusque,
486 1575 666 1609 naturam
688 1571 817 1618 ipsius
848 1572 1041 1618 sequitur.
1063 1572 1225 1609 Constat
1247 1575 1378 1610 autem
1411 1572 1618 1610 hominum
1640 1577 1751 1612 natu-

130 1628 214 1657 ram
234 1628 323 1656 esse
337 1619 651 1656 determinatam.
668 1619 827 1666 Oportet
847 1619 969 1666 igitur
985 1627 1075 1657 csse
1092 1619 1248 1666 aliquas
1263 1618 1514 1665 operationes
1527 1620 1748 1658 secundum

131 1674 174 1705 se
197 1666 349 1703 homini
371 1667 669 1704 convenientes.

178 1713 321 1753 Adhuc,
348 1714 584 1760 cuicumque
611 1716 672 1750 est
692 1712 852 1760 'aliquid
884 1713 1077 1758 naturale,
1098 1716 1253 1759 oportet
1280 1722 1369 1750 esse
1391 1714 1571 1751 naturale
1591 1713 1630 1751 id
1663 1714 1750 1752 sine

130 1768 211 1808 quo
231 1759 329 1801 illud
351 1760 487 1797 haberi
506 1769 587 1797 nou
616 1763 774 1806 potcst;
807 1763 947 1797 natura
965 1760 1070 1797 enim
1093 1769 1172 1796 non
1192 1759 1324 1797 deficit
1344 1760 1384 1796 in
1406 1761 1660 1799 necessariis.
1684 1763 1751 1799 Est

131 1809 261 1844 autem
283 1806 435 1844 homini
460 1806 641 1844 naturale
663 1807 769 1854 quod
791 1807 840 1843 sit
863 1807 1010 1844 animal
1031 1807 1193 1844 sociale.
1217 1807 1329 1851 Quod
1360 1816 1409 1844 ex
1432 1807 1508 1844 hoc
1528 1808 1752 1846 ostenditur

131 1853 227 1902 quia
246 1861 352 1891 unus
383 1853 505 1891 homo
537 1853 650 1891 solus
670 1862 751 1891 non
782 1852 931 1891 sufficit
962 1853 1010 1891 ad
1042 1854 1179 1891 omnia
1206 1863 1295 1900 quae
1323 1857 1418 1891 sunt
1449 1854 1633 1892 humanae
1661 1855 1752 1893 vitae

130 1900 372 1939 necessaria.
392 1902 444 1938 Ea
463 1900 586 1948 igitur
605 1900 692 1938 sine
709 1900 854 1948 quibus
873 1900 1045 1938 societas
1067 1901 1240 1938 humana
1256 1901 1482 1938 conservari
1504 1910 1585 1938 non
1621 1905 1753 1948 potest

132 1951 227 1987 sunt
251 1947 404 1985 homini
425 1947 658 1985 naturaliter
682 1947 973 1985 convenientia.
999 1946 1230 1994 Hujusmodi
1254 1951 1384 1985 autem
1408 1951 1514 1992 sunt,
1535 1948 1753 1997 unicuique

131 1994 238 2043 quod
258 2003 374 2033 suum
398 1998 458 2033 est
474 2003 724 2039 conservare,
745 1998 783 2032 et
801 1995 849 2032 ab
870 1994 1028 2041 injuriis
1057 1994 1270 2032 abstinere.
1291 1995 1389 2033 Sunt
1407 1995 1529 2042 igitur
1547 1995 1681 2043 aliqua
1710 1997 1754 2034 in

133 2042 323 2080 humanis
346 2042 502 2080 actibus
519 2041 752 2079 naturaliter
771 2045 891 2080 recta.

180 2089 364 2135 Amplius,
387 2097 508 2135 supra
533 2092 741 2126 ostensum
763 2092 824 2127 est
854 2088 960 2136 quod
987 2087 1109 2127 homo
1131 2087 1363 2127 naturaliter
1393 2087 1470 2127 hoc
1498 2089 1618 2128 habet
1644 2090 1753 2138 quod

135 2137 270 2174 utatur
286 2135 406 2173 rebus
439 2135 697 2188 inferioribus
729 2135 778 2173 ad
810 2144 894 2173 suae
920 2136 1010 2173 vitae
1036 2136 1329 2174 necessitatem.
1358 2137 1426 2174 Est
1458 2140 1589 2174 autem
1620 2138 1754 2185 aliqua

138 2190 329 2220 mensura
342 2182 602 2219 determinata
621 2182 841 2221 secundum
862 2191 979 2229 quam
1001 2191 1101 2220 usus
1116 2183 1392 2230 praedictarum
1414 2192 1544 2221 rerum
1568 2184 1751 2222 humanae

133 2229 223 2266 vitae
241 2231 302 2266 est
321 2228 564 2266 conveniens
584 2240 595 2274 3
615 2238 703 2276 quae
721 2229 880 2276 quidem
902 2238 1089 2266 mensura
1115 2230 1149 2267 si
1180 2230 1514 2277 praetermittatur,
1534 2230 1577 2267 fit
1597 2231 1751 2269 homini
1803 2253 1806 2255 -

140 2275 342 2320 nocivum,
365 2275 467 2313 sicut
486 2280 647 2323 apparet
666 2275 706 2313 in
729 2277 956 2322 sumptione
973 2276 1198 2314 inordinata
1218 2277 1525 2314 ciborum.Sunt
1545 2277 1667 2322 igitur
1686 2278 1754 2315 ali-

136 2323 204 2375 qui
225 2326 337 2360 actus
363 2322 528 2360 humani
548 2322 781 2360 naturaliter
797 2323 1096 2368 convenientes,
1116 2327 1155 2361 et
1171 2323 1294 2371 aliqui
1315 2323 1547 2361 naturaliter
1565 2324 1753 2362 inconve-

136 2373 306 2407 mentes.

183 2417 282 2457 Item,
306 2416 526 2454 secundum
547 2416 765 2455 naturalem
786 2417 967 2456 ordinem
1000 2426 1146 2464 corpus
1177 2416 1354 2455 hominis
1386 2421 1447 2454 est
1478 2420 1637 2464 propter
1668 2417 1754 2456 ani·

135 2472 256 2508 mam,
278 2467 314 2501 et
332 2463 543 2501 inferiores
571 2464 676 2502 vires
705 2464 848 2502 animae
881 2468 1041 2511 propter
1069 2464 1277 2509 rationem,
1299 2464 1403 2501 sicut
1436 2465 1554 2501 etiarn
1586 2464 1628 2501 in
1661 2466 1753 2504 aliis

136 2510 256 2549 rebus
276 2511 442 2548 materia
468 2514 528 2548 est
553 2514 712 2557 propter
740 2511 922 2556 sormam,
943 2515 983 2548 et
1009 2511 1275 2548 instrumenta
1304 2514 1464 2556 propter
1492 2511 1755 2558 principalem

136 2561 333 2605 agentem.
353 2559 406 2594 Ex
427 2566 474 2595 eo
495 2561 624 2595 autem
645 2557 751 2642 cluod
769 2561 830 2595 est
848 2557 1017 2610 adalind
1038 2557 1278 2609 ordinatum,
1302 2557 1465 2609 debetur
1489 2558 1526 2594 ei
1558 2559 1753 2597 auxilium

136 2605 360 2652 provenire,
378 2613 458 2642 non
480 2608 613 2641 autem
633 2614 655 2641 a
674 2604 792 2651 iquod
808 2604 1149 2650 impedimentum.
1175 2606 1242 2641 Est
1264 2607 1386 2651 igitur
1404 2604 1583 2642 naturale
1602 2609 1754 2644 rectum

137 2651 244 2699 quod
265 2652 323 2689 sic
343 2655 576 2698 procuretur
598 2651 646 2689 ab
682 2651 844 2688 homine
863 2660 1009 2698 corpus
1047 2655 1085 2688 et
1101 2651 1311 2688 inferiores
1342 2651 1448 2689 vires
1467 2652 1610 2690 animae
1640 2656 1684 2689 ut
1705 2662 1755 2691 ex

136 2698 214 2736 hoc
234 2701 272 2736 et
288 2702 401 2736 actus
422 2699 589 2744 rationis
611 2701 650 2735 et
679 2697 829 2736 bonum
850 2698 977 2744 ipsius
997 2697 1162 2735 minime
1181 2697 1432 2745 impediatur,
1460 2699 1589 2745 magis
1620 2704 1753 2738 autem

134 2745 304 2792 juvetur.
327 2745 367 2783 Si
385 2749 516 2783 autem
539 2754 656 2783 secus
677 2744 885 2789 accideret,
906 2745 981 2782 erit
1012 2744 1244 2782 naturaliter
1268 2749 1488 2791 peccatum.
1517 2746 1753 2784 Vinolentiae

137 2792 261 2838 igitur
275 2795 314 2829 et
333 2793 663 2837 comessationes,
684 2795 722 2829 et
740 2791 992 2830 inordinatus
1008 2800 1266 2829 venereorum
1288 2801 1402 2838 usus,
1421 2801 1492 2838 per
1518 2802 1606 2839 quae
1641 2796 1752 2830 actus

138 2838 306 2890 rationis
327 2839 539 2885 impeditur
558 2843 596 2876 et
615 2838 799 2876 subditur
816 2838 1088 2891 passionibus,
1109 2847 1197 2886 quae
1223 2838 1391 2877 liberum
1416 2839 1610 2886 judicium
1634 2839 1754 2877 ratio-0

140 2892 204 2921 nis
222 2894 311 2923 esse
331 2895 413 2923 non
433 2887 584 2928 sinunt,
607 2889 702 2924 sunt
721 2885 954 2923 naturaliter
977 2885 1094 2923 mala.
