1894 3223
727 205 816 241 LlB.
849 206 876 246 Ι,
902 205 1003 242 CAP.
1030 204 1181 240 XLVIII.
1714 209 1759 243 53

193 288 340 332 Adhuc,
361 296 425 325 res
445 286 662 324 materialis
682 285 944 329 intelligibilis
964 284 1106 321 el'tieitu
1117 295 1132 321 r
1155 295 1224 331 per
1245 285 1332 329 hoc,
1353 285 1458 332 quod
1489 295 1511 322 a
1531 287 1698 324 materia
1720 294 1757 325 et

149 344 174 374 a
192 334 462 372 materialibus
490 333 786 370 conditionibus
805 337 1021 377 sepiuntur.
1046 332 1155 375 Quod
1183 341 1276 377 ergo
1296 337 1355 368 est
1382 342 1450 377 per
1483 333 1543 369 sui
1576 338 1755 371 naturam

149 382 198 421 ab
218 382 325 418 omni
347 381 511 418 materia
531 384 567 417 et
588 379 774 417 omnibus
795 380 1090 415 conilitionilins
1122 379 1391 415 materialibus
1413 384 1653 424 separatum,
1676 382 1750 418 lioc

148 433 210 468 est
223 428 471 475 intelligibile
492 427 708 465 secundum
726 436 836 463 suani
861 431 1052 462 nnlinuin.
1071 427 1142 462 soil
1167 426 1544 472 oinneintelligibile
1566 427 1756 475 intelligi-

146 479 213 515 tur
249 475 467 513 secundum
500 475 604 521 quod
629 478 686 510 est
717 482 835 509 unuin
872 477 958 508 aetii
981 482 1068 509 enin
1094 473 1349 518 intelligente.
1374 475 1459 518 lpse
1486 478 1615 520 autem
1654 476 1757 511 Deus

148 522 377 570 intelligens
397 526 469 562 est,
487 527 527 558 ut
547 522 751 568 probatum
774 525 833 556 est
856 530 952 565 μςειρ.
972 521 1043 564 44).
1068 521 1188 563 Igitur
1205 530 1293 556 cuin
1311 521 1363 556 sit
1379 520 1649 557 immaterialis
1674 531 1758 558 om-

148 571 260 611 nino,
276 574 316 607 et
329 569 405 607 sibi
428 569 502 615 ipsi
527 569 693 605 inaxime
716 568 766 604 sit
790 576 925 606 unuin.
949 567 1114 603 inaxiine
1138 576 1230 612 ergo
1253 568 1427 612 seipsum
1451 568 1648 614 intelligit.

195 619 296 662 item,
318 626 366 654 ex
386 616 462 653 hoc
486 616 633 662 aliquid
657 619 744 652 actu
774 614 1020 657 intelligitur,
1043 614 1145 660 quod
1185 615 1408 650 intellectus
1431 615 1469 650 in
1509 619 1610 657 actu,
1633 618 1668 651 et
1704 615 1761 652 in—

148 664 351 702 tellectum
376 663 417 700 in
430 666 519 700 actu
542 672 662 699 unuin
687 666 791 699 sunl.
815 662 976 697 Divinus
999 665 1127 697 autem
1150 661 1373 702 intellectus,
1396 666 1455 697 est
1470 671 1626 707 semper
1646 662 1762 699 intel-

147 711 280 759 ligens
303 711 343 747 in
373 715 474 747 actu.
495 710 599 746 Nihil
623 710 726 745 enim
745 709 860 745 estin
884 708 1055 753 potentia
1077 712 1113 743 et
1134 707 1403 752 impet-tectum
1434 709 1472 744 in
1510 711 1600 745 Deo.
1625 711 1762 746 Essen-

147 758 205 796 tia
234 762 364 795 autem
387 758 452 794 Dei
478 757 695 794 secundnm
736 756 905 801 seipsam
929 756 1096 800 perfecte
1125 754 1387 799 intelligibilis
1419 760 1491 797 est,
1513 760 1550 792 ut
1573 766 1617 792 ex
1644 757 1761 794 dictis

148 809 255 853 patet
291 805 389 853 (cap.
411 804 485 851 44).
506 805 599 841 Cum
637 804 757 849 igitur
796 802 1019 838 intellectus
1059 801 1216 837 divinus
1253 805 1289 836 el
1327 803 1500 838 essentia
1521 803 1651 840 divina
1681 805 1763 840 sint

148 861 287 896 unum,
326 856 368 889 ut
405 861 451 888 ex
487 851 720 896 dietis(c.ap.
746 850 819 894 46).
851 848 1108 900 manifestum
1145 852 1223 892 est,
1255 848 1488 894 relinquitur
1521 850 1625 895 quoii
1661 852 1764 887 Deus

150 900 328 946 seipsum
364 899 534 945 perfecte
573 898 781 944 intelligat.
807 898 908 932 Deus
944 903 1048 931 enim
1081 898 1142 931 cst
1169 898 1206 930 et
1235 904 1332 931 suus
1366 896 1590 933 intellectus
1618 902 1655 933 et
1690 906 1764 934 sua

152 947 340 985 essentia.

194 993 340 1036 Adhuc,
362 1001 480 1030 omne.
498 991 604 1038 quod
625 994 686 1028 est
704 991 744 1027 in
768 990 900 1037 aliquo
925 1000 990 1035 per
1015 989 1177 1025 modum
1201 989 1506 1034 intelligibilem,
1527 991 1764 1037 intelligitur

149 1040 198 1078 ab
224 1049 286 1078 eo.
309 1039 529 1077 Essentiam
558 1041 688 1075 autem
711 1038 844 1074 divina
876 1044 931 1074 est
964 1037 1004 1072 in
1038 1038 1116 1072 Deo
1150 1046 1218 1082 pei·
1253 1038 1412 1073 mollum
1455 1038 1759 1084 intelligibilem.

149 1087 245 1125 Nam
265 1096 352 1124 esse
375 1085 553 1122 naturale
582 1085 663 1128 Dei,
686 1089 723 1120 et
740 1093 828 1120 esse
850 1083 1098 1129 intelligibile
1117 1092 1236 1119 unuin
1260 1087 1296 1118 et
1317 1084 1417 1119 iden]
1435 1090 1540 1127 ¹sunt,
1559 1095 1646 1130 enm
1671 1094 1761 1121 esse

149 1142 266 1172 suum
287 1133 341 1171 sit
360 1142 477 1170 suum
501 1132 734 1178 intelligere.
765 1133 868 1168 Deus
890 1131 1010 1177 igitur
1028 1130 1214 1176 intelligit
1235 1132 1448 1167 essentiam
1473 1142 1585 1168 suain
1605 1144 1614 1177 3
1643 1132 1764 1179 igitur

147 1181 342 1228 seipsum,
357 1189 446 1217 cum
468 1180 554 1225 ipse
569 1180 620 1216 sit
642 1188 715 1216 sua
742 1179 929 1215 essentia.

195 1229 378 1274 Amplius,
394 1231 505 1264 aetus
526 1227 762 1268 intellectus,
776 1226 877 1262 sicut
888 1230 923 1261 et
934 1225 1099 1262 aliarum
1110 1225 1251 1261 anirnae
1266 1225 1526 1270 potentiarum
1543 1226 1761 1263 secundum

146 1274 302 1321 objecta
340 1274 624 1321 distinguntur.
655 1275 777 1310 Tanto
803 1273 925 1318 igitur
963 1272 1036 1308 erit
1067 1272 1276 1318 perfectior
1312 1273 1536 1308 intelli-ctus
1571 1273 1761 1318 operatio,

148 1326 297 1370 quanto
336 1322 410 1359 erit
441 1322 653 1367 perlectius
686 1320 905 1365 intelligite.
928 1320 1002 1356 Sed
1039 1320 1370 1365 pei-tectissimum
1413 1319 1663 1366 intelligibile
1702 1325 1762 1357 est

149 1369 324 1407 essentia
343 1368 490 1411 divina,
508 1378 597 1405 cuni
632 1367 684 1404 sit
720 1368 1033 1413 perlectissiinus
1062 1370 1173 1403 actus
1195 1370 1232 1402 et
1253 1367 1378 1412 prima
1398 1367 1554 1403 vei-itas.
1579 1368 1762 1413 Operatio

149 1421 280 1454 autem
301 1416 525 1453 intellectus
545 1415 665 1451 divini
685 1420 745 1450 est
769 1415 886 1450 eliam
914 1414 1178 1457 nobilissima,
1196 1423 1283 1449 curn
1308 1414 1358 1449 sit
1380 1414 1508 1459 ipsum
1543 1423 1631 1451 esse
1665 1414 1762 1451 divi-

149 1472 259 1504 num,
274 1467 316 1500 nt
338 1467 542 1500 ostensum
561 1466 620 1499 est
641 1462 739 1508 (cap.
760 1462 832 1508 45).
856 1463 958 1497 Dens
979 1461 1100 1507 igilur
1115 1461 1288 1506 seipsum
1316 1461 1511 1505 intelligit.

196 1511 342 1554 Adhuc,
364 1519 493 1547 rerum
525 1509 703 1546 omnium
724 1509 986 1554 perfectiones
1007 1508 1045 1543 in
1080 1510 1157 1544 Deo
1179 1508 1347 1543 maxime
1367 1508 1634 1544 inveniuntur.
1658 1509 1764 1545 Inter

151 1557 251 1594 alias
273 1561 404 1594 autem
425 1557 689 1603 perfectiones
708 1555 747 1591 in
768 1555 884 1591 relius
899 1556 1040 1591 creatis
1056 1555 1249 1598 inventas,
1270 1554 1441 1590 maxima
1461 1559 1521 1591 est
1541 1555 1764 1601 intelligere

151 1605 406 1647 Deum3cum
447 1606 586 1640 natura
621 1602 899 1638 intellectualis
937 1602 1026 1638 aliis
1062 1602 1326 1646 praeemineat,
1348 1602 1460 1647 cujus
1499 1602 1683 1646 perfectio
1705 1605 1766 1639 est

151 1650 389 1695 intellig-ere.
406 1650 703 1687 Nobilissimum
742 1652 870 1687 autem
906 1648 1155 1695 intelligibile
1186 1650 1288 1684 Dens
1327 1652 1399 1684 est.
1433 1648 1555 1695 igitur
1594 1649 1763 1685 maxime

153 1697 328 1738 seipsum
346 1697 544 1739 intelligit.

191 1740 271 1776 Hoc
291 1743 422 1776 autem
441 1740 573 1778 divina
588 1742 820 1776 auctoritate
837 1742 1106 1779 confirmatur.
1123 1744 1183 1780 Ait
1198 1753 1368 1792 namque
1382 1748 1611 1793 Apostolus,
1630 1750 1641 1784 1
1660 1749 1764 1786 Cor..

141 1793 185 1831 11,
209 1788 267 1830 ¹0,
289 1785 393 1833 quod
412 1786 572 1832 Spiritus
590 1787 658 1822 Dei
675 1789 860 1822 scrutatur
872 1790 981 1824 etiam
996 1791 1187 1834 profunda
1204 1794 1282 1828 Dei.
1299 1794 1328 1839 (I
1345 1798 1459 1840 part.‚
1477 1804 1512 1841 q.
1531 1803 1613 1839 xiv,
1628 1799 1699 1831 ari.
1714 1787 1765 1841 5.)

779 1938 945 1979 CAPUT
968 1938 1144 1979 XLvltt.

367 2058 466 2094 QUOD
488 2059 586 2088 DEUS
611 2058 730 2088 PRIMO
751 2058 802 2087 ET
824 2059 899 2087 PER
924 2058 969 2086 SE
996 2058 1120 2086 SOLUM
1145 2058 1306 2086 SEIPSUM
1334 2058 1550 2088 GOGNOSCIT.

200 2168 256 2208 Ex
271 2168 492 2216 praemissis
513 2170 643 2205 autem
665 2170 825 2214 apparet
843 2167 949 2214 quod
968 2169 1073 2205 Deus
1090 2168 1219 2213 primo
1239 2172 1277 2204 et
1294 2177 1363 2214 per
1382 2178 1424 2205 se
1440 2168 1571 2206 solum
1587 2169 1764 2216 seipsum

152 2216 373 2269 cognoscit.
395 2216 466 2252 illa
484 2215 589 2252 enim
607 2214 739 2252 solum
758 2224 821 2251 res
849 2219 910 2251 est
928 2215 1054 2260 prima
1076 2218 1113 2250 et
1133 2224 1201 2261 per
1219 2224 1262 2252 se
1283 2215 1331 2252 ab
1354 2215 1556 2252 intellectu
1589 2217 1763 2263 cognita,

148 2273 267 2311 eujus
288 2263 420 2309 specie
439 2262 638 2308 intelligit.
661 2262 843 2308 Operatio
861 2262 967 2298 enim
989 2264 1123 2298 formae
1145 2271 1231 2308 quae
1264 2266 1324 2299 est
1350 2263 1593 2308 operationis
1621 2263 1765 2309 prinei-

152 2311 261 2358 pium
280 2309 615 2356 proportionetur.
638 2310 711 2346 Secl
735 2309 772 2345 id
794 2318 872 2355 qno
889 2311 993 2346 Deus
1012 2309 1211 2355 intelligit,
1234 2309 1333 2345 nihil
1351 2314 1410 2346 est
1428 2310 1533 2346 aliud
1550 2320 1667 2357 quani
1690 2319 1764 2347 sua

153 2357 342 2401 essentia,
366 2360 410 2394 ut
426 2356 633 2403 probatum
664 2361 722 2393 est
746 2356 844 2402 (cap.
863 2356 938 2403 46).
961 2356 1084 2403 igitur
1103 2356 1345 2393 intellectum
1375 2356 1423 2393 ab
1455 2357 1543 2402 ipso
1571 2357 1699 2403 primo
1728 2359 1768 2393 et

153 2413 223 2452 per
240 2413 285 2442 se
299 2403 400 2441 nihil
419 2407 480 2441 est
498 2402 604 2440 aliud
623 2412 743 2450 quam
764 2404 944 2448 ipsemet.

199 2451 345 2495 Adhuc,
363 2450 613 2496 impossibile
632 2454 691 2487 est
718 2451 836 2487 simul
867 2450 992 2486 multa
1017 2450 1147 2496 primo
1179 2453 1217 2486 et
1249 2459 1318 2496 per
1349 2459 1391 2486 se
1424 2449 1659 2496 intelligere.
1684 2451 1767 2486 Una

155 2497 262 2535 enim
282 2498 458 2543 operatio
481 2506 560 2533 non
589 2501 718 2543 potest
739 2497 857 2534 simul
890 2497 1028 2533 multis
1053 2496 1270 2533 terminari.
1294 2498 1397 2533 Deus
1423 2500 1551 2533 autem
1589 2496 1767 2542 seipsum

156 2543 396 2591 quandoque
419 2543 618 2589 intelligit,
641 2547 683 2581 ut
709 2544 915 2589 probatum
941 2548 999 2580 cst
1026 2543 1125 2589 (cap.
1152 2542 1226 2588 47).
1249 2543 1287 2579 Si
1318 2543 1438 2589 igitur
1469 2543 1662 2589 intelligat
1697 2543 1767 2580 ali-

156 2591 251 2639 quid
271 2590 379 2628 aliud
394 2590 508 2637 quasi
531 2590 657 2635 primo
675 2595 713 2626 et
728 2600 796 2636 per
816 2600 858 2627 se
880 2591 1136 2634 intellectum,
1159 2593 1313 2635 oportet
1332 2590 1437 2636 quod
1459 2590 1682 2627 intellectus
1696 2591 1765 2627 Dei

154 2641 329 2675 mutetur
349 2637 397 2674 de
416 2637 736 2674 considera-tione
757 2637 818 2674 sui
839 2638 880 2673 in
901 2637 1260 2674 considerationem
1283 2635 1407 2674 illius.
1427 2637 1468 2673 Id
1493 2640 1622 2674 autem
1639 2641 1700 2674 est
1716 2646 1764 2674 eo

154 2684 390 2769 ignobiligsl.
429 2684 493 2722 Sic
525 2684 647 2731 igilur
683 2683 909 2721 intellectus
944 2683 1103 2721 divinus
1139 2687 1314 2721 mutatur
1338 2684 1380 2720 in
1412 2683 1539 2731 pejus,
1567 2684 1677 2732 quod
1707 2688 1768 2722 est

152 2740 322 2778 lmpOSSI
353 2742 366 2768 1
385 2737 419 2769 e.

203 2779 388 2825 Amplius,
411 2778 662 2824 operationes
679 2777 905 2814 intellectus
925 2777 1227 2824 distinguuntur
1244 2787 1366 2824 penes
1391 2777 1546 2825 objecta
1567 2789 1576 2814 :
1598 2778 1631 2815 si
1649 2778 1771 2824 igitur

151 2827 261 2864 ¹{Deus
279 2825 467 2873 intelligit
487 2834 543 2870 se,
566 2828 604 2862 et
626 2824 733 2862 aliud
755 2834 776 2861 a
796 2833 838 2861 se
858 2825 971 2870 quasi
989 2825 1206 2871 principale
1226 2825 1437 2871 objectum,
1460 2825 1768 2871 halieliitplures

143 2872 410 2920 -operationes
431 2872 719 2909 intellectuales
739 2880 833 2917 ergo
854 2871 915 2908 vel
935 2880 1008 2908 sua
1028 2872 1203 2909 essentia
1223 2873 1296 2908 erit
1315 2872 1357 2908 in
1389 2872 1503 2918 plura
1532 2872 1672 2916 divisa,
1707 2871 1767 2908 vel

150 2919 334 2967 aliquam
350 2919 658 2957 intellectualem
682 2919 951 2964 operationem
972 2918 1143 2962 habebit,
1165 2928 1252 2965 quae
1273 2927 1354 2956 non
1371 2923 1431 2956 est
1445 2928 1517 2956 sua
1532 2919 1770 2962 substantia,

159 2975 328 3014 quorum
363 2969 574 3014 utrumque
606 2965 856 3013 impossibile
893 2974 981 3004 esse
1018 2963 1281 3003 monstratum
1314 2969 1375 3003 est
1405 2965 1504 3012 (cap.
1537 2969 1582 3003 42
1626 2969 1664 3001 et
1692 2965 1767 3008 list).
