1894 3223
643 85 732 124 LIB.
760 86 824 131 111,
850 86 953 123 CAP.
979 85 1129 125 LXXIII.
1627 89 1697 125 353

74 167 214 207 tudine
232 167 362 215 ipsius
383 165 586 204 deficiunt.
604 166 677 204 Illa
704 170 836 205 autem
868 176 956 214 quae
987 170 1082 205 sunt
1113 167 1195 207 Deo
1225 166 1567 215 propinquissima
1599 173 1695 207 sunt

73 214 241 253 omnino
272 213 508 258 immobilia,
530 213 689 265 scilicet·
715 213 950 251 substantiae
982 218 1188 261 separatae,
1220 224 1309 262 quae
1340 215 1512 253 maxime
1543 214 1593 253 ad
1622 216 1691 254 Dei

73 260 379 300 similitudinem
399 260 604 304 accedunt,
624 269 692 307 qui
713 264 774 297 est
794 261 959 298 omnino
978 261 1210 299 immobilis.
1233 262 1328 306 Quae
1350 266 1481 299 autem
1501 265 1594 302 sunt
1626 263 1691 301 his

73 308 267 393 Eroxima,
289 311 328 345 et
347 311 556 345 moventur
575 306 802 359 immediate
831 308 879 345 ab
904 308 976 360 ⁸liis
1008 317 1096 355 quae
1128 317 1286 355 semper
1318 309 1458 347 eodem
1495 309 1614 348 modo
1648 319 1694 349 se

106 355 237 397 abent,
253 354 465 402 quamdam
484 354 773 392 immobilitatis
804 362 977 400 speciem
1012 355 1183 393 retinent
1216 356 1258 393 in
1290 355 1366 393 hoc
1394 356 1500 403 quod
1538 366 1695 404 semper

73 401 215 440 eodem
235 401 355 440 modo
374 404 602 446 moventur3
622 401 727 439 sicut
746 410 914 448 corpora
945 402 1137 440 coelestia.
1160 403 1426 449 Consequitur
1457 412 1552 449 ergo
1586 405 1693 451 quod

74 457 123 487 ea
141 457 230 496 quae
249 448 620 500 consequuntur-ad
639 448 731 493 ista,
751 452 789 485 et
806 448 854 486 ab
874 449 933 486 eis
954 453 1048 486 sunt
1069 452 1189 493 mota,
1211 449 1372 496 longius
1399 449 1447 487 ab
1478 451 1693 490 immobili·

73 499 154 533 tate
174 495 243 533 Dei
263 495 424 540 distent,
444 498 487 532 ut
508 495 663 534 scilicet
692 504 772 533 non
802 504 959 541 semper
991 495 1130 534 codem
1159 495 1278 533 modo
1311 501 1555 535 moveantur.
1579 500 1622 535 Et
1651 499 1693 536 in

75 542 153 580 hoc
172 541 326 581 ordinis
346 542 600 590 pulchritudo
630 545 804 589 apparet.
829 543 953 581 Omne
973 547 1104 580 autem
1134 543 1419 588 necessarium,
1441 544 1479 581 in
1500 548 1692 592 quantum

74 589 321 636 hujusmodi,
353 598 510 636 semper
542 588 681 627 eodem
713 589 832 628 modo
862 598 906 627 se
938 590 1068 627 habet.
1103 591 1352 637 Repugnal'et
1383 591 1506 637 igitur
1548 591 1691 632 divinae

73 636 346 683 providentiae,
367 636 416 675 ad
437 645 554 683 quam
577 637 745 683 pertinet
764 636 944 675 ordinem
966 637 1007 674 in
1027 637 1146 674 rebus
1167 639 1339 674 statuere
1369 641 1406 674 et
1440 647 1691 686 conservare,

77 683 112 721 si
134 683 270 721 omnia
285 692 333 722 ex
351 684 589 722 necessitate
607 683 823 722 evenirent.

120 731 310 772 Praeterea,
329 731 436 778 quod
454 730 501 769 de
533 731 772 769 necessitate
802 733 877 776 est,
896 739 1052 777 semper
1082 733 1157 775 est,
1180 730 1334 768 nullum
1366 733 1498 768 autem
1529 741 1693 781 corrup·

74 777 185 816 tibile
202 786 360 824 semper
375 781 449 816 est.
470 778 510 816 Si
528 778 650 825 igitur
669 777 803 816 divina
833 777 1082 824 providentia
1110 776 1185 814 hoc
1216 777 1395 824 requirit,
1417 778 1524 824 quod
1557 781 1694 819 omnia

77 824 158 861 sint
188 825 430 870 necessaria,
462 825 643 872 sequitur
672 825 778 872 quod
813 824 913 862 nibil
944 825 997 862 sit
1029 824 1071 861 in
1097 824 1216 862 rebus
1248 825 1518 871 corruptibile,
1548 830 1586 864 et
1623 837 1693 874 per

75 879 328 919 consequens
345 881 420 909 nec
439 872 680 918 generabile.
702 872 1008 910 subtraheretur
1023 879 1118 918 ergo
1138 880 1162 909 a
1180 870 1300 909 rebus
1334 875 1416 909 tota
1448 882 1540 919 pars
1571 883 1693 921 gene-

75 917 264 956 rabilium
283 922 321 955 et
340 919 674 965 corruptibilium,
696 918 801 966 quod
824 918 1055 964 perfectioni
1075 918 1239 965 derogat
1258 918 1448 956 universi.

121 965 266 1007 Adhuc,
289 965 330 1002 in
351 965 460 1003 omni
485 969 593 1002 motu
617 969 676 1002 est
696 965 875 1012 quaedam
897 964 1102 1011 generatio
1133 968 1172 1002 et
1203 966 1419 1012 corruptio.
1441 968 1538 1004 Nam
1572 967 1613 1004 in
1643 977 1692 1006 eo

76 1011 184 1058 quod
215 1015 408 1056 movetur,
430 1011 580 1058 aliquid
613 1011 764 1057 incipit,
787 1015 825 1049 et
858 1012 1009 1059 aliquid
1034 1011 1183 1049 desinit
1211 1021 1315 1050 esse.
1343 1012 1382 1050 Si
1410 1013 1532 1059 igitur
1559 1014 1692 1053 omnis

74 1059 280 1104 generatio
315 1062 352 1096 et
386 1059 589 1104 corruptio
634 1058 946 1103 subtraheretur,
985 1058 1187 1096 subtracta
1235 1058 1510 1106 contingentia
1558 1070 1692 1099 rerum

74 1105 268 1151 omnium,
287 1107 330 1142 ut
349 1109 557 1143 ostensum
580 1108 654 1150 est,
675 1113 929 1153 consequens
947 1109 1009 1143 est
1029 1105 1137 1152 quod
1156 1109 1196 1143 et
1225 1108 1362 1144 motus
1393 1106 1694 1146 subtraheretur

74 1160 98 1188 a
114 1151 248 1197 rebus,
269 1155 307 1189 et
326 1152 462 1190 omnia
480 1151 657 1190 mobilia.

119 1199 220 1241 Item,
242 1197 463 1237 debilitatio
480 1199 638 1237 virtutis
655 1197 826 1246 alicujus
853 1197 1088 1236 substantiae
1116 1202 1156 1236 et
1174 1197 1262 1245 ejus
1288 1198 1616 1246 impedimentum
1645 1210 1695 1240 ex

76 1243 210 1293 aliquo
232 1246 433 1284 contrario
459 1249 601 1293 agente
632 1248 761 1283 estex
779 1246 914 1293 aliqua
929 1245 1016 1292 ejus
1049 1246 1340 1283 immutatione.
1362 1246 1401 1284 Si
1435 1256 1530 1294 ergo
1559 1248 1695 1286 divina

73 1292 323 1338 providentia
341 1301 423 1331 non
442 1292 606 1339 impedit
623 1296 775 1330 motum
795 1302 819 1330 a
837 1293 971 1338 rebus,
993 1301 1122 1340 neque
1141 1293 1261 1330 etiam
1289 1293 1527 1339 impedietur
1557 1294 1695 1333 debili·

73 1339 171 1377 tatio
202 1339 360 1377 virtutis
391 1340 584 1387 ipsarum,
617 1343 684 1378 aut
715 1340 1042 1386 impedimentum
1081 1349 1129 1378 ex
1157 1340 1388 1378 resistentia
1422 1341 1606 1388 alicujus.
1642 1343 1697 1381 Ex

72 1386 232 1424 virtutis
251 1390 383 1424 autem
405 1387 606 1425 debilitate
626 1390 665 1424 et
681 1386 768 1433 ejus
788 1387 1071 1433 impedimento
1103 1386 1301 1434 contingit
1327 1387 1435 1434 quod
1455 1397 1519 1425 res
1540 1392 1697 1426 natura·

74 1431 127 1471 lis
146 1441 227 1471 non
247 1442 406 1480 semper
424 1434 563 1471 eodem
590 1433 709 1471 modo
729 1438 927 1479 operatur,
947 1433 1017 1471 sed
1038 1433 1278 1481 quandoque
1298 1433 1432 1472 deficit
1449 1434 1498 1472 ab
1518 1444 1565 1472 eo
1586 1435 1694 1482 quod

74 1480 264 1526 competit
281 1481 357 1518 sibi
376 1481 595 1518 secundum
616 1489 730 1517 suam
749 1485 944 1525 naturam,
966 1484 1008 1517 ut
1028 1481 1086 1518 sic
1107 1480 1310 1519 naturales
1330 1480 1499 1519 effectus
1532 1490 1613 1519 non
1646 1491 1695 1520 ex

75 1527 315 1565 necessitate
346 1527 593 1574 proveniant.
625 1529 712 1564 Non
740 1527 863 1574 igitur
892 1527 1062 1573 pertinet
1099 1527 1149 1566 ad
1191 1526 1480 1575 providentiam
1520 1528 1696 1568 divinam

73 1573 182 1620 quod
201 1573 320 1612 rebus
337 1574 511 1620 provisis
532 1573 812 1612 necessitatem
833 1574 1025 1622 imponat.

121 1621 304 1666 Amplius,
338 1621 380 1658 in
414 1621 478 1660 his
510 1630 598 1668 quae
629 1620 878 1667 providentia
908 1621 1040 1659 debite
1080 1624 1287 1668 reguntur,
1319 1629 1402 1660 non
1444 1620 1563 1660 debet
1604 1632 1695 1662 esse

75 1666 228 1715 aliquid
248 1668 408 1706 frustra.
427 1668 556 1712 Quum
574 1668 696 1715 igitur
714 1668 970 1706 manifestum
988 1668 1042 1706 sit
1059 1677 1203 1706 causas
1228 1668 1386 1715 aliquas
1416 1677 1507 1706 esse
1538 1670 1696 1708 contin·

76 1717 217 1761 gentes
236 1724 285 1752 ex
304 1723 352 1752 eo
383 1714 490 1761 quod
521 1714 703 1761 impediri
736 1718 907 1760 possunt
937 1718 981 1753 ut
1011 1724 1093 1752 non
1124 1715 1348 1761 producant
1376 1724 1475 1753 suos
1513 1715 1697 1762 effectus,

73 1764 181 1807 patet
196 1761 302 1808 quod
323 1765 462 1798 contra
482 1762 675 1799 rationem
693 1761 951 1807 providentiae
969 1765 1077 1799 esset
1093 1762 1199 1809 quod
1221 1761 1356 1801 omnia
1375 1771 1425 1800 ex
1457 1764 1696 1803 necessitate

72 1808 363 1854 contingerent.
385 1809 470 1845 Non
488 1808 610 1854 igitur
629 1808 763 1845 divina
782 1808 1031 1860 providentia
1047 1809 1327 1847 necessitatem
1360 1809 1480 1848 rebus
1510 1810 1694 1857 imponit,

71 1854 385 1902 contingentiam
406 1864 430 1892 a
447 1855 566 1893 rebus
588 1855 864 1893 universaliter
883 1854 1112 1894 excludens.
1141 1889 1143 1892 Α
1542 1890 1546 1893 i

695 2001 864 2044 CAPUT
896 2001 1073 2045 LXXIII.

201 2119 300 2154 QUOD
325 2118 467 2149 DIVINA
492 2118 758 2151 PROVIDENTIA
780 2119 862 2150 NON
885 2120 1081 2151 EXCLUDIT
1105 2120 1280 2152 ARBITRII
1304 2121 1565 2153 LIBERTATEM.

121 2230 175 2265 Ex
193 2237 274 2275 quo
291 2227 410 2267 etiam
438 2230 545 2275 patet
571 2227 680 2276 quod
715 2228 964 2275 providentia
994 2229 1131 2268 divina
1161 2230 1379 2268 voluntatis
1410 2230 1581 2268 libertati
1613 2241 1695 2269 non

72 2283 114 2314 re
145 2284 168 2312 u
202 2278 281 2312 nat.

116 2283 340 2368 1(³2nguslibet
364 2321 470 2359 enim
500 2321 762 2369 gubernantis
795 2321 1002 2368 prudentis
1032 2323 1271 2370 gubernatio
1316 2324 1366 2361 ad
1408 2323 1694 2369 perfectionem

71 2377 204 2407 rerum
224 2367 534 2414 gubernatarum
551 2368 759 2406 ordinatur
774 2369 836 2406 vel
856 2369 1157 2416 adipiscendam
1176 2370 1238 2407 vel
1255 2369 1480 2416 augendam
1507 2370 1569 2407 vel
1598 2379 1694 2408 con·

72 2415 323 2454 servandam.
353 2415 467 2460 Quod
493 2414 616 2462 igitur
645 2415 903 2462 perfectionis
938 2420 1000 2453 est
1019 2417 1148 2463 magis
1183 2416 1502 2454 conservandum
1535 2420 1597 2454 est
1624 2426 1694 2463 per

69 2462 375 2516 providentiam,
397 2470 515 2509 quam
535 2460 642 2509 quod
662 2465 723 2498 est
742 2462 1055 2507 imperfectionis
1076 2466 1115 2500 et
1133 2462 1327 2500 defectus.
1348 2464 1392 2499 In
1412 2462 1531 2500 rebus
1561 2467 1694 2502 autem

70 2509 317 2553 inanimatis,
341 2517 553 2546 causarum
573 2508 847 2555 contingentia
866 2517 915 2545 ex
942 2509 1242 2555 imperfectione
1270 2511 1310 2546 et
1342 2508 1497 2546 defectu
1531 2514 1610 2555 est;
1629 2519 1694 2548 se·

70 2555 248 2595 cundum
268 2555 375 2592 enim
396 2564 510 2592 suam
528 2558 709 2592 naturam
730 2558 824 2592 sunt
841 2555 1110 2593 determinatae
1130 2555 1179 2593 ad
1200 2563 1324 2593 unum
1352 2555 1553 2601 effectum,
1574 2565 1694 2604 quem

71 2611 230 2650 semper
247 2605 563 2649 consequuntur,
582 2601 660 2638 nisi
680 2601 734 2638 sit
760 2601 1101 2648 impedimentum,
1121 2601 1184 2639 vel
1213 2611 1262 2639 ex
1291 2601 1492 2641 debilitate
1517 2603 1692 2649 virtutis,

69 2649 134 2687 vel
150 2658 199 2687 ex
216 2649 353 2696 aliquo
373 2648 558 2686 exteriori
576 2651 732 2694 agente,
754 2648 816 2685 vel
836 2657 884 2684 ex
905 2648 1080 2686 materiae
1099 2648 1434 2695 indispositione;
1463 2652 1502 2687 et
1533 2654 1694 2696 propter

70 2694 150 2734 hoe
169 2704 302 2734 causae
321 2696 524 2733 naturales
544 2698 709 2739 agentes
728 2703 810 2732 non
827 2698 921 2732 sunt
938 2695 988 2733 ad
1016 2698 1242 2742 utrumque,
1264 2695 1336 2733 sed
1367 2698 1412 2734 ut
1441 2695 1691 2743 frequentius

72 2741 212 2780 eodem
244 2742 364 2780 modo
393 2752 511 2781 suum
543 2731 996 2794 effectumfflroducunt,
1027 2741 1217 2794 deficiunt
1259 2745 1392 2794 autem
1435 2752 1540 2780 raro.
1577 2743 1693 2789 Quod

72 2792 205 2827 autem
223 2790 410 2827 voluntas
429 2789 482 2827 sit
499 2797 623 2826 causa
638 2790 880 2834 contingens
899 2798 948 2826 ex
967 2797 1096 2834 ipsius
1116 2788 1360 2834 perfectione
1376 2790 1576 2835 provenit,
1596 2790 1693 2837 quia

72 2843 156 2874 non
174 2835 294 2875 habet
310 2836 495 2875 virtutem
513 2835 723 2874 limitatam
743 2835 794 2873 ad
813 2843 953 2881 unum,
968 2835 1040 2873 sed
1058 2834 1176 2874 habet
1191 2835 1234 2874 in
1252 2838 1449 2884 potestate
1470 2837 1691 2883 producere

1527 2912 1567 2941 23
