1894 3223
117 147 186 183 492
748 140 835 176 LIB.
863 140 922 183 IV,
951 140 1050 176 CAP.
1077 140 1120 176 V.

117 235 194 263 vox
212 224 335 261 Patris
356 221 528 258 intonuit
546 220 587 257 in
607 220 806 267 baptismo
828 232 836 256 :
857 221 924 255 Hic
942 223 994 256 est
1011 221 1125 256 Filius
1146 231 1243 257 meus
1277 222 1439 267 dilectus,
1471 224 1511 258 in
1543 231 1613 268 quo
1649 222 1741 258 mihi

118 272 319 316 complacui
335 268 475 314 (Matth.
509 275 568 313 111,
591 266 673 314 17);
696 266 933 313 quandoque
951 275 1042 302 eum
1072 267 1321 314 Unigenitum
1346 269 1573 314 nominans,
1602 268 1736 306 sicut:

122 319 292 356 Vidimus
312 316 467 359 qlortam
486 314 577 359 effus,
596 314 751 359 yloriam
773 315 880 359 quasi
901 314 1086 357 Uniqeniti
1105 324 1128 350 a
1144 316 1255 350 Patre
1275 315 1431 362 (Joann.,
1454 325 1481 360 1,
1512 315 1570 363 14)
1591 327 1600 361 ;
1622 319 1660 352 et
1673 315 1740 353 ite-

118 373 207 402 rum
231 373 239 397 :
262 363 477 407 Uniqenitus
495 362 611 397 Filius
631 362 696 406 qui
714 363 766 396 est
793 361 833 396 in
856 361 941 396 sinu
959 361 1095 402 Patris,
1122 362 1200 407 ipse
1227 364 1413 398 enarravit
1442 362 1561 408 (ibid.‚
1598 362 1682 409 18);
1705 362 1740 400 Si

116 414 246 448 autem
272 408 475 446 commun-i
495 407 628 452 modo,
651 407 753 444 sicut
773 409 811 443 et
827 406 906 451 alii,
930 405 1037 445 filius
1060 407 1267 452 diceretur,
1288 409 1517 456 unigenitus
1550 409 1625 447 dici
1656 417 1739 446 non

116 460 254 504 posset
273 467 281 499 ;
304 455 543 502 quandoque
564 454 681 491 etiam
705 458 741 491 et
758 454 1046 501 primogenitus
1066 454 1306 499 nominatur,
1327 459 1371 492 ut
1387 456 1566 502 quaedam
1592 456 1740 493 deriva-

114 504 173 540 tio
194 502 395 539 filiationis
416 502 464 539 ab
486 510 532 538 eo
552 501 591 537 in
611 501 698 538 aliis
720 501 964 545 ostendatur,
989 502 1208 538 secundum
1228 501 1327 538 illud
1349 513 1357 538 :
1381 503 1474 546 Quos
1500 505 1686 548 praescivit
1706 505 1739 538 et

111 550 389 596 praedestinavit
406 549 604 592 conformes
621 549 701 594 fieri
717 549 889 592 imaginis
907 549 995 583 Filii
1009 549 1081 591 sui,
1101 551 1142 583 ut
1160 550 1207 584 sit
1226 550 1302 593 ipse
1311 550 1574 594 primoqenitus
1591 551 1631 585 in
1648 549 1739 585 mul·

114 598 163 633 tis
183 596 364 640 fratribus
386 595 516 642 (Rom.‚
540 603 627 639 VIII,
649 594 722 640 29),
745 598 783 631 et
803 595 969 631 dicitur:
992 596 1094 631 Misit
1112 596 1206 631 Deus
1225 596 1358 631 Filium
1377 606 1540 637 suum...‚
1561 599 1602 632 ut
1623 597 1737 642 adop·

116 646 248 679 tionem
277 644 435 688 filiorum
471 643 721 687 reciperemus.
759 641 909 688 (Galat,
931 650 987 687 IV,
1016 645 1052 685 4,
1080 641 1130 688 5).
1162 641 1250 680 Alia
1279 651 1373 688 ergo
1399 643 1551 680 ratione
1572 643 1658 690 ipse
1678 645 1739 680 est

114 690 225 729 filius
246 698 315 735 per
334 689 449 736 cujus
470 688 676 726 filiationis
699 689 1002 726 similitudinem
1023 688 1091 724 alii
1112 687 1183 727 tilii
1201 688 1398 726 dicuntur.

161 737 343 782 Amplius,
367 736 545 783 quaedam
561 744 682 782 opera
699 736 740 772 in
757 735 971 782 Scripturis
990 735 1117 772 sacris
1137 735 1192 772 ita
1204 737 1283 773 Deo
1296 735 1452 782 proprie
1469 736 1738 774 attribuuntur

114 784 220 831 quod
239 783 349 820 alteri
373 783 585 820 convenire
607 791 687 820 non
705 786 890 828 possunt,
909 782 1013 819 sicut
1027 781 1291 819 sanctificatio
1312 784 1534 820 animarum
1554 783 1740 821 etremis-

114 831 176 868 sio
195 833 446 876 peccatorum
466 841 475 874 3
499 829 643 867 dicitur
662 830 768 866 enim
791 841 799 865 ε
820 832 895 874 qu
911 831 1084 865 Dominus
1105 831 1359 875 quisctnctifico
1370 839 1430 866 vos
1445 829 1588 876 (Levia,
1602 836 1669 872 xx,
1687 829 1737 875 8);

113 882 152 915 et
170 890 178 913 :
201 880 276 922 qu
296 887 374 913 sum
394 878 470 922 ipse
489 878 553 922 qui
572 877 668 912 deleo
682 878 893 922 iniquitates
909 879 989 912 tuas
1002 879 1225 922 propterme.
1243 875 1358 922 (lsai,
1377 885 1485 922 XLIII,
1500 876 1574 923 25).
1588 877 1741 913 Utrum·

114 932 190 971 que
212 928 341 961 autem
376 924 518 960 horum
540 924 694 961 Christo
731 923 929 969 Scriptura
951 923 1151 968 attribuit3
1174 923 1318 960 dicitur
1337 924 1440 960 enim
1462 935 1470 960 :
1493 923 1563 967 Qui
1582 924 1740 968 sanctifi,-

113 975 183 1011 cat,
205 974 237 1007 et
257 973 321 1016 qui
339 973 598 1016 sanctificatur,
619 981 663 1006 θα)
690 980 762 1006 αηο
782 980 899 1006 onmes
921 970 1035 1017 (Heb.‚
1057 979 1098 1011 11,
1123 971 1180 1017 11)
1201 982 1209 1015 ;
1229 974 1267 1007 et
1283 980 1290 1005 :
1306 971 1420 1015 Jews,
1439 972 1481 1006 ut
1498 971 1742 1016 sanctificaret

109 1028 177 1065 per
198 1029 300 1053 suum
318 1020 530 1062 sanquinem
550 1018 737 1063 populum,
760 1020 866 1053 extra
890 1020 1035 1063 portam
1065 1027 1198 1063 passus
1222 1020 1287 1053 est.
1310 1017 1427 1063 (Heu,
1448 1026 1532 1057 XIII,
1557 1017 1629 1064 12).
1651 1018 1739 1062 Ipse

114 1066 231 1102 etiam
253 1065 446 1102 Dominus
465 1064 512 1101 de
533 1073 575 1101 se
597 1068 837 1111 protestatus
858 1068 916 1101 est
934 1064 1040 1111 quod
1062 1065 1224 1101 haberet
1256 1068 1490 1110 potestatem
1512 1063 1737 1101 remittendi

113 1116 287 1158 peccata,
308 1116 345 1148 et
381 1112 574 1148 miraculo
598 1111 858 1156 confirmavit,
888 1115 930 1148 ut
960 1111 1353 1154 habeturMatth.1x‚
1376 1114 1410 1156 6,
1430 1115 1466 1147 et
1507 1111 1582 1148 hoc
1621 1110 1738 1148 etiam

115 1159 282 1205 angelus
301 1159 346 1195 de
366 1158 454 1204 ipso
469 1159 746 1203 praenuntiavit
763 1170 771 1194 ε
788 1160 882 1204 Ipse,
899 1159 1102 1205 inquiens,
1116 1160 1258 1194 salvum
1269 1159 1381 1202 faciet
1399 1159 1573 1203 populum
1593 1166 1697 1193 suum
1716 1167 1740 1194 a

109 1207 267 1252 peccatis
280 1215 412 1241 eorum.
425 1205 586 1251 (Mutth.,
602 1215 629 1249 I,
643 1205 718 1252 21.)
735 1207 821 1242 Non
837 1205 958 1251 igitur
977 1205 1171 1250 Christus,
1186 1209 1224 1242 et
1244 1205 1499 1242 sanctificans
1520 1208 1557 1241 et
1577 1206 1739 1250 peccata

114 1253 333 1295 remittens,
355 1253 413 1289 sic
431 1252 574 1289 dicitur
594 1254 697 1289 Deus
718 1252 824 1289 sicut
843 1252 1028 1288 dicuntur
1043 1251 1094 1288 dii
1112 1252 1152 1288 hi
1173 1252 1240 1298 qui
1266 1251 1565 1289 sanctificantur
1582 1254 1620 1287 et
1643 1259 1738 1298 quo·

113 1308 198 1336 rum
216 1303 375 1344 peccata
391 1300 656 1342 remittuntur,
671 1299 738 1336 sed
762 1299 866 1336 sicut
879 1299 1062 1336 virtutem
1078 1302 1115 1335 et
1132 1303 1312 1335 naturam
1327 1299 1546 1336 divinitatis
1566 1297 1732 1335 habens.

160 1346 233 1382 Illa
254 1355 345 1382 vero
367 1346 577 1391 scripturae
598 1346 828 1383 testimonia
847 1346 992 1392 quibus
1013 1346 1222 1383 ostendere
1242 1346 1469 1382 nitebantur
1496 1345 1602 1392 quod
1624 1345 1733 1382 Chri-

115 1395 203 1430 stus
233 1401 314 1429 non
348 1397 454 1429 esset
474 1394 578 1429 Deus
601 1402 669 1438 per
690 1397 886 1435 naturam,
909 1392 1086 1429 efficacia
1112 1401 1192 1429 non
1214 1396 1308 1429 sunt
1328 1393 1373 1429 ad
1395 1401 1531 1429 eorum
1552 1391 1736 1438 proposi-

113 1443 197 1476 tum
225 1439 530 1476 ostendendum.
561 1439 802 1476 confitemur
831 1439 935 1475 enim
964 1439 1005 1476 in
1033 1439 1188 1477 Christo
1219 1439 1288 1476 Dei
1322 1439 1420 1476 Filio
1440 1442 1530 1485 post
1555 1440 1736 1476 incarna-

112 1486 236 1522 tionis
253 1486 485 1533 mysterium
507 1486 606 1523 duas
621 1490 797 1530 naturas,
815 1486 1029 1523 humanam
1051 1486 1204 1523 scilicet
1222 1490 1259 1523 et
1278 1486 1452 1522 divinam
1470 1497 1478 1530 ;
1502 1485 1606 1522 unde
1627 1485 1674 1522 de
1690 1494 1738 1522 eo

116 1532 301 1569 dicuutur
321 1536 359 1569 et
379 1543 465 1579 quae
480 1533 547 1569 Dei
567 1537 660 1570 sunt
674 1534 845 1579 propria,
867 1534 1020 1570 ratione
1041 1533 1182 1570 divinae
1201 1536 1366 1576 naturae,
1384 1537 1421 1569 et
1436 1542 1522 1579 quae
1543 1532 1592 1569 ad
1613 1532 1739 1569 defece

115 1583 197 1616 tum
220 1579 415 1626 pertinere
438 1580 633 1620 videntur,
655 1580 808 1617 ratione
831 1580 1015 1618 humanae
1047 1583 1212 1625 naturae,
1246 1584 1290 1617 ut
1307 1580 1410 1617 infra
1432 1579 1480 1626 (c.
1500 1583 1543 1616 27
1578 1582 1617 1616 et
1636 1578 1738 1626 seq.)

114 1627 274 1678 plenius
295 1627 582 1672 explanabitur.
605 1629 717 1664 Nunc
737 1631 883 1672 autem,
906 1627 954 1664 ad
974 1631 1209 1674 praesentem
1230 1627 1597 1665 considerationem
1618 1626 1665 1663 de
1681 1625 1739 1663 di·

112 1683 205 1710 vina
234 1674 506 1720 generatione,
539 1674 615 1711 hoc
650 1673 824 1712 sufficiat
851 1678 1116 1712 monstratum
1137 1676 1241 1719 esse,
1263 1674 1482 1712 secundum
1503 1674 1737 1720 Scripturas,

115 1720 221 1767 quod
252 1721 433 1758 Christus
468 1721 535 1758 Dei
569 1721 693 1759 Filius
714 1725 752 1758 et
773 1723 879 1759 Deus
908 1722 1066 1766 dicitur,
1096 1730 1178 1759 non
1199 1721 1330 1759 solum
1350 1721 1455 1759 sicut
1473 1729 1597 1768 purus
1618 1720 1739 1759 homo

114 1776 184 1813 per
205 1768 372 1814 gratiam
395 1768 637 1814 adoptionis,
662 1768 732 1806 sed
748 1771 907 1815 propter
926 1768 1144 1807 divinitatis
1165 1771 1360 1806 naturam.
1563 1782 1573 1786 i

809 1914 976 1955 CAPUT
1004 1915 1052 1954 V.

399 2033 529 2062 OPINIO
551 2033 728 2062 SABELLII
744 2034 795 2062 DE
812 2034 915 2062 FILIO
935 2034 1015 2072 DEI,
1032 2034 1082 2063 ET
1100 2034 1189 2064 EJI'S
1209 2034 1460 2064 IMPROBATIO.

164 2142 264 2185 Quia
294 2150 387 2179 vero
413 2142 593 2179 omnium
624 2142 671 2180 de
691 2145 774 2181 Deo
806 2146 916 2181 recte
932 2144 1174 2181 sententium
1194 2144 1278 2182 haec
1299 2148 1359 2181 est
1378 2143 1456 2181 fixa
1477 2142 1624 2181 mentis
1644 2151 1738 2181 con-

115 2189 245 2240 ceptio
269 2189 475 2241 quodtnon
496 2189 626 2235 possit
640 2198 729 2228 esse
751 2190 830 2228 nisi
852 2199 957 2228 unus
978 2191 1211 2228 naturaliter
1228 2193 1346 2235 Deus,
1362 2191 1536 2238 quidam,
1553 2200 1599 2228 ex
1614 2191 1740 2237 Scrip-

112 2238 214 2272 turis
235 2240 507 2281 concipientes
523 2236 627 2283 quod
642 2237 822 2275 Christus
843 2238 895 2275 sit
913 2246 1003 2275 vere
1024 2241 1063 2275 et
1082 2238 1314 2275 naturaliter
1331 2240 1435 2275 Deus
1453 2248 1498 2275 ac
1517 2238 1585 2276 Dei
1600 2237 1738 2287 Filius,

112 2290 237 2319 unum
263 2284 386 2319 Deum
421 2291 511 2320 esse
543 2283 718 2321 confessi
751 2288 845 2322 sunt
874 2285 1073 2322 Christum
1102 2286 1171 2322 Dei
1205 2285 1347 2322 Filium
1369 2289 1405 2322 et
1425 2286 1548 2322 Deum
1569 2286 1738 2334 Patrem,

113 2337 187 2366 nec
219 2333 352 2366 tamen
389 2330 494 2377 quod
529 2331 635 2368 Deus
666 2332 765 2377 filius
790 2331 944 2369 dicatur
975 2332 1195 2370 secundum
1228 2341 1342 2370 suam
1374 2336 1555 2370 naturam
1587 2336 1655 2369 aut
1691 2334 1738 2373 ab

113 2379 274 2417 aeteruo,
307 2377 376 2414 sed
409 2386 458 2429 ex
488 2380 583 2414 tunc
615 2377 822 2416 filiationis
855 2388 999 2416 nomen
1022 2379 1174 2426 accepit
1204 2389 1252 2416 ex
1271 2388 1350 2427 quo
1371 2380 1418 2416 de
1437 2380 1558 2416 Maria
1577 2380 1739 2427 Virgine

113 2426 233 2460 natus
253 2427 310 2460 est
330 2425 702 2469 perincarnationis
717 2426 949 2473 mysterium
969 2438 977 2470 3
1000 2429 1038 2463 et
1058 2427 1116 2463 sic
1139 2426 1275 2464 omnia
1295 2436 1381 2473 quae
1401 2427 1582 2465 Christus
1601 2435 1740 2466 secun-

113 2469 206 2506 dum
239 2479 399 2507 carnem
432 2471 625 2509 sustinuit
657 2473 738 2510 Deo
756 2473 860 2510 Patri
883 2473 1163 2518 attribuebant,
1184 2477 1279 2520 puta
1298 2483 1387 2511 esse
1407 2473 1534 2510 filium
1554 2473 1737 2526 virginis,

113 2521 351 2569 conceptum
383 2520 421 2554 et
437 2521 573 2571 natum
595 2527 685 2556 esse
706 2529 754 2557 ex
773 2520 874 2565 ipsa,
902 2529 1081 2566 passum,
1103 2524 1319 2565 mortuum,
1342 2525 1379 2557 et
1395 2520 1679 2568 resurrexisse,
1701 2524 1738 2559 et

115 2562 193 2600 alia
214 2571 350 2600 omnia
370 2574 457 2611 quae
475 2567 684 2618 scripturae
705 2566 752 2604 de
773 2567 929 2604 Christo
951 2567 1172 2605 secundum
1195 2577 1355 2605 carnem
1378 2568 1608 2614 loquuntur.

163 2611 280 2663 Hauc·
303 2614 434 2663 autem
461 2617 702 2664 positlonem
730 2613 965 2651 confirmare
1000 2614 1229 2652 nitebantur
1260 2616 1470 2661 scripturae
1494 2614 1737 2652 auctoritati-

114 2653 204 2692 hus.
238 2659 389 2695 Dicltur
421 2668 554 2696 enim:
582 2660 697 2701 Audi,
721 2661 847 2702 Israel,
879 2662 1053 2698 Dominus
1081 2664 1175 2698 Deus
1203 2665 1335 2702 noster,
1365 2663 1538 2698 Dominus
1566 2670 1659 2697 unus
1688 2664 1740 2698 est

116 2700 248 2746 (Dent,
266 2712 321 2748 VI,
343 2704 379 2751 4)
396 2717 405 2750 ;
425 2709 487 2742 et:
507 2706 632 2743 Videte
651 2708 748 2753 quod
766 2718 828 2752 eqo
845 2709 914 2744 sim
931 2708 1039 2750 solus,
1061 2712 1095 2744 et
1114 2719 1186 2744 non
1203 2710 1252 2745 sit
1286 2710 1380 2744 alius
1392 2711 1486 2744 Deus
1509 2710 1644 2754 praeter
1667 2718 1735 2744 me.

117 2747 251 2801 (Dent,
272 2758 400 2796 XXXII,
422 2752 507 2799 39);
531 2757 595 2789 et:
620 2753 689 2797 Qui
717 2755 816 2790 videt
830 2765 885 2791 me
908 2756 1007 2791 videt
1035 2758 1069 2791 et
1080 2757 1294 2799 Patrem;...
1313 2757 1422 2792 Pater
1446 2756 1486 2790 in
1506 2764 1560 2790 me
1589 2764 1737 2792 monens

115 2804 192 2839 ipse
216 2796 309 2838 facit
340 2807 447 2842 opera
473 2812 531 2843 ς...
553 2810 615 2845 eqo
632 2803 671 2836 in
688 2802 810 2842 Patre,
833 2805 866 2837 et
884 2803 993 2838 Pater
1008 2804 1048 2838 in
1066 2813 1122 2839 me
1140 2806 1204 2838 est.
1237 2803 1394 2849 (Joann.,
1425 2808 1505 2842 XIV,
1537 2801 1654 2848 9-11.)
1684 2803 1739 2839 Ex

116 2841 474 2927 {iunciglunsaffumnuibus
494 2847 770 2894 concipiebant
785 2850 908 2887 Deum
924 2851 1077 2887 Patrem
1098 2849 1229 2895 ipsum
1246 2848 1386 2886 Filium
1407 2847 1498 2892 dici,
1521 2856 1567 2884 ex
1584 2848 1738 2896 virgine

1881 2555 1894 2641 ,Λα-ὸ»,
1880 2483 1892 2543 *⁴*
