1894 3223
177 110 223 146 72
671 93 674 96 ’
759 105 847 140 LIB.
874 104 904 144 Ι,
933 104 1033 140 CAP.
1061 104 1212 140 vam.

179 188 291 236 poris
313 196 432 224 cursu
453 188 707 232 peraguntur,
728 187 847 229 prout
877 193 1053 230 praesens
1080 191 1160 229 est,
1182 187 1226 220 ut
1253 193 1372 229 supra
1392 183 1489 229 (cap.
1512 182 1571 230 66)
1592 185 1799 222 ostensum

180 240 253 273 θεῖ.
276 234 524 280 Relinquitur
545 232 666 278 igitur
685 231 790 276 quod
812 230 859 267 de
891 231 1214 277 contingentibus
1248 231 1347 267 nihil
1380 230 1564 276 prohibet
1592 231 1715 267 Deum
1750 231 1799 268 ab

179 287 327 319 aeterno
350 280 557 317 scientiam
579 277 829 313 infallibilem
852 277 1011 314 habere.

226 330 326 367 Item,
350 326 586 371 contingens
605 333 628 375 a
649 323 878 360 necessario
897 323 1039 369 differt,
1058 324 1277 361 secundum
1296 324 1401 370 quod
1424 324 1734 371 unumquodque
1756 324 1802 361 in

180 384 255 412 sua
277 383 398 410 causa
419 375 490 408 est.
517 373 760 416 contingens
781 371 887 406 enim
915 371 972 407 sic
998 371 1038 407 in
1068 380 1141 407 sua
1169 380 1290 407 causa
1309 374 1381 414 est,
1405 375 1447 407 ut
1476 379 1556 406 non
1578 380 1666 407 esse
1687 380 1734 407 ex
1754 381 1801 408 ea

179 421 306 468 possit
343 424 380 456 et
418 427 520 454 esse.
554 417 832 454 Necessarium
853 426 945 454 vero
975 427 1021 454 ex
1051 426 1125 454 sua
1157 427 1279 454 causa
1309 426 1389 454 non
1424 420 1556 463 potest
1584 426 1665 453 non
1694 426 1798 454 esse.

179 466 398 505 Secundum
422 465 462 500 id
481 473 574 500 vero
597 463 703 510 quod
725 467 932 510 utrumque
954 473 1089 501 corum
1116 464 1158 500 in
1187 473 1230 501 se
1251 468 1323 508 est,
1347 473 1427 501 non
1452 463 1581 500 differt
1608 468 1800 510 quantum

180 514 227 550 ad
258 522 345 549 esse
377 521 497 557 supra
527 511 633 557 quod
669 510 855 547 fundatur
891 521 1040 547 verum.
1081 511 1181 555 Quia
1214 511 1255 547 in
1293 511 1536 557 contingenti
1580 511 1800 547 secundum

179 561 218 597 id
244 559 349 606 quod
379 559 420 594 in
453 567 496 594 se
531 561 604 601 est,
626 566 707 593 non
741 561 800 594 est
834 566 922 594 esse
944 561 982 593 et
1013 567 1094 594 non
1125 566 1228 602 esse,
1250 558 1320 594 sed
1354 558 1484 594 solum
1516 567 1619 601 esse,
1642 558 1733 594 licet
1757 558 1801 595 in

179 607 354 644 futurum
376 605 613 651 contingens
636 604 766 650 possit
784 613 866 640 non
885 613 986 640 esse.
1005 604 1169 641 Divinus
1187 608 1317 641 autem
1339 605 1564 641 intellectus
1586 605 1634 641 ab
1652 608 1799 642 aeterno

179 652 386 698 cognoscit
406 661 483 696 res,
506 660 587 687 non
617 651 748 688 solum
782 651 998 687 secundum
1037 660 1140 695 esse,
1163 651 1268 697 qnod
1302 651 1447 687 habent
1474 652 1515 687 in
1542 651 1676 688 causis
1698 651 1798 696 suis,

179 700 249 737 sed
271 699 386 735 etiam
410 698 628 735 secundum
663 707 752 735 esse
784 698 888 744 quod
919 698 1065 734 habent
1085 698 1126 733 in
1153 698 1312 742 seipsis.
1337 698 1443 734 Nihil
1472 698 1594 744 igitur
1619 698 1801 743 prohibet

178 747 311 793 ipsum
333 746 476 782 habere
498 749 684 782 aeternam
705 744 974 791 cognitionem
1006 744 1052 780 de
1077 744 1402 790 contingentibus
1423 744 1687 780 infallibilem.

224 793 407 838 Amplius,
427 792 531 829 sicut
551 802 598 828 ex
618 801 739 828 causa
759 792 985 828 necessaria
1008 791 1336 828 certitudinaliter
1355 791 1533 837 sequitur
1550 790 1728 834 effectus,
1746 790 1801 827 ita

181 850 228 877 ex
248 849 370 876 causa
390 839 635 885 contingenti
659 839 866 883 completa,
889 839 923 875 si
945 847 1023 875 non
1044 838 1292 883 impediatur.
1316 837 1389 874 Sed
1414 847 1503 874 cum
1522 839 1626 874 Deus
1648 846 1798 883 cogno-

180 891 265 924 scat
286 886 432 927 omnia,
456 890 498 922 ut
516 895 562 922 ex
583 895 703 931 supra
721 886 837 922 dictis
859 885 958 932 (cap.
982 885 1038 932 50)
1060 888 1178 931 patet,
1196 885 1272 922 scit
1290 893 1372 921 non
1393 884 1523 921 solum
1544 893 1688 922 causas
1708 893 1801 921 con-

179 934 432 980 tingentium,
455 933 525 969 sed
546 932 663 969 etiam
685 942 730 969 ea
756 933 901 978 quibus
930 936 1100 978 possunt
1119 931 1315 978 impediri.
1336 931 1416 968 Scit
1442 931 1564 978 igitur
1594 940 1664 977 per
1684 931 1796 968 certi-

179 981 358 1017 tudinem
380 989 428 1016 an
451 979 725 1026 contingentia
748 981 842 1024 sint,
863 979 925 1016 vel
946 988 1027 1016 non
1049 979 1143 1016 sint.

227 1027 372 1070 Adhuc,
406 1025 588 1063 effectum
621 1026 808 1062 excedere
830 1036 913 1063 suae
939 1035 1068 1064 causae
1091 1025 1374 1071 perfectionem
1395 1034 1475 1062 non
1496 1025 1691 1071 contingit
1710 1037 1718 1069 ;
1739 1025 1800 1061 in-

181 1074 334 1110 terdum
357 1078 490 1109 tamen
512 1073 559 1110 ab
581 1083 628 1109 ea
648 1072 793 1117 deficit,
817 1074 936 1117 unde,
959 1082 1048 1110 curn
1070 1073 1111 1108 in
1132 1073 1249 1110 nobis
1271 1083 1318 1108 ex
1332 1072 1451 1109 rebus
1470 1072 1646 1118 cognitio
1661 1081 1799 1108 cause·

181 1125 257 1164 tur,
291 1121 487 1167 contingit
519 1120 716 1157 interdum
750 1121 855 1166 quod
885 1120 1113 1157 necessaria
1141 1129 1222 1156 non
1258 1129 1327 1165 per
1357 1119 1518 1155 modum
1547 1118 1799 1155 necessitatis

182 1168 479 1213 cognoscimus,
511 1167 580 1204 sed
610 1167 914 1213 probabilitatis.
943 1167 1049 1205 Sicut
1082 1170 1212 1203 autem
1243 1166 1343 1212 apud
1378 1175 1453 1202 nos
1474 1174 1537 1202 res
1555 1170 1798 1202 suntcausae

183 1214 441 1260 cognitionis,
463 1215 516 1250 ita
538 1214 671 1250 divina
691 1214 867 1260 cognitio
896 1217 955 1250 est
973 1223 1095 1251 causa
1115 1223 1245 1250 rerum
1268 1213 1530 1259 cognitarum.
1553 1212 1659 1249 Nihil
1679 1212 1801 1259 igitur

181 1261 374 1344 prohilbet]
391 1270 438 1297 ea
462 1261 504 1296 in
529 1269 573 1297 se
603 1261 875 1307 contingentia
895 1270 998 1306 esse,
1021 1261 1068 1297 de
1088 1260 1232 1307 quibus
1254 1262 1358 1297 Deus
1382 1259 1650 1296 necessariam
1671 1259 1800 1296 scien-

181 1308 277 1345 tiam
309 1317 347 1344 ia
378 1312 428 1344 et.

229 1356 419 1397 Praeterea,
442 1353 606 1391 effectus
627 1363 709 1391 non
729 1358 859 1398 potest
879 1363 967 1391 esse
991 1354 1258 1397 necessarius,
1281 1354 1394 1399 cujus
1415 1362 1536 1389 causa
1565 1356 1626 1389 est
1645 1353 1801 1390 contin-

183 1410 298 1448 gens.
314 1401 566 1447 Contingeret
580 1401 685 1437 enim
700 1400 882 1437 effectum
898 1410 1001 1445 esse,
1015 1404 1167 1437 remota
1185 1410 1320 1437 causa.
1337 1399 1508 1436 Effectus
1523 1403 1654 1436 autem
1670 1399 1801 1436 ultimi

182 1457 308 1485 causa
325 1451 385 1484 est
405 1452 441 1484 et
463 1447 644 1493 proxima
662 1451 700 1484 et
719 1452 882 1484 remota.
906 1448 944 1483 Si
966 1447 1088 1494 igitur
1105 1448 1285 1493 proxima
1303 1447 1420 1484 fuerit
1439 1447 1692 1493 contingens,
1716 1446 1802 1493 eJus

184 1493 370 1531 effectum
391 1494 686 1540 contingentem
709 1498 863 1540 oportet
881 1503 983 1537 esse,
1000 1494 1154 1530 etiamsi
1177 1503 1299 1530 causa
1317 1496 1469 1530 remota
1489 1494 1716 1530 necessaria
1735 1493 1801 1537 sit,

187 1542 292 1578 sicut
322 1541 467 1587 plantae
513 1550 594 1577 non
629 1541 858 1578 necessario
904 1540 1167 1584 fructificant,
1210 1541 1392 1587 quamvis
1432 1544 1563 1577 motus
1604 1540 1704 1577 solis
1751 1540 1804 1577 sit

187 1588 457 1631 necessarius,
480 1592 639 1634 propter
671 1597 814 1624 causas
844 1588 995 1624 medias
1027 1588 1318 1634 contingentes.
1354 1587 1526 1624 scientia
1556 1591 1687 1623 autem
1718 1587 1801 1632 Dei,

184 1635 258 1672 etsi
281 1636 332 1672 sit
351 1643 473 1672 causa
498 1644 628 1672 rerum
651 1635 838 1671 scitarum
860 1635 1087 1680 peripsam,
1115 1639 1173 1671 est
1190 1638 1323 1671 tamen
1343 1643 1466 1672 causa
1485 1638 1633 1671 remota
1652 1643 1802 1671 eorum.

185 1682 308 1728 Igitur
340 1681 569 1718 necessitati
603 1682 793 1718 scitorum
828 1682 1101 1728 contingentia
1132 1690 1214 1718 non
1244 1685 1450 1728 repugnat,
1478 1691 1567 1718 cum
1601 1681 1806 1728 contingat

185 1738 328 1766 causas
352 1729 610 1765 intermedias
632 1729 908 1775 contingentes
927 1738 1030 1765 esse.

230 1777 331 1819 Item,
354 1775 523 1812 scientia
545 1775 613 1811 Dei
634 1785 726 1812 vera
745 1784 825 1812 non
848 1779 952 1812 esset
972 1778 1010 1811 et
1029 1775 1214 1820 perfecta,
1235 1775 1269 1812 si
1291 1783 1372 1812 non
1393 1775 1468 1811 hoc
1490 1775 1610 1811 modo
1631 1784 1695 1812 res
1717 1784 1805 1811 eve·

185 1821 328 1866 nirent,
352 1822 456 1858 sicut
476 1823 580 1858 Deus
602 1831 669 1859 eas
690 1822 846 1858 evenire
868 1822 1088 1868 cognoscit.
1111 1824 1215 1858 Deus
1250 1825 1381 1858 autem
1414 1831 1501 1858 cum
1537 1822 1589 1858 sit
1621 1822 1805 1868 cognitor

184 1869 308 1906 totius
328 1878 417 1906 esse
438 1870 552 1914 cujus
572 1873 631 1905 est
651 1869 904 1914 principium,
927 1869 1134 1913 cognoscit
1155 1878 1478 1915 unumquemque
1502 1867 1699 1913 effectum,
1722 1877 1805 1904 non

186 1916 317 1953 solum
336 1916 378 1952 in
398 1924 454 1956 se,
477 1915 545 1952 sed
569 1915 686 1952 etiam
713 1916 754 1951 in
779 1916 918 1952 ordine
948 1916 996 1952 ad
1021 1915 1219 1962 quaslibet
1240 1925 1334 1953 suas
1358 1924 1515 1952 causas.
1539 1915 1642 1952 Ordo
1671 1918 1804 1952 autem

185 1962 501 2008 contingentium
522 1962 571 1999 ad
591 1971 686 2000 suas
707 1972 850 1999 causas
880 1962 1082 2008 proximas
1110 1966 1170 1999 est
1196 1966 1238 1999 ut
1267 1963 1544 2009 contingenter
1565 1972 1613 1999 ex
1633 1961 1692 1999 eis
1711 1971 1802 2008 pro-

184 2010 358 2046 veniant.
386 2009 600 2056 Cognoscit
631 2010 753 2056 igitur
786 2011 889 2046 Deus
922 2009 1055 2056 aliqua
1082 2010 1253 2053 evenire,
1276 2014 1313 2046 et
1333 2009 1610 2055 contingenter
1630 2009 1800 2045 evenire.

185 2056 388 2138 Sicltligitur
407 2056 550 2093 divinae
570 2055 747 2094 scientiae
767 2056 960 2093 certitudo
982 2060 1020 2093 et
1042 2056 1186 2093 veritas
1218 2065 1350 2093 rerum
1380 2056 1693 2103 contingentiam
1722 2064 1804 2093 non

186 2107 227 2140 to
263 2107 304 2139 lt.

234 2151 343 2186 Patet
362 2149 484 2196 igitur
503 2159 550 2186 ex
569 2149 700 2195 dictis,
722 2150 922 2196 quomodo
939 2150 1107 2196 obJectio
1129 2150 1399 2196 cognitionem
1421 2150 1739 2196 contingentium
1761 2149 1804 2186 in

185 2197 266 2233 Deo
288 2197 529 2242 impugnans
550 2196 603 2233 sit
622 2197 860 2243 repellenda.
883 2199 966 2234 Non
991 2197 1096 2233 enim
1127 2197 1394 2242 posteriorum
1415 2197 1580 2233 variatio
1600 2196 1803 2242 prioribus

184 2243 489 2280 variabilitatem
507 2243 673 2288 inducit,
695 2253 784 2280 cum
805 2244 1010 2290 contingat
1038 2254 1086 2280 ex
1117 2244 1251 2281 causis
1281 2243 1521 2280 necessariis
1551 2243 1691 2289 primis
1710 2242 1803 2279 effe-

186 2294 274 2328 ctus
302 2290 465 2327 ultimos
493 2290 769 2337 contingentes
800 2292 1021 2336 provenire.
1043 2293 1118 2327 Res
1145 2294 1276 2327 autem
1308 2300 1331 2326 a
1361 2292 1440 2327 Deo
1462 2290 1585 2333 scitae,
1607 2299 1689 2326 non
1710 2293 1806 2327 sunt

185 2337 340 2383 priores
361 2337 447 2382 ejus
468 2337 647 2377 scientia,
670 2337 774 2374 sicut
800 2338 903 2383 apud
934 2347 1008 2374 nos
1039 2341 1112 2381 θεῖ,
1135 2337 1204 2374 sed
1238 2341 1331 2374 sunt
1361 2347 1407 2373 ea
1437 2337 1694 2382 posteriores.
1716 2338 1804 2374 Non

186 2384 309 2431 igitur
338 2383 529 2430 sequitur,
557 2383 591 2420 si
623 2383 663 2420 id
695 2384 801 2430 quod
835 2388 895 2421 est
920 2394 943 2420 a
969 2386 1048 2420 Deo
1078 2384 1221 2421 scitum
1242 2384 1385 2420 variari
1414 2387 1557 2429 potest,
1579 2384 1686 2431 quod
1716 2383 1803 2429 ejus

187 2430 355 2468 scientia
385 2430 516 2477 possit
547 2430 650 2476 falli,
674 2431 735 2467 vel
768 2431 1108 2477 qualitercumque
1128 2431 1284 2467 variari.
1307 2431 1530 2468 Secundum
1551 2439 1802 2478 consequens

185 2478 309 2524 igitur
342 2478 585 2524 decipimur;
617 2477 687 2515 sed
708 2478 802 2525 quia
821 2482 959 2515 nostra
979 2478 1155 2524 cognitio
1177 2487 1308 2514 rerum
1330 2478 1579 2514 variabilium
1599 2477 1802 2514 variabilis

188 2528 260 2564 est,
281 2527 440 2570 propter
460 2525 535 2561 hoc
556 2524 598 2561 in
619 2526 728 2562 omni
746 2525 974 2572 cognitione
996 2526 1071 2562 hoc
1094 2526 1322 2562 necessario
1344 2525 1522 2562 accidere
1542 2527 1714 2570 putatur.

233 2573 386 2616 Rursus,
410 2580 499 2609 cum
519 2571 662 2608 dicitur
683 2584 691 2608 ε
713 2574 816 2609 Deus
837 2572 912 2609 scit
930 2571 992 2608 vel
1018 2572 1131 2609 scivit
1162 2572 1238 2609 hoc
1267 2572 1456 2616 futurum,
1478 2570 1652 2607 medium
1676 2569 1802 2617 quod·

187 2617 278 2655 dam
301 2618 491 2662 accipitur
510 2618 613 2655 inter
634 2618 807 2656 divinam
828 2619 1035 2656 scientiam
1057 2623 1094 2656 et
1121 2628 1203 2656 rem
1230 2619 1384 2664 scitam,
1408 2617 1561 2656 scilicet
1581 2620 1738 2663 tempus
1758 2617 1802 2654 in

188 2673 268 2712 quo
301 2668 361 2701 est
389 2664 551 2708 locuti0‚
571 2669 752 2711 respectu
779 2666 893 2712 cujus
923 2666 962 2702 id
995 2666 1100 2713 quod
1120 2676 1142 2703 a
1162 2668 1242 2703 Deo
1265 2666 1407 2703 scitum
1437 2663 1580 2701 dicitur
1607 2668 1667 2701 cst
1696 2664 1801 2701 futu·

187 2720 276 2749 rum
299 2719 410 2763 :non
431 2714 561 2763 autem
583 2715 642 2748 est
662 2712 837 2750 futurum
857 2717 1039 2759 respectu
1062 2713 1204 2750 divinae
1225 2712 1413 2751 scientiae,
1430 2719 1517 2758 quae
1536 2710 1576 2746 in
1598 2712 1801 2748 momento

188 2761 420 2796 aeternitatts
441 2760 615 2810 existens
635 2758 683 2795 ad
707 2760 841 2796 omnia
868 2760 1170 2806 praesentialiter
1189 2769 1232 2797 se
1252 2759 1394 2799 habet;
1412 2761 1594 2804 respectu
1615 2757 1743 2804 cujus,
1763 2757 1801 2795 si

189 2809 345 2851 tempus
372 2804 588 2841 locutionis
608 2804 656 2841 de
675 2806 806 2843 medio
827 2807 1094 2852 subtrahatur,
1121 2816 1202 2844 non
1222 2809 1282 2843 est
1300 2805 1429 2842 dicere
1455 2805 1530 2841 hoc
1553 2813 1642 2842 esse
1663 2803 1802 2851 cogni·

189 2855 288 2897 tum,
303 2851 417 2899 quasi
438 2859 519 2889 non
536 2851 684 2890 existet}
696 2861 725 2899 3,
743 2856 783 2892 ut
794 2853 924 2892 locum
941 2853 1261 2902 habeatquaestio
1273 2861 1351 2900 qua
1365 2852 1554 2900 quaeritur
1573 2855 1655 2890 :An
1671 2850 1801 2899 possit
