1894 3223
655 154 742 191 LlB.
771 154 800 197 1,
829 153 928 190 CAP.
956 153 1079 190 xcllt.
1628 155 1675 192 99

103 236 288 282 Amplius,
309 243 446 273 eorum
476 235 652 274 omnium
684 244 770 282 quse
793 245 813 272 a
835 236 913 273 Deo
935 236 972 271 in
1007 244 1096 272 esse
1126 235 1357 282 procedunt,
1389 234 1489 273 ratio
1516 235 1673 282 propria

55 283 99 322 in
120 283 254 320 divino
277 282 478 320 intellectu
499 285 573 325 est,
594 286 636 319 ut
656 291 775 328 supra
796 282 894 328 (cap.
916 282 973 327 82)
997 286 1202 319 ostensum
1223 285 1294 320 est.
1317 282 1429 319 Ratio
1466 287 1593 320 autem
1619 283 1673 319 rei

57 329 198 370 flendae
231 329 271 366 in
306 333 436 367 meme
471 328 651 366 facientis
681 337 745 365 ars
766 333 839 366 est.
864 329 969 365 Unde
993 329 1259 376 Philosophus
1281 329 1375 368 dicit
1395 329 1433 365 in
1457 333 1567 366 sexto
1588 329 1672 366 Eth.

56 377 158 424 (cap.
184 376 217 422 5)
239 376 344 460 (ἑυοᾱ
371 385 437 414 ars
457 380 517 414 est
552 379 657 413 recta
688 376 787 412 ratio
823 376 1069 412 factibilium.
1106 378 1170 413 Est
1202 377 1323 423 igitur
1354 377 1509 422 proprie
1542 386 1607 414 ars
1633 377 1673 413 in

57 425 152 468 Deo,
175 428 210 460 cl
231 424 241 460 i
273 433 320 460 eo
341 423 498 468 dicitur,
524 424 628 469 Sap„
649 432 723 466 vit,
743 425 783 459 21
811 435 820 458 ε
846 423 1011 459 Omnium
1032 425 1169 466 artifeae
1190 424 1310 460 docuit
1326 434 1379 460 me
1398 425 1589 469 sapientia.

103 472 201 510 Item,
223 470 355 507 divina
369 470 552 507 voluntas
565 470 604 506 in
622 470 683 506 his
699 479 785 516 qum
802 474 893 505 sunt
914 470 990 506 alia
1005 470 1051 506 ab
1067 471 1166 515 ipso,
1179 471 1460 508 determinatur
1480 471 1672 508 ad'unum

58 527 128 566 per
143 517 411 564 cognitionem
429 521 606 560 suam‚ut
619 517 844 563 supra(cap.
860 517 917 564 82)
934 521 1136 554 ostensum
1153 518 1417 564 est.Cognitio
1430 522 1559 554 autem
1573 517 1675 554 ordi-

58 574 160 602 nans
171 565 409 601 voluntatem
421 564 468 601 ad
479 564 673 611 agendum
687 564 1325 610 prudentiaest3quia.secundum
1338 564 1672 610 Philosophumin

57 616 170 651 sexto
182 612 267 650 Eth.
295 621 380 658 cap.
397 611 446 658 6),
462 611 668 658 prudentia
681 614 740 648 est
754 615 857 649 recta
868 612 967 648 ratio
983 611 1203 657 agibilium.
1218 613 1283 648 Est
1295 612 1414 658 igitur
1433 612 1471 648 in
1487 614 1565 650 Deo
1583 621 1673 658 pru-

56 659 214 752 trientia&
229 662 266 696 et
312 658 377 696 inc
409 662 468 696 est
500 658 605 706 quod
632 658 788 704 dicitur,
808 658 892 704 tob,
912 666 982 704 ΧΠ,
1003 661 1043 695 13
1065 671 1073 694 :
1096 658 1209 705 Apud
1226 659 1344 704 ipsum
1363 662 1414 694 est
1428 659 1627 704 prudentia
1643 661 1676 694 et

76 709 187 744 ortitu
216 718 247 743 ο.

105 754 250 800 Adhuc,
284 757 490 792 ostensum
519 757 580 791 est
609 762 728 800 supra
765 752 864 799 (cap.
898 753 958 799 83)
989 752 1094 800 quod
1128 761 1176 789 ex
1207 752 1283 789 hoc
1313 752 1418 799 quo‘d
1455 753 1558 789 Dens
1592 753 1675 789 vult

60 802 223 849 aliquid,
245 802 327 839 vult
345 802 413 838 illa
431 811 517 848 quie
537 801 790 848 requiruntur
807 800 854 837 ad
876 800 1019 845 ipsum.
1038 799 1149 844 Quod
1170 803 1300 835 autem
1323 799 1370 836 ad
1387 799 1668 845 perfectionem

60 849 230 896 alicujus
262 849 474 902 requiritur
501 852 560 885 est
589 848 762 885 debitum
804 847 1030 892 unicuique.
1068 848 1132 884 Est
1164 846 1284 891 igitur
1314 847 1354 882 in
1390 848 1468 883 Deo
1503 846 1671 892 justitia,

60 896 174 943 cujus
193 900 253 933 est
267 897 481 942 unrcuique
502 896 605 943 quod
625 904 742 932 suum
763 898 822 931 est
842 893 1091 931 distribuere.
1115 893 1222 930 Unde
1240 893 1281 930 in
1302 894 1366 931 Ps.
1388 901 1428 938 x,
1447 895 1483 939 8,
1498 893 1642 931 dicitur
1664 905 1672 929 ε

59 946 184 981 Iustus
203 944 386 984 Dominus,
408 945 441 978 et
454 942 641 988 justitiam
658 942 800 978 dilexit.

109 991 289 1036 Amplius,
312 989 415 1028 sicut
431 998 551 1035 supra
573 989 671 1034 (cap.
691 991 737 1025 74
757 992 795 1024 et
811 987 872 1034 75)
891 991 1097 1024 ostensum
1119 991 1192 1031 est,
1217 986 1309 1025 finis
1329 987 1494 1024 ultimus
1515 990 1674 1033 propter

61 1047 177 1087 quem
200 1039 304 1074 Deus
333 1036 416 1073 vult
436 1035 582 1078 omnia,
615 1035 724 1072 nullo
746 1035 863 1072 modo
882 1034 1074 1081 dependet
1095 1034 1142 1072 ab
1164 1035 1226 1072 his
1245 1044 1332 1081 quae
1356 1037 1450 1071 sunt
1469 1034 1516 1070 ad
1538 1033 1671 1075 finem,

62 1094 137 1123 nec
153 1087 344 1132 quantum
365 1082 414 1120 ad
434 1091 537 1126 esse,
559 1092 631 1119 nec
651 1085 841 1129 quantum
863 1081 910 1118 ad
932 1082 1213 1128 perfectionem
1238 1082 1411 1128 aliquam
1435 1092 1443 1117 :
1467 1080 1574 1132 unde·
1592 1089 1671 1133 non

61 1132 146 1170 vult
176 1129 294 1168 alicui
314 1138 429 1168 suam
465 1129 680 1167 bonitatem
714 1129 1008 1166 communicare
1029 1129 1075 1166 ad
1098 1129 1172 1166 boc
1195 1134 1235 1165 ut
1257 1129 1333 1165 sibi
1354 1127 1494 1166 exinde
1525 1127 1674 1173 aliquid

65 1181 278 1223 accrescat,
301 1176 371 1215 sed
391 1176 486 1225 quia
505 1176 634 1223 ipsum
673 1177 967 1214 communicare
1000 1180 1059 1213 est
1076 1176 1150 1214 sibi
1170 1176 1427 1220 conveniens,
1453 1174 1558 1212 sicut
1576 1174 1674 1226 tjonti

61 1225 268 1264 bonitatis.
312 1226 410 1262 Dare
450 1226 596 1268 autem,
640 1232 720 1262 non
752 1227 910 1270 propter
943 1223 1104 1270 aliquod
1143 1223 1396 1260 commodum
1430 1231 1478 1259 ex
1515 1221 1675 1258 datione

62 1276 324 1320 expectatum,
355 1270 423 1309 sed
457 1275 616 1318 propter
647 1271 773 1317 ipsam
809 1270 1025 1308 bonitatem
1062 1274 1100 1306 et
1136 1270 1452 1308 convenientiam
1487 1267 1674 1312 dationis,

63 1324 125 1358 est
145 1323 257 1357 actus
271 1318 585 1362 liberalitatis,ut
599 1322 703 1364 patet
715 1328 783 1364 per
799 1318 1083 1364 Philosophum
1099 1317 1137 1354 in
1152 1321 1291 1365 quarto
1304 1318 1387 1354 Eth.
1400 1315 1559 1363 (cap.6).
1573 1317 1676 1367 Dens

62 1367 186 1415 igitur
217 1369 277 1404 est
295 1366 465 1403 maxime
486 1365 674 1406 liberalis,
697 1369 746 1410 et,
770 1368 812 1402 ut
838 1365 1037 1404 Avicenna
1068 1365 1162 1402 dicit
1185 1365 1225 1411 (1.
1247 1374 1290 1409 11,
1313 1375 1346 1402 c.
1368 1366 1413 1401 28
1433 1368 1470 1400 et
1493 1363 1568 1415 29),
1591 1370 1676 1408 ipse

66 1414 180 1454 solus
201 1413 377 1452 liberalis
411 1413 568 1460 proprie
589 1413 665 1450 dici
686 1415 828 1458 potest.
851 1414 946 1450 Nam
969 1421 1086 1450 omne
1107 1412 1214 1450 aliud
1243 1421 1366 1459 agens
1385 1414 1526 1457 praeter
1545 1417 1674 1455 ipsum

65 1472 112 1499 ex
141 1470 215 1499 sua
243 1461 398 1499 actione
433 1460 580 1507 aliquid
612 1459 761 1497 bonum
789 1459 969 1506 acquirit,
1001 1459 1105 1505 quod
1138 1463 1198 1496 est
1225 1458 1318 1496 finis
1351 1459 1540 1496 intentus.
1571 1458 1677 1493 Hanc

67 1512 197 1546 autem
230 1507 315 1555 ejus
344 1507 616 1545 liberalitatem
647 1507 846 1552 Scriptura
862 1506 1036 1544 ostendit
1067 1506 1217 1551 dicens,
1239 1506 1278 1543 in
1300 1508 1362 1542 Ps.
1385 1514 1464 1549 0111,
1482 1506 1528 1542 28
1551 1516 1560 1537 :
1580 1504 1677 1548 Ape-

66 1558 180 1591 riente
199 1558 232 1591 te
250 1565 396 1590 manum
418 1558 530 1594 tuam,
558 1556 680 1589 omnia
711 1554 956 1598 implebuntur
988 1554 1166 1596 bonitate5
1189 1557 1227 1590 et
1243 1553 1393 1595 Jacob„
1413 1562 1427 1589 1
1455 1556 1475 1588 5
1495 1564 1502 1588 :
1525 1551 1595 1594 Qui
1613 1551 1678 1585 dat

67 1602 231 1639 omnibus
251 1602 450 1647 affluenter,
473 1604 506 1637 et
528 1611 598 1637 non
623 1602 856 1646 improperat.

114 1651 214 1693 Item,
238 1648 371 1686 omnia
400 1656 486 1701 quae
504 1657 526 1684 a
547 1649 626 1684 Deo
658 1656 746 1685 esse
767 1647 979 1694 accipiunt,
1013 1656 1177 1684 necesse
1197 1650 1258 1685 est
1277 1650 1319 1685 ut
1338 1646 1466 1692 ipsius
1495 1646 1678 1684 similitu-

69 1697 201 1734 dinem
234 1699 386 1743 gerant,
418 1704 459 1732 in
491 1697 822 1778 ffiiantum.sunt,
856 1698 893 1731 et
924 1694 1029 1731 bona
1049 1698 1155 1738 sunt,
1174 1698 1211 1731 et
1236 1694 1420 1740 ¹proprias
1441 1694 1617 1730 rationes
1636 1694 1676 1730 in

68 1743 202 1781 divino
220 1742 422 1780 intellectu
453 1741 489 1779 h‘
534 1745 611 1785 ent,
634 1744 676 1778 ut
707 1750 827 1787 supra
847 1740 946 1787 (cap.
969 1741 1026 1788 ’.4)
1047 1745 1253 1779 ostensum
1274 1745 1347 1779 est.
1370 1742 1450 1778 Hoc
1471 1745 1601 1777 autem
1628 1741 1677 1778 ad

66 1790 249 1827 virtutem
269 1789 446 1827 veritatis
464 1789 644 1834 pertinet,
658 1791 700 1825 ut
713 1798 782 1834 per
800 1788 1086 1834 Philosophum
1107 1788 1146 1825 in
1168 1792 1307 1835 quarto
1327 1789 1412 1824 Eth.
1436 1791 1552 1834 patet,
1575 1791 1616 1824 ut
1636 1788 1678 1824 in

69 1837 155 1876 suis
175 1836 289 1874 factis
309 1840 348 1873 et
363 1835 480 1873 dictis
500 1835 646 1881 aliquis
666 1835 783 1873 talem
805 1844 849 1873 se
869 1835 1052 1872 exhibeat
1069 1835 1198 1882 qualis
1216 1839 1289 1873 est.
1320 1837 1384 1873 Est
1403 1835 1524 1881 igitur
1543 1835 1583 1872 in
1598 1836 1678 1871 Deo

66 1883 243 1922 veritatis
272 1882 411 1928 virtus,
431 1881 536 1920 unde
555 1883 683 1928 Rom„
704 1890 762 1927 111,
784 1884 806 1919 6
826 1894 834 1919 :
854 1884 919 1920 Est
937 1885 1055 1918 autem
1073 1885 1166 1920 Deus
1185 1892 1317 1926 υεναως
1339 1886 1377 1919 et
1398 1881 1440 1918 in
1456 1884 1520 1920 Ps.
1541 1890 1677 1926 cxvm,

69 1933 131 1969 {51
159 1943 166 1968 :
190 1930 315 1967 Omnes
333 1931 402 1967 viae
420 1932 490 1966 tuae
507 1930 656 1966 veritas.

113 1977 151 2016 Si
172 1986 260 2025 quae
280 1980 411 2014 autem
443 1976 609 2015 virtutes
627 1980 734 2021 sunt,
755 1985 842 2023 quae
871 1976 918 2014 ad
940 1976 1094 2024 aliquas
1116 1976 1294 2014 actiones
1321 1976 1568 2022 ordinantur,
1590 1985 1678 2029 quae

72 2027 169 2063 sunt
183 2023 451 2077 subjectorum
481 2023 530 2061 ad
556 2024 775 2070 superiora,
795 2023 889 2060 talia
903 2025 983 2061 Deo
1015 2023 1229 2061 convenire
1258 2032 1338 2060 non
1371 2027 1553 2069 possunt,
1576 2027 1681 2062 sicut

67 2071 309 2115 obedientia,
328 2070 456 2115 latria,
475 2070 538 2108 vel
558 2070 707 2118 aliquid
728 2070 971 2116 hujusmodi,
994 2070 1099 2117 quod
1119 2070 1314 2117 superiori
1334 2070 1509 2107 debetur.

117 2118 156 2156 Si
177 2117 293 2154 etiam
315 2117 536 2164 aliquarum
558 2126 606 2154 ex
625 2117 823 2163 praedictis
841 2117 1052 2155 virtutibus
1073 2117 1153 2155 sint
1171 2117 1292 2164 aliqui
1313 2116 1530 2163 imperfecti
1552 2120 1677 2163 actus,

69 2164 291 2203 secundum
311 2163 419 2207 illos,
440 2165 520 2201 Deo
539 2164 698 2202 attribui
721 2165 833 2202 dictae
856 2165 1022 2202 virtutes
1043 2173 1122 2202 non
1144 2168 1327 2210 possunt,
1349 2165 1453 2202 sicut
1472 2163 1679 2210 prudentia

69 2214 259 2258 quantum
279 2210 327 2248 ad
345 2215 475 2248 actum
506 2210 606 2248 bene
627 2211 880 2256 consiliandi,
915 2213 994 2249 Deo
1021 2220 1099 2250 non
1121 2211 1320 2257 competit.
1341 2213 1434 2249 Cum
1460 2211 1566 2248 enim
1584 2221 1679 2248 con·

67 2257 217 2310 silium·
234 2257 287 2296 sit
312 2257 491 2305 quaedam
512 2259 694 2305 quaestio,
717 2262 759 2295 ut
778 2258 922 2296 dicitur
941 2261 1053 2296 sexto
1073 2259 1158 2296 Eth.
1179 2259 1278 2305 (cap.
1299 2258 1373 2306 40),
1389 2258 1524 2295 divina
1547 2262 1677 2296 autem

68 2305 247 2357 cognitio
268 2313 348 2344 non
368 2304 420 2343 sit
441 2305 685 2352 inquisitiva,
705 2309 747 2342 ut
772 2314 893 2352 supra
911 2309 1118 2344 ostensum
1139 2309 1213 2348 est,
1235 2314 1316 2343 non
1336 2308 1466 2351 potest
1485 2305 1560 2341 sibi
1589 2314 1680 2342 con-

64 2351 193 2388 sulari
215 2359 304 2390 esse
332 2352 589 2389 conveniens.
620 2351 727 2389 Unde
746 2352 832 2396 lob,
849 2360 960 2396 xxvi,
979 2355 1000 2389 3
1020 2365 1029 2390 ε
1051 2353 1117 2390 Cui
1138 2352 1272 2389 dedisti
1284 2353 1502 2389 consitium?
1520 2353 1678 2395 forsitan

63 2399 100 2435 α’
122 2399 276 2444 quinon
293 2397 399 2434 habet
430 2399 707 2444 intelligentiam
723 2400 742 2435 ?
761 2401 804 2436 Et
824 2401 914 2443 lsa.‚
932 2407 993 2440 XL,
1017 2402 1061 2437 14
1082 2412 1090 2435 :
1114 2399 1200 2436 Cum
1222 2409 1292 2444 quo
1309 2400 1396 2434 iniit
1422 2399 1622 2438 consilium,
1646 2401 1679 2434 et

67 2445 250 2481 instruaeii
268 2445 379 2481 eum?
394 2445 616 2483 seeundum
646 2448 776 2484 autem
809 2449 939 2483 actum
960 2446 1072 2483 illum
1093 2446 1160 2492 qui
1182 2449 1242 2483 est
1262 2445 1309 2482 de
1334 2444 1556 2482 consiliatis
1573 2444 1678 2491 judi·

70 2500 160 2528 care
186 2496 222 2528 et
247 2490 461 2537 approbata
480 2491 639 2538 eligere,
664 2492 764 2530 nihil
784 2492 967 2538 prohibet
985 2492 1232 2538 prudentiam
1250 2492 1297 2528 de
1317 2492 1396 2528 Deo
1417 2491 1508 2529 dici.
1530 2492 1680 2529 Dicitur

70 2541 203 2576 tamen
233 2537 431 2575 interdum
462 2538 676 2575 consilium
706 2539 753 2576 de
773 2540 867 2582 Deo,
896 2539 956 2576 vel
984 2542 1144 2585 propter
1173 2538 1477 2575 similitudinem
1509 2539 1678 2576 occulta·

66 2584 209 2630 tionis,
231 2593 321 2622 nam
344 2584 514 2622 consilia
533 2585 686 2622 occulte
706 2590 878 2633 aguntur
899 2597 907 2622 :
929 2585 1034 2623 unde
1052 2584 1158 2632 quod
1178 2588 1240 2622 est
1262 2585 1304 2622 in
1330 2584 1464 2623 divina
1483 2585 1679 2631 sapientia

64 2631 279 2676 occultum,
315 2641 385 2678 per
415 2631 718 2669 similitudinem
756 2632 972 2669 consilium
1006 2631 1163 2675 dicitur,
1191 2635 1235 2669 ut
1263 2635 1370 2679 patet
1400 2634 1492 2675 Isa.‚
1523 2640 1620 2677 xxv,
1643 2636 1679 2677 1,

66 2678 286 2717 secundum
324 2677 442 2715 aliam
486 2679 655 2715 litteram
679 2690 686 2714 :
710 2678 905 2716 Consilium
931 2681 1033 2714 tuum
1062 2680 1252 2724 antiquum
1279 2689 1403 2716 verum
1421 2681 1514 2724 fiat‚·
1548 2679 1608 2716 vel
1636 2679 1676 2716 in

65 2729 258 2778 quantum
287 2725 593 2763 consulentibus
625 2724 812 2770 satisfiat3
842 2729 904 2762 est
922 2725 1027 2763 enim
1058 2725 1177 2763 etiam
1211 2726 1300 2763 sine
1325 2725 1511 2764 discursu
1531 2726 1677 2763 intelli-

69 2775 200 2818 gentis
220 2772 416 2809 instruere
437 2772 695 2818 inquirentes.

117 2818 306 2856 Similiter
333 2819 450 2856 etiam
481 2818 649 2866 Justitia,
671 2820 862 2865 quantum
883 2818 931 2856 ad
960 2817 1285 2857 commutationis
1305 2823 1450 2864 actum,
1472 2821 1551 2857 Deo
1569 2829 1676 2857 com-

65 2867 197 2910 petere
234 2874 314 2903 non
335 2869 478 2911 potest,
497 2875 586 2903 cum
606 2866 692 2910 ipse
716 2874 739 2902 a
758 2864 870 2902 nullo
889 2865 1038 2912 aliquid
1058 2865 1238 2912 accipiat.
1260 2866 1368 2903 Unde
1388 2868 1515 2910 Rom„
1530 2875 1585 2910 xr,
1605 2870 1649 2903 35
1666 2879 1674 2903 ε

65 2909 154 2954 Quis
169 2912 274 2957 prior
299 2912 486 2959 dedititii,
505 2914 539 2949 et
555 2912 773 2949 retribuetur
789 2912 852 2948 ei?
870 2914 908 2950 et
932 2911 1020 2958 lob,
1049 2919 1144 2960 XL,1
1161 2914 1185 2951 2
1205 2924 1216 2951 2
1244 2912 1332 2959 Quis
1351 2916 1435 2952 ante
1454 2913 1555 2951 dedii
1571 2914 1675 2963 mihi,
