1894 3223
592 97 680 133 LIB.
708 98 754 142 11,
783 97 883 133 CAP.
912 98 1083 134 LXXXIX.
1583 103 1648 137 237

24 176 112 225 pori
133 180 178 215 ut
198 176 339 221 forma,
361 184 442 214 non
465 176 601 214 unitur
621 176 698 213 nisi
721 177 878 222 corpori
900 177 1014 224 cujus
1033 181 1094 215 est
1113 177 1270 225 proprie
1292 180 1418 215 actus.
1442 179 1651 217 Estautem

26 224 161 262 anima
191 226 304 261 actus
334 223 514 270 corporis
543 223 738 270 organici.
760 225 844 260 Non
865 228 926 261 est
946 225 1067 271 igitur
1086 228 1176 262 ante
1201 225 1540 272 organizationem
1570 235 1653 263 cor-

23 271 135 318 poris
168 271 211 308 in
237 270 390 308 semine
424 271 558 308 anima
580 274 684 314 actu,
703 270 772 308 sed
794 271 924 308 solum
946 272 1123 318 potentia
1143 272 1226 310 sive
1245 272 1402 310 virtute.
1425 273 1532 310 Unde
1549 274 1654 311 Aris-

23 318 167 356 toteles
188 317 284 356 dicit
304 317 370 364 (De
389 319 526 363 anima,
546 327 589 364 11,
611 321 704 355 text.
726 326 873 355 comm.
890 319 947 365 30)
970 319 1076 365 quod
1097 327 1234 357 semen
1255 323 1293 357 et
1313 320 1464 358 fructus
1486 320 1543 357 sic
1559 324 1653 358 sunt

25 365 204 412 potentia
233 365 354 403 vitam
385 365 574 403 habentia
607 364 714 412 quod
741 365 934 412 abjiciunt
964 366 1152 411 animam,
1183 366 1223 404 id
1256 370 1317 404 est
1348 367 1482 404 anima
1502 371 1650 413 carent,

24 422 146 459 quum
176 416 307 449 tamen
344 411 384 449 id
414 412 528 459 cujus
562 414 697 450 anima
728 416 788 449 est
818 416 930 450 actus
958 413 1010 449 sit
1044 414 1219 459 potentia
1237 414 1356 451 vitam
1381 414 1547 459 habens,
1570 424 1650 452 non

24 464 156 497 tamen
179 459 374 506 abjiciens
395 459 583 497 animam.
605 461 842 505 sequeretur
861 460 994 500 etiam,
1014 461 1048 497 si
1070 470 1093 498 a
1110 461 1306 507 principio
1327 461 1462 499 anima
1482 466 1588 499 esset
1608 463 1649 499 in

25 507 194 552 semine,
226 506 333 553 quod
354 507 559 554 generatio
580 506 767 544 animalis
788 510 896 544 esset
926 507 1056 544 solum
1078 517 1147 554 per
1166 508 1426 554 decisionem,
1449 509 1552 547 sicut
1574 512 1649 555 est,

24 554 66 591 in
89 553 333 592 animalibus
353 554 580 599 annulosis,
602 555 707 601 quod
729 564 776 591 ex
795 563 875 591 uno
895 553 995 591 fiunt
1019 555 1112 592 duo.
1141 556 1282 592 Semen
1304 555 1424 600 enim,
1448 557 1496 601 si,
1516 557 1650 594 statim

26 610 149 648 quum
170 604 232 638 est
248 600 442 642 decisum,
464 601 636 639 animam
662 601 836 645 liaberet,
854 601 935 648 jam
956 601 1117 639 liaberet
1140 603 1307 640 sormam
1329 602 1648 647 substantialem.

25 648 164 686 Omnis
195 652 327 686 autem
364 649 568 695 generatio
602 648 880 686 substantialis
913 649 1098 695 praecedit
1129 649 1295 686 sormam
1330 649 1648 696 substantialem,

25 704 106 733 non
128 704 216 733 eam
238 695 419 742 sequitur
437 708 446 740 ;
467 696 502 733 si
521 706 609 743 quai
634 705 727 733 vero
751 697 1107 734 transmutationes
1141 696 1310 734 sormam
1345 698 1650 735 substantialem

26 746 264 790 sequuntur,
286 751 367 780 non
389 743 625 780 ordinantur
644 743 692 780 ad
713 752 803 780 esse
823 743 1014 789 generati,
1034 743 1104 781 sed
1123 742 1171 780 ab
1191 744 1292 781 bene
1313 752 1403 781 esse
1424 744 1565 790 ipsius.
1588 746 1650 782 Sic

26 790 150 836 igitur
169 790 374 836 generatio
395 790 581 827 animalis
603 790 869 836 compleretur
887 791 929 826 in
953 790 1041 836 ipsa
1061 790 1266 828 decisione
1289 791 1456 828 seminis
1475 803 1483 836 ;
1508 800 1649 830 omnes

25 840 157 874 autem
180 838 536 875 transmutationes
555 841 768 884 sequentes
790 841 926 875 essent
942 837 991 874 ad
1011 837 1310 884 generationem
1332 838 1647 884 impertinentes.

25 884 101 921 Sed
136 883 266 921 adhuc
301 885 431 930 magis
451 888 511 921 est
534 885 761 929 ridiculum,
780 884 815 922 si
837 884 913 921 hoc
936 884 983 921 de
1004 885 1138 922 anima
1158 885 1344 923 rationali
1366 885 1543 923 dicatur:
1566 890 1650 924 tum

24 931 119 977 quia
137 931 387 977 impossibile
408 935 468 968 est
488 935 531 969 ut
549 931 746 969 dividatur
768 931 988 969 secundum
1020 932 1260 970 divisionem
1281 933 1475 979 corporis,
1497 933 1547 970 ad
1573 933 1650 971 hoc

24 982 69 1015 ut
100 979 142 1015 in
174 978 311 1016 deciso
343 979 497 1016 semine
530 982 637 1016 esset
666 979 820 1025 possit;
854 982 937 1016 tum
968 979 1061 1026 quia
1094 983 1327 1025 sequeretur
1346 980 1465 1027 quod,
1490 981 1531 1017 in
1566 989 1650 1017 om-

25 1025 144 1063 nibus
165 1025 456 1072 pollutionibus
472 1035 516 1062 ex
539 1025 684 1072 quibus
705 1029 922 1072 conceptus
943 1035 1024 1063 non
1042 1027 1235 1074 sequitur,
1252 1027 1517 1065 nihilominus
1537 1028 1651 1065 ratio-

22 1072 138 1110 nales
158 1073 301 1110 animae
322 1072 694 1119 multiplicarentur.

71 1121 205 1167 Neque
226 1120 344 1157 etiam
378 1119 456 1157 dici
488 1123 620 1166 potest
650 1120 771 1167 (quod
792 1120 952 1167 quidam
984 1119 1133 1168 dicunt)
1161 1122 1236 1158 etsi
1268 1131 1291 1158 a
1310 1122 1506 1168 principio
1544 1122 1650 1160 deci-

24 1166 154 1205 sionis
183 1167 226 1204 in
255 1166 408 1204 semine
444 1176 524 1204 non
556 1167 608 1204 sit
640 1167 774 1204 anima
793 1171 898 1212 actu,
921 1167 990 1204 sed
1009 1168 1166 1213 virtute,
1189 1172 1361 1215 propter,
1384 1169 1649 1207 deficientiam

24 1222 282 1261 organorum,
311 1217 444 1251 tamen
477 1215 688 1261 ipsammet
703 1215 885 1251 virtutem
906 1214 1087 1260 seminis,
1109 1216 1216 1263 quod
1237 1221 1296 1253 est
1317 1226 1463 1263 corpus
1489 1217 1650 1264 organi-

23 1261 164 1306 zabile,
201 1261 276 1299 etsi
311 1270 391 1299 non
426 1262 713 1309 organizatum,
749 1271 838 1299 esse
871 1263 1221 1308 proportionaliter
1247 1264 1391 1301 semini
1414 1264 1585 1301 animam
1608 1264 1651 1301 in

23 1308 215 1356 potentia,
251 1308 321 1346 sed
354 1317 434 1346 non
471 1312 560 1346 actu
579 1321 587 1353 ;
622 1312 672 1355 et,
705 1309 799 1356 quia
827 1309 906 1346 vita
937 1309 1081 1355 plantae
1107 1311 1297 1358 pauciora
1317 1311 1483 1358 requirit
1500 1320 1651 1358 organa

25 1364 144 1403 quam
178 1355 260 1394 vita
290 1355 492 1401 animalis,
522 1356 651 1403 primo
682 1357 835 1394 semine
853 1356 1099 1394 sufficienter
1118 1358 1167 1395 ad
1187 1359 1307 1395 vitam
1328 1358 1473 1405 plantae
1494 1359 1651 1405 organi-

25 1406 126 1447 zato,
148 1402 276 1449 ipsam
296 1403 522 1449 praedictam
543 1403 727 1440 virtutem
750 1403 833 1440 fieri
855 1405 1028 1441 animam
1048 1405 1334 1452 vegetabilem3
1357 1405 1514 1451 deinde,
1538 1415 1652 1453 orga-

25 1450 90 1487 nis
110 1449 240 1495 magis
259 1450 445 1496 perfectis
465 1454 501 1487 et
529 1450 816 1496 multiplicatis,
839 1451 1018 1488 eamdem
1052 1453 1212 1497 perduci
1234 1457 1277 1489 ut
1295 1453 1348 1490 sit
1364 1453 1498 1490 anima
1519 1452 1648 1490 sensi-

24 1497 129 1541 tiva3
161 1496 330 1534 ulterius
362 1500 508 1541 autem,
542 1498 670 1534 forma
689 1506 931 1545 organorum
951 1498 1137 1543 perfecta,
1157 1500 1335 1537 eamdem
1366 1500 1539 1537 animam
1562 1499 1648 1537 fieri

24 1543 276 1588 rationalem,
311 1552 390 1581 non
424 1543 584 1591 quidem
614 1554 683 1590 per
711 1545 908 1582 actionem
938 1545 1096 1583 virtutis
1129 1547 1311 1591 seminis,
1337 1547 1407 1584 sed
1428 1557 1476 1584 ex
1494 1546 1648 1584 influxu

25 1590 235 1628 exterioris
264 1591 447 1638 agentis;
476 1595 635 1638 propter
654 1591 761 1638 quod
790 1592 1045 1638 suspicantur
1063 1593 1315 1631 Aristotelem
1336 1593 1487 1632 dixisse
1510 1594 1572 1641 (De
1592 1604 1650 1639 99-

23 1641 142 1675 nerat.
163 1638 295 1685 anim.)
328 1638 571 1676 intellectum
596 1638 644 1675 ab
665 1639 888 1676 extrinseco
910 1648 1013 1676 esse.
1037 1640 1261 1678 Secundum
1289 1641 1394 1678 enim
1416 1642 1518 1678 hanc
1542 1641 1648 1687 posi-

24 1686 189 1730 tionem,
222 1688 455 1732 sequeretur
484 1685 591 1732 quod
611 1686 746 1732 aliqua
764 1686 890 1723 virtus
910 1687 1048 1723 eadem
1069 1697 1236 1726 numero
1257 1697 1363 1726 nunc
1386 1693 1492 1726 esset
1513 1689 1648 1725 anima

24 1731 260 1780 vegetabilis
279 1735 434 1769 tantum
454 1735 492 1769 et
511 1733 766 1778 postmodum
782 1734 916 1770 anima
936 1734 1142 1780 sensitiva,
1163 1739 1200 1772 et
1221 1736 1279 1772 sic
1300 1735 1388 1781 ipsa
1410 1736 1536 1773 forma
1557 1736 1647 1772 sub-

25 1778 225 1817 stantialis
252 1779 442 1817 continue
474 1780 603 1826 magis
631 1789 677 1817 ac
703 1780 832 1826 magis
856 1780 1133 1827 perficeretur;
1157 1786 1194 1819 et
1226 1783 1394 1820 ulterius
1415 1786 1648 1830 sequeretur

24 1826 132 1873 quod
149 1834 231 1863 non
245 1826 381 1871 simul,
403 1826 474 1864 sed
488 1827 729 1873 successive,
746 1828 980 1865 educeretur
999 1828 1127 1867 forma
1145 1829 1423 1868 substantialis
1445 1830 1492 1867 de
1507 1833 1646 1876 poten-

23 1874 79 1911 tia
98 1874 140 1911 in
159 1877 291 1912 actum
309 1885 319 1918 ;
341 1876 378 1911 et
395 1873 564 1912 ulterius
591 1874 698 1922 quod
730 1875 934 1922 generatio
955 1880 1062 1913 esset
1082 1880 1216 1915 motus
1235 1877 1467 1923 continuus,
1486 1878 1591 1915 sicut
1611 1880 1650 1915 et

24 1920 228 1966 alterati03
250 1930 339 1968 quae
358 1920 495 1959 omnia
513 1925 608 1958 sunt
627 1921 894 1968 impossibilia
912 1922 954 1959 in
975 1927 1129 1962 natura.

70 1969 309 2015 Sequeretur
336 1968 456 2005 etiam
488 1969 619 2006 adhuc
648 1969 778 2016 maJ‘us
810 1970 1111 2016 inconveniens,
1133 1972 1289 2010 scilicet
1307 1972 1412 2019 quod
1441 1972 1575 2009 anima
1590 1981 1649 2010 ra-

24 2015 189 2052 tionalis
209 2018 317 2053 esset
337 2014 530 2054 mortalis.
550 2015 656 2053 Nihil
677 2017 783 2053 enim
805 2017 1025 2055 formaliter
1043 2019 1162 2056 alicui
1183 2019 1240 2057 rei
1259 2019 1507 2066 corruptibili
1530 2020 1646 2056 adve-

23 2062 142 2099 niens
172 2061 271 2114 facit
298 2062 430 2108 ipsum
464 2071 554 2100 esse
586 2063 888 2110 incorruptibile
917 2074 987 2111 per
1019 2071 1226 2111 naturam3
1259 2067 1360 2104 alias
1390 2067 1647 2113 corruptibile

24 2112 246 2148 mutaretur
261 2117 303 2146 in
323 2109 624 2156 incorruptibile
641 2122 650 2155 3
669 2111 774 2158 quod
795 2115 856 2148 est
874 2112 1139 2159 impossibile,
1161 2123 1284 2160 quum
1304 2113 1490 2152 differant
1509 2123 1649 2152 secun-

23 2156 118 2193 dum
149 2165 290 2203 genus,
320 2159 364 2194 ut
393 2156 539 2209 dicitur
572 2157 612 2194 in
634 2158 788 2195 decimo
808 2160 1134 2205 Metaphysicorum
1155 2161 1262 2208 (text.
1290 2171 1434 2199 comm.
1452 2161 1527 2208 26).
1549 2161 1647 2198 Sub-

23 2203 172 2241 stantia
187 2206 318 2241 autem
339 2212 483 2257 animae
503 2204 723 2250 sensibilis,
741 2215 862 2252 quum
883 2211 1055 2252 ponatur
1071 2217 1159 2245 esse
1177 2218 1246 2254 per
1259 2209 1444 2247 accidens
1459 2211 1648 2256 generata

23 2259 48 2288 a
67 2259 233 2296 corpore
251 2254 439 2297 generato
456 2259 497 2287 in
519 2260 710 2297 processu
730 2253 932 2298 praedicto,
955 2253 1003 2291 de
1024 2255 1262 2292 necessitate
1283 2260 1344 2294 est
1374 2254 1646 2301 corruptibilis

23 2296 74 2349 ad
89 2298 386 2349 corruptionem
405 2297 600 2345 corporis.
613 2299 653 2336 Si
671 2299 972 2346 igituripsamet
991 2301 1044 2339 sit
1063 2302 1285 2344 rationalis,
1302 2303 1474 2350 quodam
1496 2301 1646 2339 lumine

22 2346 268 2381 intrinsecus
292 2343 470 2396 inducto,
502 2345 609 2392 quod
630 2345 851 2384 formaliter
870 2355 914 2384 se
943 2348 1061 2385 habet
1080 2349 1129 2386 ad
1149 2349 1277 2395 ipsam
1298 2349 1375 2396 (est
1394 2349 1501 2386 enim
1522 2348 1648 2386 sensi-

21 2390 148 2443 tivum
176 2393 354 2437 potentia
385 2390 700 2439 intellectivum),
731 2393 779 2430 de
799 2394 1038 2432 necessitate
1057 2396 1237 2442 sequitur
1253 2397 1359 2443 quod
1377 2396 1510 2434 anima
1527 2395 1646 2433 ratio-

22 2437 142 2482 nalis,
172 2446 339 2484 corpore
356 2441 558 2485 corrupto,
593 2440 886 2486 corrumpitur3
917 2441 1024 2488 quod
1058 2446 1118 2480 est
1147 2442 1412 2489 impossibile,
1445 2446 1490 2481 ut
1527 2452 1648 2489 supra

22 2483 73 2531 (c.
94 2484 156 2531 79)
176 2484 383 2531 probatum
406 2488 467 2522 est
484 2489 522 2522 et
541 2485 639 2523 fides
657 2487 854 2524 catholica
873 2487 1001 2525 docet.

69 2532 158 2569 Non
188 2531 311 2578 igitur
340 2531 512 2578 ipsamet
538 2532 664 2570 virtus
685 2543 772 2579 quae
789 2543 878 2570 cum
901 2535 1054 2572 semine
1075 2534 1270 2574 deciditur
1289 2540 1328 2574 et
1344 2536 1489 2574 dicitur
1507 2537 1648 2575 sorma-

20 2577 115 2622 tiva,
134 2581 196 2616 est
214 2578 350 2616 anima
369 2587 498 2626 neque
518 2579 560 2615 in
580 2588 772 2625 processu
792 2582 1064 2626 generationis
1081 2582 1123 2618 fit
1139 2583 1294 2629 anima3
1313 2584 1397 2630 sed,
1416 2594 1537 2631 quum
1558 2585 1646 2632 ipsa

21 2623 223 2672 fundetur,
253 2625 359 2664 sicut
382 2625 425 2663 in
446 2626 605 2672 proprio
637 2626 831 2673 subjectO,
854 2627 894 2663 in
916 2628 1059 2674 spiritu
1080 2629 1194 2676 cujus
1215 2634 1276 2669 est
1296 2640 1430 2669 semen
1454 2634 1647 2670 contenti-

21 2678 114 2724 vum
145 2672 250 2710 sicut
282 2672 482 2720 quoddam
519 2682 769 2719 spumosum,
801 2679 987 2720 operatur
1007 2675 1285 2715 formationem
1306 2679 1500 2725 corporis,
1529 2684 1647 2727 prout

21 2721 181 2771 aglaex
210 2719 249 2756 vi
282 2720 426 2758 animae
456 2721 580 2767 patris
600 2721 665 2757 cui
686 2721 914 2758 attribuitur
934 2723 1138 2769 generatio
1172 2725 1276 2762 sicut
1296 2726 1504 2772 principali
1526 2737 1646 2774 gene-

21 2768 140 2810 rann,
159 2774 240 2803 non
258 2775 306 2804 ex
321 2767 359 2804 vi
378 2767 522 2804 animae
544 2768 740 2813 concepti,
763 2768 881 2805 etiam
900 2773 1111 2817 postquam
1133 2772 1267 2809 anima
1286 2773 1392 2810 inest
1409 2785 1418 2818 ;
1440 2783 1521 2810 non
1539 2775 1645 2812 enim

21 2815 259 2864 conceptum
285 2818 456 2866 ⁸generat
488 2814 679 2860 seipsum,
704 2814 772 2851 sed
797 2819 1009 2861 generatur
1028 2826 1051 2853 a
1071 2821 1193 2863 patre.
1216 2821 1258 2855 Et
1281 2820 1356 2857 hoc
1375 2824 1481 2866 patet
1497 2821 1646 2858 discur-

22 2860 126 2895 renti
157 2867 229 2905 per
259 2861 442 2908 singulas
472 2861 638 2901 virtutes
676 2861 832 2900 animae.
868 2864 954 2901 Non
988 2864 1093 2901 enim
1130 2869 1261 2911 potest
1297 2867 1457 2906 attribui
1501 2869 1644 2905 animae
