1894 3223
727 142 816 180 LIB.
841 142 892 187 ΙΙ,
918 142 1020 179 CAP.
1047 141 1116 179 LV.
1664 145 1724 180 171

110 225 228 264 sectio
276 223 548 271 intelligentis.
582 221 810 260 Substantia
848 223 970 270 igitur
1012 223 1240 270 intelligens
1293 226 1353 260 est
1396 223 1726 275 incorruptibilis.

156 273 345 311 Praeterea,
369 271 474 308 sicut
492 270 683 308 sensibile
704 274 764 307 est
790 270 987 316 objectum
1019 279 1178 314 sensus,
1198 271 1252 307 ita
1272 269 1521 316 intelligibile
1543 274 1603 306 est
1621 270 1727 315 obje-

109 323 216 357 ctum
239 318 478 355 intellectus.
495 318 645 355 Sensus
666 321 794 354 autem
818 317 976 369 propria
996 318 1248 363 corruptione
1271 326 1349 354 non
1363 317 1630 362 corrumpitur
1651 317 1728 355 nisi

110 369 270 413 propter
290 364 562 402 excellentiam
584 364 646 401 sui
670 364 811 410 objecti
831 376 839 407 ;
872 368 974 401 sicut
995 365 1105 401 visus
1134 374 1155 400 a
1176 364 1287 401 valde
1309 364 1474 411 fulgidis
1504 368 1541 400 ct
1569 363 1728 401 auditus

110 422 136 450 a
156 412 325 450 fortibus
354 411 481 456 sonis,
514 415 553 448 et
583 411 641 448 sic
671 411 718 447 de
751 411 854 447 aliis.
891 411 983 447 Dico
1016 415 1144 448 autem
1169 411 1327 457 propria
1347 411 1614 457 corruptione,
1636 412 1732 458 quia

112 468 258 497 sensus
287 458 553 505 corrumpitur
577 458 693 494 etiam
725 467 793 503 per
825 458 1010 494 accidens
1040 461 1198 504 propter
1218 458 1511 504 corruptionem
1534 458 1728 503 subjecti;

110 506 179 554 qui
199 510 332 543 tamen
353 505 496 543 modus
515 505 783 551 corruptionis
805 514 883 541 non
906 509 1035 551 potest
1066 505 1243 542 accidere
1277 505 1508 550 intellectui,
1532 515 1619 542 cum
1650 513 1729 541 non

112 554 164 591 sit
186 556 298 590 actus
317 552 496 598 corporis
513 551 650 595 ullius,
672 552 783 599 quasi
805 562 826 588 a
847 561 1011 597 corpore
1040 552 1280 597 dependens,
1303 555 1343 588 ut
1373 561 1491 597 supra
1522 556 1729 589 ostensum

112 604 186 638 est.
208 601 317 637 Patet
335 604 466 636 autem
488 599 592 646 quod
615 609 686 635 ncc
707 600 972 645 corrumpitur
990 609 1056 644 per
1075 599 1347 636 excellentiam
1373 600 1434 636 sui
1458 598 1613 645 objecti,
1635 599 1729 645 quia

112 647 180 694 qui
202 646 388 694 intelligit
403 646 514 683 valde
532 646 813 692 intelligibilia,
834 655 912 683 uon
940 646 1073 683 minus
1093 646 1278 691 iutelligit
1297 645 1726 692 minusintelligibilia,

113 694 184 732 sed
206 694 348 739 magis.
369 693 597 730 Intellectus
615 693 737 740 igitur
757 694 867 729 nullo
890 694 1007 729 niodo
1029 696 1089 729 est
1114 693 1396 738 corruptibilis.

161 742 338 788 Amplius,
361 740 612 786 intelligibile
633 743 691 777 est
712 741 870 787 propria
890 740 1078 786 perfectio
1100 739 1351 782 intellectus;
1375 740 1479 776 unde
1501 739 1727 778 intellectus

114 789 156 825 in
177 793 265 825 actu
286 791 324 825 et
343 787 593 835 intelligibile
624 787 666 824 in
701 792 790 824 actu
820 791 912 824 sunt
933 796 1070 823 unum.
1094 785 1205 830 Quod
1234 786 1353 831 igitur
1384 786 1569 823 convenit
1590 787 1732 825 intelli-

115 835 241 881 gibili,
259 835 301 872 in
318 839 507 882 quantum
523 838 582 872 est
598 834 861 881 intelligibile,
881 836 1033 879 oportet
1058 833 1269 869 convenire
1292 833 1523 876 intellectui,
1545 834 1585 869 in
1608 844 1730 881 quan-

115 886 198 919 tum
226 882 453 929 hujusmodi
472 893 480 925 ;
506 882 599 928 quia
620 881 807 927 perfectio
823 884 860 917 et
881 880 1123 926 perfectibile
1144 884 1237 916 sunt
1258 880 1376 917 unius
1392 881 1563 926 generis.
1588 882 1731 918 Intelli-

117 929 236 974 gibile
257 932 402 973 autem,
424 929 464 964 in
487 932 675 975 quantum
696 931 756 965 est
774 927 1036 972 intelligibile,
1059 930 1119 964 est
1137 928 1405 963 necessarium
1432 931 1469 963 et
1489 927 1728 974 incorrupti-

115 965 193 1013 bile
215 987 224 1021 ;
247 975 474 1013 necessaria
495 975 600 1012 enim
620 974 790 1020 perfecte
811 979 903 1011 sunt
920 974 1119 1010 intellectu
1136 974 1444 1020 cognoscibilia;
1459 975 1732 1021 contingentia

116 1032 221 1063 vero,
244 1023 285 1059 in
313 1025 503 1069 quantum
527 1021 768 1067 hujusmodi,
792 1030 872 1058 non
894 1021 971 1057 nisi
1000 1020 1240 1057 deficienter.
1275 1021 1446 1058 liabetur
1470 1022 1574 1058 enim
1597 1022 1644 1058 de
1671 1023 1730 1060 eis

115 1079 197 1107 non
229 1069 409 1112 scientia,
432 1068 501 1105 sed
530 1068 680 1114 opinio.
713 1068 820 1104 Unde
850 1071 888 1104 et
917 1068 1233 1113 corruptibilium
1263 1068 1487 1105 intellectus
1520 1068 1729 1106 scientiam

116 1116 233 1153 habet
252 1115 469 1153 secundum
492 1115 596 1161 quod
619 1118 710 1151 sunt
732 1115 1061 1161 incorruptibilia,
1092 1115 1129 1151 in
1153 1118 1343 1161 quantum
1365 1115 1518 1152 scilicet
1538 1119 1632 1152 sunt
1647 1116 1731 1153 uni-

115 1163 297 1200 versalia.
321 1165 479 1208 Oportet
500 1162 620 1208 igitur
640 1162 882 1198 intellectum
903 1171 991 1198 esse
1018 1161 1374 1207 incorruptibilem.

161 1210 305 1250 Adhuc,
325 1210 634 1255 unumquodque
661 1209 860 1254 perficitur
880 1209 1100 1245 secundum
1122 1209 1280 1245 modum
1304 1218 1385 1245 sure
1408 1208 1653 1247 substantiae.
1680 1212 1730 1247 Ex

116 1257 235 1294 modo
247 1257 368 1304 igitur
382 1256 636 1303 perfectionis
651 1256 820 1302 aliqu'us
837 1257 890 1292 rei
905 1259 1032 1302 potest
1049 1256 1169 1301 accipi
1186 1256 1328 1292 modus
1341 1254 1572 1292 substantiae
1587 1257 1727 1302 ipsius.

116 1304 344 1341 Intellectus
364 1308 493 1340 autem
514 1312 594 1339 non
616 1302 816 1348 perficitur
835 1312 904 1349 per
924 1307 1088 1346 motum,
1111 1304 1177 1339 sed
1202 1313 1269 1348 per
1289 1303 1364 1339 boc
1393 1303 1498 1348 quod
1531 1307 1591 1340 est
1623 1308 1732 1341 extra

118 1354 267 1388 motum
288 1351 476 1388 existens.
499 1349 702 1386 Perficitur
722 1350 827 1386 enim
849 1350 1064 1387 secundum
1086 1350 1363 1386 intellectivam
1377 1349 1548 1387 animam
1565 1351 1732 1388 scientia

118 1402 156 1435 et
177 1398 395 1444 prudentia,
416 1397 564 1434 sedatis
578 1397 936 1442 permutationibus
951 1401 987 1433 et
1009 1397 1280 1442 corporalibus
1301 1397 1443 1434 animae
1458 1397 1728 1442 passionibus,

119 1449 162 1482 ut
181 1448 286 1491 patet
303 1454 371 1491 per
393 1444 677 1490 Philosophum
699 1444 739 1480 in
759 1444 927 1489 septimo
940 1444 1050 1488 Phys.
1071 1443 1176 1490 (text.
1197 1453 1339 1481 comm.
1359 1444 1431 1490 20).
1450 1444 1585 1481 Modus
1611 1445 1732 1491 igitur

120 1491 351 1529 substantiae
372 1491 630 1537 intelligentis
658 1495 718 1527 est
747 1491 852 1538 quod
873 1501 962 1528 esse
983 1500 1098 1527 suum
1119 1492 1170 1527 sit
1186 1500 1306 1537 supra
1320 1496 1484 1533 motum,
1506 1496 1729 1537 etpcrcon-

120 1547 293 1585 sequens
314 1547 433 1584 supra
466 1542 634 1583 tempus.
658 1540 752 1573 Esse
785 1542 914 1574 autem
936 1537 1148 1583 cujuslibet
1179 1538 1233 1574 rei
1267 1537 1535 1584 corruptibilis
1556 1538 1732 1585 subjacet

120 1586 244 1622 motui
274 1588 312 1668 e}
337 1585 517 1631 tempori.
551 1584 799 1630 Impossibile
827 1589 887 1621 est
907 1585 1028 1631 igitur
1047 1584 1309 1621 substantiam
1333 1584 1619 1631 intelligentem
1641 1595 1730 1624 esse

119 1641 234 1670 corru
266 1632 293 1669 ti
313 1641 388 1669 em.

166 1642 354 1720 Praegerea,
378 1678 626 1724 impossibile
653 1679 908 1715 estaiaturale
930 1678 1167 1716 desiderium
1191 1688 1279 1715 esse
1299 1679 1442 1723 inane3
1465 1682 1606 1716 natura
1624 1680 1731 1717 enim

119 1726 220 1763 nihil
244 1725 336 1763 facit
369 1725 526 1762 frustra.
561 1725 632 1761 Sed
667 1725 871 1771 quodlibet
901 1725 1128 1772 intelligens
1161 1726 1391 1763 naturaliter
1419 1725 1618 1763 desiderat
1642 1736 1730 1765 esse

118 1777 364 1820 perpetuum,
387 1781 465 1809 non
489 1772 618 1809 solum
643 1776 685 1808 ut
705 1776 955 1818 perpetuetur
970 1782 1058 1809 esse
1080 1772 1298 1809 secundum
1317 1773 1506 1819 speciem,
1521 1773 1592 1810 Sed
1612 1774 1729 1812 etiam

117 1820 389 1864 individuum3
411 1819 516 1902 qliltod
535 1819 592 1856 sic
609 1822 735 1871 patet:
757 1820 954 1857 Naturalis
975 1820 1078 1856 enim
1101 1820 1297 1865 appetitus
1319 1820 1555 1867 quibusdam
1573 1821 1730 1867 quidem

118 1868 222 1904 inest
243 1877 291 1904 ex
310 1875 427 1913 appre
460 1865 598 1903 ension
661 1869 765 1903 sicut
784 1867 901 1912 lupus
917 1867 1149 1903 naturaliter
1169 1867 1367 1904 desiderat
1387 1867 1631 1904 occisionem
1652 1868 1733 1906 ani-

118 1914 281 1951 malium
315 1913 362 1950 de
382 1913 528 1960 quibus
559 1922 607 1959 pa
633 1913 746 1958 citur,
769 1917 806 1950 et
838 1913 957 1951 homo
990 1913 1223 1951 naturaliter
1255 1914 1453 1951 desiderat
1477 1914 1729 1961 felicitatem;

117 1961 356 2009 quibusdam
380 1969 471 1998 vero
491 1960 640 2007 absque
673 1961 989 2006 apprehensione
1016 1971 1064 1998 ex
1093 1961 1180 1998 sola
1211 1961 1470 1999 inclinatione
1491 1962 1731 2000 naturalium

117 2008 420 2054 principiorum,
442 2008 509 2054 qui
529 2007 722 2045 naturalis
748 2008 946 2054 appetitus
974 2008 1016 2045 in
1049 2008 1286 2056 quibusdam
1309 2008 1464 2053 dicitur,
1487 2008 1590 2046 sicut
1615 2018 1733 2055 grave

120 2054 267 2101 appetit
285 2063 373 2092 esse
395 2054 594 2092 deorsum.
615 2055 785 2102 Utroque
803 2058 934 2092 autem
955 2055 1073 2092 modo
1095 2056 1199 2093 inest
1224 2055 1343 2092 rebus
1377 2056 1556 2093 naturale
1577 2055 1732 2093 deside-

119 2102 223 2139 rium
243 2101 417 2146 essendi,
437 2101 551 2148 cujus
572 2101 731 2149 signum
753 2106 826 2147 est,
848 2102 942 2149 quia
961 2106 998 2139 et
1023 2112 1069 2140 ea
1092 2112 1179 2150 quae
1200 2103 1429 2149 cognitione
1454 2107 1590 2140 carent
1618 2104 1735 2141 resis-

118 2151 208 2186 tunt
228 2148 571 2195 corrumpentibus
603 2148 823 2186 secundum
856 2149 1039 2186 virtutem
1068 2158 1232 2187 suorum
1259 2150 1545 2197 principiorum
1580 2154 1734 2188 natura-

120 2194 234 2241 lium,
249 2198 288 2232 et
307 2204 353 2232 ea
370 2204 457 2242 quae
477 2204 523 2233 co
555 2195 744 2232 nitionem
768 2196 926 2241 habent,
949 2197 1141 2234 resistunt
1159 2196 1309 2234 eisdem
1331 2196 1550 2234 secundum
1572 2197 1733 2235 modum

121 2251 205 2295 suae
226 2242 482 2289 cognitionis.
506 2205 575 2279 iffa
598 2242 720 2290 igitur
745 2243 974 2290 cogni-tione
1003 2243 1192 2288 carentia,
1212 2253 1381 2291 quorum
1402 2243 1609 2291 principiis
1630 2244 1735 2282 inest

119 2292 246 2327 virtus
263 2289 312 2326 ad
332 2289 647 2327 conservandum
662 2298 752 2327 esse
772 2293 1005 2337 perpetuum
1026 2291 1080 2328 ita
1099 2291 1205 2338 quod
1224 2294 1411 2328 maneant
1424 2299 1582 2337 semper
1597 2291 1734 2328 eadem

121 2335 342 2373 secundum
370 2345 593 2381 numerum,
613 2336 847 2374 naturaliter
879 2342 1067 2384 appetunt
1085 2347 1174 2376 esse
1193 2341 1427 2384 perpetuum
1448 2337 1567 2375 etiam
1592 2346 1734 2374 secun-

122 2382 216 2420 dum
237 2382 342 2420 idem
361 2391 541 2420 numero.
557 2383 735 2428 Quorum
755 2387 886 2422 autem
906 2384 1101 2431 principia
1118 2393 1199 2421 non
1215 2384 1360 2421 habent
1374 2384 1423 2421 ad
1439 2383 1516 2421 hoc
1535 2383 1733 2430 virtutem,

120 2429 192 2467 sed
214 2429 344 2467 solum
358 2429 407 2466 ad
421 2430 737 2468 conservandum
750 2440 839 2468 esse
850 2435 1082 2478 perpetuum
1099 2430 1319 2469 secundum
1333 2429 1439 2468 idem
1454 2430 1599 2476 specie,
1616 2431 1735 2468 etiarn

121 2475 356 2514 naturaliter
375 2479 563 2522 appetunt
578 2477 891 2523 perpetuitatem.
915 2479 1022 2516 Hanc
1036 2477 1158 2525 igitur
1171 2476 1434 2514 differentiam
1448 2480 1603 2524 oportet
1616 2477 1658 2514 in
1672 2478 1735 2516 his

121 2523 307 2568 inveniri,
328 2523 473 2570 quibus
489 2522 729 2561 desiderium
750 2525 909 2562 essendi
935 2533 1024 2562 cum
1046 2524 1275 2571 cognitione
1296 2524 1413 2569 inest,
1434 2527 1478 2561 ut
1496 2524 1650 2562 scilicet
1667 2524 1738 2562 illa

119 2579 210 2617 quae
240 2578 322 2608 non
347 2573 599 2618 cognoscunt
629 2579 718 2608 esse
743 2570 822 2609 nisi
854 2576 897 2609 ut
924 2580 1043 2616 nunc,
1072 2570 1298 2608 desiderant
1327 2579 1417 2609 esse
1443 2574 1488 2608 ut
1512 2579 1632 2616 nunc,
1654 2580 1736 2609 non

121 2620 254 2654 autem
289 2625 457 2664 semper,
485 2617 580 2664 quia
610 2626 701 2655 esse
729 2619 1014 2664 sempiternum
1045 2627 1127 2655 non
1153 2617 1480 2665 apprehendunt;
1509 2617 1736 2656 desiderant

121 2667 255 2701 tamen
272 2673 362 2702 esse
382 2668 614 2711 perpetuum
636 2664 783 2711 speciei
804 2664 954 2713 absque
973 2665 1202 2713 cognitione
1219 2676 1229 2709 ;
1245 2664 1339 2713 quia
1353 2664 1480 2704 virtus
1493 2666 1734 2713 generativa,

120 2719 210 2758 quae
230 2711 279 2748 ad
299 2710 376 2750 hoc
405 2711 588 2757 deservit,
610 2711 851 2758 praeambula
882 2715 955 2753 est,
981 2715 1020 2749 et
1052 2720 1130 2749 non
1162 2711 1374 2759 subjacens
1406 2712 1640 2759 cognitioni.
1665 2712 1737 2750 Illa

122 2761 254 2795 autem
272 2767 360 2806 quae
379 2758 511 2805 ipsum
531 2767 621 2797 esse
649 2762 881 2805 perpetuum
911 2762 1161 2806 cognoscunt
1179 2763 1217 2796 et
1241 2759 1563 2807 apprehendunt,
1585 2759 1737 2797 deside-

122 2807 212 2856 rant
227 2805 360 2851 ipsum
380 2804 551 2843 naturali
570 2805 783 2845 desiderio.
812 2806 893 2844 Hoc
913 2810 1044 2844 autem
1071 2806 1256 2844 convenit
1282 2806 1470 2844 omnibus
1499 2806 1734 2845 substantiis

121 2851 453 2899 intelligentibus.
482 2853 629 2892 Omnes
654 2853 777 2901 igitur
802 2852 1035 2891 substantiae
1054 2853 1324 2900 intelligentes
1342 2853 1515 2891 naturali
1536 2853 1734 2891 desiderio

124 2901 313 2944 appetunt
331 2908 421 2938 esse
441 2908 612 2948 semper.
634 2901 736 2948 Ergo
755 2899 1005 2948 impossibile
1023 2903 1084 2938 est
1102 2901 1208 2949 quod
1229 2909 1319 2939 esse
1339 2899 1537 2939 deficiant.
