<?xml version="1.0" encoding="UTF-8"?>
<!DOCTYPE html PUBLIC "-//W3C//DTD XHTML 1.0 Transitional//EN"
    "http://www.w3.org/TR/xhtml1/DTD/xhtml1-transitional.dtd">
<html xmlns="http://www.w3.org/1999/xhtml" xml:lang="en" lang="en">
 <head>
  <title>
</title>
<meta http-equiv="Content-Type" content="text/html;charset=utf-8" />
  <meta name='ocr-system' content='tesseract 3.04.00' />
  <meta name='ocr-capabilities' content='ocr_page ocr_carea ocr_par ocr_line ocrx_word'/>
</head>
<body>
  <div class='ocr_page' id='page_1' title='image "./deveritatecathol00thomuoft_0658.png"; bbox 0 0 1894 3223; ppageno 0'>
   <div class='ocr_carea' id='block_1_1' title="bbox 146 164 1214 208">
    <p class='ocr_par' dir='ltr' id='par_1_1' title="bbox 146 164 1214 208">
     <span class='ocr_line' id='line_1_1' title="bbox 146 164 1214 208; baseline -0.004 -5"><span class='ocrx_word' id='word_1_1' title='bbox 146 168 231 203; x_wconf 62' lang='lat'>6¹8</span> <span class='ocrx_word' id='word_1_2' title='bbox 516 172 518 175; x_wconf 76' lang='grc'>’</span> <span class='ocrx_word' id='word_1_3' title='bbox 736 165 825 200; x_wconf 84' lang='lat' dir='ltr'><strong>LIB.</strong></span> <span class='ocrx_word' id='word_1_4' title='bbox 852 165 911 208; x_wconf 79' lang='lat' dir='ltr'>IV,</span> <span class='ocrx_word' id='word_1_5' title='bbox 941 165 1043 200; x_wconf 81' lang='lat' dir='ltr'>CAP.</span> <span class='ocrx_word' id='word_1_6' title='bbox 1071 164 1214 200; x_wconf 80' lang='lat' dir='ltr'>Lxxtx.</span> 
     </span>
    </p>
   </div>
   <div class='ocr_carea' id='block_1_2' title="bbox 781 330 1155 371">
    <p class='ocr_par' dir='ltr' id='par_1_2' title="bbox 781 330 1155 371">
     <span class='ocr_line' id='line_1_2' title="bbox 781 330 1155 371; baseline -0.003 0"><span class='ocrx_word' id='word_1_7' title='bbox 781 331 949 371; x_wconf 86' lang='lat' dir='ltr'><strong>CAPUT</strong></span> <span class='ocrx_word' id='word_1_8' title='bbox 981 330 1155 371; x_wconf 82' lang='lat' dir='ltr'><strong>LXXIX.</strong></span> 
     </span>
    </p>
   </div>
   <div class='ocr_carea' id='block_1_3' title="bbox 364 455 1574 490">
    <p class='ocr_par' dir='ltr' id='par_1_3' title="bbox 364 455 1574 490">
     <span class='ocr_line' id='line_1_3' title="bbox 364 455 1574 490; baseline -0.002 -5"><span class='ocrx_word' id='word_1_9' title='bbox 364 457 463 490; x_wconf 70' lang='lat' dir='ltr'><strong>QUOD</strong></span> <span class='ocrx_word' id='word_1_10' title='bbox 488 458 562 485; x_wconf 86' lang='lat' dir='ltr'>PER</span> <span class='ocrx_word' id='word_1_11' title='bbox 586 456 781 485; x_wconf 80' lang='lat' dir='ltr'>CHRISTUM</span> <span class='ocrx_word' id='word_1_12' title='bbox 801 455 1063 484; x_wconf 74' lang='lat' dir='ltr'>RESURRECTIO</span> <span class='ocrx_word' id='word_1_13' title='bbox 1091 455 1296 483; x_wconf 73' lang='lat' dir='ltr'>CORPORUM</span> <span class='ocrx_word' id='word_1_14' title='bbox 1323 456 1381 483; x_wconf 85' lang='lat' dir='ltr'>SIT</span> <span class='ocrx_word' id='word_1_15' title='bbox 1406 457 1574 484; x_wconf 77' lang='lat' dir='ltr'><strong>FUTURA.</strong></span> 
     </span>
    </p>
   </div>
   <div class='ocr_carea' id='block_1_4' title="bbox 152 568 1782 2965">
    <p class='ocr_par' dir='ltr' id='par_1_4' title="bbox 154 568 1782 1733">
     <span class='ocr_line' id='line_1_4' title="bbox 210 568 1781 616; baseline 0.001 -9"><span class='ocrx_word' id='word_1_16' title='bbox 210 571 309 616; x_wconf 81' lang='lat' dir='ltr'>Quia</span> <span class='ocrx_word' id='word_1_17' title='bbox 328 580 421 607; x_wconf 81' lang='lat' dir='ltr'>vero</span> <span class='ocrx_word' id='word_1_18' title='bbox 443 580 562 616; x_wconf 88' lang='lat' dir='ltr'>supra</span> <span class='ocrx_word' id='word_1_19' title='bbox 582 575 789 607; x_wconf 86' lang='lat' dir='ltr'>ostensum</span> <span class='ocrx_word' id='word_1_20' title='bbox 817 574 877 606; x_wconf 87' lang='lat' dir='ltr'>est</span> <span class='ocrx_word' id='word_1_21' title='bbox 907 569 1012 615; x_wconf 82' lang='lat' dir='ltr'>quod</span> <span class='ocrx_word' id='word_1_22' title='bbox 1032 579 1100 615; x_wconf 91' lang='lat' dir='ltr'>per</span> <span class='ocrx_word' id='word_1_23' title='bbox 1119 568 1316 606; x_wconf 86' lang='lat' dir='ltr'><strong>Christum</strong></span> <span class='ocrx_word' id='word_1_24' title='bbox 1333 568 1637 607; x_wconf 88' lang='lat' dir='ltr'>liberatisumus</span> <span class='ocrx_word' id='word_1_25' title='bbox 1653 569 1702 607; x_wconf 87' lang='lat' dir='ltr'>ab</span> <span class='ocrx_word' id='word_1_26' title='bbox 1718 569 1781 608; x_wconf 85' lang='lat' dir='ltr'>his</span> 
     </span>
     <span class='ocr_line' id='line_1_5' title="bbox 159 617 1779 665; baseline -0.001 -10"><span class='ocrx_word' id='word_1_27' title='bbox 159 627 246 665; x_wconf 87' lang='lat' dir='ltr'>quae</span> <span class='ocrx_word' id='word_1_28' title='bbox 265 627 333 664; x_wconf 87' lang='lat' dir='ltr'>per</span> <span class='ocrx_word' id='word_1_29' title='bbox 359 622 562 664; x_wconf 84' lang='lat' dir='ltr'>peccatum</span> <span class='ocrx_word' id='word_1_30' title='bbox 584 618 700 663; x_wconf 89' lang='lat' dir='ltr'>primi</span> <span class='ocrx_word' id='word_1_31' title='bbox 721 617 895 653; x_wconf 89' lang='lat' dir='ltr'>hominis</span> <span class='ocrx_word' id='word_1_32' title='bbox 913 617 1169 661; x_wconf 82' lang='lat' dir='ltr'>incurrimus,</span> <span class='ocrx_word' id='word_1_33' title='bbox 1189 620 1376 662; x_wconf 79' lang='lat' dir='ltr'>peccante</span> <span class='ocrx_word' id='word_1_34' title='bbox 1406 620 1537 652; x_wconf 86' lang='lat' dir='ltr'>autem</span> <span class='ocrx_word' id='word_1_35' title='bbox 1561 617 1688 661; x_wconf 89' lang='lat' dir='ltr'>primo</span> <span class='ocrx_word' id='word_1_36' title='bbox 1707 617 1779 654; x_wconf 87' lang='lat' dir='ltr'>ho-</span> 
     </span>
     <span class='ocr_line' id='line_1_6' title="bbox 159 663 1781 711; baseline 0 -10"><span class='ocrx_word' id='word_1_37' title='bbox 159 665 282 708; x_wconf 89' lang='lat' dir='ltr'>mine,</span> <span class='ocrx_word' id='word_1_38' title='bbox 304 673 384 701; x_wconf 89' lang='lat' dir='ltr'>non</span> <span class='ocrx_word' id='word_1_39' title='bbox 402 664 531 701; x_wconf 86' lang='lat' dir='ltr'>solum</span> <span class='ocrx_word' id='word_1_40' title='bbox 550 664 593 700; x_wconf 91' lang='lat' dir='ltr'>in</span> <span class='ocrx_word' id='word_1_41' title='bbox 612 673 687 700; x_wconf 90' lang='lat' dir='ltr'>nos</span> <span class='ocrx_word' id='word_1_42' title='bbox 712 668 918 709; x_wconf 85' lang='lat' dir='ltr'>peccatum</span> <span class='ocrx_word' id='word_1_43' title='bbox 943 663 1160 699; x_wconf 87' lang='lat' dir='ltr'>derivatum</span> <span class='ocrx_word' id='word_1_44' title='bbox 1195 666 1269 707; x_wconf 92' lang='lat' dir='ltr'>est,</span> <span class='ocrx_word' id='word_1_45' title='bbox 1291 663 1362 700; x_wconf 91' lang='lat' dir='ltr'>sed</span> <span class='ocrx_word' id='word_1_46' title='bbox 1394 663 1511 699; x_wconf 89' lang='lat' dir='ltr'>etiam</span> <span class='ocrx_word' id='word_1_47' title='bbox 1542 672 1664 708; x_wconf 89' lang='lat' dir='ltr'>mors,</span> <span class='ocrx_word' id='word_1_48' title='bbox 1694 673 1781 711; x_wconf 88' lang='lat' dir='ltr'>quae</span> 
     </span>
     <span class='ocr_line' id='line_1_7' title="bbox 159 710 1782 757; baseline 0 -9"><span class='ocrx_word' id='word_1_49' title='bbox 159 714 219 748; x_wconf 91' lang='lat' dir='ltr'>est</span> <span class='ocrx_word' id='word_1_50' title='bbox 246 720 363 757; x_wconf 86' lang='lat' dir='ltr'>poena</span> <span class='ocrx_word' id='word_1_51' title='bbox 381 711 547 757; x_wconf 86' lang='lat' dir='ltr'>peccati,</span> <span class='ocrx_word' id='word_1_52' title='bbox 574 711 795 747; x_wconf 89' lang='lat' dir='ltr'>secundum</span> <span class='ocrx_word' id='word_1_53' title='bbox 836 710 935 746; x_wconf 88' lang='lat' dir='ltr'>illud</span> <span class='ocrx_word' id='word_1_54' title='bbox 956 710 1148 756; x_wconf 83' lang='lat' dir='ltr'>Apostoli,</span> <span class='ocrx_word' id='word_1_55' title='bbox 1173 710 1222 746; x_wconf 90' lang='lat' dir='ltr'>ad</span> <span class='ocrx_word' id='word_1_56' title='bbox 1241 712 1371 753; x_wconf 70' lang='lat' dir='ltr'>Rom„</span> <span class='ocrx_word' id='word_1_57' title='bbox 1391 718 1432 753; x_wconf 79' lang='lat' dir='ltr'>v,</span> <span class='ocrx_word' id='word_1_58' title='bbox 1456 713 1503 746; x_wconf 84' lang='lat'>12</span> <span class='ocrx_word' id='word_1_59' title='bbox 1527 719 1537 744; x_wconf 89' lang='lat'><strong>:</strong></span> <span class='ocrx_word' id='word_1_60' title='bbox 1571 711 1639 746; x_wconf 85' lang='lat' dir='ltr'>Per</span> <span class='ocrx_word' id='word_1_61' title='bbox 1667 719 1782 748; x_wconf 59' lang='lat' dir='ltr'>uniam</span> 
     </span>
     <span class='ocr_line' id='line_1_8' title="bbox 159 758 1781 803; baseline 0.001 -9"><span class='ocrx_word' id='word_1_62' title='bbox 159 759 338 794; x_wconf 82' lang='lat' dir='ltr'>hominem</span> <span class='ocrx_word' id='word_1_63' title='bbox 363 761 551 803; x_wconf 76' lang='lat' dir='ltr'>peccatum</span> <span class='ocrx_word' id='word_1_64' title='bbox 581 760 621 793; x_wconf 88' lang='lat' dir='ltr'>in</span> <span class='ocrx_word' id='word_1_65' title='bbox 652 759 745 793; x_wconf 82' lang='lat' dir='ltr'>hunc</span> <span class='ocrx_word' id='word_1_66' title='bbox 766 758 941 793; x_wconf 83' lang='lat' dir='ltr'>mundum</span> <span class='ocrx_word' id='word_1_67' title='bbox 970 759 1135 797; x_wconf 68' lang='lat' dir='ltr'>intravit,</span> <span class='ocrx_word' id='word_1_68' title='bbox 1167 760 1200 792; x_wconf 89' lang='lat' dir='ltr'>et</span> <span class='ocrx_word' id='word_1_69' title='bbox 1216 767 1285 802; x_wconf 80' lang='lat' dir='ltr'>per</span> <span class='ocrx_word' id='word_1_70' title='bbox 1315 761 1501 803; x_wconf 80' lang='lat' dir='ltr'>peccatum</span> <span class='ocrx_word' id='word_1_71' title='bbox 1519 766 1626 800; x_wconf 83' lang='lat' dir='ltr'>mors,</span> <span class='ocrx_word' id='word_1_72' title='bbox 1646 765 1781 795; x_wconf 86' lang='lat' dir='ltr'>neces-</span> 
     </span>
     <span class='ocr_line' id='line_1_9' title="bbox 162 803 1782 851; baseline -0.001 -9"><span class='ocrx_word' id='word_1_73' title='bbox 162 806 311 843; x_wconf 89' lang='lat' dir='ltr'>sarium</span> <span class='ocrx_word' id='word_1_74' title='bbox 331 809 391 841; x_wconf 87' lang='lat' dir='ltr'>est</span> <span class='ocrx_word' id='word_1_75' title='bbox 409 805 513 851; x_wconf 76' lang='lat' dir='ltr'>quod</span> <span class='ocrx_word' id='word_1_76' title='bbox 529 814 598 851; x_wconf 90' lang='lat' dir='ltr'>per</span> <span class='ocrx_word' id='word_1_77' title='bbox 617 804 814 842; x_wconf 81' lang='lat' dir='ltr'>Christum</span> <span class='ocrx_word' id='word_1_78' title='bbox 836 804 882 841; x_wconf 85' lang='lat' dir='ltr'>ab</span> <span class='ocrx_word' id='word_1_79' title='bbox 901 808 1069 851; x_wconf 85' lang='lat' dir='ltr'>utroque</span> <span class='ocrx_word' id='word_1_80' title='bbox 1090 804 1315 847; x_wconf 82' lang='lat' dir='ltr'>liberemur,</span> <span class='ocrx_word' id='word_1_81' title='bbox 1330 807 1369 840; x_wconf 85' lang='lat' dir='ltr'>et</span> <span class='ocrx_word' id='word_1_82' title='bbox 1385 813 1407 840; x_wconf 91' lang='lat' dir='ltr'>a</span> <span class='ocrx_word' id='word_1_83' title='bbox 1427 804 1543 849; x_wconf 87' lang='lat' dir='ltr'>culpa</span> <span class='ocrx_word' id='word_1_84' title='bbox 1557 803 1722 847; x_wconf 89' lang='lat' dir='ltr'>scilicet,</span> <span class='ocrx_word' id='word_1_85' title='bbox 1740 808 1782 841; x_wconf 87' lang='lat' dir='ltr'>et</span> 
     </span>
     <span class='ocr_line' id='line_1_10' title="bbox 158 850 1782 896; baseline -0.001 -7"><span class='ocrx_word' id='word_1_86' title='bbox 158 863 181 889; x_wconf 90' lang='lat' dir='ltr'>a</span> <span class='ocrx_word' id='word_1_87' title='bbox 200 856 338 888; x_wconf 87' lang='lat' dir='ltr'>morte.</span> <span class='ocrx_word' id='word_1_88' title='bbox 363 852 467 888; x_wconf 74' lang='lat' dir='ltr'>Unde</span> <span class='ocrx_word' id='word_1_89' title='bbox 489 856 526 888; x_wconf 85' lang='lat' dir='ltr'>et</span> <span class='ocrx_word' id='word_1_90' title='bbox 544 851 689 888; x_wconf 88' lang='lat' dir='ltr'>ibidem</span> <span class='ocrx_word' id='word_1_91' title='bbox 711 852 804 889; x_wconf 91' lang='lat' dir='ltr'>dicit</span> <span class='ocrx_word' id='word_1_92' title='bbox 823 852 1036 896; x_wconf 83' lang='lat' dir='ltr'>Apostolus</span> <span class='ocrx_word' id='word_1_93' title='bbox 1058 863 1067 887; x_wconf 79' lang='lat' dir='ltr'><em>z</em></span> <span class='ocrx_word' id='word_1_94' title='bbox 1089 852 1130 887; x_wconf 86' lang='lat' dir='ltr'>Si</span> <span class='ocrx_word' id='word_1_95' title='bbox 1145 852 1239 886; x_wconf 89' lang='lat' dir='ltr'>enim</span> <span class='ocrx_word' id='word_1_96' title='bbox 1252 852 1364 887; x_wconf 88' lang='lat' dir='ltr'>unius</span> <span class='ocrx_word' id='word_1_97' title='bbox 1395 850 1522 886; x_wconf 82' lang='lat' dir='ltr'>delicto</span> <span class='ocrx_word' id='word_1_98' title='bbox 1539 861 1634 886; x_wconf 87' lang='lat' dir='ltr'>mors</span> <span class='ocrx_word' id='word_1_99' title='bbox 1653 861 1782 896; x_wconf 73' lang='lat' dir='ltr'>reyna-</span> 
     </span>
     <span class='ocr_line' id='line_1_11' title="bbox 158 897 1782 945; baseline 0 -11"><span class='ocrx_word' id='word_1_100' title='bbox 158 900 213 935; x_wconf 88' lang='lat' dir='ltr'>vit</span> <span class='ocrx_word' id='word_1_101' title='bbox 235 909 301 945; x_wconf 79' lang='lat' dir='ltr'>per</span> <span class='ocrx_word' id='word_1_102' title='bbox 326 909 449 939; x_wconf 88' lang='lat' dir='ltr'>unum,</span> <span class='ocrx_word' id='word_1_103' title='bbox 478 900 588 934; x_wconf 85' lang='lat' dir='ltr'>multo</span> <span class='ocrx_word' id='word_1_104' title='bbox 613 901 730 943; x_wconf 76' lang='lat' dir='ltr'>mayis</span> <span class='ocrx_word' id='word_1_105' title='bbox 751 900 963 943; x_wconf 78' lang='lat' dir='ltr'>accipientes</span> <span class='ocrx_word' id='word_1_106' title='bbox 991 898 1255 933; x_wconf 82' lang='lat' dir='ltr'>abundantiam</span> <span class='ocrx_word' id='word_1_107' title='bbox 1282 898 1487 934; x_wconf 82' lang='lat' dir='ltr'>donationis</span> <span class='ocrx_word' id='word_1_108' title='bbox 1506 901 1540 933; x_wconf 89' lang='lat' dir='ltr'>et</span> <span class='ocrx_word' id='word_1_109' title='bbox 1552 897 1721 943; x_wconf 78' lang='lat' dir='ltr'>justitiae,</span> <span class='ocrx_word' id='word_1_110' title='bbox 1741 900 1782 934; x_wconf 85' lang='lat' dir='ltr'>in</span> 
     </span>
     <span class='ocr_line' id='line_1_12' title="bbox 156 944 1782 991; baseline 0.001 -10"><span class='ocrx_word' id='word_1_111' title='bbox 156 948 235 981; x_wconf 84' lang='lat' dir='ltr'>vita</span> <span class='ocrx_word' id='word_1_112' title='bbox 262 945 465 990; x_wconf 70' lang='lat' dir='ltr'>reynabunt</span> <span class='ocrx_word' id='word_1_113' title='bbox 492 956 556 990; x_wconf 73' lang='lat' dir='ltr'>per</span> <span class='ocrx_word' id='word_1_114' title='bbox 583 957 694 981; x_wconf 82' lang='lat' dir='ltr'>unum</span> <span class='ocrx_word' id='word_1_115' title='bbox 712 947 831 981; x_wconf 86' lang='lat' dir='ltr'>Jesum</span> <span class='ocrx_word' id='word_1_116' title='bbox 863 946 1058 982; x_wconf 77' lang='lat' dir='ltr'>Christum.</span> <span class='ocrx_word' id='word_1_117' title='bbox 1089 946 1136 981; x_wconf 85' lang='lat' dir='ltr'>Ut</span> <span class='ocrx_word' id='word_1_118' title='bbox 1160 945 1282 990; x_wconf 75' lang='lat' dir='ltr'>igitur</span> <span class='ocrx_word' id='word_1_119' title='bbox 1308 948 1519 991; x_wconf 81' lang='lat' dir='ltr'>utrumque</span> <span class='ocrx_word' id='word_1_120' title='bbox 1539 945 1657 982; x_wconf 87' lang='lat' dir='ltr'>nobis</span> <span class='ocrx_word' id='word_1_121' title='bbox 1674 944 1717 981; x_wconf 89' lang='lat' dir='ltr'>in</span> <span class='ocrx_word' id='word_1_122' title='bbox 1737 954 1782 982; x_wconf 88' lang='lat' dir='ltr'>se</span> 
     </span>
     <span class='ocr_line' id='line_1_13' title="bbox 157 991 1777 1039; baseline -0.001 -9"><span class='ocrx_word' id='word_1_123' title='bbox 157 994 247 1039; x_wconf 87' lang='lat' dir='ltr'>ipso</span> <span class='ocrx_word' id='word_1_124' title='bbox 277 993 579 1036; x_wconf 81' lang='lat' dir='ltr'>demonstraret,</span> <span class='ocrx_word' id='word_1_125' title='bbox 610 997 647 1029; x_wconf 90' lang='lat' dir='ltr'>et</span> <span class='ocrx_word' id='word_1_126' title='bbox 679 993 780 1030; x_wconf 90' lang='lat' dir='ltr'>mori</span> <span class='ocrx_word' id='word_1_127' title='bbox 825 995 863 1028; x_wconf 91' lang='lat' dir='ltr'>et</span> <span class='ocrx_word' id='word_1_128' title='bbox 892 1001 1100 1038; x_wconf 83' lang='lat' dir='ltr'>resurgere</span> <span class='ocrx_word' id='word_1_129' title='bbox 1137 992 1271 1028; x_wconf 76' lang='lat' dir='ltr'>voluit.</span> <span class='ocrx_word' id='word_1_130' title='bbox 1314 993 1411 1028; x_wconf 81' lang='lat' dir='ltr'>Mori</span> <span class='ocrx_word' id='word_1_131' title='bbox 1445 991 1602 1038; x_wconf 89' lang='lat' dir='ltr'>quidem</span> <span class='ocrx_word' id='word_1_132' title='bbox 1638 991 1777 1037; x_wconf 85' lang='lat' dir='ltr'>voluit,</span> 
     </span>
     <span class='ocr_line' id='line_1_14' title="bbox 157 1038 1781 1087; baseline -0.001 -10"><span class='ocrx_word' id='word_1_133' title='bbox 157 1044 202 1077; x_wconf 90' lang='lat' dir='ltr'>ut</span> <span class='ocrx_word' id='word_1_134' title='bbox 222 1048 299 1076; x_wconf 90' lang='lat' dir='ltr'>nos</span> <span class='ocrx_word' id='word_1_135' title='bbox 322 1049 346 1076; x_wconf 91' lang='lat' dir='ltr'>a</span> <span class='ocrx_word' id='word_1_136' title='bbox 369 1042 529 1086; x_wconf 87' lang='lat' dir='ltr'>peccato</span> <span class='ocrx_word' id='word_1_137' title='bbox 551 1044 759 1087; x_wconf 86' lang='lat' dir='ltr'>purgaret:</span> <span class='ocrx_word' id='word_1_138' title='bbox 785 1039 890 1075; x_wconf 87' lang='lat' dir='ltr'>unde</span> <span class='ocrx_word' id='word_1_139' title='bbox 921 1039 1136 1085; x_wconf 84' lang='lat' dir='ltr'>Apostolus</span> <span class='ocrx_word' id='word_1_140' title='bbox 1162 1039 1266 1083; x_wconf 89' lang='lat' dir='ltr'>dicit,</span> <span class='ocrx_word' id='word_1_141' title='bbox 1288 1039 1335 1075; x_wconf 90' lang='lat' dir='ltr'>ad</span> <span class='ocrx_word' id='word_1_142' title='bbox 1364 1038 1474 1083; x_wconf 90' lang='lat' dir='ltr'>Heb.,</span> <span class='ocrx_word' id='word_1_143' title='bbox 1500 1047 1554 1082; x_wconf 85' lang='lat' dir='ltr'>ix,</span> <span class='ocrx_word' id='word_1_144' title='bbox 1588 1042 1631 1075; x_wconf 81' lang='lat'>27</span> <span class='ocrx_word' id='word_1_145' title='bbox 1653 1049 1661 1073; x_wconf 79' lang='grc' dir='ltr'>ε</span> <span class='ocrx_word' id='word_1_146' title='bbox 1693 1039 1781 1083; x_wconf 83' lang='lat' dir='ltr'>Que-</span> 
     </span>
     <span class='ocr_line' id='line_1_15' title="bbox 158 1086 1781 1123; baseline -0.001 0"><span class='ocrx_word' id='word_1_147' title='bbox 158 1086 389 1123; x_wconf 80' lang='lat' dir='ltr'>madmodum</span> <span class='ocrx_word' id='word_1_148' title='bbox 422 1089 596 1122; x_wconf 86' lang='lat' dir='ltr'>statutum</span> <span class='ocrx_word' id='word_1_149' title='bbox 634 1089 685 1122; x_wconf 85' lang='lat' dir='ltr'>est</span> <span class='ocrx_word' id='word_1_150' title='bbox 723 1087 925 1122; x_wconf 82' lang='lat' dir='ltr'>hominibus</span> <span class='ocrx_word' id='word_1_151' title='bbox 968 1087 1073 1122; x_wconf 83' lang='lat' dir='ltr'>semet</span> <span class='ocrx_word' id='word_1_152' title='bbox 1114 1087 1222 1122; x_wconf 89' lang='lat' dir='ltr'>mori.</span> <span class='ocrx_word' id='word_1_153' title='bbox 1237 1113 1267 1122; x_wconf 90' lang='lat'>..</span> <span class='ocrx_word' id='word_1_154' title='bbox 1313 1087 1366 1121; x_wconf 86' lang='lat' dir='ltr'>sic</span> <span class='ocrx_word' id='word_1_155' title='bbox 1401 1088 1435 1121; x_wconf 86' lang='lat' dir='ltr'>et</span> <span class='ocrx_word' id='word_1_156' title='bbox 1471 1086 1632 1123; x_wconf 85' lang='lat' dir='ltr'>Christus</span> <span class='ocrx_word' id='word_1_157' title='bbox 1675 1087 1781 1122; x_wconf 85' lang='lat' dir='ltr'>semel</span> 
     </span>
     <span class='ocr_line' id='line_1_16' title="bbox 154 1133 1779 1179; baseline 0.001 -10"><span class='ocrx_word' id='word_1_158' title='bbox 154 1134 298 1170; x_wconf 85' lang='lat' dir='ltr'>oblatus</span> <span class='ocrx_word' id='word_1_159' title='bbox 316 1136 366 1168; x_wconf 82' lang='lat' dir='ltr'>est</span> <span class='ocrx_word' id='word_1_160' title='bbox 387 1133 435 1168; x_wconf 81' lang='lat' dir='ltr'>ad</span> <span class='ocrx_word' id='word_1_161' title='bbox 447 1135 640 1169; x_wconf 83' lang='lat' dir='ltr'>multorum</span> <span class='ocrx_word' id='word_1_162' title='bbox 656 1134 907 1168; x_wconf 66' lang='lat' dir='ltr'>est-haurienda</span> <span class='ocrx_word' id='word_1_163' title='bbox 921 1137 1080 1178; x_wconf 79' lang='lat' dir='ltr'>peccata.</span> <span class='ocrx_word' id='word_1_164' title='bbox 1100 1134 1319 1179; x_wconf 80' lang='lat' dir='ltr'>Resurgere</span> <span class='ocrx_word' id='word_1_165' title='bbox 1339 1137 1470 1169; x_wconf 72' lang='lat' dir='ltr'>autem</span> <span class='ocrx_word' id='word_1_166' title='bbox 1484 1133 1619 1173; x_wconf 80' lang='lat' dir='ltr'>voluit,</span> <span class='ocrx_word' id='word_1_167' title='bbox 1642 1136 1685 1169; x_wconf 84' lang='lat' dir='ltr'>ut</span> <span class='ocrx_word' id='word_1_168' title='bbox 1703 1142 1779 1171; x_wconf 86' lang='lat' dir='ltr'>nos</span> 
     </span>
     <span class='ocr_line' id='line_1_17' title="bbox 159 1180 1780 1226; baseline -0.001 -8"><span class='ocrx_word' id='word_1_169' title='bbox 159 1190 182 1218; x_wconf 85' lang='lat' dir='ltr'>a</span> <span class='ocrx_word' id='word_1_170' title='bbox 207 1184 332 1217; x_wconf 87' lang='lat' dir='ltr'>morte</span> <span class='ocrx_word' id='word_1_171' title='bbox 360 1180 545 1217; x_wconf 84' lang='lat' dir='ltr'>liberaret</span> <span class='ocrx_word' id='word_1_172' title='bbox 569 1191 576 1213; x_wconf 91' lang='lat'>:</span> <span class='ocrx_word' id='word_1_173' title='bbox 605 1181 709 1216; x_wconf 87' lang='lat' dir='ltr'>unde</span> <span class='ocrx_word' id='word_1_174' title='bbox 739 1181 966 1226; x_wconf 82' lang='lat' dir='ltr'>Apostolus,</span> <span class='ocrx_word' id='word_1_175' title='bbox 989 1182 1000 1216; x_wconf 93' lang='lat' dir='ltr'>l</span> <span class='ocrx_word' id='word_1_176' title='bbox 1024 1182 1128 1223; x_wconf 90' lang='lat' dir='ltr'>Cor.,</span> <span class='ocrx_word' id='word_1_177' title='bbox 1160 1188 1227 1223; x_wconf 69' lang='lat' dir='ltr'>XV,</span> <span class='ocrx_word' id='word_1_178' title='bbox 1251 1182 1324 1216; x_wconf 80' lang='lat'>20:</span> <span class='ocrx_word' id='word_1_179' title='bbox 1356 1181 1518 1217; x_wconf 80' lang='lat' dir='ltr'>Christus</span> <span class='ocrx_word' id='word_1_180' title='bbox 1541 1182 1780 1216; x_wconf 68' lang='lat' dir='ltr'>resurrexita</span> 
     </span>
     <span class='ocr_line' id='line_1_18' title="bbox 159 1227 1778 1272; baseline 0 -9"><span class='ocrx_word' id='word_1_181' title='bbox 159 1229 312 1263; x_wconf 81' lang='lat' dir='ltr'>mortuis</span> <span class='ocrx_word' id='word_1_182' title='bbox 330 1229 506 1272; x_wconf 75' lang='lat' dir='ltr'>primitiae</span> <span class='ocrx_word' id='word_1_183' title='bbox 527 1228 779 1263; x_wconf 67' lang='lat' dir='ltr'>dormientium</span> <span class='ocrx_word' id='word_1_184' title='bbox 801 1238 810 1260; x_wconf 75' lang='grc' dir='ltr'><em>ι</em></span> <span class='ocrx_word' id='word_1_185' title='bbox 832 1229 999 1272; x_wconf 80' lang='lat' dir='ltr'>quoniam</span> <span class='ocrx_word' id='word_1_186' title='bbox 1022 1227 1164 1272; x_wconf 82' lang='lat' dir='ltr'>quidem</span> <span class='ocrx_word' id='word_1_187' title='bbox 1178 1237 1246 1272; x_wconf 77' lang='lat' dir='ltr'>per</span> <span class='ocrx_word' id='word_1_188' title='bbox 1263 1227 1438 1262; x_wconf 82' lang='lat' dir='ltr'>hominem</span> <span class='ocrx_word' id='word_1_189' title='bbox 1455 1237 1563 1267; x_wconf 87' lang='lat' dir='ltr'>mors,</span> <span class='ocrx_word' id='word_1_190' title='bbox 1585 1230 1619 1262; x_wconf 88' lang='lat' dir='ltr'>et</span> <span class='ocrx_word' id='word_1_191' title='bbox 1631 1237 1700 1272; x_wconf 77' lang='lat' dir='ltr'>per</span> <span class='ocrx_word' id='word_1_192' title='bbox 1715 1228 1778 1263; x_wconf 79' lang='lat' dir='ltr'>ho—</span> 
     </span>
     <span class='ocr_line' id='line_1_19' title="bbox 158 1273 1778 1320; baseline 0.001 -10"><span class='ocrx_word' id='word_1_193' title='bbox 158 1276 291 1310; x_wconf 83' lang='lat' dir='ltr'>minem</span> <span class='ocrx_word' id='word_1_194' title='bbox 314 1276 526 1310; x_wconf 81' lang='lat' dir='ltr'>resurrectio</span> <span class='ocrx_word' id='word_1_195' title='bbox 546 1278 779 1310; x_wconf 75' lang='lat' dir='ltr'>mortuorum.</span> <span class='ocrx_word' id='word_1_196' title='bbox 802 1273 990 1310; x_wconf 85' lang='lat' dir='ltr'>Effectum</span> <span class='ocrx_word' id='word_1_197' title='bbox 1010 1274 1130 1320; x_wconf 83' lang='lat' dir='ltr'>igitur</span> <span class='ocrx_word' id='word_1_198' title='bbox 1142 1273 1282 1310; x_wconf 83' lang='lat' dir='ltr'>mortis</span> <span class='ocrx_word' id='word_1_199' title='bbox 1300 1274 1441 1310; x_wconf 82' lang='lat' dir='ltr'>Christi</span> <span class='ocrx_word' id='word_1_200' title='bbox 1455 1274 1497 1309; x_wconf 91' lang='lat' dir='ltr'>in</span> <span class='ocrx_word' id='word_1_201' title='bbox 1518 1274 1778 1312; x_wconf 85' lang='lat' dir='ltr'>sacramentis</span> 
     </span>
     <span class='ocr_line' id='line_1_20' title="bbox 163 1320 1779 1368; baseline 0.001 -10"><span class='ocrx_word' id='word_1_202' title='bbox 163 1321 451 1366; x_wconf 79' lang='lat' dir='ltr'>consequimur</span> <span class='ocrx_word' id='word_1_203' title='bbox 483 1325 672 1368; x_wconf 82' lang='lat' dir='ltr'>quantum</span> <span class='ocrx_word' id='word_1_204' title='bbox 705 1321 752 1357; x_wconf 83' lang='lat' dir='ltr'>ad</span> <span class='ocrx_word' id='word_1_205' title='bbox 786 1322 1064 1358; x_wconf 85' lang='lat' dir='ltr'>remissionem</span> <span class='ocrx_word' id='word_1_206' title='bbox 1096 1321 1252 1366; x_wconf 84' lang='lat' dir='ltr'>culpae:</span> <span class='ocrx_word' id='word_1_207' title='bbox 1285 1320 1432 1357; x_wconf 89' lang='lat' dir='ltr'>dictum</span> <span class='ocrx_word' id='word_1_208' title='bbox 1452 1325 1513 1357; x_wconf 89' lang='lat' dir='ltr'>est</span> <span class='ocrx_word' id='word_1_209' title='bbox 1531 1322 1636 1357; x_wconf 88' lang='lat' dir='ltr'>enim</span> <span class='ocrx_word' id='word_1_210' title='bbox 1656 1330 1779 1366; x_wconf 86' lang='lat' dir='ltr'>supra</span> 
     </span>
     <span class='ocr_line' id='line_1_21' title="bbox 161 1367 1778 1414; baseline 0.001 -10"><span class='ocrx_word' id='word_1_211' title='bbox 161 1367 262 1414; x_wconf 91' lang='lat' dir='ltr'>(cap.</span> <span class='ocrx_word' id='word_1_212' title='bbox 295 1368 353 1413; x_wconf 79' lang='lat'>56)</span> <span class='ocrx_word' id='word_1_213' title='bbox 377 1367 483 1414; x_wconf 84' lang='lat' dir='ltr'>quod</span> <span class='ocrx_word' id='word_1_214' title='bbox 518 1372 766 1404; x_wconf 81' lang='lat' dir='ltr'>sacramenta</span> <span class='ocrx_word' id='word_1_215' title='bbox 794 1368 835 1404; x_wconf 91' lang='lat' dir='ltr'>in</span> <span class='ocrx_word' id='word_1_216' title='bbox 854 1368 993 1404; x_wconf 71' lang='lat' dir='ltr'>virtute</span> <span class='ocrx_word' id='word_1_217' title='bbox 1015 1368 1213 1413; x_wconf 83' lang='lat' dir='ltr'>passionis</span> <span class='ocrx_word' id='word_1_218' title='bbox 1247 1367 1388 1404; x_wconf 83' lang='lat' dir='ltr'>Christi</span> <span class='ocrx_word' id='word_1_219' title='bbox 1407 1371 1644 1412; x_wconf 59' lang='lat' dir='ltr'>operantum</span> <span class='ocrx_word' id='word_1_220' title='bbox 1664 1367 1778 1405; x_wconf 85' lang='lat' dir='ltr'>effec-</span> 
     </span>
     <span class='ocr_line' id='line_1_22' title="bbox 160 1414 1775 1461; baseline 0.001 -11"><span class='ocrx_word' id='word_1_221' title='bbox 160 1419 244 1451; x_wconf 88' lang='lat' dir='ltr'>tum</span> <span class='ocrx_word' id='word_1_222' title='bbox 257 1419 387 1451; x_wconf 84' lang='lat' dir='ltr'>autem</span> <span class='ocrx_word' id='word_1_223' title='bbox 407 1415 712 1451; x_wconf 87' lang='lat' dir='ltr'>resurrectionis</span> <span class='ocrx_word' id='word_1_224' title='bbox 731 1414 888 1457; x_wconf 83' lang='lat' dir='ltr'>Christi,</span> <span class='ocrx_word' id='word_1_225' title='bbox 899 1419 1089 1461; x_wconf 84' lang='lat' dir='ltr'>quantum</span> <span class='ocrx_word' id='word_1_226' title='bbox 1105 1414 1154 1451; x_wconf 90' lang='lat' dir='ltr'>ad</span> <span class='ocrx_word' id='word_1_227' title='bbox 1170 1414 1443 1450; x_wconf 85' lang='lat' dir='ltr'>liberationem</span> <span class='ocrx_word' id='word_1_228' title='bbox 1458 1424 1481 1450; x_wconf 90' lang='lat' dir='ltr'>a</span> <span class='ocrx_word' id='word_1_229' title='bbox 1494 1420 1634 1459; x_wconf 85' lang='lat' dir='ltr'>morte,</span> <span class='ocrx_word' id='word_1_230' title='bbox 1646 1414 1775 1452; x_wconf 89' lang='lat' dir='ltr'>infine</span> 
     </span>
     <span class='ocr_line' id='line_1_23' title="bbox 162 1461 1774 1508; baseline 0.001 -10"><span class='ocrx_word' id='word_1_231' title='bbox 162 1461 298 1498; x_wconf 80' lang='lat' dir='ltr'>saeculi</span> <span class='ocrx_word' id='word_1_232' title='bbox 312 1470 616 1507; x_wconf 82' lang='lat' dir='ltr'>consequemur,</span> <span class='ocrx_word' id='word_1_233' title='bbox 632 1462 790 1508; x_wconf 84' lang='lat' dir='ltr'>quando</span> <span class='ocrx_word' id='word_1_234' title='bbox 808 1471 947 1498; x_wconf 85' lang='lat' dir='ltr'>omnes</span> <span class='ocrx_word' id='word_1_235' title='bbox 965 1461 1374 1507; x_wconf 70' lang='lat' dir='ltr'>percuiistiw&#39;rtutem</span> <span class='ocrx_word' id='word_1_236' title='bbox 1383 1470 1658 1508; x_wconf 84' lang='lat' dir='ltr'>resurgemus:</span> <span class='ocrx_word' id='word_1_237' title='bbox 1672 1462 1774 1499; x_wconf 87' lang='lat' dir='ltr'>unde</span> 
     </span>
     <span class='ocr_line' id='line_1_24' title="bbox 160 1508 1777 1554; baseline -0.001 -9"><span class='ocrx_word' id='word_1_238' title='bbox 160 1508 258 1545; x_wconf 85' lang='lat' dir='ltr'>dicit</span> <span class='ocrx_word' id='word_1_239' title='bbox 278 1508 508 1554; x_wconf 81' lang='lat' dir='ltr'>Apostolus,</span> <span class='ocrx_word' id='word_1_240' title='bbox 527 1510 659 1553; x_wconf 68' lang='lat' dir='ltr'>icor„</span> <span class='ocrx_word' id='word_1_241' title='bbox 680 1517 748 1552; x_wconf 81' lang='lat' dir='ltr'>XV,</span> <span class='ocrx_word' id='word_1_242' title='bbox 766 1512 809 1545; x_wconf 78' lang='lat'>12</span> <span class='ocrx_word' id='word_1_243' title='bbox 824 1521 832 1545; x_wconf 90' lang='lat'>:</span> <span class='ocrx_word' id='word_1_244' title='bbox 849 1508 1294 1554; x_wconf 80' lang='lat' dir='ltr'>SiChristuspraedicutur</span> <span class='ocrx_word' id='word_1_245' title='bbox 1312 1508 1407 1553; x_wconf 80' lang='lat' dir='ltr'>quod</span> <span class='ocrx_word' id='word_1_246' title='bbox 1425 1511 1626 1544; x_wconf 59' lang='lat' dir='ltr'>resurr-emit</span> <span class='ocrx_word' id='word_1_247' title='bbox 1644 1520 1668 1545; x_wconf 86' lang='lat' dir='ltr'>a</span> <span class='ocrx_word' id='word_1_248' title='bbox 1684 1520 1777 1545; x_wconf 89' lang='lat' dir='ltr'>mor-</span> 
     </span>
     <span class='ocr_line' id='line_1_25' title="bbox 158 1555 1776 1601; baseline 0.001 -11"><span class='ocrx_word' id='word_1_249' title='bbox 158 1556 258 1598; x_wconf 77' lang='lat' dir='ltr'>tuis;</span> <span class='ocrx_word' id='word_1_250' title='bbox 281 1555 454 1600; x_wconf 83' lang='lat' dir='ltr'>quomodo</span> <span class='ocrx_word' id='word_1_251' title='bbox 489 1555 639 1601; x_wconf 79' lang='lat' dir='ltr'>quidam</span> <span class='ocrx_word' id='word_1_252' title='bbox 665 1556 793 1592; x_wconf 85' lang='lat' dir='ltr'>dicunt</span> <span class='ocrx_word' id='word_1_253' title='bbox 815 1566 860 1591; x_wconf 74' lang='lat' dir='ltr'>ecc</span> <span class='ocrx_word' id='word_1_254' title='bbox 884 1557 984 1592; x_wconf 80' lang='lat' dir='ltr'>vobis</span> <span class='ocrx_word' id='word_1_255' title='bbox 1013 1557 1185 1601; x_wconf 81' lang='lat' dir='ltr'>quoniam</span> <span class='ocrx_word' id='word_1_256' title='bbox 1208 1557 1420 1591; x_wconf 85' lang='lat' dir='ltr'>resurrectio</span> <span class='ocrx_word' id='word_1_257' title='bbox 1450 1559 1673 1592; x_wconf 83' lang='lat' dir='ltr'>mortuorum</span> <span class='ocrx_word' id='word_1_258' title='bbox 1701 1566 1776 1592; x_wconf 87' lang='lat' dir='ltr'>non</span> 
     </span>
     <span class='ocr_line' id='line_1_26' title="bbox 157 1602 1776 1650; baseline 0.001 -13"><span class='ocrx_word' id='word_1_259' title='bbox 157 1605 221 1643; x_wconf 86' lang='lat' dir='ltr'>est,</span> <span class='ocrx_word' id='word_1_260' title='bbox 238 1613 351 1647; x_wconf 81' lang='lat' dir='ltr'>neque</span> <span class='ocrx_word' id='word_1_261' title='bbox 366 1602 528 1638; x_wconf 82' lang='lat' dir='ltr'>Christus</span> <span class='ocrx_word' id='word_1_262' title='bbox 544 1605 744 1638; x_wconf 69' lang='lat' dir='ltr'>rosum-emit</span> <span class='ocrx_word' id='word_1_263' title='bbox 759 1604 777 1638; x_wconf 73' lang='grc' dir='ltr'>Σ)</span> <span class='ocrx_word' id='word_1_264' title='bbox 795 1603 837 1639; x_wconf 90' lang='lat' dir='ltr'>Si</span> <span class='ocrx_word' id='word_1_265' title='bbox 855 1606 974 1638; x_wconf 82' lang='lat' dir='ltr'>autem</span> <span class='ocrx_word' id='word_1_266' title='bbox 987 1603 1150 1640; x_wconf 83' lang='lat' dir='ltr'>Christus</span> <span class='ocrx_word' id='word_1_267' title='bbox 1163 1612 1235 1638; x_wconf 87' lang='lat' dir='ltr'>non</span> <span class='ocrx_word' id='word_1_268' title='bbox 1247 1603 1459 1647; x_wconf 74' lang='lat' dir='ltr'>resurrexit,</span> <span class='ocrx_word' id='word_1_269' title='bbox 1474 1604 1597 1638; x_wconf 84' lang='lat' dir='ltr'>inanis</span> <span class='ocrx_word' id='word_1_270' title='bbox 1616 1605 1669 1639; x_wconf 88' lang='lat' dir='ltr'>est</span> <span class='ocrx_word' id='word_1_271' title='bbox 1682 1613 1776 1650; x_wconf 80' lang='lat' dir='ltr'>prae-</span> 
     </span>
     <span class='ocr_line' id='line_1_27' title="bbox 155 1649 1774 1697; baseline 0.001 -13"><span class='ocrx_word' id='word_1_272' title='bbox 155 1649 291 1684; x_wconf 83' lang='lat' dir='ltr'>dicatio</span> <span class='ocrx_word' id='word_1_273' title='bbox 311 1652 448 1689; x_wconf 81' lang='lat' dir='ltr'>nostra,</span> <span class='ocrx_word' id='word_1_274' title='bbox 475 1651 598 1685; x_wconf 82' lang='lat' dir='ltr'>inanis</span> <span class='ocrx_word' id='word_1_275' title='bbox 617 1653 671 1685; x_wconf 83' lang='lat' dir='ltr'>est</span> <span class='ocrx_word' id='word_1_276' title='bbox 689 1653 722 1685; x_wconf 87' lang='lat' dir='ltr'>et</span> <span class='ocrx_word' id='word_1_277' title='bbox 738 1650 826 1695; x_wconf 82' lang='lat' dir='ltr'>fides</span> <span class='ocrx_word' id='word_1_278' title='bbox 853 1653 985 1686; x_wconf 79' lang='lat' dir='ltr'>vestra.</span> <span class='ocrx_word' id='word_1_279' title='bbox 1012 1651 1078 1686; x_wconf 85' lang='lat' dir='ltr'>Est</span> <span class='ocrx_word' id='word_1_280' title='bbox 1098 1650 1220 1697; x_wconf 80' lang='lat' dir='ltr'>igitur</span> <span class='ocrx_word' id='word_1_281' title='bbox 1244 1649 1291 1686; x_wconf 91' lang='lat' dir='ltr'>de</span> <span class='ocrx_word' id='word_1_282' title='bbox 1317 1650 1553 1686; x_wconf 84' lang='lat' dir='ltr'>necessitate</span> <span class='ocrx_word' id='word_1_283' title='bbox 1578 1649 1670 1687; x_wconf 88' lang='lat' dir='ltr'>fidei</span> <span class='ocrx_word' id='word_1_284' title='bbox 1689 1660 1774 1693; x_wconf 84' lang='lat' dir='ltr'>cre-</span> 
     </span>
     <span class='ocr_line' id='line_1_28' title="bbox 156 1696 1074 1733; baseline 0 0"><span class='ocrx_word' id='word_1_285' title='bbox 156 1696 248 1733; x_wconf 87' lang='lat' dir='ltr'>dere</span> <span class='ocrx_word' id='word_1_286' title='bbox 268 1696 599 1733; x_wconf 88' lang='lat' dir='ltr'>resurrectionem</span> <span class='ocrx_word' id='word_1_287' title='bbox 619 1699 866 1733; x_wconf 86' lang='lat' dir='ltr'>mortuorum</span> <span class='ocrx_word' id='word_1_288' title='bbox 889 1697 1074 1733; x_wconf 88' lang='lat' dir='ltr'>futuram.</span> 
     </span>
    </p>

    <p class='ocr_par' dir='ltr' id='par_1_5' title="bbox 155 1743 1776 1931">
     <span class='ocr_line' id='line_1_29' title="bbox 206 1743 1776 1791; baseline 0.001 -12"><span class='ocrx_word' id='word_1_289' title='bbox 206 1743 372 1787; x_wconf 81' lang='lat' dir='ltr'>Quidam</span> <span class='ocrx_word' id='word_1_290' title='bbox 388 1752 481 1780; x_wconf 86' lang='lat' dir='ltr'>vero</span> <span class='ocrx_word' id='word_1_291' title='bbox 502 1743 577 1780; x_wconf 87' lang='lat' dir='ltr'>lioc</span> <span class='ocrx_word' id='word_1_292' title='bbox 597 1753 779 1789; x_wconf 87' lang='lat' dir='ltr'>perverse</span> <span class='ocrx_word' id='word_1_293' title='bbox 793 1743 1073 1791; x_wconf 83' lang='lat' dir='ltr'>intelligentes,</span> <span class='ocrx_word' id='word_1_294' title='bbox 1092 1744 1423 1781; x_wconf 80' lang='lat' dir='ltr'>resurrectionem</span> <span class='ocrx_word' id='word_1_295' title='bbox 1443 1753 1653 1789; x_wconf 89' lang='lat' dir='ltr'>corporum</span> <span class='ocrx_word' id='word_1_296' title='bbox 1673 1744 1776 1782; x_wconf 88' lang='lat' dir='ltr'>futu-</span> 
     </span>
     <span class='ocr_line' id='line_1_30' title="bbox 156 1790 1775 1838; baseline 0.002 -12"><span class='ocrx_word' id='word_1_297' title='bbox 156 1799 240 1827; x_wconf 88' lang='lat' dir='ltr'>ram</span> <span class='ocrx_word' id='word_1_298' title='bbox 272 1799 353 1827; x_wconf 89' lang='lat' dir='ltr'>non</span> <span class='ocrx_word' id='word_1_299' title='bbox 384 1790 548 1827; x_wconf 89' lang='lat' dir='ltr'>credunt</span> <span class='ocrx_word' id='word_1_300' title='bbox 566 1803 573 1834; x_wconf 89' lang='lat'>;</span> <span class='ocrx_word' id='word_1_301' title='bbox 612 1791 682 1827; x_wconf 91' lang='lat' dir='ltr'>sed</span> <span class='ocrx_word' id='word_1_302' title='bbox 715 1791 819 1837; x_wconf 82' lang='lat' dir='ltr'>quod</span> <span class='ocrx_word' id='word_1_303' title='bbox 853 1791 899 1827; x_wconf 90' lang='lat' dir='ltr'>de</span> <span class='ocrx_word' id='word_1_304' title='bbox 931 1791 1222 1828; x_wconf 89' lang='lat' dir='ltr'>resurrectione</span> <span class='ocrx_word' id='word_1_305' title='bbox 1242 1791 1388 1838; x_wconf 86' lang='lat' dir='ltr'>legitur</span> <span class='ocrx_word' id='word_1_306' title='bbox 1405 1791 1444 1827; x_wconf 89' lang='lat' dir='ltr'>in</span> <span class='ocrx_word' id='word_1_307' title='bbox 1478 1791 1687 1836; x_wconf 83' lang='lat' dir='ltr'>scripturis</span> <span class='ocrx_word' id='word_1_308' title='bbox 1724 1791 1775 1829; x_wconf 87' lang='lat' dir='ltr'>ad</span> 
     </span>
     <span class='ocr_line' id='line_1_31' title="bbox 156 1837 1776 1885; baseline 0.001 -11"><span class='ocrx_word' id='word_1_309' title='bbox 156 1837 404 1883; x_wconf 89' lang='lat' dir='ltr'>spiritualem</span> <span class='ocrx_word' id='word_1_310' title='bbox 435 1838 763 1874; x_wconf 85' lang='lat' dir='ltr'>resurrectionem</span> <span class='ocrx_word' id='word_1_311' title='bbox 798 1838 942 1874; x_wconf 85' lang='lat' dir='ltr'>referre</span> <span class='ocrx_word' id='word_1_312' title='bbox 975 1842 1183 1882; x_wconf 88' lang='lat' dir='ltr'>conantur,</span> <span class='ocrx_word' id='word_1_313' title='bbox 1215 1837 1435 1875; x_wconf 89' lang='lat' dir='ltr'>secundum</span> <span class='ocrx_word' id='word_1_314' title='bbox 1468 1838 1575 1884; x_wconf 87' lang='lat' dir='ltr'>quod</span> <span class='ocrx_word' id='word_1_315' title='bbox 1609 1838 1731 1885; x_wconf 84' lang='lat' dir='ltr'>aliqui</span> <span class='ocrx_word' id='word_1_316' title='bbox 1750 1847 1776 1876; x_wconf 82' lang='lat' dir='ltr'>a</span> 
     </span>
     <span class='ocr_line' id='line_1_32' title="bbox 155 1884 972 1931; baseline 0.001 -11"><span class='ocrx_word' id='word_1_317' title='bbox 155 1887 282 1920; x_wconf 88' lang='lat' dir='ltr'>morte</span> <span class='ocrx_word' id='word_1_318' title='bbox 303 1884 453 1929; x_wconf 86' lang='lat' dir='ltr'>peccati</span> <span class='ocrx_word' id='word_1_319' title='bbox 471 1889 683 1930; x_wconf 84' lang='lat' dir='ltr'>resurgunt</span> <span class='ocrx_word' id='word_1_320' title='bbox 704 1895 773 1930; x_wconf 90' lang='lat' dir='ltr'>per</span> <span class='ocrx_word' id='word_1_321' title='bbox 791 1885 972 1931; x_wconf 83' lang='lat' dir='ltr'>gratiam.</span> 
     </span>
    </p>

    <p class='ocr_par' dir='ltr' id='par_1_6' title="bbox 153 1930 1775 2213">
     <span class='ocr_line' id='line_1_33' title="bbox 205 1930 1770 1977; baseline 0.002 -10"><span class='ocrx_word' id='word_1_322' title='bbox 205 1930 275 1967; x_wconf 86' lang='lat' dir='ltr'>Hic</span> <span class='ocrx_word' id='word_1_323' title='bbox 289 1935 420 1967; x_wconf 90' lang='lat' dir='ltr'>autem</span> <span class='ocrx_word' id='word_1_324' title='bbox 437 1940 545 1968; x_wconf 88' lang='lat' dir='ltr'>error</span> <span class='ocrx_word' id='word_1_325' title='bbox 565 1932 612 1968; x_wconf 90' lang='lat' dir='ltr'>ab</span> <span class='ocrx_word' id='word_1_326' title='bbox 633 1932 720 1977; x_wconf 88' lang='lat' dir='ltr'>ipso</span> <span class='ocrx_word' id='word_1_327' title='bbox 742 1932 929 1977; x_wconf 79' lang='lat' dir='ltr'>Apostolo</span> <span class='ocrx_word' id='word_1_328' title='bbox 940 1932 1193 1977; x_wconf 60' lang='lat' dir='ltr'>reprobatum</span> <span class='ocrx_word' id='word_1_329' title='bbox 1216 1931 1311 1968; x_wconf 91' lang='lat' dir='ltr'>dicit</span> <span class='ocrx_word' id='word_1_330' title='bbox 1329 1931 1450 1975; x_wconf 86' lang='lat' dir='ltr'>enim,</span> <span class='ocrx_word' id='word_1_331' title='bbox 1472 1934 1505 1968; x_wconf 93' lang='grc' dir='ltr'>ΙΙ</span> <span class='ocrx_word' id='word_1_332' title='bbox 1519 1932 1631 1977; x_wconf 87' lang='lat' dir='ltr'>Tim.,</span> <span class='ocrx_word' id='word_1_333' title='bbox 1652 1935 1770 1976; x_wconf 82' lang='lat'>11‚¹6:</span> 
     </span>
     <span class='ocr_line' id='line_1_34' title="bbox 155 1978 1773 2024; baseline 0.002 -12"><span class='ocrx_word' id='word_1_334' title='bbox 155 1978 323 2021; x_wconf 77' lang='lat' dir='ltr'>Profana</span> <span class='ocrx_word' id='word_1_335' title='bbox 342 1981 375 2013; x_wconf 90' lang='lat' dir='ltr'>et</span> <span class='ocrx_word' id='word_1_336' title='bbox 392 1979 605 2023; x_wconf 83' lang='lat' dir='ltr'>vaniloquia</span> <span class='ocrx_word' id='word_1_337' title='bbox 621 1978 766 2021; x_wconf 81' lang='lat' dir='ltr'>devita;</span> <span class='ocrx_word' id='word_1_338' title='bbox 785 1980 938 2013; x_wconf 87' lang='lat' dir='ltr'>multum</span> <span class='ocrx_word' id='word_1_339' title='bbox 957 1980 1050 2013; x_wconf 87' lang='lat' dir='ltr'>enim</span> <span class='ocrx_word' id='word_1_340' title='bbox 1068 1980 1264 2024; x_wconf 78' lang='lat' dir='ltr'>proficiunt</span> <span class='ocrx_word' id='word_1_341' title='bbox 1287 1979 1337 2013; x_wconf 81' lang='lat' dir='ltr'>ad</span> <span class='ocrx_word' id='word_1_342' title='bbox 1356 1980 1586 2024; x_wconf 80' lang='lat' dir='ltr'>impietatem,</span> <span class='ocrx_word' id='word_1_343' title='bbox 1608 1983 1642 2014; x_wconf 88' lang='lat' dir='ltr'>et</span> <span class='ocrx_word' id='word_1_344' title='bbox 1659 1990 1773 2016; x_wconf 86' lang='lat' dir='ltr'>sermo</span> 
     </span>
     <span class='ocr_line' id='line_1_35' title="bbox 154 2025 1775 2072; baseline 0.002 -13"><span class='ocrx_word' id='word_1_345' title='bbox 154 2034 278 2060; x_wconf 85' lang='lat' dir='ltr'>eorum</span> <span class='ocrx_word' id='word_1_346' title='bbox 297 2027 337 2059; x_wconf 87' lang='lat' dir='ltr'>ut</span> <span class='ocrx_word' id='word_1_347' title='bbox 356 2034 482 2060; x_wconf 81' lang='lat' dir='ltr'>cancer</span> <span class='ocrx_word' id='word_1_348' title='bbox 497 2027 636 2070; x_wconf 80' lang='lat' dir='ltr'>serpit:</span> <span class='ocrx_word' id='word_1_349' title='bbox 657 2035 702 2060; x_wconf 76' lang='lat' dir='ltr'>eoe</span> <span class='ocrx_word' id='word_1_350' title='bbox 722 2025 850 2070; x_wconf 79' lang='lat' dir='ltr'>quibus</span> <span class='ocrx_word' id='word_1_351' title='bbox 865 2028 916 2061; x_wconf 83' lang='lat' dir='ltr'>est</span> <span class='ocrx_word' id='word_1_352' title='bbox 932 2027 1145 2070; x_wconf 63' lang='lat' dir='ltr'>Hymenaeus</span> <span class='ocrx_word' id='word_1_353' title='bbox 1171 2028 1204 2061; x_wconf 91' lang='lat' dir='ltr'>et</span> <span class='ocrx_word' id='word_1_354' title='bbox 1219 2026 1393 2066; x_wconf 78' lang='lat' dir='ltr'>Philetus,</span> <span class='ocrx_word' id='word_1_355' title='bbox 1415 2027 1504 2071; x_wconf 80' lang='lat' dir='ltr'>quia</span> <span class='ocrx_word' id='word_1_356' title='bbox 1521 2028 1672 2062; x_wconf 74' lang='lat' dir='ltr'>veritate</span> <span class='ocrx_word' id='word_1_357' title='bbox 1689 2026 1775 2072; x_wconf 75' lang='lat' dir='ltr'>fidei</span> 
     </span>
     <span class='ocr_line' id='line_1_36' title="bbox 153 2071 1774 2119; baseline 0.003 -14"><span class='ocrx_word' id='word_1_358' title='bbox 153 2071 383 2115; x_wconf 79' lang='lat' dir='ltr'>eaeciderunt,</span> <span class='ocrx_word' id='word_1_359' title='bbox 405 2071 560 2107; x_wconf 81' lang='lat' dir='ltr'>dicentes</span> <span class='ocrx_word' id='word_1_360' title='bbox 580 2074 872 2107; x_wconf 79' lang='lat' dir='ltr'>resurrectionem</span> <span class='ocrx_word' id='word_1_361' title='bbox 884 2073 965 2117; x_wconf 75' lang='lat' dir='ltr'>jam</span> <span class='ocrx_word' id='word_1_362' title='bbox 984 2073 1123 2116; x_wconf 81' lang='lat' dir='ltr'>factam</span> <span class='ocrx_word' id='word_1_363' title='bbox 1141 2083 1215 2108; x_wconf 89' lang='lat' dir='ltr'>esse</span> <span class='ocrx_word' id='word_1_364' title='bbox 1233 2085 1244 2108; x_wconf 72' lang='grc' dir='ltr'><em>ε</em></span> <span class='ocrx_word' id='word_1_365' title='bbox 1266 2072 1372 2119; x_wconf 83' lang='lat' dir='ltr'>quod</span> <span class='ocrx_word' id='word_1_366' title='bbox 1391 2081 1474 2109; x_wconf 87' lang='lat' dir='ltr'>non</span> <span class='ocrx_word' id='word_1_367' title='bbox 1489 2077 1642 2118; x_wconf 87' lang='lat' dir='ltr'>poterat</span> <span class='ocrx_word' id='word_1_368' title='bbox 1657 2073 1774 2110; x_wconf 89' lang='lat' dir='ltr'>intel·</span> 
     </span>
     <span class='ocr_line' id='line_1_37' title="bbox 157 2117 1774 2167; baseline 0.002 -14"><span class='ocrx_word' id='word_1_369' title='bbox 157 2117 227 2164; x_wconf 87' lang='lat' dir='ltr'>ligi</span> <span class='ocrx_word' id='word_1_370' title='bbox 247 2117 324 2154; x_wconf 91' lang='lat' dir='ltr'>iiisi</span> <span class='ocrx_word' id='word_1_371' title='bbox 343 2118 389 2154; x_wconf 88' lang='lat' dir='ltr'>de</span> <span class='ocrx_word' id='word_1_372' title='bbox 410 2118 698 2155; x_wconf 86' lang='lat' dir='ltr'>resurrectione</span> <span class='ocrx_word' id='word_1_373' title='bbox 717 2119 927 2165; x_wconf 88' lang='lat' dir='ltr'>spirituali.</span> <span class='ocrx_word' id='word_1_374' title='bbox 946 2121 1012 2156; x_wconf 87' lang='lat' dir='ltr'>Est</span> <span class='ocrx_word' id='word_1_375' title='bbox 1027 2129 1121 2166; x_wconf 86' lang='lat' dir='ltr'>ergo</span> <span class='ocrx_word' id='word_1_376' title='bbox 1136 2122 1273 2156; x_wconf 89' lang='lat' dir='ltr'>contra</span> <span class='ocrx_word' id='word_1_377' title='bbox 1291 2120 1493 2156; x_wconf 87' lang='lat' dir='ltr'>veritatem</span> <span class='ocrx_word' id='word_1_378' title='bbox 1514 2119 1605 2156; x_wconf 91' lang='lat' dir='ltr'>fidei</span> <span class='ocrx_word' id='word_1_379' title='bbox 1625 2129 1774 2167; x_wconf 86' lang='lat' dir='ltr'>ponere</span> 
     </span>
     <span class='ocr_line' id='line_1_38' title="bbox 156 2165 1261 2213; baseline 0.002 -13"><span class='ocrx_word' id='word_1_380' title='bbox 156 2165 491 2201; x_wconf 87' lang='lat' dir='ltr'>resurrectionem</span> <span class='ocrx_word' id='word_1_381' title='bbox 512 2165 757 2210; x_wconf 87' lang='lat' dir='ltr'>spiritualem</span> <span class='ocrx_word' id='word_1_382' title='bbox 776 2169 814 2202; x_wconf 89' lang='lat' dir='ltr'>et</span> <span class='ocrx_word' id='word_1_383' title='bbox 835 2175 980 2213; x_wconf 87' lang='lat' dir='ltr'>negare</span> <span class='ocrx_word' id='word_1_384' title='bbox 1001 2167 1261 2212; x_wconf 88' lang='lat' dir='ltr'>corporalem.</span> 
     </span>
    </p>

    <p class='ocr_par' dir='ltr' id='par_1_7' title="bbox 152 2212 1776 2539">
     <span class='ocr_line' id='line_1_39' title="bbox 202 2212 1776 2262; baseline 0.004 -16"><span class='ocrx_word' id='word_1_385' title='bbox 202 2212 392 2257; x_wconf 81' lang='lat' dir='ltr'>Praeterea,</span> <span class='ocrx_word' id='word_1_386' title='bbox 421 2212 675 2249; x_wconf 77' lang='lat' dir='ltr'>manifestum</span> <span class='ocrx_word' id='word_1_387' title='bbox 700 2218 761 2249; x_wconf 84' lang='lat' dir='ltr'>est</span> <span class='ocrx_word' id='word_1_388' title='bbox 786 2223 834 2249; x_wconf 85' lang='lat' dir='ltr'>ex</span> <span class='ocrx_word' id='word_1_389' title='bbox 862 2213 926 2250; x_wconf 86' lang='lat' dir='ltr'>his</span> <span class='ocrx_word' id='word_1_390' title='bbox 955 2223 1042 2261; x_wconf 85' lang='lat' dir='ltr'>quae</span> <span class='ocrx_word' id='word_1_391' title='bbox 1062 2214 1276 2259; x_wconf 84' lang='lat' dir='ltr'>Apostolus</span> <span class='ocrx_word' id='word_1_392' title='bbox 1305 2213 1514 2251; x_wconf 85' lang='lat' dir='ltr'>Corinthiis</span> <span class='ocrx_word' id='word_1_393' title='bbox 1545 2215 1636 2251; x_wconf 88' lang='lat' dir='ltr'>dicit</span> <span class='ocrx_word' id='word_1_394' title='bbox 1667 2215 1776 2262; x_wconf 83' lang='lat' dir='ltr'>quod</span> 
     </span>
     <span class='ocr_line' id='line_1_40' title="bbox 155 2259 1775 2308; baseline 0.003 -14"><span class='ocrx_word' id='word_1_395' title='bbox 155 2259 363 2304; x_wconf 85' lang='lat' dir='ltr'>praemissa</span> <span class='ocrx_word' id='word_1_396' title='bbox 395 2259 514 2296; x_wconf 82' lang='lat' dir='ltr'>verba</span> <span class='ocrx_word' id='word_1_397' title='bbox 533 2259 579 2296; x_wconf 91' lang='lat' dir='ltr'>de</span> <span class='ocrx_word' id='word_1_398' title='bbox 607 2261 896 2297; x_wconf 85' lang='lat' dir='ltr'>resurrectione</span> <span class='ocrx_word' id='word_1_399' title='bbox 916 2261 1113 2306; x_wconf 86' lang='lat' dir='ltr'>corporali</span> <span class='ocrx_word' id='word_1_400' title='bbox 1143 2265 1237 2298; x_wconf 90' lang='lat' dir='ltr'>sunt</span> <span class='ocrx_word' id='word_1_401' title='bbox 1268 2261 1550 2307; x_wconf 85' lang='lat' dir='ltr'>intelligenda;</span> <span class='ocrx_word' id='word_1_402' title='bbox 1572 2270 1664 2298; x_wconf 89' lang='lat' dir='ltr'>nam</span> <span class='ocrx_word' id='word_1_403' title='bbox 1682 2266 1775 2308; x_wconf 85' lang='lat' dir='ltr'>post</span> 
     </span>
     <span class='ocr_line' id='line_1_41' title="bbox 154 2305 1774 2354; baseline 0.002 -12"><span class='ocrx_word' id='word_1_404' title='bbox 154 2314 285 2350; x_wconf 83' lang='lat' dir='ltr'>pauca</span> <span class='ocrx_word' id='word_1_405' title='bbox 305 2305 436 2342; x_wconf 81' lang='lat' dir='ltr'>subdit</span> <span class='ocrx_word' id='word_1_406' title='bbox 456 2319 464 2342; x_wconf 81' lang='lat'>2</span> <span class='ocrx_word' id='word_1_407' title='bbox 484 2307 691 2343; x_wconf 86' lang='lat' dir='ltr'>Seminatur</span> <span class='ocrx_word' id='word_1_408' title='bbox 707 2317 836 2353; x_wconf 79' lang='lat' dir='ltr'>eorpus</span> <span class='ocrx_word' id='word_1_409' title='bbox 856 2309 1024 2349; x_wconf 86' lang='lat' dir='ltr'>animale,</span> <span class='ocrx_word' id='word_1_410' title='bbox 1045 2311 1168 2353; x_wconf 71' lang='lat' dir='ltr'>surqet</span> <span class='ocrx_word' id='word_1_411' title='bbox 1181 2318 1308 2353; x_wconf 76' lang='lat' dir='ltr'>corpus</span> <span class='ocrx_word' id='word_1_412' title='bbox 1325 2309 1539 2354; x_wconf 53' lang='lat' dir='ltr'>spiritum,-</span> <span class='ocrx_word' id='word_1_413' title='bbox 1562 2309 1628 2345; x_wconf 86' lang='lat' dir='ltr'>ubi</span> <span class='ocrx_word' id='word_1_414' title='bbox 1648 2309 1774 2346; x_wconf 88' lang='lat' dir='ltr'>mani-</span> 
     </span>
     <span class='ocr_line' id='line_1_42' title="bbox 156 2352 1776 2402; baseline 0.002 -14"><span class='ocrx_word' id='word_1_415' title='bbox 156 2352 256 2389; x_wconf 86' lang='lat' dir='ltr'>feste</span> <span class='ocrx_word' id='word_1_416' title='bbox 278 2354 457 2398; x_wconf 89' lang='lat' dir='ltr'>corporis</span> <span class='ocrx_word' id='word_1_417' title='bbox 479 2354 810 2391; x_wconf 86' lang='lat' dir='ltr'>resurrectionem</span> <span class='ocrx_word' id='word_1_418' title='bbox 834 2356 990 2402; x_wconf 81' lang='lat' dir='ltr'>tangit;</span> <span class='ocrx_word' id='word_1_419' title='bbox 1013 2359 1051 2392; x_wconf 87' lang='lat' dir='ltr'>et</span> <span class='ocrx_word' id='word_1_420' title='bbox 1074 2355 1325 2401; x_wconf 87' lang='lat' dir='ltr'>postmodum</span> <span class='ocrx_word' id='word_1_421' title='bbox 1359 2355 1510 2392; x_wconf 90' lang='lat' dir='ltr'>subdit:</span> <span class='ocrx_word' id='word_1_422' title='bbox 1533 2356 1679 2401; x_wconf 79' lang='lat' dir='ltr'>Oportet</span> <span class='ocrx_word' id='word_1_423' title='bbox 1700 2367 1776 2392; x_wconf 81' lang='lat' dir='ltr'>cor-</span> 
     </span>
     <span class='ocr_line' id='line_1_43' title="bbox 152 2399 1771 2447; baseline 0.004 -14"><span class='ocrx_word' id='word_1_424' title='bbox 152 2399 327 2444; x_wconf 77' lang='lat' dir='ltr'>ruptibile</span> <span class='ocrx_word' id='word_1_425' title='bbox 352 2401 415 2435; x_wconf 79' lang='lat' dir='ltr'>hoc</span> <span class='ocrx_word' id='word_1_426' title='bbox 440 2401 589 2436; x_wconf 83' lang='lat' dir='ltr'>induere</span> <span class='ocrx_word' id='word_1_427' title='bbox 619 2402 937 2447; x_wconf 80' lang='lat' dir='ltr'>incorruptionem,</span> <span class='ocrx_word' id='word_1_428' title='bbox 968 2405 1001 2438; x_wconf 92' lang='lat' dir='ltr'>et</span> <span class='ocrx_word' id='word_1_429' title='bbox 1024 2403 1173 2438; x_wconf 79' lang='lat' dir='ltr'>mortale</span> <span class='ocrx_word' id='word_1_430' title='bbox 1204 2403 1268 2437; x_wconf 79' lang='lat' dir='ltr'>hoc</span> <span class='ocrx_word' id='word_1_431' title='bbox 1286 2403 1436 2438; x_wconf 86' lang='lat' dir='ltr'>induere</span> <span class='ocrx_word' id='word_1_432' title='bbox 1451 2403 1771 2439; x_wconf 85' lang='lat' dir='ltr'>immortalitatem.</span> 
     </span>
     <span class='ocr_line' id='line_1_44' title="bbox 156 2446 1774 2529; baseline 0.003 -47"><span class='ocrx_word' id='word_1_433' title='bbox 156 2446 237 2482; x_wconf 90' lang='lat' dir='ltr'>Hoc</span> <span class='ocrx_word' id='word_1_434' title='bbox 262 2450 395 2529; x_wconf 62' lang='lat' dir='ltr'>auttem</span> <span class='ocrx_word' id='word_1_435' title='bbox 423 2447 678 2493; x_wconf 87' lang='lat' dir='ltr'>corruptibile</span> <span class='ocrx_word' id='word_1_436' title='bbox 708 2452 746 2484; x_wconf 87' lang='lat' dir='ltr'>et</span> <span class='ocrx_word' id='word_1_437' title='bbox 767 2449 934 2485; x_wconf 86' lang='lat' dir='ltr'>mortale</span> <span class='ocrx_word' id='word_1_438' title='bbox 963 2453 1023 2486; x_wconf 88' lang='lat' dir='ltr'>est</span> <span class='ocrx_word' id='word_1_439' title='bbox 1047 2458 1205 2495; x_wconf 89' lang='lat' dir='ltr'>corpus.</span> <span class='ocrx_word' id='word_1_440' title='bbox 1237 2450 1387 2495; x_wconf 89' lang='lat' dir='ltr'>Corpus</span> <span class='ocrx_word' id='word_1_441' title='bbox 1412 2450 1534 2496; x_wconf 87' lang='lat' dir='ltr'>igitur</span> <span class='ocrx_word' id='word_1_442' title='bbox 1571 2452 1633 2487; x_wconf 86' lang='lat' dir='ltr'>est</span> <span class='ocrx_word' id='word_1_443' title='bbox 1667 2449 1774 2497; x_wconf 90' lang='lat' dir='ltr'>quod</span> 
     </span>
     <span class='ocr_line' id='line_1_45' title="bbox 155 2501 350 2539; baseline 0.005 -10"><span class='ocrx_word' id='word_1_444' title='bbox 155 2501 319 2539; x_wconf 89' lang='lat' dir='ltr'>resurge</span> <span class='ocrx_word' id='word_1_445' title='bbox 341 2521 350 2530; x_wconf 88' lang='lat'><strong>.</strong></span> 
     </span>
    </p>

    <p class='ocr_par' dir='ltr' id='par_1_8' title="bbox 153 2540 1774 2919">
     <span class='ocr_line' id='line_1_46' title="bbox 187 2540 1772 2592; baseline 0.005 -18"><span class='ocrx_word' id='word_1_446' title='bbox 187 2540 344 2592; x_wconf 60' lang='lat' dir='ltr'>‚4dh²⁴9³</span> <span class='ocrx_word' id='word_1_447' title='bbox 369 2541 575 2582; x_wconf 89' lang='lat' dir='ltr'>Dominus,</span> <span class='ocrx_word' id='word_1_448' title='bbox 596 2542 754 2582; x_wconf 77' lang='lat' dir='ltr'>Joann„</span> <span class='ocrx_word' id='word_1_449' title='bbox 788 2551 830 2587; x_wconf 75' lang='lat' dir='ltr'>v,</span> <span class='ocrx_word' id='word_1_450' title='bbox 861 2546 921 2587; x_wconf 80' lang='lat'>25,</span> <span class='ocrx_word' id='word_1_451' title='bbox 955 2546 1161 2590; x_wconf 87' lang='lat' dir='ltr'>utramque</span> <span class='ocrx_word' id='word_1_452' title='bbox 1193 2543 1523 2581; x_wconf 87' lang='lat' dir='ltr'>resurrectionem</span> <span class='ocrx_word' id='word_1_453' title='bbox 1551 2544 1772 2590; x_wconf 84' lang='lat' dir='ltr'>promittit;</span> 
     </span>
     <span class='ocr_line' id='line_1_47' title="bbox 155 2585 1774 2637; baseline 0.004 -16"><span class='ocrx_word' id='word_1_454' title='bbox 155 2585 249 2622; x_wconf 77' lang='lat' dir='ltr'>dieii</span> <span class='ocrx_word' id='word_1_455' title='bbox 269 2596 370 2623; x_wconf 87' lang='lat' dir='ltr'>enim</span> <span class='ocrx_word' id='word_1_456' title='bbox 395 2598 404 2622; x_wconf 89' lang='lat'>:</span> <span class='ocrx_word' id='word_1_457' title='bbox 427 2589 556 2629; x_wconf 87' lang='lat' dir='ltr'>Amen,</span> <span class='ocrx_word' id='word_1_458' title='bbox 580 2599 683 2624; x_wconf 86' lang='lat' dir='ltr'>amen</span> <span class='ocrx_word' id='word_1_459' title='bbox 711 2589 790 2624; x_wconf 85' lang='lat' dir='ltr'>dico</span> <span class='ocrx_word' id='word_1_460' title='bbox 815 2590 930 2634; x_wconf 79' lang='lat' dir='ltr'>vobis,</span> <span class='ocrx_word' id='word_1_461' title='bbox 952 2591 1039 2635; x_wconf 79' lang='lat' dir='ltr'>quia</span> <span class='ocrx_word' id='word_1_462' title='bbox 1066 2592 1164 2626; x_wconf 83' lang='lat' dir='ltr'>venit</span> <span class='ocrx_word' id='word_1_463' title='bbox 1196 2591 1296 2631; x_wconf 80' lang='lat' dir='ltr'>hora,</span> <span class='ocrx_word' id='word_1_464' title='bbox 1330 2594 1364 2626; x_wconf 87' lang='lat' dir='ltr'>et</span> <span class='ocrx_word' id='word_1_465' title='bbox 1399 2602 1495 2627; x_wconf 85' lang='lat' dir='ltr'>nunc</span> <span class='ocrx_word' id='word_1_466' title='bbox 1525 2594 1590 2635; x_wconf 85' lang='lat' dir='ltr'>est,</span> <span class='ocrx_word' id='word_1_467' title='bbox 1629 2591 1774 2637; x_wconf 80' lang='lat' dir='ltr'>quando</span> 
     </span>
     <span class='ocr_line' id='line_1_48' title="bbox 153 2634 1773 2684; baseline 0.005 -17"><span class='ocrx_word' id='word_1_468' title='bbox 153 2636 287 2668; x_wconf 88' lang='lat' dir='ltr'>mortui</span> <span class='ocrx_word' id='word_1_469' title='bbox 304 2634 455 2670; x_wconf 85' lang='lat' dir='ltr'>audient</span> <span class='ocrx_word' id='word_1_470' title='bbox 470 2645 589 2671; x_wconf 84' lang='lat' dir='ltr'>vocem</span> <span class='ocrx_word' id='word_1_471' title='bbox 607 2636 694 2671; x_wconf 78' lang='lat' dir='ltr'>Filii</span> <span class='ocrx_word' id='word_1_472' title='bbox 711 2638 789 2680; x_wconf 86' lang='lat' dir='ltr'>Dei,</span> <span class='ocrx_word' id='word_1_473' title='bbox 808 2639 842 2672; x_wconf 86' lang='lat' dir='ltr'>et</span> <span class='ocrx_word' id='word_1_474' title='bbox 856 2639 920 2682; x_wconf 81' lang='lat' dir='ltr'>qui</span> <span class='ocrx_word' id='word_1_475' title='bbox 938 2637 1135 2678; x_wconf 81' lang='lat' dir='ltr'>audierint,</span> <span class='ocrx_word' id='word_1_476' title='bbox 1156 2639 1289 2678; x_wconf 80' lang='lat' dir='ltr'>vivent,</span> <span class='ocrx_word' id='word_1_477' title='bbox 1310 2638 1416 2684; x_wconf 87' lang='lat' dir='ltr'>quod</span> <span class='ocrx_word' id='word_1_478' title='bbox 1436 2638 1484 2674; x_wconf 89' lang='lat' dir='ltr'>ad</span> <span class='ocrx_word' id='word_1_479' title='bbox 1511 2639 1773 2675; x_wconf 87' lang='lat' dir='ltr'>resurrectio-</span> 
     </span>
     <span class='ocr_line' id='line_1_49' title="bbox 155 2681 1774 2731; baseline 0.004 -16"><span class='ocrx_word' id='word_1_480' title='bbox 155 2687 247 2715; x_wconf 87' lang='lat' dir='ltr'>nem</span> <span class='ocrx_word' id='word_1_481' title='bbox 266 2681 510 2725; x_wconf 86' lang='lat' dir='ltr'>spiritualem</span> <span class='ocrx_word' id='word_1_482' title='bbox 532 2682 751 2719; x_wconf 86' lang='lat' dir='ltr'>animarum</span> <span class='ocrx_word' id='word_1_483' title='bbox 772 2684 966 2729; x_wconf 87' lang='lat' dir='ltr'>pertinere</span> <span class='ocrx_word' id='word_1_484' title='bbox 979 2684 1140 2729; x_wconf 83' lang='lat' dir='ltr'>videter,</span> <span class='ocrx_word' id='word_1_485' title='bbox 1154 2693 1240 2731; x_wconf 84' lang='lat' dir='ltr'>quae</span> <span class='ocrx_word' id='word_1_486' title='bbox 1254 2688 1348 2721; x_wconf 88' lang='lat' dir='ltr'>tunc</span> <span class='ocrx_word' id='word_1_487' title='bbox 1363 2684 1442 2731; x_wconf 80' lang='lat' dir='ltr'>J&#39;am</span> <span class='ocrx_word' id='word_1_488' title='bbox 1461 2685 1546 2722; x_wconf 85' lang='lat' dir='ltr'>fieri</span> <span class='ocrx_word' id='word_1_489' title='bbox 1562 2684 1774 2731; x_wconf 85' lang='lat' dir='ltr'>incipiebat</span> 
     </span>
     <span class='ocr_line' id='line_1_50' title="bbox 155 2724 1772 2781; baseline 0.004 -20"><span class='ocrx_word' id='word_1_490' title='bbox 155 2724 250 2762; x_wconf 90' lang='lat' dir='ltr'>dum</span> <span class='ocrx_word' id='word_1_491' title='bbox 271 2727 392 2778; x_wconf 81' lang='lat' dir='ltr'>aliqui</span> <span class='ocrx_word' id='word_1_492' title='bbox 411 2737 480 2773; x_wconf 89' lang='lat' dir='ltr'>per</span> <span class='ocrx_word' id='word_1_493' title='bbox 496 2728 613 2781; x_wconf 83' lang='lat' dir='ltr'>fidem</span> <span class='ocrx_word' id='word_1_494' title='bbox 645 2729 798 2781; x_wconf 66' lang='lat' dir='ltr'>Christo</span> <span class='ocrx_word' id='word_1_495' title='bbox 829 2730 1105 2775; x_wconf 82' lang='lat' dir='ltr'>adhaerebant3</span> <span class='ocrx_word' id='word_1_496' title='bbox 1139 2731 1209 2768; x_wconf 90' lang='lat' dir='ltr'>sed</span> <span class='ocrx_word' id='word_1_497' title='bbox 1240 2732 1494 2777; x_wconf 89' lang='lat' dir='ltr'>postmodum</span> <span class='ocrx_word' id='word_1_498' title='bbox 1526 2731 1772 2777; x_wconf 83' lang='lat' dir='ltr'>corporalem</span> 
     </span>
     <span class='ocr_line' id='line_1_51' title="bbox 153 2777 1773 2824; baseline 0.003 -16"><span class='ocrx_word' id='word_1_499' title='bbox 153 2777 486 2824; x_wconf 59' lang='lat' dir='ltr'>resurrectionem</span> <span class='ocrx_word' id='word_1_500' title='bbox 506 2780 698 2821; x_wconf 79' lang='lat' dir='ltr'>exprimit,</span> <span class='ocrx_word' id='word_1_501' title='bbox 721 2777 857 2814; x_wconf 90' lang='lat' dir='ltr'>dicens</span> <span class='ocrx_word' id='word_1_502' title='bbox 880 2787 887 2811; x_wconf 75' lang='grc' dir='ltr'>ε</span> <span class='ocrx_word' id='word_1_503' title='bbox 907 2779 1015 2814; x_wconf 87' lang='lat' dir='ltr'>Venit</span> <span class='ocrx_word' id='word_1_504' title='bbox 1027 2778 1117 2814; x_wconf 80' lang='lat' dir='ltr'>hora</span> <span class='ocrx_word' id='word_1_505' title='bbox 1132 2779 1257 2824; x_wconf 82' lang='lat' dir='ltr'>inqua</span> <span class='ocrx_word' id='word_1_506' title='bbox 1270 2789 1386 2815; x_wconf 88' lang='lat' dir='ltr'>omnes</span> <span class='ocrx_word' id='word_1_507' title='bbox 1401 2780 1519 2824; x_wconf 81' lang='lat' dir='ltr'>quiin</span> <span class='ocrx_word' id='word_1_508' title='bbox 1536 2781 1773 2814; x_wconf 76' lang='lat' dir='ltr'>monumentis</span> 
     </span>
     <span class='ocr_line' id='line_1_52' title="bbox 155 2815 1772 2872; baseline 0.006 -19"><span class='ocrx_word' id='word_1_509' title='bbox 155 2822 242 2854; x_wconf 85' lang='lat' dir='ltr'>sunt</span> <span class='ocrx_word' id='word_1_510' title='bbox 257 2815 537 2871; x_wconf 66' lang='lat' dir='ltr'>audie‘iittocem</span> <span class='ocrx_word' id='word_1_511' title='bbox 557 2824 643 2858; x_wconf 80' lang='lat' dir='ltr'>Filii</span> <span class='ocrx_word' id='word_1_512' title='bbox 661 2825 740 2859; x_wconf 87' lang='lat' dir='ltr'>Dei.</span> <span class='ocrx_word' id='word_1_513' title='bbox 762 2824 1014 2862; x_wconf 75' lang='lat' dir='ltr'>Manifestum</span> <span class='ocrx_word' id='word_1_514' title='bbox 1035 2829 1096 2862; x_wconf 88' lang='lat' dir='ltr'>est</span> <span class='ocrx_word' id='word_1_515' title='bbox 1123 2826 1230 2862; x_wconf 90' lang='lat' dir='ltr'>enim</span> <span class='ocrx_word' id='word_1_516' title='bbox 1257 2825 1362 2872; x_wconf 89' lang='lat' dir='ltr'>quod</span> <span class='ocrx_word' id='word_1_517' title='bbox 1393 2825 1532 2862; x_wconf 86' lang='lat' dir='ltr'>animae</span> <span class='ocrx_word' id='word_1_518' title='bbox 1562 2824 1600 2860; x_wconf 91' lang='lat' dir='ltr'>in</span> <span class='ocrx_word' id='word_1_519' title='bbox 1630 2833 1772 2862; x_wconf 91' lang='lat' dir='ltr'>monu-</span> 
     </span>
     <span class='ocr_line' id='line_1_53' title="bbox 154 2869 1770 2919; baseline 0.004 -16"><span class='ocrx_word' id='word_1_520' title='bbox 154 2869 300 2903; x_wconf 81' lang='lat' dir='ltr'>mentis</span> <span class='ocrx_word' id='word_1_521' title='bbox 317 2875 398 2902; x_wconf 86' lang='lat' dir='ltr'>non</span> <span class='ocrx_word' id='word_1_522' title='bbox 419 2873 524 2919; x_wconf 81' lang='lat' dir='ltr'>sunt,</span> <span class='ocrx_word' id='word_1_523' title='bbox 547 2869 615 2904; x_wconf 85' lang='lat' dir='ltr'>sed</span> <span class='ocrx_word' id='word_1_524' title='bbox 633 2879 813 2915; x_wconf 88' lang='lat' dir='ltr'>corpora.</span> <span class='ocrx_word' id='word_1_525' title='bbox 832 2871 1057 2908; x_wconf 76' lang='lat' dir='ltr'>praedicitur</span> <span class='ocrx_word' id='word_1_526' title='bbox 1075 2880 1169 2918; x_wconf 86' lang='lat' dir='ltr'>ergo</span> <span class='ocrx_word' id='word_1_527' title='bbox 1195 2871 1258 2908; x_wconf 91' lang='lat' dir='ltr'>hic</span> <span class='ocrx_word' id='word_1_528' title='bbox 1278 2881 1489 2918; x_wconf 89' lang='lat' dir='ltr'>corporum</span> <span class='ocrx_word' id='word_1_529' title='bbox 1518 2872 1770 2909; x_wconf 87' lang='lat' dir='ltr'>resurrectio.</span> 
     </span>
    </p>

    <p class='ocr_par' dir='ltr' id='par_1_9' title="bbox 202 2914 1773 2965">
     <span class='ocr_line' id='line_1_54' title="bbox 202 2914 1773 2965; baseline 0.005 -16"><span class='ocrx_word' id='word_1_530' title='bbox 202 2914 393 2959; x_wconf 75' lang='lat' dir='ltr'>Expressa</span> <span class='ocrx_word' id='word_1_531' title='bbox 414 2916 531 2950; x_wconf 87' lang='lat' dir='ltr'>etiam</span> <span class='ocrx_word' id='word_1_532' title='bbox 550 2924 759 2960; x_wconf 87' lang='lat' dir='ltr'>corporum</span> <span class='ocrx_word' id='word_1_533' title='bbox 785 2919 1022 2964; x_wconf 86' lang='lat' dir='ltr'>resurrectio</span> <span class='ocrx_word' id='word_1_534' title='bbox 1040 2918 1325 2964; x_wconf 73' lang='lat' dir='ltr'>praenuntiatur</span> <span class='ocrx_word' id='word_1_535' title='bbox 1338 2928 1361 2955; x_wconf 88' lang='lat' dir='ltr'>a</span> <span class='ocrx_word' id='word_1_536' title='bbox 1377 2918 1449 2955; x_wconf 84' lang='lat' dir='ltr'>Job</span> <span class='ocrx_word' id='word_1_537' title='bbox 1466 2929 1474 2963; x_wconf 84' lang='lat'><em>3</em></span> <span class='ocrx_word' id='word_1_538' title='bbox 1492 2917 1632 2955; x_wconf 88' lang='lat' dir='ltr'>dicitur</span> <span class='ocrx_word' id='word_1_539' title='bbox 1651 2919 1773 2965; x_wconf 84' lang='lat' dir='ltr'>enim,</span> 
     </span>
    </p>
   </div>
   <div class='ocr_carea' id='block_1_5' title="bbox 1887 1453 1894 1498">
    <p class='ocr_par' dir='ltr' id='par_1_10' title="bbox 1887 1453 1894 1498">
     <span class='ocr_line' id='line_1_55' title="bbox 1887 1453 1894 1498; textangle 90"><span class='ocrx_word' id='word_1_540' title='bbox 1887 1472 1894 1498; x_wconf 53' lang='grc' dir='ltr'>μ...</span> <span class='ocrx_word' id='word_1_541' title='bbox 1887 1453 1894 1461; x_wconf 71' lang='grc' dir='ltr'>Δι</span> 
     </span>
    </p>
   </div>
   <div class='ocr_carea' id='block_1_6' title="bbox 1844 3214 1894 3223">
    <p class='ocr_par' dir='ltr' id='par_1_11' title="bbox 1844 3214 1894 3223">
     <span class='ocr_line' id='line_1_56' title="bbox 1844 3214 1894 3223; baseline 0 0"><span class='ocrx_word' id='word_1_542' title='bbox 1844 3214 1894 3223; x_wconf 95' lang='lat' dir='ltr'> </span> 
     </span>
    </p>
   </div>
  </div>
 </body>
</html>
