1894 3223
157 138 224 173 334
754 131 842 166 LtB.
870 130 932 169 ΙΙΙ,
961 129 1062 165 CAP.
1090 130 1175 165 LXI.

155 225 310 258 sumus,
331 213 466 251 omnia
478 210 698 250 secundum
719 213 849 247 actum
868 209 1064 248 videntur.
1091 212 1179 247 Non
1200 219 1295 258 ergo
1316 219 1438 248 unum
1460 210 1570 256 prius
1605 214 1643 246 et
1662 209 1770 248 aliud

186 262 370 300 osterius.

156 272 180 310 p
201 308 346 350 Adhuc,
363 314 612 352 unaquaeque
630 313 710 349 res,
731 313 822 342 cum
840 303 1060 350 pervenerit
1084 303 1132 341 ad
1152 312 1271 341 suum
1297 303 1482 341 ultimum
1498 303 1633 348 finem,
1655 303 1765 350 quie-

156 355 243 398 scit,
266 362 353 391 cum
374 351 504 390 omnis
533 354 667 389 motus
687 351 739 389 sit
758 350 806 388 ad
826 350 1111 398 acquirendum
1139 350 1272 388 finem.
1305 351 1475 388 Ultimus
1508 353 1639 388 autem
1673 349 1768 387 finis

156 400 380 439 intellectus
401 402 460 436 est
477 398 581 437 visio
599 398 742 436 divinae
762 396 1007 442 substantiae,
1034 400 1076 434 ut
1103 406 1223 443 supra
1241 397 1340 444 (cap.
1371 397 1431 444 25)
1453 399 1660 435 ostensum
1693 401 1768 434 est.

156 447 380 486 Intellectus
400 446 522 492 igitur
541 445 714 483 divinam
735 444 998 482 substantiam
1015 444 1155 481 videns
1173 452 1252 481 non
1267 448 1444 481 movetur
1459 444 1506 481 de
1526 453 1607 482 uno
1627 443 1769 481 intelli-

157 494 330 577 gibiiidin
351 493 472 531 aliud.
495 492 637 530 Omnia
654 492 776 539 igitur
795 501 881 538 quae
899 501 968 537 per
987 490 1296 528 hancvisionem
1309 490 1531 538 cognoscit,
1548 491 1668 528 simul
1681 493 1771 528 actu

159 540 270 579 consi
302 543 396 577 erat.

203 588 384 633 Amplius,
407 587 448 623 in
469 586 602 624 divina
621 585 844 624 substantia
862 584 1086 621 intellectus
1115 593 1255 622 omnes
1282 594 1413 622 rerum
1446 585 1601 631 species
1627 593 1776 632 cogno-

160 635 247 679 scit,
271 638 313 670 ut
332 644 377 671 ex
395 633 510 670 dictis
530 632 630 680 (cap.
653 632 712 679 59)
729 635 846 678 patet.
870 631 1138 676 Quorumdam
1155 634 1284 668 autem
1301 640 1490 678 generum
1509 635 1603 669 sunt
1622 632 1778 678 species

159 680 338 725 infinitae,
364 681 466 718 sicut
483 688 739 717 numerorum
760 682 799 716 et
821 678 1037 725 figurarum
1059 681 1096 715 et
1114 678 1431 724 proportionum.
1454 678 1681 716 Intellectus
1703 679 1776 725 igi-

159 732 222 765 tur
238 728 278 764 in
301 728 433 765 divina
453 727 677 764 substantia
694 726 801 763 videt
820 725 987 762 infinita.
1007 727 1098 762 Non
1117 728 1248 762 autem
1263 725 1398 762 omnia
1425 734 1471 761 ea
1489 725 1621 761 videre
1641 728 1780 771 posset

160 774 238 812 nisi
260 774 379 811 simul
407 774 574 818 videret,
605 773 698 820 quia
720 772 877 810 infinita
908 781 990 809 non
1016 774 1077 809 est
1107 772 1291 809 transire.
1327 772 1486 817 Oportet
1519 772 1640 818 igitur
1671 771 1779 818 quod

161 822 295 859 omnia
314 830 401 868 quae
422 821 646 858 intellectus
663 820 705 857 in
726 820 859 857 divina
878 818 1103 856 substantia
1121 818 1238 863 videt,
1258 818 1378 856 simul
1396 818 1539 855 videat.

209 869 305 905 Hinc
326 872 386 905 est
406 867 510 915 quod
529 867 776 914 Augustinus
796 867 890 904 dicit
910 867 950 902 in
966 865 1218 912 quindecimo
1233 867 1284 901 De
1300 866 1401 902 Trin.
1424 864 1524 911 (cap.
1546 864 1603 912 16)
1625 876 1634 900 ι
1655 878 1674 898 «
1694 866 1782 902 Non
1817 878 1820 881 ·

163 919 388 953 erunttunc
407 914 603 952 volubiles
640 917 786 951 nostrae
820 913 1096 960 cogitationes,
1130 912 1177 950 ab
1207 912 1366 965 aliiset
1394 911 1435 948 in
1468 912 1546 948 alia
1574 914 1715 964 euntes
1745 915 1783 948 et

162 961 386 999 redeuntes.
421 961 494 999 Sed
515 970 673 999 omnem
712 960 919 998 scientiam
956 962 1132 998 nostram
1166 968 1246 996 uno
1285 958 1405 996 simul
1435 962 1650 1005 conspectu
1680 958 1783 995 vide-

163 1009 294 1046 bimus
315 1023 349 1045 ».
374 1008 400 1056 (I
427 1012 542 1055 part„
564 1018 601 1056 q.
622 1016 692 1049 xil,
715 1010 786 1045 art.
810 1007 881 1053 10.)

821 1107 989 1149 CAPUT
1024 1106 1125 1148 LXI.

315 1226 415 1260 QUOD
440 1226 515 1255 PER
540 1225 729 1255 VISIONEM
751 1225 817 1254 DEI
841 1225 995 1258 ALIQUIS
1015 1224 1077 1253 SIT
1093 1223 1301 1253 PARTIGEPS
1321 1224 1425 1254 VITAE
1444 1224 1631 1253 AETERNAE.

215 1337 269 1372 Ex
283 1334 359 1373 hoc
377 1338 508 1371 autem
528 1337 689 1380 apparet
717 1333 823 1381 quod
837 1343 906 1379 per
922 1333 1116 1370 visionem
1135 1332 1363 1379 praedictam
1381 1332 1608 1370 intellectus
1629 1336 1787 1371 creatus

167 1383 256 1419 vitae
277 1385 432 1419 aeternae
451 1380 496 1418 fit
513 1381 723 1427 particeps.
747 1382 788 1417 ln
811 1380 886 1417 hoc
906 1381 1011 1417 enim
1033 1380 1232 1417 aeternitas
1264 1388 1286 1415 a
1305 1382 1480 1424 tempore
1514 1379 1657 1425 differt,
1680 1380 1787 1427 quod

167 1434 323 1475 tempus
356 1428 397 1464 in
428 1428 597 1475 quadam
627 1427 884 1465 successione
914 1427 1032 1464 habet
1067 1434 1156 1464 esse
1179 1437 1188 1462 ε
1210 1426 1442 1478 aeternitatis
1477 1435 1570 1478 vero
1602 1435 1692 1464 esse
1727 1429 1790 1464 est

167 1480 293 1513 totum
316 1474 449 1512 simul.
471 1476 555 1511 Jam
576 1478 704 1511 autem
729 1476 935 1512 ostensum
954 1477 1015 1511 est
1034 1473 1135 1520 (cap.
1156 1471 1214 1556 60)
1240 1472 1350 1519 quod
1371 1482 1413 1509 in
1427 1472 1615 1519 praedicta
1631 1473 1787 1511 visione

168 1531 250 1560 uon
271 1526 332 1559 est
353 1522 485 1568 aliqua
505 1521 724 1566 successio,
743 1520 813 1559 sed
830 1521 965 1558 omnia
982 1530 1070 1567 quae
1086 1528 1155 1567 per
1168 1519 1199 1556 il
1219 1528 1282 1556 am
1300 1519 1496 1565 videntur,
1519 1519 1638 1557 simul
1659 1524 1696 1557 et
1706 1529 1788 1558 uno

169 1569 315 1606 intuitu
335 1569 532 1606 videntur.
554 1568 626 1605 Illa
645 1575 740 1615 ergo
753 1567 856 1605 visio
876 1568 916 1604 in
938 1567 1107 1614 quadam
1131 1566 1362 1619 aeternitatis
1383 1566 1686 1613 participatione
1705 1577 1791 1613 per·

168 1616 311 1653 ficitur.
336 1617 402 1653 Est
421 1619 551 1653 autem
571 1615 639 1652 illa
654 1615 756 1652 visio
775 1614 955 1662 quaedam
977 1614 1070 1652 vita.
1092 1613 1202 1651 Actio
1222 1621 1328 1650 enim
1362 1613 1588 1651 intellectus
1620 1617 1682 1651 est
1707 1614 1790 1651 vita

170 1663 363 1715 quaedam.
386 1663 442 1700 Fit
463 1671 556 1709 ergo
586 1671 655 1708 per
684 1662 794 1699 illam
832 1662 1029 1699 visionem
1061 1660 1287 1698 intellectus
1319 1664 1475 1698 creatus
1506 1661 1595 1698 vitae
1631 1664 1788 1699 aeternae

197 1714 316 1747 artice
346 1718 378 1747 s.

168 1719 193 1757 p
216 1720 407 1803 Item,pper
426 1756 578 1803 objecta
591 1760 703 1793 actus
724 1755 1014 1802 specificantur.
1034 1756 1237 1803 Objectum
1254 1758 1384 1792 autem
1404 1755 1575 1792 visionis
1589 1755 1786 1802 praedictae

171 1807 231 1840 cst
251 1803 384 1840 divina
404 1803 626 1840 substantia
647 1803 863 1840 secundum
898 1803 1084 1848 seipsam,
1119 1811 1200 1840 non
1237 1801 1456 1840 secundum
1490 1802 1667 1849 aliquam
1701 1802 1788 1848 ejus

171 1850 472 1887 similitudinem
494 1853 679 1894 creatam,
699 1852 742 1886 ut
756 1857 875 1895 supra
889 1849 986 1896 (cap.
1002 1849 1060 1896 51)
1073 1853 1281 1886 ostensum
1295 1852 1368 1885 est.
1381 1850 1476 1886 Esse
1495 1851 1625 1886 autem
1641 1848 1785 1886 divinae

172 1896 404 1934 substantiae
425 1897 467 1933 in
487 1896 702 1934 aeternitate
723 1899 795 1936 est,
814 1898 874 1933 vel
896 1896 1024 1943 magis
1044 1899 1106 1933 est
1124 1896 1212 1942 ipsa
1231 1895 1555 1942 aeternitas:ergo
1572 1895 1677 1933 visio
1691 1905 1787 1942 prae-

173 1944 277 1980 dicta
296 1943 338 1979 in
357 1943 659 1989 participatione
679 1942 910 1979 aeternitatis
931 1947 1004 1980 est.

217 1990 360 2031 Adhuc,
385 1990 420 2027 si
440 1990 573 2037 aliqua
598 1989 700 2027 actio
723 1989 775 2027 sit
794 1989 835 2026 in
855 1993 1043 2035 tempore,
1072 1989 1148 2027 hoc
1169 1989 1243 2026 erit
1260 1988 1322 2025 vel
1351 1992 1511 2035 propter
1539 1989 1779 2036 principium

172 2037 355 2082 actionis,
376 2036 481 2083 quod
500 2040 559 2074 est
578 2036 619 2073 in
641 2040 826 2082 tempore,
849 2036 1148 2074 sicut-actiones
1168 2044 1300 2074 rerum
1320 2036 1561 2073 naturalium
1579 2040 1673 2073 sunt
1691 2040 1783 2074 tem-

170 2084 341 2129 porales,
356 2084 417 2120 vel
436 2087 594 2130 propter
613 2084 855 2129 operationis
876 2083 1102 2128 terminum,
1124 2083 1228 2121 sicut
1247 2082 1559 2120 substantiarum
1600 2083 1786 2130 spiritua-

171 2130 268 2167 lium
284 2139 370 2178 quae
391 2135 483 2167 sunt
505 2140 626 2177 supra
642 2134 812 2176 tempus,
828 2140 927 2177 quas
943 2130 1180 2168 exercentin
1199 2138 1264 2167 res
1277 2129 1444 2176 tempori
1465 2129 1660 2167 subditas.
1674 2130 1787 2168 visio

173 2182 301 2214 autem
323 2177 508 2223 praedicta
529 2187 609 2215 non
630 2181 690 2214 est
708 2178 749 2214 in
765 2180 939 2223 tempore
961 2187 1009 2215 ex
1024 2181 1133 2224 parte
1154 2176 1239 2224 ejus
1260 2176 1366 2224 quod
1383 2176 1551 2223 videtur,
1586 2186 1679 2214 cum
1709 2177 1785 2214 hoc

172 2224 221 2262 sit
240 2225 462 2261 substantia
478 2227 637 2269 aeterna,
658 2233 785 2272 neque
807 2234 854 2260 ex
873 2228 981 2271 parte
1011 2224 1096 2271 ejus
1128 2233 1207 2270 quo
1235 2223 1402 2268 videtur,
1434 2223 1539 2271 quod
1572 2225 1691 2261 etiam
1724 2228 1785 2261 est

172 2271 394 2308 substantia
414 2275 572 2315 aeterna,
592 2280 720 2318 neque
736 2271 853 2309 etiam
874 2282 921 2308 ex
948 2276 1058 2318 parte
1089 2270 1272 2311 videntis,
1310 2270 1415 2318 quod
1450 2274 1510 2307 est
1542 2270 1785 2316 intellectus,

172 2318 285 2364 cujus
307 2327 394 2355 esse
418 2327 498 2355 non
518 2318 695 2365 subjacet
713 2318 894 2364 tempori,
916 2327 1006 2356 cum
1023 2319 1075 2356 sit
1092 2317 1418 2364 incorruptibilis,
1441 2321 1485 2354 ut
1500 2326 1622 2363 supra
1642 2317 1784 2365 (lib.·11,

172 2374 255 2411 cap.
276 2365 337 2412 79)
358 2366 565 2412 probatum
586 2369 658 2403 est.
683 2367 750 2402 Est
769 2365 890 2412 igitur
908 2366 1010 2402 visio
1033 2366 1101 2402 illa
1128 2365 1348 2402 secundum
1375 2364 1605 2402 aeternitatis
1624 2365 1781 2412 partici-

170 2412 385 2459 pationem,
408 2416 542 2459 utpote
561 2412 726 2450 omnino
747 2412 1034 2450 transcendens
1051 2416 1222 2459 tempus.

218 2460 400 2505 Amplius,
423 2460 556 2497 anima
586 2459 827 2497 intellectiva
856 2463 916 2497 est
944 2463 1074 2496 creata
1110 2460 1151 2496 in
1187 2458 1363 2496 confinio
1385 2459 1615 2497 aeternitatis
1631 2462 1669 2495 et
1688 2461 1784 2494 tem-

171 2507 295 2552 poris,
318 2510 360 2543 ut
388 2507 428 2542 in
449 2506 550 2544 libro
582 2508 635 2543 De
653 2508 771 2543 causis
792 2505 916 2553 (prop.
939 2506 974 2553 2)
996 2507 1153 2550 dicitur,
1174 2509 1214 2543 et
1232 2515 1279 2544 ex
1297 2505 1518 2552 praemissis
1548 2508 1677 2552 potest
1695 2513 1785 2542 esse

171 2553 441 2599 manifestum,
479 2553 574 2601 quia
603 2556 665 2591 est
700 2553 840 2591 ultima
872 2554 913 2590 in
952 2553 1090 2591 ordine
1128 2551 1422 2598 intellectuum;
1462 2555 1500 2591 et
1534 2556 1667 2589 tamen
1698 2551 1784 2598 ejus

175 2599 397 2650 substantia
424 2603 483 2638 est
521 2600 673 2638 elevata
699 2609 820 2648 supra
850 2601 1055 2638 materiam
1087 2600 1348 2647 corporalem,
1369 2608 1450 2638 non
1488 2597 1715 2645 dependens
1735 2598 1784 2636 ab

172 2653 271 2696 ipsa.
296 2647 369 2683 Sed
390 2647 493 2685 actio
520 2647 620 2695 ejus,
639 2647 859 2685 secundum
881 2657 1000 2696 quam
1020 2646 1276 2695 conjungitur
1306 2645 1564 2685 inferioribus
1582 2653 1669 2697 quae
1690 2649 1785 2697 sunt

173 2695 420 2745 intempore,
440 2698 499 2732 est
525 2694 769 2741 temporalis.
791 2696 891 2742 Ergo
913 2695 1015 2732 actio
1036 2694 1122 2742 ejus
1153 2692 1374 2732 secundum
1393 2700 1512 2739 quam
1529 2696 1788 2744 conjungitur

175 2740 449 2783 superioribus
469 2751 556 2787 quae
574 2745 668 2779 sunt
687 2751 808 2788 supra
825 2745 996 2788 tempus,
1012 2741 1270 2780 aeternitatem
1287 2738 1508 2787 participat.
1527 2738 1631 2775 Talis
1652 2742 1783 2776 autem

176 2788 236 2821 est
257 2786 425 2822 maxime
442 2788 545 2824 visio
572 2798 651 2835 qua
685 2789 858 2826 divinam
894 2789 1158 2827 substantiam
1182 2786 1302 2824 videt.
1322 2787 1424 2832 Ergo
1454 2794 1523 2831 per
1553 2784 1783 2832 hujusmodi

175 2831 372 2883 visionem
402 2832 443 2869 in
462 2834 761 2880 participatione
794 2836 1026 2874 aeternitatis
1053 2835 1109 2882 fit,
1129 2837 1170 2872 et
1194 2833 1331 2872 eadem
1357 2832 1512 2870 ratione
1543 2833 1787 2881 quicumque

177 2877 279 2916 alius
298 2878 524 2917 intellectus
541 2885 699 2918 creatus
715 2883 836 2919 Deum
855 2882 973 2920 videt.
