1894 3223
737 144 823 180 LIB.
852 145 915 188 111,
944 144 1043 180 CAP.
1072 144 1186 180 cht.
1702 145 1771 181 459

148 228 227 273 qui,
248 225 442 263 secundum
463 226 678 271 patientiam
699 225 783 260 boni
801 227 931 271 operis,
966 227 1133 270 ylert'ttm,
1155 228 1188 260 et
1215 224 1393 268 honorem,
1415 227 1448 262 et
1466 226 1770 271 incorruptionem

275 274 460 317 nt,vitam
482 275 677 315 aeternum5
699 273 745 307 iis
776 276 893 307 antem
928 275 1034 318 qui...
1064 282 1136 308 non
1168 273 1400 318 acquiescunt
1428 272 1590 317 veritati,
1619 272 1771 308 credunt

150 323 269 357 autem
281 320 486 365 iniquitati,
511 321 570 355 ira
585 322 617 355 et
634 320 852 364 indignatio.
873 320 1005 363 (Rom.,
1030 329 1072 359 11,
1096 318 1184 365 6·8.)

200 369 274 404 Per
290 366 366 403 hoc
383 370 515 403 autem
536 366 758 403 excluditur
779 376 888 402 error
906 366 1167 413 quorumdam
1200 365 1413 402 dicentium
1434 365 1539 413 quod
1559 367 1663 404 Deus
1685 375 1768 404 non

147 413 282 461 punit3
304 413 486 450 dicebant
510 414 615 450 enim
636 413 806 450 Marcion
829 417 866 449 et
885 414 1116 450 Valentinus
1138 412 1260 449 alium
1282 421 1371 450 esse
1394 414 1517 450 Deum
1546 413 1711 458 bonum,
1730 416 1771 450 et

150 459 276 498 alium
294 469 385 497 esse
407 461 528 497 Deum
545 460 712 507 justum,
734 460 800 507 qui
823 460 952 506 punit.
1570 467 1572 469 ’

788 607 955 649 CAPUT
1000 607 1131 649 CXLI.

550 728 602 757 DE
631 728 891 757 DIFFERENTIA
913 727 962 756 ET
987 727 1131 756 ORDINE
1157 726 1369 757 POENARUM.

201 836 301 882 Quia
318 845 426 879 vero,
444 836 549 873 sicut
568 846 615 872 ex
635 835 832 882 praedictis
851 839 968 882 patet,
987 836 1191 881 praemium
1211 838 1272 873 est
1291 836 1396 883 quod
1414 836 1605 874 voluntati
1624 847 1767 886 propo-

152 883 262 920 nitur
279 884 390 929 qnasi
413 882 506 920 finis
525 892 604 930 quo
625 883 816 919 excitatur
837 882 884 920 ad
897 882 997 920 bene
1018 883 1229 928 agendum,
1252 893 1273 920 e
1286 884 1485 920 contrario
1503 894 1618 930 poena
1632 886 1768 923 volun-

153 931 222 967 tati
243 930 478 977 proponitur
499 934 541 967 ut
560 940 581 967 a
600 931 704 967 malo
726 930 959 975 retrahatur,
976 930 1089 976 quasi
1109 929 1258 978 aliquid
1280 930 1511 978 fugiendum
1534 936 1570 968 et
1602 933 1765 978 malum,

154 978 258 1014 sicut
277 978 324 1014 de
344 978 496 1014 ratione
515 977 666 1023 praemii
690 980 749 1013 est
769 977 874 1023 quod
896 977 948 1013 sit
978 977 1126 1014 bonum
1158 981 1196 1014 et
1228 977 1421 1015 voluntati
1452 987 1690 1025 consonum,
1712 980 1768 1017 ita

152 1024 201 1061 de
221 1025 375 1061 ratione
396 1033 521 1070 poenae
541 1023 723 1070 estquod
745 1024 797 1060 sit
817 1024 963 1060 malum
986 1029 1022 1060 et
1040 1025 1281 1061 contrarium
1301 1024 1508 1062 voluntati.

200 1071 341 1107 Malum
363 1074 494 1107 autem
513 1074 572 1107 est
593 1071 759 1116 privatio
781 1071 896 1111 boni;
919 1071 1019 1106 unde
1040 1075 1193 1116 oportet
1220 1071 1325 1117 quod
1346 1072 1565 1109 secundum
1585 1072 1769 1111 differen-

152 1117 246 1154 tiam
269 1121 307 1154 et
324 1117 502 1154 ordinem
525 1117 719 1154 bonorum
743 1117 792 1153 sit
813 1118 930 1153 etiam
953 1117 1049 1153 ordo
1072 1122 1106 1153 et
1129 1116 1352 1154 differentia
1371 1127 1590 1164 poenarum.
1623 1122 1686 1157 Est
1703 1130 1771 1158 au·

144 1168 231 1202 ‘tem
271 1173 470 1202 summum
505 1164 654 1201 bonum
691 1164 866 1200 hominis
906 1164 1088 1208 felicitas,
1107 1173 1194 1211 quae
1234 1168 1294 1202 est
1330 1164 1495 1202 ultimus
1530 1166 1622 1203 [inis
1661 1167 1769 1214 ejus;

154 1216 305 1259 quanto
326 1220 421 1258 ergo
442 1211 591 1258 aliquid
616 1213 677 1248 est
708 1211 800 1248 huic
834 1210 902 1247 fini
938 1211 1216 1257 propinquius,
1249 1215 1360 1248 tanto
1392 1212 1622 1258 praeeminet
1640 1214 1770 1261 magis

153 1258 331 1296 hominis
352 1258 515 1296 bonum.
537 1257 636 1295 Huic
656 1261 785 1295 autem
804 1257 1187 1305 propinquissimum
1208 1262 1267 1295 est
1283 1258 1423 1304 virtus,
1446 1260 1531 1297 etsi
1549 1260 1643 1307 quid
1662 1260 1771 1299 aliud

152 1305 337 1353 estquod
359 1305 407 1342 ad
428 1306 572 1342 bonam
603 1305 874 1351 operationem
896 1305 1102 1342 hominum
1122 1305 1315 1351 proficiat,
1349 1316 1427 1353 qua
1462 1308 1688 1352 pervenitur
1719 1308 1768 1346 ad

153 1352 458 1397 beatitudinem;
481 1353 740 1400 consequitur
759 1356 890 1390 autem
905 1355 943 1389 et
962 1352 1091 1389 debita
1111 1353 1321 1399 dispositio
1338 1353 1504 1391 rationis
1519 1357 1557 1391 et
1570 1355 1713 1392 virium
1735 1355 1771 1393 ei

154 1400 442 1447 subjectarum
464 1403 555 1446 post
581 1400 657 1436 hoc
686 1402 830 1440 autem,
853 1403 891 1436 et
919 1400 1098 1446 corporis
1136 1399 1404 1444 incolumitas,
1426 1410 1513 1447 quae
1542 1402 1770 1440 necessaria

155 1450 217 1484 est
235 1447 284 1484 ad
304 1447 522 1493 expeditam
548 1447 838 1492 operationem
858 1446 1016 1483 demum
1038 1450 1182 1491 autem,
1204 1456 1251 1484 ca
1265 1457 1352 1494 quae
1372 1448 1544 1485 exterius
1564 1453 1670 1493 sunt,
1686 1450 1771 1496 qui-

155 1493 232 1531 bus
269 1494 383 1541 quasi
420 1493 799 1531 adminiculantibus
834 1494 980 1530 utimur
1012 1494 1060 1531 ad
1091 1494 1287 1531 virtutem.
1330 1495 1411 1531 Erit
1444 1495 1568 1541 igitur
1601 1497 1775 1533 maxima

155 1549 274 1588 poena
293 1540 494 1578 hominem
517 1540 798 1577 abeatitudine
831 1540 1011 1584 excludi;
1044 1545 1135 1586 post
1164 1541 1266 1578 hanc
1293 1545 1439 1586 autem,
1465 1542 1607 1579 virtute
1626 1542 1772 1589 privari

159 1591 195 1624 et
214 1588 455 1634 perfectione
479 1597 727 1634 quacumque
748 1587 987 1624 naturalium
1007 1587 1195 1624 virtutum
1214 1588 1357 1625 animae
1369 1588 1414 1625 ad
1430 1589 1529 1625 bene
1545 1589 1742 1636 agendum
1761 1603 1770 1635 ;

157 1634 561 1672 dehincnaturalium
582 1634 848 1681 potentiarum
864 1635 1007 1671 animae
1027 1634 1296 1679 deordinati03
1317 1635 1500 1680 posthoc
1522 1641 1667 1681 autem,
1689 1646 1773 1673 cor-

156 1681 266 1728 poris
285 1686 592 1726 nocumcntum;
616 1681 772 1717 demum
795 1685 922 1717 autem
947 1682 1184 1718 exteriorum
1204 1682 1399 1719 bonorum
1418 1683 1604 1720 sublatio.

205 1728 294 1773 Sed,
316 1729 409 1775 quia
429 1728 475 1765 de
508 1729 660 1765 ratione
690 1737 815 1773 poenae
850 1732 922 1771 est,
952 1737 1031 1765 non
1063 1729 1193 1765 solum
1225 1729 1331 1775 quod
1362 1730 1414 1766 sit
1442 1730 1633 1775 privativa
1660 1730 1770 1776 boni,

158 1775 227 1812 sed
249 1775 365 1812 ctiam
386 1775 490 1822 qnod
512 1776 563 1811 sit
583 1775 785 1812 contraria
802 1775 1008 1820 voluntati,
1031 1785 1110 1811 non
1131 1779 1262 1813 autem
1283 1776 1496 1822 cujuslibet
1513 1777 1689 1815 hominis
1707 1787 1770 1815 vo—

157 1822 290 1860 luntas
311 1822 510 1859 existimat
527 1821 634 1859 bona
651 1822 868 1860 secundum
893 1823 998 1868 quod
1020 1826 1125 1862 sunt,
1159 1823 1357 1869 contingit
1389 1824 1586 1861 interdum
1607 1825 1712 1871 quod
1733 1824 1773 1863 id

156 1869 264 1916 quod
285 1873 345 1907 est
375 1869 539 1916 majoris
566 1868 662 1906 boni
684 1869 919 1916 privativum
954 1872 1014 1906 est
1042 1870 1176 1907 minus
1208 1870 1449 1907 contrarium
1482 1871 1690 1917 voluntati,
1722 1875 1772 1918 et,

157 1919 317 1963 propter
337 1915 427 1960 hoc,
448 1915 583 1954 minus
602 1915 758 1962 poenale
787 1924 876 1953 esse
910 1915 1085 1962 videtum
1118 1920 1156 1954 et
1198 1917 1290 1953 inde
1314 1918 1498 1964 estquod
1533 1918 1668 1965 plures
1705 1919 1774 1956 ho-

157 1963 302 2008 mines,
323 1963 390 2011 qui
411 1963 517 2001 bona
536 1963 745 2000 sensibilia
764 1967 802 1999 et
821 1963 1043 2010 corporalia
1076 1963 1205 2010 magis
1235 1964 1432 2001 aestimant
1453 1969 1490 2002 et
1522 1969 1773 2012 cognoscunt

158 2019 277 2057 quarn
305 2009 578 2058 intelligibilia
608 2013 646 2047 et
675 2010 910 2057 spiritualia,
930 2010 1019 2056 plus
1051 2011 1192 2047 timent
1223 2012 1451 2057 corporales
1482 2021 1622 2059 poenas
1653 2022 1769 2060 quam

146 2057 412 2103 *spiritualem
446 2057 664 2095 secundum
711 2066 881 2104 quorum
916 2058 1221 2095 aestimationem
1262 2059 1486 2096 contrarius
1521 2060 1620 2097 ordo
1664 2060 1771 2097 vide-

157 2107 222 2141 tur
238 2113 444 2149 poenarum
466 2104 597 2141 ordini
618 2104 859 2150 supradicto.
880 2104 990 2150 Apud
1012 2105 1086 2142 hos
1108 2105 1214 2142 enim
1233 2106 1407 2142 maxima
1428 2115 1547 2153 poena
1571 2107 1774 2145 aestiman-

157 2153 223 2187 tur
243 2151 430 2187 laesiones
462 2151 641 2196 corporis
670 2154 709 2187 et
740 2151 884 2188 damna
915 2161 1046 2188 rerum
1074 2152 1334 2198 exteriorum3
1369 2154 1620 2192 deordinatio
1641 2158 1772 2192 autem

159 2197 317 2242 animae,
338 2200 378 2234 et
395 2196 584 2234 damnum
603 2197 773 2241 virtutis,
791 2201 829 2235 et
848 2198 1014 2236 amissio
1034 2199 1237 2236 fruitionis
1258 2200 1414 2245 divinae,
1436 2201 1477 2236 in
1498 2210 1576 2248 qua
1590 2201 1776 2238 consistit

158 2244 301 2282 ultima
319 2244 496 2282 hominis
526 2244 709 2286 felicitas,
742 2248 807 2282 aut
838 2245 1038 2282 modicum
1066 2250 1132 2282 aut
1159 2246 1260 2283 nihil
1293 2251 1495 2293 reputatur
1512 2247 1560 2285 ab
1581 2249 1653 2285 eis.
1677 2248 1774 2285 Hinc

159 2294 291 2329 autem
312 2291 489 2337 procedit
508 2291 613 2338 quod
635 2291 842 2329 hominum
861 2296 1021 2338 peccata
1041 2302 1064 2329 a
1084 2294 1163 2330 Deo
1184 2293 1316 2339 puniri
1337 2303 1419 2330 non
1446 2295 1658 2340 aestimant,
1680 2295 1775 2342 quia

158 2337 293 2375 vident
321 2337 552 2385 plerumque
591 2343 820 2385 peccatores
851 2339 1123 2376 incolumitate
1148 2340 1339 2386 corporis,
1359 2341 1493 2388 vigere
1520 2345 1559 2377 et
1589 2342 1773 2379 exteriori

159 2384 321 2422 fortuna
337 2385 470 2431 potiri,
492 2384 638 2432 quibus
658 2385 856 2423 interdum
878 2386 1062 2423 homines
1094 2386 1264 2424 virtuosi
1284 2387 1507 2433 privantur;
1529 2388 1636 2435 quod
1667 2392 1774 2427 recte

148 2431 508 2469 ‘considerantibus
523 2432 667 2469 mirum
687 2432 810 2469 videri
831 2442 910 2469 non
933 2433 1060 2470 debet.
1083 2434 1210 2477 Quum
1239 2434 1344 2470 enim
1366 2434 1501 2471 omnia
1515 2435 1710 2473 exteriora
1723 2436 1774 2474 ad

158 2478 350 2516 interiora
379 2479 625 2523 ordinentur,
656 2488 800 2525 corpus
833 2483 964 2516 autem
997 2480 1045 2516 ad
1070 2481 1257 2524 animam,
1280 2481 1494 2518 intantum
1523 2482 1720 2520 exteriora
1736 2486 1776 2520 et

159 2525 383 2572 corporalia
398 2525 504 2562 bona
530 2529 624 2562 sunt
645 2525 797 2563 homini
814 2526 920 2564 bona
940 2527 981 2563 in
1002 2531 1193 2573 quantum
1215 2527 1263 2564 ad
1292 2527 1442 2565 bonum
1465 2528 1632 2567 rationis
1652 2529 1772 2576 profi-

158 2572 292 2618 ciunt;
313 2572 534 2610 secundum
555 2581 648 2609 vero
670 2572 773 2620 quod
795 2572 945 2610 bonum
966 2574 1134 2611 rationis
1151 2573 1388 2619 impediunt,
1402 2575 1554 2613 homini
1568 2579 1775 2615 vertuntur

157 2620 201 2656 in
243 2619 406 2657 malum.
454 2619 568 2656 Novit
613 2622 743 2656 autem
786 2629 919 2657 rerum
957 2620 1174 2666 dispositor
1209 2622 1314 2658 Deus
1351 2631 1579 2660 mensuram
1615 2623 1773 2663 virtutis

150 2666 364 2712 ·humanae;
386 2666 490 2704 unde
511 2666 708 2704 interdum
728 2667 880 2704 homini
906 2666 1085 2704 virtuoso
1117 2668 1340 2714 corporalia
1372 2672 1410 2706 et
1443 2670 1639 2707 exteriora
1667 2670 1774 2710 bona

161 2714 363 2758 ministrat
381 2714 423 2750 in
438 2713 674 2760 adjutorium
694 2713 865 2758 virtutis,
880 2714 973 2750 etin
989 2714 1065 2751 hoc
1079 2714 1114 2751 ei
1128 2713 1365 2756 beneficium
1378 2719 1557 2763 praestat3
1574 2717 1773 2756 interdum

153 2766 253 2797 nero
274 2761 308 2797 ei
329 2761 516 2808 praedicta
538 2760 747 2805 subtrahit,
769 2768 816 2797 eo
839 2760 944 2813 quod
964 2761 1191 2799 considerat
1213 2762 1366 2799 homini
1392 2763 1450 2801 illi
1468 2773 1558 2802 esse
1580 2765 1629 2803 ad
1647 2765 1772 2812 impe-

156 2806 377 2845 dimentum
398 2807 555 2844 virtutis
576 2811 612 2844 et
633 2807 835 2845 fruitionis
860 2807 1016 2845 divinae.
1038 2809 1091 2845 Ex
1110 2807 1187 2846 hoc
1199 2812 1329 2847 autem
1350 2810 1545 2849 exteriora
1562 2811 1669 2849 bona
1685 2822 1771 2849 ver-

156 2856 297 2892 tuntur
315 2855 469 2892 homini
490 2855 529 2891 in
547 2855 709 2898 malum,
732 2858 775 2891 ut
793 2854 940 2892 dictum
963 2858 1041 2900 est;
1063 2855 1167 2892 unde
1198 2859 1236 2892 et
1261 2865 1398 2897 eorum
1427 2858 1608 2904 amissio,
1634 2859 1772 2897 eadem

158 2901 326 2947 ratione,
345 2901 499 2939 homini
520 2901 683 2938 vertitur
700 2901 739 2937 in
760 2901 924 2939 bonum.
943 2901 984 2939 Si
1004 2901 1127 2949 igitur
1146 2902 1278 2941 omnis
1296 2913 1415 2950 poena
1431 2906 1579 2942 malum
1600 2909 1673 2950 est,
1686 2914 1771 2948 non
