1894 3223
143 129 217 164 544
732 121 819 156 Lis-i.
848 120 906 164 tv,
933 121 1033 156 CAP.
1057 121 1174 157 XXIX.

148 206 378 254 passibilem
399 202 550 246 habuit,
572 201 703 249 qualis
731 203 792 253 est
825 201 925 237 sacta
956 209 1047 238 caro
1080 200 1256 239 hominis
1284 211 1332 239 ex
1362 205 1539 248 peccato.
1570 201 1759 258 Similiteq

148 252 321 292 fictionis
342 250 568 286 intellectus
587 247 809 285 excluditur
827 247 876 284 ab
899 247 974 284 hoc
995 247 1099 294 quod
1131 247 1227 285 dicit
1246 260 1256 285 ε
1278 249 1322 285 In
1351 248 1629 285 similitudinem
1658 248 1760 287 homin

149 310 234 336 num
253 300 387 342 factuS,
408 305 479 342 per
497 296 573 332 hoc
593 294 700 342 quod
717 294 858 332 dicitur
878 303 887 328 :
907 295 1073 330 Formam
1091 296 1187 330 servi
1203 296 1409 340 accipiens‚·
1431 295 1687 332 manifestum
1707 297 1763 333 esi

149 349 280 383 autem
315 344 482 380 formam
513 350 585 388 pro
616 344 758 378 natura
788 340 884 386 poni
916 343 953 377 et
983 349 1064 377 non
1093 349 1165 387 pro
1194 341 1468 387 similitudine,
1489 352 1538 379 ex
1567 342 1643 379 hoc
1661 341 1768 389 quod

148 393 302 430 dixerat
319 400 328 425 :
349 391 417 433 Qui
433 400 544 436 quum
562 390 603 424 in
622 389 741 431 forma
759 390 826 424 Dei
843 390 944 432 esset,
970 387 1036 424 uhi
1065 397 1137 433 pro
1156 389 1297 425 natura
1315 388 1476 435 ponitur
1505 389 1657 433 forma;
1682 397 1765 426 non

151 439 254 477 enim
278 438 437 484 ponitur
460 435 566 483 quod
587 435 767 473 Christus
789 434 908 472 fuerit
927 434 1244 472 similitudinarie
1260 436 1378 473 Deus.
1400 435 1627 473 Excluditur
1652 435 1768 472 etiam

153 485 329 523 fictionis
350 483 574 520 intellectus
591 491 661 528 per
681 482 757 520 hoc
772 481 878 529 quod
896 481 1030 519 subdit
1051 491 1060 516 ε
1081 483 1211 518 Factus
1228 481 1395 518 obediens
1411 493 1523 529 usque
1541 483 1590 518 ad
1607 485 1768 518 mortem.

149 535 234 571 Non
256 531 375 577 igitur
396 529 613 567 similitudo
633 528 826 575 accipitur
842 537 913 574 pro
934 528 1193 565 similitudine
1211 529 1462 574 apparentiae,
1483 529 1553 567 sed
1587 538 1658 576 pro
1677 537 1770 566 vera

152 578 411 617 similitudine
433 576 592 622 speciei,
614 575 719 613 sicut
739 584 879 612 omnes
899 575 1082 611 homines
1100 574 1250 612 similes
1268 575 1399 622 specie
1418 576 1615 614 dicuntur.

196 625 320 672 Magis
364 628 496 661 autem
547 632 661 660 sacra
697 622 897 668 Scriptura
934 630 1119 667 expresse
1165 622 1454 669 phantasmatis
1501 623 1770 669 suspicionem

147 672 338 711 excludit.
367 671 517 708 Dicitur
546 669 650 707 enim
684 670 789 716 quod
819 668 1018 714 discipuli,
1038 670 1173 706 Jesum
1203 669 1363 705 videntes
1396 670 1638 706 ambulantem
1656 680 1772 716 supra

153 730 265 759 mare,
289 719 428 754 turbati
461 719 559 758 sunt,
581 717 736 752 dicentes
770 718 858 762 quia
883 717 1107 762 phantasma
1124 718 1197 759 est‚·
1216 718 1251 752 et
1268 726 1348 762 prae
1376 717 1502 752 timore
1525 717 1772 753 clamaverunt

148 767 311 813 (Meua,
346 774 428 808 ΧΠ,
449 764 532 810 26);
567 772 683 810 quam
723 763 882 809 quidem
923 772 1059 799 eorum
1096 762 1366 809 suspicionem
1405 763 1596 801 Dominus
1633 773 1769 802 conve-

151 814 306 850 nienter
336 812 526 855 removit3
548 810 652 847 0000
683 810 895 847 subditur:
919 810 1120 855 Statimque
1149 811 1252 846 Jesus
1283 811 1421 846 locutus
1449 813 1501 846 est
1532 812 1595 853 eis,
1618 810 1768 846 dicens:

144 861 283 897 Habete
300 859 485 905 fiduciam,
503 868 565 903 eqo
580 868 673 901 sum,
690 858 799 893 nolite
819 859 941 893 timere
961 857 1080 902 (abta,
1102 856 1161 903 27)
1180 868 1188 901 ;
1211 857 1393 904 quamvis
1422 866 1503 894 non
1534 857 1771 894 rationabile

150 908 329 944 videatur
355 905 460 952 quod
492 908 558 942 aut
590 904 808 950 discipulos
837 904 976 940 lateret
1005 903 1109 949 0000
1130 903 1290 941 nonnisi
1311 913 1456 949 corpus
1477 904 1771 949 phantasticum

148 953 453 998 assumpsisset,
470 960 591 998 quum
612 960 682 988 eos
703 951 750 988 ad
772 951 846 988 hoc
868 951 1031 997 elegerit
1052 953 1092 986 ut
1107 950 1153 987 de
1173 960 1219 987 00
1238 950 1507 988 testimonium
1523 951 1774 997 perhiberent

151 1001 328 1037 veritatis
350 1009 397 1036 ex
422 999 485 1035 his
515 1007 601 1045 quae
623 998 801 1035 viderant
818 1001 856 1034 et
876 997 1104 1042 audierant;
1126 1001 1207 1042 aut,
1228 997 1263 1035 si
1283 1006 1354 1035 eos
1373 1006 1454 1035 non
1484 997 1642 1042 latebat,
1668 997 1772 1035 005ῖί-

152 1048 275 1085 matio
296 1045 586 1094 phantasmatis
608 1054 689 1082 non
711 1045 952 1082 incussisset
969 1048 1062 1081 tunc
1085 1044 1144 1081 eis
1163 1045 1360 1082 timorem.

202 1095 340 1132 Adhuc
373 1096 504 1130 autem
525 1092 753 1138 expressius
774 1092 1042 1137 suspicionem
1064 1092 1300 1137 phantastici
1321 1092 1500 1137 corporis
1534 1102 1556 1129 a
1575 1091 1774 1129 mentibus

159 1141 447 1187 discipulorum
476 1140 640 1176 removit
667 1139 860 1176 Dominus
894 1143 984 1184 post
1016 1139 1356 1176 resurrectionem.
1379 1139 1526 1176 Dicitur
1545 1139 1648 1175 enim
1667 1137 1774 1184 quod

154 1189 330 1234 discipuli
349 1187 554 1222 conturbati
573 1190 607 1221 et
625 1187 811 1221 conterriti
828 1186 1087 1221 eaez‘sttmabant
1104 1195 1141 1221 se
1165 1187 1337 1231 spiritum
1354 1186 1489 1226 videre,
1510 1186 1603 1222 dum
1623 1185 1775 1222 scilicet

156 1235 340 1272 viderunt
358 1236 507 1275 Jesum,
533 1236 564 1267 et
581 1233 678 1268 dimit
700 1234 775 1268 eis:
799 1232 894 1276 Quid
909 1233 1049 1268 turbati
1066 1233 1163 1273 estis,
1185 1235 1219 1268 et
1248 1234 1478 1277 capitationes
1512 1232 1710 1268 ascendunt
1733 1233 1774 1267 in

155 1283 266 1318 corda
285 1283 405 1316 vestra
420 1282 438 1315 ?
461 1280 586 1316 Videte
603 1290 732 1315 manus
749 1289 844 1315 meas
862 1282 895 1314 et
909 1280 1016 1324 pedes
1034 1289 1140 1323 meos,
1159 1280 1247 1324 quia
1263 1290 1326 1324 eqo
1342 1280 1418 1325 ipse
1444 1289 1522 1315 sum
1537 1292 1548 1322 ‚-
1572 1280 1721 1324 palpate
1740 1281 1775 1314 et

155 1329 287 1372 videte,
326 1329 413 1373 quia
448 1328 599 1372 spiritus
636 1337 777 1362 caruem
815 1329 848 1361 et
879 1336 959 1361 ossa
993 1336 1065 1361 non
1097 1326 1214 1369 habet,
1252 1328 1347 1362 sicut
1374 1337 1429 1362 me
1463 1326 1594 1362 videtis
1622 1325 1767 1361 habere.

157 1377 274 1422 (Luc,
297 1383 409 1417 xxiv,
432 1373 570 1419 37-39.)
594 1375 752 1410 Frustra
782 1373 887 1409 enim
921 1382 963 1409 se
991 1372 1229 1418 palpandum
1267 1372 1515 1419 praebuisset,
1550 1372 1584 1410 si
1611 1371 1776 1410 nonnisi

155 1431 301 1468 corpus
321 1421 612 1468 phantasticum
635 1420 854 1457 habuisset.

201 1471 301 1509 Item,
336 1467 505 1512 apostoli
534 1466 690 1512 seipsos
726 1466 893 1503 idoneos
931 1465 1073 1502 Christi
1110 1468 1231 1503 testes
1268 1466 1503 1509 ostendunt;
1540 1465 1633 1503 dicit
1666 1466 1774 1503 enim

156 1518 296 1553 Petrus
316 1526 323 1550 :
344 1516 461 1558 Hunc,
484 1513 633 1551 scilicet
652 1515 802 1557 Jesum,
821 1515 915 1548 Deus
944 1514 1134 1548 suscitavit
1160 1514 1268 1548 tertia
1285 1514 1356 1553 die,
1378 1516 1411 1548 et
1441 1513 1542 1549 dedit
1561 1523 1639 1548 eum
1655 1514 1775 1549 mani-

157 1564 290 1607 festum
308 1563 388 1607 fieri
407 1571 478 1596 nou
499 1561 596 1595 omni
607 1561 754 1606 populo,
774 1560 835 1596 sed
854 1560 1002 1595 testibus
1017 1560 1277 1604 praeordz'natis
1295 1571 1320 1595 a
1334 1561 1420 1604 Deo,
1443 1561 1558 1603 uobis,
1581 1561 1644 1605 qui
1670 1570 1776 1596 man-

155 1610 367 1645 ducavimus
387 1612 420 1643 et
442 1608 593 1643 bibimus
612 1618 692 1643 cum
711 1608 785 1647 illo,
805 1609 998 1652 postquam
1017 1608 1218 1644 resurrexit
1239 1617 1264 1643 a
1295 1608 1446 1643 mortuis
1467 1606 1563 1653 (Act.
1584 1609 1716 1652 apost..
1732 1614 1775 1650 x,

155 1659 214 1700 40,
237 1656 326 1702 41);
364 1659 402 1692 et
429 1657 603 1691 ioannes
644 1654 863 1700 apostolus,
898 1654 939 1690 in
977 1653 1173 1700 principio
1209 1662 1292 1691 suae
1325 1653 1506 1700 Epistolae
1529 1654 1652 1691 dicit:
1674 1653 1777 1698 Quod

153 1704 311 1739 vidimus
330 1703 440 1738 oculis
460 1703 605 1741 nostris,
629 1701 724 1747 quod
752 1702 1015 1747 perspeaeimus,
1044 1703 1078 1736 et
1108 1711 1239 1737 manus
1257 1704 1388 1737 nostrae
1409 1703 1715 1737 contrectaverunt
1732 1700 1777 1736 de

153 1751 258 1786 verbo
286 1751 430 1793 vitae...,
452 1751 636 1785 testamur.
659 1750 742 1786 Non
777 1752 906 1794 potest
934 1751 1063 1784 autem
1085 1746 1226 1784 efficax
1254 1747 1359 1785 sumi
1381 1747 1654 1785 testimonium
1673 1746 1775 1785 veri-

154 1798 246 1834 tatis
266 1806 336 1843 per
356 1806 402 1832 ea
433 1805 534 1842 quae,
557 1803 636 1831 non
663 1795 705 1832 in
731 1795 786 1831 rei
817 1794 1040 1838 existentia,
1069 1794 1139 1831 sed
1174 1794 1306 1832 solum
1341 1794 1383 1831 in
1415 1795 1646 1841 apparentia
1681 1796 1777 1832 sunt

156 1849 280 1888 gesta.
303 1843 343 1880 Si
362 1843 484 1890 igitur
501 1851 646 1889 corpus
666 1841 809 1879 Christi
833 1842 904 1878 fuit
924 1841 1218 1887 phantasticum
1239 1845 1278 1878 et
1310 1850 1391 1878 non
1409 1851 1499 1878 vere
1518 1841 1774 1878 manducavit

156 1894 193 1928 et
212 1891 323 1934 bibit,
345 1899 472 1936 neque
488 1898 579 1925 vere
598 1889 709 1926 visus
730 1892 842 1925 estet
860 1888 1043 1934 palpatus
1063 1891 1136 1928 est,
1156 1887 1229 1925 sed
1248 1888 1499 1934 phantastice
1519 1892 1686 1928 tantum.
1709 1887 1770 1924 in-

157 1938 311 1973 venitur
330 1945 408 1973 non
432 1944 520 1973 0550
550 1935 736 1972 idoneum
760 1935 1034 1971 testimonium
1062 1935 1336 1981 apostolorum
1369 1934 1417 1972 00
1450 1935 1628 1977 Christo;
1651 1938 1690 1971 et
1716 1934 1776 1971 sic

155 1986 275 2078 {nanis
311 1986 363 2018 est
388 1991 525 2075 eorum
551 1982 780 2028 praedicatio,
822 1983 943 2017 inanis
968 1984 1019 2017 est
1047 1984 1081 2017 et
1113 1982 1202 2027 [ides
1231 1985 1382 2026 nostra,
1404 1984 1448 2019 ut
1479 1981 1574 2019 dicit
1611 1980 1774 2019 Paulus.

170 2032 190 2066 I
206 2031 299 2071 Cor„
321 2038 390 2074 XV,
410 2032 465 2066 14.

201 2077 379 2122 Amplius
411 2080 556 2120 autem,
578 2075 612 2112 si
636 2075 812 2112 Christus
832 2085 966 2112 verum
987 2083 1132 2120 corpus
1153 2083 1235 2112 non
1263 2074 1418 2119 habuit,
1440 2084 1522 2113 non
1553 2085 1644 2112 vere
1668 2083 1775 2113 mor-

145 2128 247 2162 tuus
267 2125 341 2161 est.
359 2125 458 2170 Ergo
480 2132 552 2160 nec
572 2132 661 2159 vere
679 2122 903 2159 resurrexit.
926 2122 1156 2169 Suntigitur
1173 2122 1347 2167 apostoli
1368 2122 1457 2160 falsi
1475 2125 1598 2159 testes
1617 2121 1775 2166 Christi,

154 2170 412 2217 praedicantes
431 2170 581 2206 mundo
602 2169 733 2215 ipsum
753 2169 1017 2206 resurrexisse
1035 2180 1043 2212 ;
1068 2169 1170 2205 0000
1186 2170 1400 2214 Apostolus
1420 2169 1512 2206 dicit
1534 2179 1542 2204 ε
1562 2170 1776 2206 invenimur

156 2221 273 2253 autem
295 2220 328 2252 ct
348 2218 440 2261 falsi
458 2220 560 2252 testes
580 2218 670 2260 Dei‚·
693 2218 862 2262 quoniam
881 2216 1122 2252 testimonium
1141 2216 1302 2252 dioeimus
1336 2217 1508 2252 adversus
1527 2218 1652 2256 Deum,
1673 2215 1774 2262 quod

154 2266 381 2301 suscitaverit
399 2265 580 2302 Christum
600 2273 703 2309 quem
721 2273 792 2299 non
811 2264 1013 2308 suscitavit,
1033 2263 1068 2299 si
1083 2264 1217 2298 mortui
1231 2273 1303 2299 non
1321 2265 1530 2308 resumunt.
1550 2262 1675 2309 libid„
1698 2261 1775 2308 15.)

200 2314 390 2351 Praeterea,
416 2311 569 2348 falsitas
586 2319 665 2347 000
700 2314 760 2347 est
778 2309 922 2347 idonea
952 2311 1016 2348 via
1041 2309 1090 2346 ad
1109 2309 1326 2355 veritatem,
1344 2310 1566 2348 secundum
1587 2309 1686 2347 illud
1707 2321 1717 2346 ε
1737 2310 1774 2346 Α

153 2359 321 2394 mendace
351 2358 441 2404 quid
470 2368 594 2393 verum
614 2358 754 2393 dicetur
769 2358 787 2392 ?
807 2358 946 2403 (Eccli.,
968 2365 1081 2400 XXIV,
1098 2356 1151 2404 4.)
1171 2356 1372 2395 Adventus
1405 2361 1537 2394 autem
1570 2356 1712 2394 Christi
1731 2355 1773 2393 iu

155 2406 346 2442 mundum
366 2405 414 2441 ad
435 2405 611 2442 veritatis
643 2404 1006 2441 manifestationem
1038 2403 1134 2447 fuit;
1156 2403 1250 2440 dicit
1269 2404 1375 2441 enim
1403 2404 1488 2451 ipse
1509 2414 1517 2438 :
1535 2405 1611 2448 qu
1640 2405 1681 2439 in
1710 2403 1776 2440 hoc

153 2455 261 2489 natus
291 2462 384 2497 sum,
405 2454 439 2488 et
465 2452 514 2487 ad
541 2453 604 2487 hoc
633 2452 716 2486 veni
745 2452 785 2486 in
815 2452 1003 2491 mundum,
1038 2454 1080 2486 ut
1109 2452 1350 2487 testimoniam
1381 2451 1592 2497 perhibeam
1611 2450 1772 2486 veritati.

155 2501 312 2545 (Joami.,
327 2507 441 2544 xvm,
463 2498 536 2545 37.)
557 2501 643 2536 Non
661 2497 782 2545 igitur
801 2498 840 2535 in
857 2498 1011 2535 Christo
1031 2497 1104 2535 fuit
1116 2497 1252 2544 aliqua
1266 2498 1432 2536 falsitas.
1452 2497 1609 2535 Fuisset
1625 2500 1773 2540 autem,

154 2546 188 2583 si
209 2556 255 2582 ea
273 2555 361 2593 quae
375 2545 560 2583 dicuntur
577 2545 624 2582 de
641 2545 731 2591 ipso
753 2544 795 2581 in
811 2545 1202 2591 apparentiatantum
1224 2544 1421 2590 fuissent3
1441 2554 1534 2582 nam
1554 2544 1699 2582 falsum
1714 2545 1776 2581 est

155 2593 258 2639 quod
279 2602 356 2629 non
373 2595 433 2629 est
453 2596 495 2629 ut
515 2592 681 2630 videtur.
701 2592 976 2639 Omniaigitur
994 2601 1081 2640 quae
1100 2591 1150 2629 de
1169 2590 1323 2630 Christo
1346 2592 1531 2630 dicuntur
1552 2589 1772 2629 secundum

151 2639 210 2675 rei
227 2639 475 2676 existentiam
496 2639 669 2676 fuerunt.

185 2686 346 2737 Adhuc.
369 2686 513 2723 dicitur
532 2687 638 2733 quod
653 2686 857 2733 justificati
879 2694 1019 2723 sumus
1037 2685 1079 2722 in
1099 2685 1295 2734 sanguine
1315 2685 1460 2723 Christi
1480 2685 1608 2731 (Rom,
1629 2682 1714 2735 111);
1735 2685 1776 2720 et

152 2731 298 2768 dicitur
319 2744 327 2768 ε
360 2733 555 2769 Redemisti
571 2744 634 2769 nos
653 2736 724 2769 Deo
743 2736 782 2769 in
799 2735 976 2778 sanquine
995 2736 1070 2769 tuo.
1092 2731 1236 2779 (Ama,
1262 2741 1304 2772 v,
1326 2732 1376 2778 9.)
1396 2732 1432 2769 Si
1454 2732 1574 2779 igitur
1593 2730 1773 2768 Christus

154 2787 235 2815 non
256 2777 394 2815 habuit
413 2789 548 2816 verum
569 2781 807 2828 sanguinem
827 2789 956 2826 neque
986 2789 1074 2816 vere
1093 2788 1166 2825 pro
1199 2778 1318 2816 nobis
1348 2779 1479 2824 ipsum
1511 2776 1622 2820 fudit,
1643 2785 1772 2823 neque

152 2824 598 2910 {fflgfflffirsstsgfficm
618 2836 747 2875 neque
766 2836 857 2864 vere
874 2826 1066 2872 redempti
1087 2834 1244 2864 sumus.
1264 2825 1321 2863 Ad
1341 2824 1442 2862 nihil
1458 2823 1578 2871 igitur
1599 2823 1692 2861 utile
1710 2825 1774 2861 est
