1894 3223
162 146 230 180 540
750 140 839 176 LlB.
865 140 924 183 1v,
952 140 1053 175 CAP.
1078 140 1195 176 XXVI.

210 226 396 260 Personae
416 220 523 258 enim
543 220 701 264 divinae,
728 229 849 266 quum
871 219 912 255 in
933 218 1110 256 essentia
1135 219 1387 264 conveniant,
1409 229 1490 258 non
1510 222 1683 266 possunt
1701 219 1778 257 dis-

162 269 308 315 tingui,
328 267 405 304 nisi
425 275 495 313 per
526 266 758 304 relationem
792 266 977 312 originis,
997 269 1041 302 ut
1055 275 1104 302 ex
1122 265 1240 304 dictis
1256 266 1305 313 (c.
1325 268 1385 313 24)
1407 271 1524 313 patet.
1544 268 1622 303 Has
1647 270 1777 304 autem

163 315 334 361 originis
355 314 570 351 relationes
589 313 769 359 accipere
789 316 944 358 oportet
960 320 1041 349 non
1056 313 1275 350 secundum
1296 314 1594 359 processionem
1616 313 1655 349 in
1677 316 1780 350 exte-

161 362 269 399 riora
287 360 511 397 tendentem
536 359 609 406 (sic
642 360 748 397 enim
773 359 992 405 procedens
1013 367 1094 395 non
1126 362 1233 396 esset
1250 361 1512 397 coessentiale
1534 369 1608 397 suo
1630 359 1776 406 princi-

161 407 257 455 pio),
280 408 348 445 sed
371 410 525 453 oportet
561 406 669 454 quod
689 406 894 454 processio
925 405 1093 458 interius
1113 406 1321 443 consistat.
1343 407 1455 451 Quod
1477 411 1607 444 autem
1627 407 1777 454 aliquid

161 454 361 501 procedat,
385 462 553 491 manens
583 453 689 490 intra
716 462 834 491 suum
862 453 1102 499 principum,
1123 453 1323 490 invenitur
1338 454 1465 490 solum
1485 454 1526 490 in
1548 454 1777 500 operatione

162 501 390 538 intellectus
411 504 448 537 et
478 500 710 544 voluntatis,
733 504 777 538 ut
796 509 843 538 ex
864 499 980 537 dictis
1001 503 1120 545 patet.
1139 499 1248 552 Unde
1275 509 1457 545 personae
1485 501 1627 537 divinae
1645 500 1777 537 multi-

161 548 301 594 plicari
320 557 398 584 non
420 550 605 594 possunt,
626 547 706 585 nisi
740 546 961 585 secundnm
982 546 1087 593 quod
1118 547 1239 593 exigit
1271 547 1475 592 processio
1496 547 1721 584 intellectus
1741 550 1777 584 et

161 594 381 632 voluntatis
400 594 441 630 in
459 595 554 631 Deo.
576 595 663 631 Non
685 597 745 632 est
764 597 894 631 autem
924 593 1116 639 possibile
1135 593 1241 640 quod
1260 593 1299 629 in
1323 595 1402 630 Deo
1422 593 1473 631 sit
1492 594 1566 631 nisi
1588 603 1669 631 una
1687 603 1777 641 pro-

164 641 295 679 cessio
317 641 538 679 secundum
558 640 817 684 intellectum,
841 650 887 678 eo
909 640 1015 687 quod
1032 649 1149 677 suum
1171 639 1390 687 intelligere
1411 644 1473 677 est
1491 649 1613 678 unum
1632 644 1669 677 et
1686 641 1778 678 sim-

162 687 252 735 plex
270 692 308 725 et
327 688 558 734 perfectum,
580 688 687 735 quia,
709 687 970 735 intelligendo
991 696 1048 732 se,
1069 686 1256 732 intelligit
1276 687 1412 724 omnia
1437 686 1540 732 alia;
1562 691 1600 724 et
1619 688 1678 725 sic
1695 696 1779 725 non

163 738 295 781 potest
314 744 405 772 esse
434 734 476 771 in
497 736 578 771 Deo
617 735 694 771 nisi
717 744 795 774 una
821 734 931 771 verbi
959 734 1179 780 processio.
1202 734 1392 771 Similiter
1414 737 1543 771 autem
1566 738 1720 781 oportet
1740 739 1778 772 et

164 782 460 828 processionem
495 781 644 818 amoris
666 791 755 818 esse
787 790 907 819 unam
940 784 1109 825 tantum,
1127 780 1222 827 quia
1250 781 1367 818 etiam
1398 781 1572 818 divinum
1598 781 1699 818 velle
1720 785 1780 819 est

165 838 288 865 unum
319 832 471 865 tantum
490 833 525 865 et
558 828 753 874 simplem
773 828 943 866 amando
974 828 1078 864 enim
1115 836 1170 872 se,
1193 831 1298 865 amat
1329 828 1464 864 omnia
1492 828 1584 865 alia.
1605 829 1690 864 Non
1720 832 1781 865 est

162 875 285 922 igitur
302 875 494 922 possibile
515 875 620 921 quod
640 874 718 912 sint
734 875 775 911 in
793 877 872 912 Deo
891 874 967 911 nisi
991 874 1077 911 duae
1096 883 1277 919 personae
1295 875 1554 920 procedentes
1577 886 1585 910 :
1608 883 1689 912 una
1711 884 1781 920 per

164 922 325 959 modum
346 923 586 961 intellectus,
603 926 645 959 ut
664 922 839 966 verbum,
864 922 1016 959 scilicet
1036 921 1158 958 Filius
1176 933 1184 966 ;
1206 925 1244 958 et
1261 921 1339 958 alia
1356 931 1424 968 per
1440 921 1600 959 modum
1614 921 1778 966 amoris,

166 969 319 1007 scilicet
338 973 382 1006 ut
414 969 586 1016 Spiritus
620 972 807 1013 sanctus;
829 973 889 1006 est
923 968 1038 1005 etiam
1060 972 1098 1004 et
1129 977 1210 1005 una
1236 977 1407 1013 persona
1436 977 1514 1005 non
1542 967 1780 1015 procedens,

165 1016 319 1053 scilicet
338 1017 463 1053 Pater.
485 1016 619 1053 Solum
637 1015 758 1063 igitur
775 1019 854 1053 tres
875 1024 1057 1062 personae
1077 1015 1116 1051 in
1137 1015 1323 1052 Trinitate
1343 1025 1432 1053 esse
1451 1018 1635 1061 possunt.

211 1064 311 1103 Item,
337 1063 369 1100 si
390 1062 609 1100 secundum
641 1063 939 1109 processionem
970 1065 1124 1109 oportet
1148 1071 1341 1108 personas
1378 1062 1533 1099 divinas
1567 1061 1775 1108 distingui,

166 1110 376 1147 —modus
414 1115 544 1147 autem
578 1119 773 1155 personae,
793 1114 981 1157 quantum
1020 1109 1067 1146 ad
1096 1109 1390 1155 processiones,
1412 1118 1492 1146 non
1529 1112 1658 1155 potest
1689 1117 1778 1145 esse

164 1156 244 1193 nisi
265 1156 419 1202 triplex,
439 1160 481 1193 ut
504 1156 655 1194 scilicet
685 1157 737 1193 sit
766 1160 832 1193 aut
864 1156 1028 1193 omnino
1061 1165 1142 1192 non
1178 1156 1412 1202 procedens,
1432 1156 1537 1203 quod
1556 1156 1682 1193 Patris
1703 1159 1776 1196 est,

165 1207 231 1240 aut
253 1213 275 1239 a
298 1212 378 1240 non
396 1203 632 1249 procedente
663 1203 897 1248 procedens,
920 1203 1024 1250 quod
1045 1202 1132 1239 Filii
1164 1206 1236 1247 est,
1259 1207 1326 1240 aut
1346 1213 1368 1240 a
1387 1203 1623 1248 procedente
1643 1211 1778 1249 proce-

166 1249 277 1293 dens,
301 1250 405 1297 quod
433 1250 601 1296 Spiritus
631 1250 757 1287 sancti
789 1254 861 1294 est,
882 1270 928 1276 —
959 1249 1207 1295 impossibile
1239 1253 1300 1286 est
1331 1250 1454 1296 igitur
1473 1259 1619 1296 ponere
1639 1249 1776 1296 plures

167 1306 283 1343 quam
306 1302 385 1334 tres
415 1305 621 1342 personas.
643 1297 749 1333 Licet
780 1301 910 1333 autem
932 1296 971 1332 in
1005 1297 1094 1333 aliis
1125 1296 1348 1333 viventibus
1381 1297 1537 1342 possint
1558 1296 1774 1333 relationes

166 1343 335 1389 originis
356 1343 624 1390 multiplicari,
649 1347 691 1380 ut
711 1343 862 1380 scilicet
898 1343 978 1381 sint
1000 1343 1040 1379 in
1072 1346 1212 1380 natura
1232 1343 1402 1380 humana
1434 1344 1567 1389 plures
1585 1346 1717 1390 patres
1739 1347 1778 1380 et

165 1390 298 1436 plures
331 1389 417 1434 filii,
439 1390 479 1426 in
510 1390 643 1427 divina
670 1393 801 1427 tamen
839 1394 978 1426 natura
1010 1390 1085 1427 hoc
1117 1390 1279 1426 omnino
1300 1390 1548 1436 impossibile
1581 1393 1640 1428 est
1658 1399 1774 1434 esse3

165 1446 257 1473 nani
278 1436 430 1481 filiatio,
450 1446 571 1483 quum
590 1437 632 1473 in
664 1446 743 1474 una
763 1440 904 1474 natura
935 1437 987 1473 sit
1007 1436 1127 1473 unius
1159 1436 1320 1482 speciei,
1339 1446 1419 1474 non
1438 1439 1568 1482 potest
1592 1437 1777 1483 multipli-

166 1484 244 1520 cari
269 1483 346 1520 nisi
369 1483 587 1520 secundum
604 1484 809 1520 materiam
833 1488 901 1520 aut
918 1483 1154 1529 subjectum,
1177 1483 1279 1520 sicut
1300 1487 1360 1521 est
1380 1484 1496 1520 etiam
1525 1483 1572 1520 de
1593 1483 1682 1521 aliis
1703 1485 1778 1521 sor-

165 1530 255 1567 mis.
281 1530 402 1574 Unde,
427 1540 547 1576 quum
570 1531 611 1566 in
631 1532 710 1567 Deo
726 1539 805 1567 non
826 1531 878 1568 sit
911 1531 1075 1567 materia
1095 1534 1163 1567 aut
1182 1530 1417 1576 subjectum,
1440 1535 1478 1567 et
1497 1530 1594 1576 ipsae
1619 1531 1776 1568 relatio-

146 1586 237 1613 -nes
271 1577 352 1613 sint
382 1577 660 1620 subsistentes,
684 1581 724 1613 ut
748 1587 795 1614 ex
824 1578 1062 1623 supradictis
1097 1580 1216 1623 patet,
1238 1577 1488 1622 impossibile
1519 1581 1579 1614 est
1609 1577 1715 1624 quod
1735 1578 1778 1614 in

165 1625 244 1660 Deo
267 1624 343 1660 sint
363 1624 495 1669 plures
512 1624 726 1661 filiationes
744 1636 752 1668 ;
776 1627 813 1661 et
829 1625 966 1661 eadem
986 1625 1086 1661 ratio
1104 1628 1165 1661 est
1185 1624 1231 1661 de
1252 1624 1341 1662 aliis
1359 1636 1366 1669 ;
1390 1627 1428 1661 et
1448 1624 1561 1662 sicin
1582 1625 1663 1662 Deo
1684 1627 1779 1662 sunt

166 1671 298 1708 solum
315 1674 395 1708 tres
413 1680 606 1717 personae.

213 1717 250 1754 Si
271 1717 364 1769 quis
383 1721 514 1755 autem
546 1717 738 1764 objiciens
757 1718 860 1755 dicat
890 1718 995 1765 quod
1015 1718 1056 1755 in
1088 1718 1198 1759 Filio,
1219 1728 1340 1765 quum
1362 1718 1412 1756 sit
1440 1718 1638 1764 perfectus
1657 1719 1776 1763 Deus,

166 1770 225 1801 est
243 1769 365 1801 virtus
387 1765 624 1802 intellectiva
636 1766 807 1812 perfecta
820 1769 857 1802 et
877 1766 935 1803 sic
950 1769 1080 1811 potest
1097 1765 1314 1811 producere
1332 1765 1507 1810 verbum,
1524 1769 1560 1802 et
1581 1765 1777 1811 similiter,

166 1821 288 1857 quum
310 1812 348 1847 in
383 1812 526 1857 Spiritu
563 1816 701 1849 sancto
732 1813 784 1849 sit
815 1812 974 1849 bonitas
1005 1811 1171 1857 infinita,
1193 1822 1279 1859 quae
1311 1817 1370 1849 est
1402 1813 1777 1850 communicationis

164 1859 419 1904 principium,
441 1859 581 1904 poterit
602 1860 713 1896 alteri
733 1860 874 1896 divinae
890 1868 1070 1905 personae
1084 1863 1265 1896 naturam
1283 1859 1450 1896 divinam
1466 1860 1774 1904 communicare,

167 1905 419 1942 considerare
450 1905 564 1942 debet
596 1906 702 1952 quod
732 1906 851 1943 Filius
882 1910 942 1943 est
970 1908 1074 1942 Deus
1102 1909 1144 1942 ut
1175 1906 1347 1953 genitus,
1367 1915 1446 1942 non
1480 1909 1521 1942 ut
1553 1915 1775 1952 generans;

166 1951 269 1988 unde
294 1952 418 1989 virtus
438 1951 677 1989 intellectiva
698 1957 756 1990 est
775 1953 813 1989 in
837 1962 882 1989 eo
906 1956 946 1989 ut
967 1953 1008 1988 in
1028 1952 1264 1998 procedente
1285 1962 1354 1998 per
1374 1952 1533 1989 modum
1555 1952 1677 1997 verbi,
1697 1962 1777 1990 non

167 2002 207 2034 ut
231 1999 269 2034 in
289 1999 529 2044 producente
547 1999 725 2045 verbum,
747 2004 784 2036 et
804 1999 998 2039 similiter,
1023 2008 1144 2045 quum
1164 1999 1331 2045 Spiritus
1352 2003 1514 2036 sanctus
1535 1999 1587 2036 sit
1611 2001 1715 2037 Deus
1736 2005 1779 2037 ut

165 2045 398 2090 procedens,
422 2049 481 2082 est
515 2046 554 2082 in
578 2055 624 2083 eo
643 2046 802 2083 bonitas
833 2046 987 2082 infinita
1007 2046 1106 2082 utin
1126 2055 1298 2092 persona
1324 2046 1550 2091 accipiente,
1572 2055 1652 2083 non
1674 2050 1718 2084 ut
1736 2048 1777 2084 in

167 2092 487 2129 communicante
517 2092 628 2129 alteri
661 2093 876 2130 honitatem
911 2092 1232 2137 infinitam;non
1262 2094 1367 2129 enim
1400 2093 1701 2140 distinguuntur
1730 2094 1779 2131 ab

165 2137 330 2175 invicem
354 2139 430 2175 nisi
453 2139 551 2176 solis
572 2140 846 2184 relationibus,
868 2144 909 2176 ut
931 2150 975 2176 ex
995 2139 1229 2185 supradictis
1250 2144 1366 2186 patet.
1389 2142 1483 2177 Tota
1512 2140 1634 2187 igitur
1652 2141 1776 2186 pleni-

165 2185 261 2221 tudo
284 2185 495 2222 divinitatis
517 2186 632 2223 estin
656 2187 768 2232 Filio,
791 2191 828 2223 et
848 2187 983 2223 eadem
1009 2195 1173 2224 numero
1203 2196 1290 2233 quae
1307 2191 1366 2225 est
1386 2187 1424 2224 in
1447 2189 1574 2230 Patre,
1597 2188 1666 2224 sed
1685 2197 1773 2225 cum

166 2232 357 2270 relatione
390 2233 604 2284 nativitatis
636 2234 739 2271 sicut
770 2233 807 2270 in
840 2235 951 2270 Patre
985 2243 1073 2270 cum
1107 2234 1295 2271 relatione
1326 2234 1596 2281 generationis
1618 2235 1777 2280 activae;

165 2279 283 2324 unde,
307 2280 340 2316 si
362 2279 500 2317 relatio
522 2280 647 2317 Patris
681 2280 955 2318 attribueretur
975 2281 1089 2317 Filio.
1113 2281 1245 2317 omnis
1265 2281 1466 2318 distinctio
1489 2281 1719 2327 tolleretur3
1742 2287 1780 2319 et

165 2326 301 2362 eadem
323 2327 422 2364 ratio
444 2330 504 2364 est
524 2326 570 2364 de
592 2327 736 2374 Spiritu
758 2332 909 2365 sancto.

214 2373 448 2419 Hujusmodi
481 2376 612 2411 autem
645 2374 787 2412 divinae
818 2374 1018 2411 Trinitatis
1049 2374 1349 2412 similitudinem
1378 2375 1419 2412 in
1439 2378 1569 2411 mente
1606 2375 1781 2412 humana

164 2428 383 2466 possumus
414 2420 680 2458 considerare.
703 2423 792 2468 Ipsa
823 2422 928 2458 enim
959 2431 1086 2466 mens,
1106 2432 1151 2458 ex
1173 2422 1247 2459 hoc
1280 2422 1384 2468 quod
1406 2431 1448 2459 se
1470 2426 1557 2458 actu
1581 2421 1777 2469 intelligit,

164 2466 332 2520 terbum·
350 2476 464 2520 suu-um
489 2468 660 2515 concipit
681 2468 719 2505 in
743 2469 899 2514 seipsa3
923 2468 1027 2516 quod
1044 2469 1142 2505 nihil
1164 2468 1269 2505 aliud
1288 2473 1346 2506 est
1367 2478 1485 2515 quam
1506 2469 1591 2514 ipsa
1612 2469 1779 2506 intentio

164 2513 428 2560 1ntellig1b1l1s
443 2514 600 2560 mentis,
615 2525 701 2562 quae
719 2520 757 2552 et
773 2515 940 2552 intentio
968 2515 1168 2552 intellecta
1183 2515 1336 2557 dicitur,
1358 2516 1398 2552 in
1420 2519 1549 2553 mente
1575 2516 1749 2553 existens
1769 2527 1778 2559 ;

165 2569 266 2606 quae,
286 2562 377 2597 dum
401 2561 567 2599 ulterius
586 2563 759 2608 seipsam
789 2566 907 2605 amat,
930 2563 1103 2609 seipsam
1123 2562 1304 2609 producit
1321 2562 1362 2599 in
1387 2563 1589 2600 voluntate
1610 2565 1652 2599 ut
1671 2571 1778 2599 ama·

168 2609 268 2643 tum.
292 2608 464 2646 L'lterius
496 2612 626 2646 autem
648 2619 726 2646 non
757 2609 933 2656 procedit
953 2609 1056 2646 intra
1073 2619 1131 2655 se,
1151 2610 1221 2647 sed
1237 2609 1486 2647 concluditur
1505 2609 1664 2653 circulo,
1685 2609 1778 2645 dum

167 2661 237 2703 per
259 2663 433 2706 amorem
453 2655 566 2708 ,redit
597 2655 644 2693 ad
665 2657 791 2703 ipsam
825 2657 1104 2702 substantiam,
1123 2666 1147 2694 a
1166 2666 1244 2704 qua
1261 2656 1466 2703 processio
1494 2656 1693 2702 inceperat
1711 2664 1782 2701 per

167 2703 430 2754 lntentionem
449 2703 712 2748 1ntellectam;
733 2704 800 2741 sed
822 2703 864 2740 fit
884 2705 1088 2749 processio
1117 2703 1167 2741 ad
1187 2704 1403 2741 exteriores
1423 2702 1600 2747 effectus,
1621 2701 1714 2754 dum
1732 2711 1780 2738 ex

167 2753 299 2782 amore
323 2757 384 2784 sui
413 2749 591 2795 procedit
611 2750 659 2788 ad
689 2751 838 2797 aliquid
871 2751 1109 2788 faciendum.
1129 2752 1173 2787 Et
1193 2751 1250 2788 sic
1270 2752 1344 2788 tria
1360 2751 1401 2787 in
1423 2752 1553 2787 menie
1573 2749 1780 2785 inveniun-

163 2794 256 2828 tur:
280 2802 392 2831 mens
424 2796 524 2841 ipsa,
547 2806 634 2844 quae
665 2801 726 2835 cst
756 2798 1028 2844 processionis
1073 2798 1312 2844 principium
1345 2798 1386 2833 in
1407 2806 1480 2834 sua
1510 2798 1649 2832 natura
1675 2795 1779 2833 exis-

164 2841 266 2883 tens,
288 2844 323 2876 et
351 2849 463 2878 niens
494 2848 684 2889 concepta
716 2845 756 2881 in
791 2845 1007 2889 intellectu,
1030 2849 1068 2881 et
1097 2854 1211 2882 mens
1241 2848 1369 2882 amata
1396 2843 1436 2879 in
1458 2842 1778 2879 voluntate.N0n

162 2887 295 2923 tamen
328 2887 411 2925 haec
442 2889 518 2926 tria
552 2894 645 2927 sunt
674 2900 754 2929 una
787 2896 938 2937 natura,
959 2892 1053 2939 quia
1087 2892 1310 2938 intelilgere
1328 2889 1474 2928 mentis
1508 2898 1589 2926 non
1610 2892 1671 2928 est
1690 2889 1778 2937 ejus
