<?xml version="1.0" encoding="UTF-8"?>
<!DOCTYPE html PUBLIC "-//W3C//DTD XHTML 1.0 Transitional//EN"
    "http://www.w3.org/TR/xhtml1/DTD/xhtml1-transitional.dtd">
<html xmlns="http://www.w3.org/1999/xhtml" xml:lang="en" lang="en">
 <head>
  <title>
</title>
<meta http-equiv="Content-Type" content="text/html;charset=utf-8" />
  <meta name='ocr-system' content='tesseract 3.04.00' />
  <meta name='ocr-capabilities' content='ocr_page ocr_carea ocr_par ocr_line ocrx_word'/>
</head>
<body>
  <div class='ocr_page' id='page_1' title='image "./deveritatecathol00thomuoft_0346.png"; bbox 0 0 1894 3223; ppageno 0'>
   <div class='ocr_carea' id='block_1_1' title="bbox 611 66 743 83">
    <p class='ocr_par' dir='ltr' id='par_1_1' title="bbox 611 66 743 83">
     <span class='ocr_line' id='line_1_1' title="bbox 611 66 743 83; baseline -0.023 0"><span class='ocrx_word' id='word_1_1' title='bbox 611 66 743 83; x_wconf 51' lang='lat' dir='ltr'>vau-—</span> 
     </span>
    </p>
   </div>
   <div class='ocr_carea' id='block_1_2' title="bbox 121 77 1152 134">
    <p class='ocr_par' dir='ltr' id='par_1_2' title="bbox 121 77 1152 134">
     <span class='ocr_line' id='line_1_2' title="bbox 121 77 1152 134; baseline -0.012 0"><span class='ocrx_word' id='word_1_2' title='bbox 121 97 192 134; x_wconf 85' lang='lat'>306</span> <span class='ocrx_word' id='word_1_3' title='bbox 469 81 474 84; x_wconf 87' lang='grc'><strong>’</strong></span> <span class='ocrx_word' id='word_1_4' title='bbox 504 77 511 80; x_wconf 69' lang='grc'><strong><em>’</em></strong></span> <span class='ocrx_word' id='word_1_5' title='bbox 554 77 562 80; x_wconf 77' lang='grc'><em>“</em></span> <span class='ocrx_word' id='word_1_6' title='bbox 707 89 797 124; x_wconf 87' lang='lat' dir='ltr'>LIB.</span> <span class='ocrx_word' id='word_1_7' title='bbox 826 87 890 126; x_wconf 89' lang='lat'>111,</span> <span class='ocrx_word' id='word_1_8' title='bbox 918 86 1020 123; x_wconf 84' lang='lat' dir='ltr'>CAP.</span> <span class='ocrx_word' id='word_1_9' title='bbox 1046 86 1152 122; x_wconf 62' lang='lat' dir='ltr'>xcii.</span> 
     </span>
    </p>
   </div>
   <div class='ocr_carea' id='block_1_3' title="bbox 123 163 1761 1389">
    <p class='ocr_par' dir='ltr' id='par_1_3' title="bbox 123 163 1748 496">
     <span class='ocr_line' id='line_1_3' title="bbox 123 163 1741 224; baseline -0.009 -10"><span class='ocrx_word' id='word_1_10' title='bbox 123 179 254 224; x_wconf 87' lang='lat' dir='ltr'>potest</span> <span class='ocrx_word' id='word_1_11' title='bbox 273 184 374 214; x_wconf 88' lang='lat' dir='ltr'>esse,</span> <span class='ocrx_word' id='word_1_12' title='bbox 398 171 476 208; x_wconf 89' lang='lat' dir='ltr'>nisi</span> <span class='ocrx_word' id='word_1_13' title='bbox 498 170 657 217; x_wconf 89' lang='lat' dir='ltr'>quando</span> <span class='ocrx_word' id='word_1_14' title='bbox 677 168 840 205; x_wconf 83' lang='lat' dir='ltr'>effectus</span> <span class='ocrx_word' id='word_1_15' title='bbox 862 167 1043 214; x_wconf 83' lang='lat' dir='ltr'>adaequat</span> <span class='ocrx_word' id='word_1_16' title='bbox 1060 166 1246 204; x_wconf 90' lang='lat' dir='ltr'>virtutem</span> <span class='ocrx_word' id='word_1_17' title='bbox 1267 173 1398 203; x_wconf 82' lang='lat' dir='ltr'>causae</span> <span class='ocrx_word' id='word_1_18' title='bbox 1418 164 1526 211; x_wconf 92' lang='lat' dir='ltr'>(tunc</span> <span class='ocrx_word' id='word_1_19' title='bbox 1547 163 1652 201; x_wconf 86' lang='lat' dir='ltr'>enim</span> <span class='ocrx_word' id='word_1_20' title='bbox 1673 173 1741 210; x_wconf 87' lang='lat' dir='ltr'>per</span> 
     </span>
     <span class='ocr_line' id='line_1_4' title="bbox 125 211 1745 261; baseline -0.009 0"><span class='ocrx_word' id='word_1_21' title='bbox 125 223 308 261; x_wconf 79' lang='lat' dir='ltr'>effectum</span> <span class='ocrx_word' id='word_1_22' title='bbox 328 224 411 256; x_wconf 85' lang='lat' dir='ltr'>tota</span> <span class='ocrx_word' id='word_1_23' title='bbox 429 219 554 254; x_wconf 85' lang='lat' dir='ltr'>virtus</span> <span class='ocrx_word' id='word_1_24' title='bbox 575 225 707 252; x_wconf 82' lang='lat' dir='ltr'>causae</span> <span class='ocrx_word' id='word_1_25' title='bbox 728 215 998 261; x_wconf 81' lang='lat' dir='ltr'>cognoscitur,</span> <span class='ocrx_word' id='word_1_26' title='bbox 1021 215 1145 250; x_wconf 86' lang='lat' dir='ltr'>virtus</span> <span class='ocrx_word' id='word_1_27' title='bbox 1164 218 1295 250; x_wconf 91' lang='lat' dir='ltr'>autem</span> <span class='ocrx_word' id='word_1_28' title='bbox 1313 213 1368 249; x_wconf 91' lang='lat' dir='ltr'>rei</span> <span class='ocrx_word' id='word_1_29' title='bbox 1389 212 1637 250; x_wconf 84' lang='lat' dir='ltr'>demonstrat</span> <span class='ocrx_word' id='word_1_30' title='bbox 1652 211 1745 247; x_wconf 89' lang='lat' dir='ltr'>sub-</span> 
     </span>
     <span class='ocr_line' id='line_1_5' title="bbox 126 258 1742 311; baseline -0.007 -5"><span class='ocrx_word' id='word_1_31' title='bbox 126 270 310 308; x_wconf 77' lang='lat' dir='ltr'>stantiam</span> <span class='ocrx_word' id='word_1_32' title='bbox 334 264 497 311; x_wconf 87' lang='lat' dir='ltr'>ipsius);</span> <span class='ocrx_word' id='word_1_33' title='bbox 521 264 596 300; x_wconf 94' lang='lat' dir='ltr'>hoc</span> <span class='ocrx_word' id='word_1_34' title='bbox 615 267 742 299; x_wconf 84' lang='lat' dir='ltr'>autem</span> <span class='ocrx_word' id='word_1_35' title='bbox 765 263 806 298; x_wconf 90' lang='lat' dir='ltr'>in</span> <span class='ocrx_word' id='word_1_36' title='bbox 836 262 1039 307; x_wconf 88' lang='lat' dir='ltr'>proposito</span> <span class='ocrx_word' id='word_1_37' title='bbox 1061 261 1137 297; x_wconf 88' lang='lat' dir='ltr'>dici</span> <span class='ocrx_word' id='word_1_38' title='bbox 1170 269 1249 296; x_wconf 90' lang='lat' dir='ltr'>non</span> <span class='ocrx_word' id='word_1_39' title='bbox 1283 263 1432 305; x_wconf 87' lang='lat' dir='ltr'>potest;</span> <span class='ocrx_word' id='word_1_40' title='bbox 1462 267 1555 295; x_wconf 79' lang='lat' dir='ltr'>nam</span> <span class='ocrx_word' id='word_1_41' title='bbox 1575 258 1742 294; x_wconf 85' lang='lat' dir='ltr'>virtutes</span> 
     </span>
     <span class='ocr_line' id='line_1_6' title="bbox 127 304 1748 356; baseline -0.007 -4"><span class='ocrx_word' id='word_1_42' title='bbox 127 314 438 354; x_wconf 87' lang='lat' dir='ltr'>substantiarum</span> <span class='ocrx_word' id='word_1_43' title='bbox 460 314 730 356; x_wconf 85' lang='lat' dir='ltr'>separatarum</span> <span class='ocrx_word' id='word_1_44' title='bbox 752 308 946 345; x_wconf 86' lang='lat' dir='ltr'>excedunt</span> <span class='ocrx_word' id='word_1_45' title='bbox 965 307 1128 344; x_wconf 83' lang='lat' dir='ltr'>effectus</span> <span class='ocrx_word' id='word_1_46' title='bbox 1150 306 1362 344; x_wconf 80' lang='lat' dir='ltr'>sensibiles</span> <span class='ocrx_word' id='word_1_47' title='bbox 1394 314 1535 342; x_wconf 86' lang='lat' dir='ltr'>omnes</span> <span class='ocrx_word' id='word_1_48' title='bbox 1566 313 1667 352; x_wconf 89' lang='lat' dir='ltr'>quos</span> <span class='ocrx_word' id='word_1_49' title='bbox 1689 304 1748 340; x_wconf 88' lang='lat' dir='ltr'>in-</span> 
     </span>
     <span class='ocr_line' id='line_1_7' title="bbox 127 352 1745 404; baseline -0.007 -6"><span class='ocrx_word' id='word_1_50' title='bbox 127 362 286 399; x_wconf 89' lang='lat' dir='ltr'>tellectu</span> <span class='ocrx_word' id='word_1_51' title='bbox 308 357 697 404; x_wconf 83' lang='lat' dir='ltr'>comprehendimus,</span> <span class='ocrx_word' id='word_1_52' title='bbox 721 356 825 392; x_wconf 87' lang='lat' dir='ltr'>sicut</span> <span class='ocrx_word' id='word_1_53' title='bbox 845 355 971 391; x_wconf 89' lang='lat' dir='ltr'>virtus</span> <span class='ocrx_word' id='word_1_54' title='bbox 986 354 1224 391; x_wconf 87' lang='lat' dir='ltr'>universalis</span> <span class='ocrx_word' id='word_1_55' title='bbox 1246 352 1426 389; x_wconf 85' lang='lat' dir='ltr'>effectum</span> <span class='ocrx_word' id='word_1_56' title='bbox 1449 352 1745 398; x_wconf 60' lang='lat' dir='ltr'>partic-ilarem.</span> 
     </span>
     <span class='ocr_line' id='line_1_8' title="bbox 126 398 1748 452; baseline -0.006 -8"><span class='ocrx_word' id='word_1_57' title='bbox 126 410 212 446; x_wconf 88' lang='lat' dir='ltr'>Non</span> <span class='ocrx_word' id='word_1_58' title='bbox 233 411 291 443; x_wconf 88' lang='lat' dir='ltr'>cst</span> <span class='ocrx_word' id='word_1_59' title='bbox 312 406 434 452; x_wconf 87' lang='lat' dir='ltr'>igitur</span> <span class='ocrx_word' id='word_1_60' title='bbox 453 403 647 448; x_wconf 89' lang='lat' dir='ltr'>possibile</span> <span class='ocrx_word' id='word_1_61' title='bbox 668 402 788 449; x_wconf 84' lang='lat' dir='ltr'>quod,</span> <span class='ocrx_word' id='word_1_62' title='bbox 809 411 878 448; x_wconf 89' lang='lat' dir='ltr'>per</span> <span class='ocrx_word' id='word_1_63' title='bbox 898 401 1149 439; x_wconf 85' lang='lat' dir='ltr'>sensibilium</span> <span class='ocrx_word' id='word_1_64' title='bbox 1169 400 1428 444; x_wconf 88' lang='lat' dir='ltr'>intellectum,</span> <span class='ocrx_word' id='word_1_65' title='bbox 1451 398 1634 436; x_wconf 82' lang='lat' dir='ltr'>devenire</span> <span class='ocrx_word' id='word_1_66' title='bbox 1653 405 1748 444; x_wconf 91' lang='lat' dir='ltr'>pos-</span> 
     </span>
     <span class='ocr_line' id='line_1_9' title="bbox 128 449 1159 496; baseline -0.009 -4"><span class='ocrx_word' id='word_1_67' title='bbox 128 456 255 493; x_wconf 89' lang='lat' dir='ltr'>simus</span> <span class='ocrx_word' id='word_1_68' title='bbox 277 452 323 489; x_wconf 90' lang='lat' dir='ltr'>ad</span> <span class='ocrx_word' id='word_1_69' title='bbox 348 450 651 496; x_wconf 88' lang='lat' dir='ltr'>intelligendum</span> <span class='ocrx_word' id='word_1_70' title='bbox 674 449 919 486; x_wconf 85' lang='lat' dir='ltr'>substantias</span> <span class='ocrx_word' id='word_1_71' title='bbox 940 452 1159 494; x_wconf 87' lang='lat' dir='ltr'>separatas.</span> 
     </span>
    </p>

    <p class='ocr_par' dir='ltr' id='par_1_4' title="bbox 127 493 1761 1389">
     <span class='ocr_line' id='line_1_10' title="bbox 174 493 1751 543; baseline -0.005 -7"><span class='ocrx_word' id='word_1_72' title='bbox 174 501 318 539; x_wconf 79' lang='lat' dir='ltr'>Adhuc,</span> <span class='ocrx_word' id='word_1_73' title='bbox 355 497 491 535; x_wconf 88' lang='lat' dir='ltr'>omnia</span> <span class='ocrx_word' id='word_1_74' title='bbox 542 496 812 543; x_wconf 79' lang='lat' dir='ltr'>intelligibilia</span> <span class='ocrx_word' id='word_1_75' title='bbox 845 496 886 532; x_wconf 90' lang='lat' dir='ltr'>in</span> <span class='ocrx_word' id='word_1_76' title='bbox 924 504 1091 541; x_wconf 88' lang='lat' dir='ltr'>quorum</span> <span class='ocrx_word' id='word_1_77' title='bbox 1125 493 1395 540; x_wconf 82' lang='lat' dir='ltr'>cognitionem</span> <span class='ocrx_word' id='word_1_78' title='bbox 1429 493 1660 530; x_wconf 86' lang='lat' dir='ltr'>devenimus</span> <span class='ocrx_word' id='word_1_79' title='bbox 1678 499 1751 538; x_wconf 88' lang='lat' dir='ltr'>per</span> 
     </span>
     <span class='ocr_line' id='line_1_11' title="bbox 127 539 1751 594; baseline -0.006 -10"><span class='ocrx_word' id='word_1_80' title='bbox 127 547 433 594; x_wconf 80' lang='lat' dir='ltr'>inquisitionem</span> <span class='ocrx_word' id='word_1_81' title='bbox 456 547 495 581; x_wconf 89' lang='lat' dir='ltr'>et</span> <span class='ocrx_word' id='word_1_82' title='bbox 514 543 690 581; x_wconf 90' lang='lat' dir='ltr'>studium</span> <span class='ocrx_word' id='word_1_83' title='bbox 711 543 759 580; x_wconf 90' lang='lat' dir='ltr'>ad</span> <span class='ocrx_word' id='word_1_84' title='bbox 780 543 953 589; x_wconf 83' lang='lat' dir='ltr'>aliquam</span> <span class='ocrx_word' id='word_1_85' title='bbox 985 541 1241 578; x_wconf 77' lang='lat' dir='ltr'>scientiarum</span> <span class='ocrx_word' id='word_1_86' title='bbox 1275 540 1604 586; x_wconf 81' lang='lat' dir='ltr'>speculativarum</span> <span class='ocrx_word' id='word_1_87' title='bbox 1637 539 1751 586; x_wconf 88' lang='lat' dir='ltr'>perti·</span> 
     </span>
     <span class='ocr_line' id='line_1_12' title="bbox 128 587 1750 639; baseline -0.006 -8"><span class='ocrx_word' id='word_1_88' title='bbox 128 598 238 632; x_wconf 88' lang='lat' dir='ltr'>nent.</span> <span class='ocrx_word' id='word_1_89' title='bbox 261 594 299 630; x_wconf 85' lang='lat' dir='ltr'>Si</span> <span class='ocrx_word' id='word_1_90' title='bbox 318 592 454 639; x_wconf 87' lang='lat' dir='ltr'>igitur,</span> <span class='ocrx_word' id='word_1_91' title='bbox 475 600 548 637; x_wconf 87' lang='lat' dir='ltr'>per</span> <span class='ocrx_word' id='word_1_92' title='bbox 564 591 641 627; x_wconf 91' lang='lat' dir='ltr'>hoc</span> <span class='ocrx_word' id='word_1_93' title='bbox 661 589 767 637; x_wconf 91' lang='lat' dir='ltr'>quod</span> <span class='ocrx_word' id='word_1_94' title='bbox 788 589 1051 635; x_wconf 84' lang='lat' dir='ltr'>intelligimus</span> <span class='ocrx_word' id='word_1_95' title='bbox 1073 592 1234 624; x_wconf 90' lang='lat' dir='ltr'>naturas</span> <span class='ocrx_word' id='word_1_96' title='bbox 1256 591 1295 624; x_wconf 88' lang='lat' dir='ltr'>et</span> <span class='ocrx_word' id='word_1_97' title='bbox 1319 587 1558 634; x_wconf 88' lang='lat' dir='ltr'>quidditates</span> <span class='ocrx_word' id='word_1_98' title='bbox 1578 587 1750 623; x_wconf 89' lang='lat' dir='ltr'>istorum</span> 
     </span>
     <span class='ocr_line' id='line_1_13' title="bbox 130 634 1751 684; baseline -0.006 -6"><span class='ocrx_word' id='word_1_99' title='bbox 130 640 399 683; x_wconf 88' lang='lat' dir='ltr'>sensibilium,</span> <span class='ocrx_word' id='word_1_100' title='bbox 419 638 673 684; x_wconf 85' lang='lat' dir='ltr'>pervenimus</span> <span class='ocrx_word' id='word_1_101' title='bbox 697 637 746 673; x_wconf 89' lang='lat' dir='ltr'>ad</span> <span class='ocrx_word' id='word_1_102' title='bbox 765 635 1047 682; x_wconf 89' lang='lat' dir='ltr'>intelligendas</span> <span class='ocrx_word' id='word_1_103' title='bbox 1074 634 1319 671; x_wconf 89' lang='lat' dir='ltr'>substantias</span> <span class='ocrx_word' id='word_1_104' title='bbox 1355 637 1572 679; x_wconf 87' lang='lat' dir='ltr'>separatas,</span> <span class='ocrx_word' id='word_1_105' title='bbox 1594 635 1751 679; x_wconf 86' lang='lat' dir='ltr'>oportet</span> 
     </span>
     <span class='ocr_line' id='line_1_14' title="bbox 130 681 1749 734; baseline -0.005 -10"><span class='ocrx_word' id='word_1_106' title='bbox 130 687 236 734; x_wconf 89' lang='lat' dir='ltr'>quod</span> <span class='ocrx_word' id='word_1_107' title='bbox 257 686 481 732; x_wconf 89' lang='lat' dir='ltr'>intelligere</span> <span class='ocrx_word' id='word_1_108' title='bbox 502 684 748 722; x_wconf 85' lang='lat' dir='ltr'>substantias</span> <span class='ocrx_word' id='word_1_109' title='bbox 767 687 970 729; x_wconf 88' lang='lat' dir='ltr'>separatas</span> <span class='ocrx_word' id='word_1_110' title='bbox 990 682 1195 728; x_wconf 89' lang='lat' dir='ltr'>contingat</span> <span class='ocrx_word' id='word_1_111' title='bbox 1215 690 1284 727; x_wconf 89' lang='lat' dir='ltr'>par</span> <span class='ocrx_word' id='word_1_112' title='bbox 1297 681 1468 727; x_wconf 84' lang='lat' dir='ltr'>aliquam</span> <span class='ocrx_word' id='word_1_113' title='bbox 1489 681 1749 717; x_wconf 87' lang='lat' dir='ltr'>scientiarum</span> 
     </span>
     <span class='ocr_line' id='line_1_15' title="bbox 129 727 1755 780; baseline -0.005 -10"><span class='ocrx_word' id='word_1_114' title='bbox 129 733 477 780; x_wconf 85' lang='lat' dir='ltr'>speculativarum.</span> <span class='ocrx_word' id='word_1_115' title='bbox 502 733 582 768; x_wconf 90' lang='lat' dir='ltr'>Hoc</span> <span class='ocrx_word' id='word_1_116' title='bbox 603 735 734 768; x_wconf 88' lang='lat' dir='ltr'>autem</span> <span class='ocrx_word' id='word_1_117' title='bbox 752 739 833 767; x_wconf 91' lang='lat' dir='ltr'>non</span> <span class='ocrx_word' id='word_1_118' title='bbox 850 729 1054 773; x_wconf 83' lang='lat' dir='ltr'>videmus3</span> <span class='ocrx_word' id='word_1_119' title='bbox 1076 737 1156 765; x_wconf 92' lang='lat' dir='ltr'>non</span> <span class='ocrx_word' id='word_1_120' title='bbox 1179 732 1238 764; x_wconf 90' lang='lat' dir='ltr'>est</span> <span class='ocrx_word' id='word_1_121' title='bbox 1270 728 1375 764; x_wconf 90' lang='lat' dir='ltr'>enim</span> <span class='ocrx_word' id='word_1_122' title='bbox 1407 728 1541 773; x_wconf 87' lang='lat' dir='ltr'>aliqua</span> <span class='ocrx_word' id='word_1_123' title='bbox 1573 727 1755 772; x_wconf 88' lang='lat' dir='ltr'>specula-</span> 
     </span>
     <span class='ocr_line' id='line_1_16' title="bbox 130 774 1752 825; baseline -0.005 -8"><span class='ocrx_word' id='word_1_124' title='bbox 130 782 210 818; x_wconf 85' lang='lat' dir='ltr'>tiva</span> <span class='ocrx_word' id='word_1_125' title='bbox 230 780 398 817; x_wconf 88' lang='lat' dir='ltr'>scientia</span> <span class='ocrx_word' id='word_1_126' title='bbox 424 788 512 825; x_wconf 83' lang='lat' dir='ltr'>quae</span> <span class='ocrx_word' id='word_1_127' title='bbox 533 779 672 815; x_wconf 84' lang='lat' dir='ltr'>doceat</span> <span class='ocrx_word' id='word_1_128' title='bbox 693 778 740 814; x_wconf 92' lang='lat' dir='ltr'>de</span> <span class='ocrx_word' id='word_1_129' title='bbox 761 777 893 823; x_wconf 87' lang='lat' dir='ltr'>aliqua</span> <span class='ocrx_word' id='word_1_130' title='bbox 924 776 1237 813; x_wconf 89' lang='lat' dir='ltr'>substantiarum</span> <span class='ocrx_word' id='word_1_131' title='bbox 1258 777 1530 820; x_wconf 87' lang='lat' dir='ltr'>separatorum</span> <span class='ocrx_word' id='word_1_132' title='bbox 1558 774 1653 819; x_wconf 87' lang='lat' dir='ltr'>quid</span> <span class='ocrx_word' id='word_1_133' title='bbox 1675 777 1752 818; x_wconf 90' lang='lat' dir='ltr'>est,</span> 
     </span>
     <span class='ocr_line' id='line_1_17' title="bbox 132 820 1755 873; baseline -0.006 -9"><span class='ocrx_word' id='word_1_134' title='bbox 132 828 201 865; x_wconf 91' lang='lat' dir='ltr'>sed</span> <span class='ocrx_word' id='word_1_135' title='bbox 223 827 353 864; x_wconf 92' lang='lat' dir='ltr'>solum</span> <span class='ocrx_word' id='word_1_136' title='bbox 377 826 470 873; x_wconf 85' lang='lat' dir='ltr'>quia</span> <span class='ocrx_word' id='word_1_137' title='bbox 487 829 559 862; x_wconf 88' lang='lat' dir='ltr'>est.</span> <span class='ocrx_word' id='word_1_138' title='bbox 580 827 665 862; x_wconf 77' lang='lat' dir='ltr'>Non</span> <span class='ocrx_word' id='word_1_139' title='bbox 688 829 747 861; x_wconf 88' lang='lat' dir='ltr'>est</span> <span class='ocrx_word' id='word_1_140' title='bbox 767 825 889 870; x_wconf 85' lang='lat' dir='ltr'>igitur</span> <span class='ocrx_word' id='word_1_141' title='bbox 904 823 1097 869; x_wconf 91' lang='lat' dir='ltr'>possibile</span> <span class='ocrx_word' id='word_1_142' title='bbox 1119 821 1238 869; x_wconf 91' lang='lat' dir='ltr'>quod,</span> <span class='ocrx_word' id='word_1_143' title='bbox 1255 831 1324 868; x_wconf 89' lang='lat' dir='ltr'>per</span> <span class='ocrx_word' id='word_1_144' title='bbox 1346 822 1422 858; x_wconf 91' lang='lat' dir='ltr'>hoc</span> <span class='ocrx_word' id='word_1_145' title='bbox 1441 820 1547 867; x_wconf 90' lang='lat' dir='ltr'>quod</span> <span class='ocrx_word' id='word_1_146' title='bbox 1568 820 1755 866; x_wconf 87' lang='lat' dir='ltr'>intelligi-</span> 
     </span>
     <span class='ocr_line' id='line_1_18' title="bbox 131 866 1754 917; baseline -0.005 -6"><span class='ocrx_word' id='word_1_147' title='bbox 131 884 222 911; x_wconf 90' lang='lat' dir='ltr'>mus</span> <span class='ocrx_word' id='word_1_148' title='bbox 242 879 403 910; x_wconf 88' lang='lat' dir='ltr'>naturas</span> <span class='ocrx_word' id='word_1_149' title='bbox 422 872 690 915; x_wconf 87' lang='lat' dir='ltr'>sensibilium,</span> <span class='ocrx_word' id='word_1_150' title='bbox 709 871 987 917; x_wconf 84' lang='lat' dir='ltr'>perveniamus</span> <span class='ocrx_word' id='word_1_151' title='bbox 1007 870 1055 907; x_wconf 88' lang='lat' dir='ltr'>ad</span> <span class='ocrx_word' id='word_1_152' title='bbox 1071 868 1353 915; x_wconf 81' lang='lat' dir='ltr'>intelligendas</span> <span class='ocrx_word' id='word_1_153' title='bbox 1375 866 1622 905; x_wconf 88' lang='lat' dir='ltr'>substantias</span> <span class='ocrx_word' id='word_1_154' title='bbox 1643 875 1754 913; x_wconf 87' lang='lat' dir='ltr'>sepa·</span> 
     </span>
     <span class='ocr_line' id='line_1_19' title="bbox 132 914 1755 965; baseline -0.005 -7"><span class='ocrx_word' id='word_1_155' title='bbox 132 926 251 959; x_wconf 88' lang='lat' dir='ltr'>ratas.</span> <span class='ocrx_word' id='word_1_156' title='bbox 274 921 311 958; x_wconf 84' lang='lat' dir='ltr'>Si</span> <span class='ocrx_word' id='word_1_157' title='bbox 334 924 465 957; x_wconf 90' lang='lat' dir='ltr'>autem</span> <span class='ocrx_word' id='word_1_158' title='bbox 488 919 640 955; x_wconf 88' lang='lat' dir='ltr'>dicatur</span> <span class='ocrx_word' id='word_1_159' title='bbox 662 919 766 965; x_wconf 90' lang='lat' dir='ltr'>quod</span> <span class='ocrx_word' id='word_1_160' title='bbox 788 922 848 955; x_wconf 87' lang='lat' dir='ltr'>est</span> <span class='ocrx_word' id='word_1_161' title='bbox 865 917 1058 964; x_wconf 91' lang='lat' dir='ltr'>possibile</span> <span class='ocrx_word' id='word_1_162' title='bbox 1079 925 1167 953; x_wconf 88' lang='lat' dir='ltr'>esse</span> <span class='ocrx_word' id='word_1_163' title='bbox 1189 916 1362 962; x_wconf 89' lang='lat' dir='ltr'>aliquam</span> <span class='ocrx_word' id='word_1_164' title='bbox 1390 915 1508 951; x_wconf 89' lang='lat' dir='ltr'>talem</span> <span class='ocrx_word' id='word_1_165' title='bbox 1544 914 1755 951; x_wconf 89' lang='lat' dir='ltr'>scientiam</span> 
     </span>
     <span class='ocr_line' id='line_1_20' title="bbox 134 960 1755 1014; baseline -0.006 -8"><span class='ocrx_word' id='word_1_166' title='bbox 134 968 434 1014; x_wconf 86' lang='lat' dir='ltr'>speculativam,</span> <span class='ocrx_word' id='word_1_167' title='bbox 455 967 636 1013; x_wconf 88' lang='lat' dir='ltr'>quamvis</span> <span class='ocrx_word' id='word_1_168' title='bbox 657 966 786 1002; x_wconf 90' lang='lat' dir='ltr'>adhuc</span> <span class='ocrx_word' id='word_1_169' title='bbox 803 974 881 1001; x_wconf 90' lang='lat' dir='ltr'>non</span> <span class='ocrx_word' id='word_1_170' title='bbox 899 965 949 1001; x_wconf 90' lang='lat' dir='ltr'>sit</span> <span class='ocrx_word' id='word_1_171' title='bbox 968 965 1141 1007; x_wconf 89' lang='lat' dir='ltr'>inventa,</span> <span class='ocrx_word' id='word_1_172' title='bbox 1164 963 1240 1000; x_wconf 93' lang='lat' dir='ltr'>hoc</span> <span class='ocrx_word' id='word_1_173' title='bbox 1260 962 1361 999; x_wconf 91' lang='lat' dir='ltr'>nihil</span> <span class='ocrx_word' id='word_1_174' title='bbox 1380 966 1460 1006; x_wconf 87' lang='lat' dir='ltr'>est;</span> <span class='ocrx_word' id='word_1_175' title='bbox 1475 960 1569 1008; x_wconf 86' lang='lat' dir='ltr'>quia</span> <span class='ocrx_word' id='word_1_176' title='bbox 1589 969 1671 998; x_wconf 91' lang='lat' dir='ltr'>non</span> <span class='ocrx_word' id='word_1_177' title='bbox 1693 964 1755 998; x_wconf 86' lang='lat' dir='ltr'>est</span> 
     </span>
     <span class='ocr_line' id='line_1_21' title="bbox 133 1008 1754 1062; baseline -0.006 -10"><span class='ocrx_word' id='word_1_178' title='bbox 133 1015 341 1062; x_wconf 86' lang='lat' dir='ltr'>possibile,</span> <span class='ocrx_word' id='word_1_179' title='bbox 363 1023 433 1060; x_wconf 92' lang='lat' dir='ltr'>per</span> <span class='ocrx_word' id='word_1_180' title='bbox 455 1013 588 1059; x_wconf 92' lang='lat' dir='ltr'>aliqua</span> <span class='ocrx_word' id='word_1_181' title='bbox 605 1013 801 1058; x_wconf 87' lang='lat' dir='ltr'>principia</span> <span class='ocrx_word' id='word_1_182' title='bbox 832 1011 948 1048; x_wconf 91' lang='lat' dir='ltr'>nobis</span> <span class='ocrx_word' id='word_1_183' title='bbox 980 1015 1088 1054; x_wconf 90' lang='lat' dir='ltr'>nota,</span> <span class='ocrx_word' id='word_1_184' title='bbox 1117 1010 1165 1046; x_wconf 93' lang='lat' dir='ltr'>ad</span> <span class='ocrx_word' id='word_1_185' title='bbox 1195 1009 1478 1055; x_wconf 87' lang='lat' dir='ltr'>intelligendas</span> <span class='ocrx_word' id='word_1_186' title='bbox 1505 1008 1754 1045; x_wconf 86' lang='lat' dir='ltr'>substantias</span> 
     </span>
     <span class='ocr_line' id='line_1_22' title="bbox 133 1055 1756 1108; baseline -0.005 -10"><span class='ocrx_word' id='word_1_187' title='bbox 133 1062 344 1108; x_wconf 67' lang='lat' dir='ltr'>praedictas</span> <span class='ocrx_word' id='word_1_188' title='bbox 366 1061 564 1097; x_wconf 81' lang='lat' dir='ltr'>devenire.</span> <span class='ocrx_word' id='word_1_189' title='bbox 585 1060 726 1096; x_wconf 86' lang='lat' dir='ltr'>Omnia</span> <span class='ocrx_word' id='word_1_190' title='bbox 748 1059 853 1096; x_wconf 89' lang='lat' dir='ltr'>enim</span> <span class='ocrx_word' id='word_1_191' title='bbox 878 1059 1036 1104; x_wconf 89' lang='lat' dir='ltr'>propria</span> <span class='ocrx_word' id='word_1_192' title='bbox 1056 1056 1252 1103; x_wconf 86' lang='lat' dir='ltr'>principia</span> <span class='ocrx_word' id='word_1_193' title='bbox 1268 1056 1554 1102; x_wconf 81' lang='lat' dir='ltr'>quuscumque</span> <span class='ocrx_word' id='word_1_194' title='bbox 1576 1055 1756 1092; x_wconf 87' lang='lat' dir='ltr'>scientiae</span> 
     </span>
     <span class='ocr_line' id='line_1_23' title="bbox 136 1102 1756 1155; baseline -0.005 -10"><span class='ocrx_word' id='word_1_195' title='bbox 136 1109 357 1155; x_wconf 88' lang='lat' dir='ltr'>dependent</span> <span class='ocrx_word' id='word_1_196' title='bbox 379 1117 425 1144; x_wconf 83' lang='lat' dir='ltr'>ex</span> <span class='ocrx_word' id='word_1_197' title='bbox 442 1107 652 1153; x_wconf 88' lang='lat' dir='ltr'>principiis</span> <span class='ocrx_word' id='word_1_198' title='bbox 678 1107 819 1152; x_wconf 91' lang='lat' dir='ltr'>primis</span> <span class='ocrx_word' id='word_1_199' title='bbox 841 1104 1266 1142; x_wconf 85' lang='lat' dir='ltr'>indemonstrabilibus</span> <span class='ocrx_word' id='word_1_200' title='bbox 1286 1113 1355 1149; x_wconf 90' lang='lat' dir='ltr'>per</span> <span class='ocrx_word' id='word_1_201' title='bbox 1376 1112 1418 1140; x_wconf 89' lang='lat' dir='ltr'>se</span> <span class='ocrx_word' id='word_1_202' title='bbox 1441 1102 1563 1142; x_wconf 88' lang='lat' dir='ltr'>notis,</span> <span class='ocrx_word' id='word_1_203' title='bbox 1583 1109 1756 1148; x_wconf 88' lang='lat' dir='ltr'>quorum</span> 
     </span>
     <span class='ocr_line' id='line_1_24' title="bbox 134 1148 1756 1202; baseline -0.004 -10"><span class='ocrx_word' id='word_1_204' title='bbox 134 1155 404 1202; x_wconf 85' lang='lat' dir='ltr'>cognitionem</span> <span class='ocrx_word' id='word_1_205' title='bbox 428 1163 450 1190; x_wconf 93' lang='lat' dir='ltr'>a</span> <span class='ocrx_word' id='word_1_206' title='bbox 475 1153 736 1190; x_wconf 91' lang='lat' dir='ltr'>sensibilibus</span> <span class='ocrx_word' id='word_1_207' title='bbox 757 1153 990 1198; x_wconf 91' lang='lat' dir='ltr'>accipimus,</span> <span class='ocrx_word' id='word_1_208' title='bbox 1015 1156 1057 1187; x_wconf 91' lang='lat' dir='ltr'>ut</span> <span class='ocrx_word' id='word_1_209' title='bbox 1075 1154 1182 1196; x_wconf 89' lang='lat' dir='ltr'>patet</span> <span class='ocrx_word' id='word_1_210' title='bbox 1201 1150 1242 1186; x_wconf 89' lang='lat' dir='ltr'>in</span> <span class='ocrx_word' id='word_1_211' title='bbox 1262 1149 1341 1186; x_wconf 90' lang='lat' dir='ltr'>fine</span> <span class='ocrx_word' id='word_1_212' title='bbox 1374 1150 1616 1186; x_wconf 77' lang='lat' dir='ltr'>Posteriorum</span> <span class='ocrx_word' id='word_1_213' title='bbox 1647 1148 1756 1195; x_wconf 80' lang='lat' dir='ltr'>(text.</span> 
     </span>
     <span class='ocr_line' id='line_1_25' title="bbox 135 1196 1757 1247; baseline -0.006 -8"><span class='ocrx_word' id='word_1_214' title='bbox 135 1211 279 1239; x_wconf 90' lang='lat' dir='ltr'>comm.</span> <span class='ocrx_word' id='word_1_215' title='bbox 301 1201 374 1247; x_wconf 77' lang='lat'>27).</span> <span class='ocrx_word' id='word_1_216' title='bbox 392 1201 605 1238; x_wconf 88' lang='lat' dir='ltr'>Sensibilia</span> <span class='ocrx_word' id='word_1_217' title='bbox 627 1204 757 1237; x_wconf 89' lang='lat' dir='ltr'>autem</span> <span class='ocrx_word' id='word_1_218' title='bbox 779 1208 859 1236; x_wconf 91' lang='lat' dir='ltr'>non</span> <span class='ocrx_word' id='word_1_219' title='bbox 882 1198 1125 1236; x_wconf 87' lang='lat' dir='ltr'>sufficienter</span> <span class='ocrx_word' id='word_1_220' title='bbox 1143 1197 1292 1234; x_wconf 90' lang='lat' dir='ltr'>ducunt</span> <span class='ocrx_word' id='word_1_221' title='bbox 1322 1197 1364 1233; x_wconf 91' lang='lat' dir='ltr'>in</span> <span class='ocrx_word' id='word_1_222' title='bbox 1395 1196 1663 1243; x_wconf 82' lang='lat' dir='ltr'>cognitlonem</span> <span class='ocrx_word' id='word_1_223' title='bbox 1697 1205 1757 1231; x_wconf 88' lang='lat' dir='ltr'>re-</span> 
     </span>
     <span class='ocr_line' id='line_1_26' title="bbox 134 1243 1758 1292; baseline -0.004 -7"><span class='ocrx_word' id='word_1_224' title='bbox 134 1259 223 1286; x_wconf 90' lang='lat' dir='ltr'>rum</span> <span class='ocrx_word' id='word_1_225' title='bbox 246 1248 584 1291; x_wconf 84' lang='lat' dir='ltr'>immaterialium,</span> <span class='ocrx_word' id='word_1_226' title='bbox 611 1251 654 1284; x_wconf 91' lang='lat' dir='ltr'>ut</span> <span class='ocrx_word' id='word_1_227' title='bbox 687 1256 756 1292; x_wconf 90' lang='lat' dir='ltr'>per</span> <span class='ocrx_word' id='word_1_228' title='bbox 787 1246 1015 1291; x_wconf 89' lang='lat' dir='ltr'>superiores</span> <span class='ocrx_word' id='word_1_229' title='bbox 1050 1245 1226 1281; x_wconf 89' lang='lat' dir='ltr'>rationes</span> <span class='ocrx_word' id='word_1_230' title='bbox 1255 1247 1315 1280; x_wconf 90' lang='lat' dir='ltr'>est</span> <span class='ocrx_word' id='word_1_231' title='bbox 1343 1243 1566 1289; x_wconf 84' lang='lat' dir='ltr'>probatum.</span> <span class='ocrx_word' id='word_1_232' title='bbox 1589 1244 1675 1278; x_wconf 81' lang='lat' dir='ltr'>Non</span> <span class='ocrx_word' id='word_1_233' title='bbox 1698 1245 1758 1279; x_wconf 88' lang='lat' dir='ltr'>est</span> 
     </span>
     <span class='ocr_line' id='line_1_27' title="bbox 137 1289 1761 1343; baseline -0.004 -11"><span class='ocrx_word' id='word_1_234' title='bbox 137 1305 232 1343; x_wconf 87' lang='lat' dir='ltr'>ergo</span> <span class='ocrx_word' id='word_1_235' title='bbox 253 1295 447 1342; x_wconf 87' lang='lat' dir='ltr'>possibile</span> <span class='ocrx_word' id='word_1_236' title='bbox 470 1295 642 1340; x_wconf 88' lang='lat' dir='ltr'>aliquam</span> <span class='ocrx_word' id='word_1_237' title='bbox 666 1294 872 1330; x_wconf 86' lang='lat' dir='ltr'>scientiam</span> <span class='ocrx_word' id='word_1_238' title='bbox 886 1301 975 1330; x_wconf 85' lang='lat' dir='ltr'>esse</span> <span class='ocrx_word' id='word_1_239' title='bbox 990 1301 1058 1338; x_wconf 92' lang='lat' dir='ltr'>per</span> <span class='ocrx_word' id='word_1_240' title='bbox 1076 1300 1194 1338; x_wconf 86' lang='lat' dir='ltr'>quam</span> <span class='ocrx_word' id='word_1_241' title='bbox 1214 1290 1556 1338; x_wconf 86' lang='lat' dir='ltr'>adintelligendas</span> <span class='ocrx_word' id='word_1_242' title='bbox 1575 1289 1761 1327; x_wconf 86' lang='lat' dir='ltr'>substan-</span> 
     </span>
     <span class='ocr_line' id='line_1_28' title="bbox 135 1341 812 1389; baseline -0.004 -9"><span class='ocrx_word' id='word_1_243' title='bbox 135 1343 214 1380; x_wconf 85' lang='lat' dir='ltr'>tias</span> <span class='ocrx_word' id='word_1_244' title='bbox 235 1345 438 1389; x_wconf 88' lang='lat' dir='ltr'>separatas</span> <span class='ocrx_word' id='word_1_245' title='bbox 458 1341 654 1388; x_wconf 86' lang='lat' dir='ltr'>perveniri</span> <span class='ocrx_word' id='word_1_246' title='bbox 672 1341 812 1387; x_wconf 89' lang='lat' dir='ltr'>possit.</span> 
     </span>
    </p>
   </div>
   <div class='ocr_carea' id='block_1_4' title="bbox 790 1479 1111 1521">
    <p class='ocr_par' dir='ltr' id='par_1_5' title="bbox 790 1479 1111 1521">
     <span class='ocr_line' id='line_1_29' title="bbox 790 1479 1111 1521; baseline 0 0"><span class='ocrx_word' id='word_1_247' title='bbox 790 1480 957 1521; x_wconf 83' lang='lat' dir='ltr'>CAPUT</span> <span class='ocrx_word' id='word_1_248' title='bbox 990 1479 1111 1521; x_wconf 87' lang='lat' dir='ltr'>XLII.</span> 
     </span>
    </p>
   </div>
   <div class='ocr_carea' id='block_1_5' title="bbox 136 1592 1760 1682">
    <p class='ocr_par' dir='ltr' id='par_1_6' title="bbox 136 1592 1760 1682">
     <span class='ocr_line' id='line_1_30' title="bbox 136 1592 1760 1633; baseline -0.004 -6"><span class='ocrx_word' id='word_1_249' title='bbox 136 1597 236 1633; x_wconf 79' lang='lat' dir='ltr'>QUOD</span> <span class='ocrx_word' id='word_1_250' title='bbox 262 1597 342 1626; x_wconf 71' lang='lat' dir='ltr'>NON</span> <span class='ocrx_word' id='word_1_251' title='bbox 364 1596 561 1626; x_wconf 67' lang='lat' dir='ltr'>POSSPMUS</span> <span class='ocrx_word' id='word_1_252' title='bbox 587 1595 629 1624; x_wconf 83' lang='lat' dir='ltr'>IN</span> <span class='ocrx_word' id='word_1_253' title='bbox 654 1595 732 1623; x_wconf 75' lang='lat' dir='ltr'>HAG</span> <span class='ocrx_word' id='word_1_254' title='bbox 757 1594 854 1623; x_wconf 74' lang='lat' dir='ltr'>vtTA</span> <span class='ocrx_word' id='word_1_255' title='bbox 882 1593 1128 1622; x_wconf 75' lang='lat' dir='ltr'>COGNOSCERE</span> <span class='ocrx_word' id='word_1_256' title='bbox 1155 1592 1417 1621; x_wconf 75' lang='lat' dir='ltr'>SUBSTANTIAS</span> <span class='ocrx_word' id='word_1_257' title='bbox 1440 1592 1681 1628; x_wconf 75' lang='lat' dir='ltr'>SEPARATAS,</span> <span class='ocrx_word' id='word_1_258' title='bbox 1707 1592 1760 1621; x_wconf 80' lang='grc' dir='ltr'>ΠΤ</span> 
     </span>
     <span class='ocr_line' id='line_1_31' title="bbox 742 1652 1152 1682; baseline -0.007 0"><span class='ocrx_word' id='word_1_259' title='bbox 742 1653 878 1682; x_wconf 80' lang='lat' dir='ltr'><strong>POSL&#39;IT</strong></span> <span class='ocrx_word' id='word_1_260' title='bbox 903 1652 1152 1680; x_wconf 74' lang='lat' dir='ltr'>ALEXANDER.</span> 
     </span>
    </p>
   </div>
   <div class='ocr_carea' id='block_1_6' title="bbox 134 1759 1761 2886">
    <p class='ocr_par' dir='ltr' id='par_1_7' title="bbox 134 1759 1760 2137">
     <span class='ocr_line' id='line_1_32' title="bbox 185 1759 1759 1808; baseline -0.004 -8"><span class='ocrx_word' id='word_1_261' title='bbox 185 1764 286 1808; x_wconf 84' lang='lat' dir='ltr'>Quia</span> <span class='ocrx_word' id='word_1_262' title='bbox 303 1772 396 1799; x_wconf 79' lang='lat' dir='ltr'>vero</span> <span class='ocrx_word' id='word_1_263' title='bbox 416 1761 636 1799; x_wconf 79' lang='lat' dir='ltr'>Alexander</span> <span class='ocrx_word' id='word_1_264' title='bbox 657 1761 792 1808; x_wconf 88' lang='lat' dir='ltr'>posuit</span> <span class='ocrx_word' id='word_1_265' title='bbox 813 1761 1015 1807; x_wconf 77' lang='lat' dir='ltr'>(paraphr.</span> <span class='ocrx_word' id='word_1_266' title='bbox 1036 1760 1083 1796; x_wconf 89' lang='lat' dir='ltr'>de</span> <span class='ocrx_word' id='word_1_267' title='bbox 1103 1760 1256 1803; x_wconf 80' lang='lat' dir='ltr'>Anima,</span> <span class='ocrx_word' id='word_1_268' title='bbox 1280 1759 1305 1796; x_wconf 92' lang='lat' dir='ltr'>l.</span> <span class='ocrx_word' id='word_1_269' title='bbox 1328 1768 1355 1804; x_wconf 91' lang='lat'>1,</span> <span class='ocrx_word' id='word_1_270' title='bbox 1377 1768 1464 1805; x_wconf 87' lang='lat' dir='ltr'>cap.</span> <span class='ocrx_word' id='word_1_271' title='bbox 1494 1762 1545 1795; x_wconf 83' lang='lat' dir='ltr'>De</span> <span class='ocrx_word' id='word_1_272' title='bbox 1574 1760 1759 1795; x_wconf 80' lang='lat' dir='ltr'>intellectu</span> 
     </span>
     <span class='ocr_line' id='line_1_33' title="bbox 136 1806 1760 1856; baseline -0.002 -10"><span class='ocrx_word' id='word_1_273' title='bbox 136 1811 278 1856; x_wconf 64' lang='lat' dir='ltr'>agente)</span> <span class='ocrx_word' id='word_1_274' title='bbox 295 1809 400 1856; x_wconf 92' lang='lat' dir='ltr'>quod</span> <span class='ocrx_word' id='word_1_275' title='bbox 421 1809 648 1846; x_wconf 86' lang='lat' dir='ltr'>intellectus</span> <span class='ocrx_word' id='word_1_276' title='bbox 666 1808 873 1854; x_wconf 89' lang='lat' dir='ltr'>possibilis</span> <span class='ocrx_word' id='word_1_277' title='bbox 892 1811 951 1844; x_wconf 89' lang='lat' dir='ltr'>est</span> <span class='ocrx_word' id='word_1_278' title='bbox 975 1807 1218 1853; x_wconf 87' lang='lat' dir='ltr'>generabilis</span> <span class='ocrx_word' id='word_1_279' title='bbox 1249 1810 1286 1842; x_wconf 91' lang='lat' dir='ltr'>et</span> <span class='ocrx_word' id='word_1_280' title='bbox 1317 1806 1602 1852; x_wconf 85' lang='lat' dir='ltr'>corruptibilis,</span> <span class='ocrx_word' id='word_1_281' title='bbox 1624 1810 1760 1851; x_wconf 92' lang='lat' dir='ltr'>utpote</span> 
     </span>
     <span class='ocr_line' id='line_1_34' title="bbox 137 1852 1759 1904; baseline -0.003 -11"><span class='ocrx_word' id='word_1_282' title='bbox 137 1857 318 1904; x_wconf 85' lang='lat' dir='ltr'>quaedam</span> <span class='ocrx_word' id='word_1_283' title='bbox 338 1856 570 1902; x_wconf 76' lang='lat' dir='ltr'>praeparatio</span> <span class='ocrx_word' id='word_1_284' title='bbox 591 1856 775 1892; x_wconf 84' lang='lat' dir='ltr'>humanae</span> <span class='ocrx_word' id='word_1_285' title='bbox 791 1859 957 1898; x_wconf 74' lang='lat' dir='ltr'>naturae,</span> <span class='ocrx_word' id='word_1_286' title='bbox 977 1862 1229 1900; x_wconf 89' lang='lat' dir='ltr'>consequens</span> <span class='ocrx_word' id='word_1_287' title='bbox 1243 1853 1567 1889; x_wconf 83' lang='lat' dir='ltr'>commixtionem</span> <span class='ocrx_word' id='word_1_288' title='bbox 1586 1852 1759 1889; x_wconf 86' lang='lat' dir='ltr'>elemen-</span> 
     </span>
     <span class='ocr_line' id='line_1_35' title="bbox 134 1899 1759 1948; baseline -0.002 -8"><span class='ocrx_word' id='word_1_289' title='bbox 134 1907 283 1948; x_wconf 89' lang='lat' dir='ltr'>torum,</span> <span class='ocrx_word' id='word_1_290' title='bbox 304 1907 346 1940; x_wconf 84' lang='lat' dir='ltr'>ut</span> <span class='ocrx_word' id='word_1_291' title='bbox 368 1903 544 1940; x_wconf 87' lang='lat' dir='ltr'>habitum</span> <span class='ocrx_word' id='word_1_292' title='bbox 565 1905 624 1939; x_wconf 90' lang='lat' dir='ltr'>est</span> <span class='ocrx_word' id='word_1_293' title='bbox 645 1902 685 1948; x_wconf 91' lang='lat' dir='ltr'>(l.</span> <span class='ocrx_word' id='word_1_294' title='bbox 704 1911 746 1946; x_wconf 90' lang='lat'>11,</span> <span class='ocrx_word' id='word_1_295' title='bbox 766 1911 801 1945; x_wconf 89' lang='lat' dir='ltr'>c,</span> <span class='ocrx_word' id='word_1_296' title='bbox 821 1901 878 1947; x_wconf 79' lang='lat'>62)</span> <span class='ocrx_word' id='word_1_297' title='bbox 897 1901 992 1947; x_wconf 87' lang='lat' dir='ltr'>(non</span> <span class='ocrx_word' id='word_1_298' title='bbox 1013 1904 1074 1937; x_wconf 90' lang='lat' dir='ltr'>est</span> <span class='ocrx_word' id='word_1_299' title='bbox 1093 1905 1223 1936; x_wconf 85' lang='lat' dir='ltr'>autem</span> <span class='ocrx_word' id='word_1_300' title='bbox 1243 1899 1436 1945; x_wconf 90' lang='lat' dir='ltr'>possibile</span> <span class='ocrx_word' id='word_1_301' title='bbox 1458 1903 1501 1936; x_wconf 88' lang='lat' dir='ltr'>ut</span> <span class='ocrx_word' id='word_1_302' title='bbox 1520 1899 1612 1936; x_wconf 87' lang='lat' dir='ltr'>talis</span> <span class='ocrx_word' id='word_1_303' title='bbox 1632 1899 1759 1936; x_wconf 87' lang='lat' dir='ltr'>virtus</span> 
     </span>
     <span class='ocr_line' id='line_1_36' title="bbox 137 1946 1757 1996; baseline -0.003 -9"><span class='ocrx_word' id='word_1_304' title='bbox 137 1959 259 1996; x_wconf 75' lang='lat' dir='ltr'>supra</span> <span class='ocrx_word' id='word_1_305' title='bbox 280 1949 501 1987; x_wconf 85' lang='lat' dir='ltr'>materialia</span> <span class='ocrx_word' id='word_1_306' title='bbox 521 1949 723 1995; x_wconf 87' lang='lat' dir='ltr'>elevetur),</span> <span class='ocrx_word' id='word_1_307' title='bbox 745 1949 878 1994; x_wconf 89' lang='lat' dir='ltr'>posuit</span> <span class='ocrx_word' id='word_1_308' title='bbox 898 1947 1003 1993; x_wconf 86' lang='lat' dir='ltr'>quod</span> <span class='ocrx_word' id='word_1_309' title='bbox 1024 1947 1249 1983; x_wconf 85' lang='lat' dir='ltr'>intellectus</span> <span class='ocrx_word' id='word_1_310' title='bbox 1269 1946 1477 1992; x_wconf 89' lang='lat' dir='ltr'>possibilis</span> <span class='ocrx_word' id='word_1_311' title='bbox 1499 1949 1636 1983; x_wconf 91' lang='lat' dir='ltr'>noster</span> <span class='ocrx_word' id='word_1_312' title='bbox 1655 1955 1757 1982; x_wconf 87' lang='lat' dir='ltr'>nun-</span> 
     </span>
     <span class='ocr_line' id='line_1_37' title="bbox 137 1993 1760 2044; baseline -0.003 -10"><span class='ocrx_word' id='word_1_313' title='bbox 137 2006 256 2044; x_wconf 90' lang='lat' dir='ltr'>quam</span> <span class='ocrx_word' id='word_1_314' title='bbox 295 1996 424 2043; x_wconf 87' lang='lat' dir='ltr'>possit</span> <span class='ocrx_word' id='word_1_315' title='bbox 456 1996 660 2042; x_wconf 89' lang='lat' dir='ltr'>pervenire</span> <span class='ocrx_word' id='word_1_316' title='bbox 693 1995 742 2032; x_wconf 89' lang='lat' dir='ltr'>ad</span> <span class='ocrx_word' id='word_1_317' title='bbox 773 1994 1055 2041; x_wconf 88' lang='lat' dir='ltr'>intelligendas</span> <span class='ocrx_word' id='word_1_318' title='bbox 1089 1993 1335 2031; x_wconf 87' lang='lat' dir='ltr'>substantias</span> <span class='ocrx_word' id='word_1_319' title='bbox 1371 1997 1595 2039; x_wconf 85' lang='lat' dir='ltr'>separatas;</span> <span class='ocrx_word' id='word_1_320' title='bbox 1623 1993 1760 2038; x_wconf 89' lang='lat' dir='ltr'>posuit</span> 
     </span>
     <span class='ocr_line' id='line_1_38' title="bbox 136 2040 1760 2090; baseline -0.003 -9"><span class='ocrx_word' id='word_1_321' title='bbox 136 2048 271 2081; x_wconf 87' lang='lat' dir='ltr'>tamen</span> <span class='ocrx_word' id='word_1_322' title='bbox 293 2043 399 2090; x_wconf 89' lang='lat' dir='ltr'>quod</span> <span class='ocrx_word' id='word_1_323' title='bbox 421 2052 510 2087; x_wconf 90' lang='lat' dir='ltr'>nos,</span> <span class='ocrx_word' id='word_1_324' title='bbox 534 2042 754 2079; x_wconf 90' lang='lat' dir='ltr'>secundum</span> <span class='ocrx_word' id='word_1_325' title='bbox 770 2045 913 2078; x_wconf 84' lang='lat' dir='ltr'>statum</span> <span class='ocrx_word' id='word_1_326' title='bbox 936 2041 1145 2087; x_wconf 71' lang='lat' dir='ltr'>praesentis</span> <span class='ocrx_word' id='word_1_327' title='bbox 1163 2041 1265 2084; x_wconf 83' lang='lat' dir='ltr'>vitae,</span> <span class='ocrx_word' id='word_1_328' title='bbox 1281 2049 1497 2086; x_wconf 89' lang='lat' dir='ltr'>possumus</span> <span class='ocrx_word' id='word_1_329' title='bbox 1514 2040 1760 2077; x_wconf 85' lang='lat' dir='ltr'>substantias</span> 
     </span>
     <span class='ocr_line' id='line_1_39' title="bbox 137 2087 1624 2137; baseline -0.003 -9"><span class='ocrx_word' id='word_1_330' title='bbox 137 2094 341 2137; x_wconf 87' lang='lat' dir='ltr'>separatas</span> <span class='ocrx_word' id='word_1_331' title='bbox 362 2090 607 2136; x_wconf 87' lang='lat' dir='ltr'>intelligere;</span> <span class='ocrx_word' id='word_1_332' title='bbox 631 2089 736 2135; x_wconf 86' lang='lat' dir='ltr'>quod</span> <span class='ocrx_word' id='word_1_333' title='bbox 755 2089 914 2135; x_wconf 88' lang='lat' dir='ltr'>quidem</span> <span class='ocrx_word' id='word_1_334' title='bbox 936 2088 1146 2125; x_wconf 88' lang='lat' dir='ltr'>ostendere</span> <span class='ocrx_word' id='word_1_335' title='bbox 1165 2087 1363 2124; x_wconf 86' lang='lat' dir='ltr'>nitebatur</span> <span class='ocrx_word' id='word_1_336' title='bbox 1383 2087 1459 2124; x_wconf 92' lang='lat' dir='ltr'>hoc</span> <span class='ocrx_word' id='word_1_337' title='bbox 1474 2087 1592 2124; x_wconf 90' lang='lat' dir='ltr'>modo</span> <span class='ocrx_word' id='word_1_338' title='bbox 1614 2097 1624 2123; x_wconf 73' lang='grc' dir='ltr'><strong>ε</strong></span> 
     </span>
    </p>

    <p class='ocr_par' dir='ltr' id='par_1_8' title="bbox 135 2134 1761 2886">
     <span class='ocr_line' id='line_1_40' title="bbox 185 2134 1757 2184; baseline -0.001 -10"><span class='ocrx_word' id='word_1_339' title='bbox 185 2137 502 2184; x_wconf 87' lang='lat' dir='ltr'>Unumquodque</span> <span class='ocrx_word' id='word_1_340' title='bbox 520 2136 679 2183; x_wconf 90' lang='lat' dir='ltr'>quando</span> <span class='ocrx_word' id='word_1_341' title='bbox 700 2136 922 2181; x_wconf 85' lang='lat' dir='ltr'>pervenerit</span> <span class='ocrx_word' id='word_1_342' title='bbox 937 2135 985 2172; x_wconf 89' lang='lat' dir='ltr'>ad</span> <span class='ocrx_word' id='word_1_343' title='bbox 1001 2135 1335 2181; x_wconf 88' lang='lat' dir='ltr'>complementum</span> <span class='ocrx_word' id='word_1_344' title='bbox 1352 2134 1391 2171; x_wconf 88' lang='lat' dir='ltr'>in</span> <span class='ocrx_word' id='word_1_345' title='bbox 1410 2143 1483 2171; x_wconf 90' lang='lat' dir='ltr'>sua</span> <span class='ocrx_word' id='word_1_346' title='bbox 1498 2134 1757 2181; x_wconf 85' lang='lat' dir='ltr'>generatione</span> 
     </span>
     <span class='ocr_line' id='line_1_41' title="bbox 137 2181 1760 2236; baseline -0.003 -14"><span class='ocrx_word' id='word_1_347' title='bbox 137 2187 176 2222; x_wconf 86' lang='lat' dir='ltr'>et</span> <span class='ocrx_word' id='word_1_348' title='bbox 195 2185 244 2222; x_wconf 85' lang='lat' dir='ltr'>ad</span> <span class='ocrx_word' id='word_1_349' title='bbox 265 2184 445 2236; x_wconf 83' lang='lat' dir='ltr'>ultimam</span> <span class='ocrx_word' id='word_1_350' title='bbox 465 2183 748 2230; x_wconf 85' lang='lat' dir='ltr'>perfectionem</span> <span class='ocrx_word' id='word_1_351' title='bbox 781 2192 863 2220; x_wconf 85' lang='lat' dir='ltr'>suae</span> <span class='ocrx_word' id='word_1_352' title='bbox 897 2182 1144 2226; x_wconf 65' lang='lat' dir='ltr'>substantiae,</span> <span class='ocrx_word' id='word_1_353' title='bbox 1166 2181 1429 2227; x_wconf 88' lang='lat' dir='ltr'>complebitur</span> <span class='ocrx_word' id='word_1_354' title='bbox 1457 2181 1634 2228; x_wconf 89' lang='lat' dir='ltr'>operatio</span> <span class='ocrx_word' id='word_1_355' title='bbox 1664 2189 1760 2227; x_wconf 89' lang='lat' dir='ltr'>pro-</span> 
     </span>
     <span class='ocr_line' id='line_1_42' title="bbox 135 2227 1761 2278; baseline -0.002 -10"><span class='ocrx_word' id='word_1_356' title='bbox 135 2232 223 2278; x_wconf 88' lang='lat' dir='ltr'>pria</span> <span class='ocrx_word' id='word_1_357' title='bbox 244 2241 330 2275; x_wconf 89' lang='lat' dir='ltr'>sua,</span> <span class='ocrx_word' id='word_1_358' title='bbox 353 2240 435 2268; x_wconf 84' lang='lat' dir='ltr'>sive</span> <span class='ocrx_word' id='word_1_359' title='bbox 455 2230 558 2267; x_wconf 85' lang='lat' dir='ltr'>actio</span> <span class='ocrx_word' id='word_1_360' title='bbox 578 2230 662 2268; x_wconf 91' lang='lat' dir='ltr'>sive</span> <span class='ocrx_word' id='word_1_361' title='bbox 682 2230 842 2276; x_wconf 89' lang='lat' dir='ltr'>passio;</span> <span class='ocrx_word' id='word_1_362' title='bbox 866 2229 970 2266; x_wconf 91' lang='lat' dir='ltr'>sicut</span> <span class='ocrx_word' id='word_1_363' title='bbox 992 2229 1096 2266; x_wconf 90' lang='lat' dir='ltr'>enim</span> <span class='ocrx_word' id='word_1_364' title='bbox 1131 2229 1308 2275; x_wconf 89' lang='lat' dir='ltr'>operatio</span> <span class='ocrx_word' id='word_1_365' title='bbox 1339 2228 1604 2266; x_wconf 86' lang='lat' dir='ltr'>substantiam</span> <span class='ocrx_word' id='word_1_366' title='bbox 1625 2227 1761 2275; x_wconf 91' lang='lat' dir='ltr'>sequi-</span> 
     </span>
     <span class='ocr_line' id='line_1_43' title="bbox 135 2275 1757 2324; baseline -0.002 -9"><span class='ocrx_word' id='word_1_367' title='bbox 135 2281 214 2323; x_wconf 88' lang='lat' dir='ltr'>tur,</span> <span class='ocrx_word' id='word_1_368' title='bbox 251 2279 305 2315; x_wconf 90' lang='lat' dir='ltr'>ita</span> <span class='ocrx_word' id='word_1_369' title='bbox 338 2277 583 2324; x_wconf 88' lang='lat' dir='ltr'>operationis</span> <span class='ocrx_word' id='word_1_370' title='bbox 621 2277 811 2323; x_wconf 83' lang='lat' dir='ltr'>perfectio</span> <span class='ocrx_word' id='word_1_371' title='bbox 846 2276 1130 2323; x_wconf 82' lang='lat' dir='ltr'>perfectionem</span> <span class='ocrx_word' id='word_1_372' title='bbox 1170 2276 1422 2321; x_wconf 83' lang='lat' dir='ltr'>substantiae3</span> <span class='ocrx_word' id='word_1_373' title='bbox 1456 2275 1562 2312; x_wconf 91' lang='lat' dir='ltr'>unde</span> <span class='ocrx_word' id='word_1_374' title='bbox 1593 2275 1757 2319; x_wconf 89' lang='lat' dir='ltr'>animal,</span> 
     </span>
     <span class='ocr_line' id='line_1_44' title="bbox 137 2322 1760 2372; baseline -0.002 -10"><span class='ocrx_word' id='word_1_375' title='bbox 137 2334 259 2372; x_wconf 91' lang='lat' dir='ltr'>quum</span> <span class='ocrx_word' id='word_1_376' title='bbox 282 2326 400 2362; x_wconf 90' lang='lat' dir='ltr'>fuerit</span> <span class='ocrx_word' id='word_1_377' title='bbox 418 2334 465 2362; x_wconf 87' lang='lat' dir='ltr'>ex</span> <span class='ocrx_word' id='word_1_378' title='bbox 480 2328 563 2362; x_wconf 90' lang='lat' dir='ltr'>toto</span> <span class='ocrx_word' id='word_1_379' title='bbox 584 2325 816 2371; x_wconf 83' lang='lat' dir='ltr'>perfectum,</span> <span class='ocrx_word' id='word_1_380' title='bbox 835 2324 979 2370; x_wconf 87' lang='lat' dir='ltr'>poterit</span> <span class='ocrx_word' id='word_1_381' title='bbox 997 2333 1067 2369; x_wconf 90' lang='lat' dir='ltr'>per</span> <span class='ocrx_word' id='word_1_382' title='bbox 1085 2333 1127 2361; x_wconf 89' lang='lat' dir='ltr'>se</span> <span class='ocrx_word' id='word_1_383' title='bbox 1146 2323 1362 2360; x_wconf 89' lang='lat' dir='ltr'>ambulare.</span> <span class='ocrx_word' id='word_1_384' title='bbox 1379 2322 1606 2360; x_wconf 88' lang='lat' dir='ltr'>Intellectus</span> <span class='ocrx_word' id='word_1_385' title='bbox 1626 2326 1760 2358; x_wconf 88' lang='lat' dir='ltr'>autem</span> 
     </span>
     <span class='ocr_line' id='line_1_45' title="bbox 135 2368 1759 2419; baseline -0.002 -10"><span class='ocrx_word' id='word_1_386' title='bbox 135 2371 367 2416; x_wconf 90' lang='lat' dir='ltr'>habitualis,</span> <span class='ocrx_word' id='word_1_387' title='bbox 388 2373 454 2419; x_wconf 91' lang='lat' dir='ltr'>qui</span> <span class='ocrx_word' id='word_1_388' title='bbox 475 2372 575 2408; x_wconf 84' lang='lat' dir='ltr'>nihil</span> <span class='ocrx_word' id='word_1_389' title='bbox 597 2375 657 2408; x_wconf 91' lang='lat' dir='ltr'>est</span> <span class='ocrx_word' id='word_1_390' title='bbox 677 2371 784 2408; x_wconf 90' lang='lat' dir='ltr'>aliud</span> <span class='ocrx_word' id='word_1_391' title='bbox 806 2380 922 2418; x_wconf 89' lang='lat' dir='ltr'>quam</span> <span class='ocrx_word' id='word_1_392' title='bbox 942 2371 1096 2417; x_wconf 87' lang='lat' dir='ltr'>species</span> <span class='ocrx_word' id='word_1_393' title='bbox 1117 2370 1392 2417; x_wconf 87' lang='lat' dir='ltr'>intelligibiles</span> <span class='ocrx_word' id='word_1_394' title='bbox 1412 2370 1524 2407; x_wconf 82' lang='lat' dir='ltr'>factae</span> <span class='ocrx_word' id='word_1_395' title='bbox 1544 2379 1614 2416; x_wconf 92' lang='lat' dir='ltr'>per</span> <span class='ocrx_word' id='word_1_396' title='bbox 1642 2368 1759 2405; x_wconf 89' lang='lat' dir='ltr'>intel·</span> 
     </span>
     <span class='ocr_line' id='line_1_46' title="bbox 136 2415 1755 2466; baseline -0.003 -10"><span class='ocrx_word' id='word_1_397' title='bbox 136 2418 283 2456; x_wconf 87' lang='lat' dir='ltr'>lectum</span> <span class='ocrx_word' id='word_1_398' title='bbox 314 2423 496 2466; x_wconf 79' lang='lat' dir='ltr'>agentem</span> <span class='ocrx_word' id='word_1_399' title='bbox 527 2418 742 2455; x_wconf 79' lang='lat' dir='ltr'>existentes</span> <span class='ocrx_word' id='word_1_400' title='bbox 761 2419 802 2454; x_wconf 92' lang='lat' dir='ltr'>in</span> <span class='ocrx_word' id='word_1_401' title='bbox 827 2418 1029 2454; x_wconf 88' lang='lat' dir='ltr'>intellectu</span> <span class='ocrx_word' id='word_1_402' title='bbox 1057 2417 1256 2464; x_wconf 90' lang='lat' dir='ltr'>possibili,</span> <span class='ocrx_word' id='word_1_403' title='bbox 1279 2417 1457 2463; x_wconf 88' lang='lat' dir='ltr'>operatio</span> <span class='ocrx_word' id='word_1_404' title='bbox 1488 2421 1549 2454; x_wconf 89' lang='lat' dir='ltr'>est</span> <span class='ocrx_word' id='word_1_405' title='bbox 1577 2415 1722 2461; x_wconf 88' lang='lat' dir='ltr'>duplex</span> <span class='ocrx_word' id='word_1_406' title='bbox 1746 2425 1755 2450; x_wconf 92' lang='lat'><strong>:</strong></span> 
     </span>
     <span class='ocr_line' id='line_1_47' title="bbox 136 2463 1758 2511; baseline -0.004 -8"><span class='ocrx_word' id='word_1_407' title='bbox 136 2465 235 2511; x_wconf 87' lang='lat' dir='ltr'>Una,</span> <span class='ocrx_word' id='word_1_408' title='bbox 257 2469 299 2503; x_wconf 91' lang='lat' dir='ltr'>ut</span> <span class='ocrx_word' id='word_1_409' title='bbox 319 2466 438 2503; x_wconf 88' lang='lat' dir='ltr'>faciat</span> <span class='ocrx_word' id='word_1_410' title='bbox 457 2465 657 2502; x_wconf 88' lang='lat' dir='ltr'>intellecta</span> <span class='ocrx_word' id='word_1_411' title='bbox 677 2465 718 2502; x_wconf 88' lang='lat' dir='ltr'>in</span> <span class='ocrx_word' id='word_1_412' title='bbox 749 2465 926 2510; x_wconf 89' lang='lat' dir='ltr'>potentia</span> <span class='ocrx_word' id='word_1_413' title='bbox 944 2473 1033 2502; x_wconf 89' lang='lat' dir='ltr'>esse</span> <span class='ocrx_word' id='word_1_414' title='bbox 1066 2464 1268 2501; x_wconf 89' lang='lat' dir='ltr'>intellecta</span> <span class='ocrx_word' id='word_1_415' title='bbox 1297 2468 1401 2508; x_wconf 88' lang='lat' dir='ltr'>actu,</span> <span class='ocrx_word' id='word_1_416' title='bbox 1423 2472 1542 2511; x_wconf 89' lang='lat' dir='ltr'>quam</span> <span class='ocrx_word' id='word_1_417' title='bbox 1571 2463 1688 2500; x_wconf 87' lang='lat' dir='ltr'>habet</span> <span class='ocrx_word' id='word_1_418' title='bbox 1710 2470 1758 2497; x_wconf 81' lang='lat' dir='ltr'>ex</span> 
     </span>
     <span class='ocr_line' id='line_1_48' title="bbox 135 2508 1756 2564; baseline -0.003 -15"><span class='ocrx_word' id='word_1_419' title='bbox 135 2517 247 2564; x_wconf 82' lang='lat' dir='ltr'>parte</span> <span class='ocrx_word' id='word_1_420' title='bbox 267 2513 495 2550; x_wconf 89' lang='lat' dir='ltr'>intellectus</span> <span class='ocrx_word' id='word_1_421' title='bbox 517 2513 694 2559; x_wconf 86' lang='lat' dir='ltr'>agentis;</span> <span class='ocrx_word' id='word_1_422' title='bbox 718 2512 894 2550; x_wconf 87' lang='lat' dir='ltr'>secunda</span> <span class='ocrx_word' id='word_1_423' title='bbox 915 2515 976 2548; x_wconf 90' lang='lat' dir='ltr'>est</span> <span class='ocrx_word' id='word_1_424' title='bbox 1006 2511 1228 2557; x_wconf 84' lang='lat' dir='ltr'>intelligere</span> <span class='ocrx_word' id='word_1_425' title='bbox 1259 2510 1462 2547; x_wconf 87' lang='lat' dir='ltr'>intellecta</span> <span class='ocrx_word' id='word_1_426' title='bbox 1481 2511 1523 2546; x_wconf 92' lang='lat' dir='ltr'>in</span> <span class='ocrx_word' id='word_1_427' title='bbox 1543 2513 1651 2551; x_wconf 87' lang='lat' dir='ltr'>actu;</span> <span class='ocrx_word' id='word_1_428' title='bbox 1672 2508 1756 2544; x_wconf 88' lang='lat' dir='ltr'>haec</span> 
     </span>
     <span class='ocr_line' id='line_1_49' title="bbox 139 2555 1758 2606; baseline -0.004 -10"><span class='ocrx_word' id='word_1_429' title='bbox 139 2568 245 2596; x_wconf 87' lang='lat' dir='ltr'>enim</span> <span class='ocrx_word' id='word_1_430' title='bbox 266 2560 344 2596; x_wconf 91' lang='lat' dir='ltr'>duo</span> <span class='ocrx_word' id='word_1_431' title='bbox 365 2560 485 2597; x_wconf 91' lang='lat' dir='ltr'>homo</span> <span class='ocrx_word' id='word_1_432' title='bbox 505 2563 637 2606; x_wconf 86' lang='lat' dir='ltr'>potest</span> <span class='ocrx_word' id='word_1_433' title='bbox 654 2559 782 2596; x_wconf 88' lang='lat' dir='ltr'>facere</span> <span class='ocrx_word' id='word_1_434' title='bbox 803 2568 873 2605; x_wconf 93' lang='lat' dir='ltr'>per</span> <span class='ocrx_word' id='word_1_435' title='bbox 899 2558 1078 2596; x_wconf 88' lang='lat' dir='ltr'>habitum</span> <span class='ocrx_word' id='word_1_436' title='bbox 1098 2558 1420 2594; x_wconf 83' lang='lat' dir='ltr'>intellectualem.</span> <span class='ocrx_word' id='word_1_437' title='bbox 1443 2556 1608 2601; x_wconf 83' lang='lat' dir='ltr'>Quando</span> <span class='ocrx_word' id='word_1_438' title='bbox 1634 2555 1758 2601; x_wconf 87' lang='lat' dir='ltr'>igitur</span> 
     </span>
     <span class='ocr_line' id='line_1_50' title="bbox 139 2604 1757 2657; baseline -0.002 -16"><span class='ocrx_word' id='word_1_439' title='bbox 139 2605 401 2657; x_wconf 81' lang='lat' dir='ltr'>complebitur</span> <span class='ocrx_word' id='word_1_440' title='bbox 422 2607 624 2653; x_wconf 86' lang='lat' dir='ltr'>generatio</span> <span class='ocrx_word' id='word_1_441' title='bbox 651 2606 877 2643; x_wconf 87' lang='lat' dir='ltr'>intellectus</span> <span class='ocrx_word' id='word_1_442' title='bbox 906 2606 947 2642; x_wconf 91' lang='lat' dir='ltr'>in</span> <span class='ocrx_word' id='word_1_443' title='bbox 969 2605 1120 2650; x_wconf 88' lang='lat' dir='ltr'>habitu,</span> <span class='ocrx_word' id='word_1_444' title='bbox 1143 2604 1406 2651; x_wconf 87' lang='lat' dir='ltr'>complebitur</span> <span class='ocrx_word' id='word_1_445' title='bbox 1423 2604 1464 2640; x_wconf 91' lang='lat' dir='ltr'>in</span> <span class='ocrx_word' id='word_1_446' title='bbox 1488 2604 1575 2648; x_wconf 89' lang='lat' dir='ltr'>ipso</span> <span class='ocrx_word' id='word_1_447' title='bbox 1592 2605 1757 2647; x_wconf 86' lang='lat' dir='ltr'>utraque</span> 
     </span>
     <span class='ocr_line' id='line_1_51' title="bbox 138 2650 1757 2699; baseline -0.002 -12"><span class='ocrx_word' id='word_1_448' title='bbox 138 2659 436 2698; x_wconf 81' lang='lat' dir='ltr'>praemissarum</span> <span class='ocrx_word' id='word_1_449' title='bbox 454 2655 744 2699; x_wconf 87' lang='lat' dir='ltr'>operationum.</span> <span class='ocrx_word' id='word_1_450' title='bbox 770 2654 932 2699; x_wconf 88' lang='lat' dir='ltr'>Semper</span> <span class='ocrx_word' id='word_1_451' title='bbox 951 2656 1082 2689; x_wconf 87' lang='lat' dir='ltr'>autem</span> <span class='ocrx_word' id='word_1_452' title='bbox 1097 2651 1247 2689; x_wconf 91' lang='lat' dir='ltr'>accedit</span> <span class='ocrx_word' id='word_1_453' title='bbox 1263 2651 1311 2688; x_wconf 87' lang='lat' dir='ltr'>ad</span> <span class='ocrx_word' id='word_1_454' title='bbox 1326 2650 1658 2696; x_wconf 88' lang='lat' dir='ltr'>complementum</span> <span class='ocrx_word' id='word_1_455' title='bbox 1672 2656 1757 2685; x_wconf 80' lang='lat' dir='ltr'>suae</span> 
     </span>
     <span class='ocr_line' id='line_1_52' title="bbox 139 2696 1757 2746; baseline -0.001 -13"><span class='ocrx_word' id='word_1_456' title='bbox 139 2699 423 2745; x_wconf 85' lang='lat' dir='ltr'>generationis,</span> <span class='ocrx_word' id='word_1_457' title='bbox 446 2699 539 2736; x_wconf 90' lang='lat' dir='ltr'>dum</span> <span class='ocrx_word' id='word_1_458' title='bbox 557 2709 681 2737; x_wconf 89' lang='lat' dir='ltr'>novas</span> <span class='ocrx_word' id='word_1_459' title='bbox 705 2700 859 2746; x_wconf 92' lang='lat' dir='ltr'>species</span> <span class='ocrx_word' id='word_1_460' title='bbox 880 2699 1102 2736; x_wconf 83' lang='lat' dir='ltr'>intellectas</span> <span class='ocrx_word' id='word_1_461' title='bbox 1121 2698 1309 2746; x_wconf 86' lang='lat' dir='ltr'>acquirit;</span> <span class='ocrx_word' id='word_1_462' title='bbox 1343 2701 1382 2734; x_wconf 91' lang='lat' dir='ltr'>et</span> <span class='ocrx_word' id='word_1_463' title='bbox 1407 2696 1466 2733; x_wconf 88' lang='lat' dir='ltr'>sic</span> <span class='ocrx_word' id='word_1_464' title='bbox 1499 2703 1664 2732; x_wconf 86' lang='lat' dir='ltr'>necesse</span> <span class='ocrx_word' id='word_1_465' title='bbox 1695 2697 1757 2731; x_wconf 74' lang='lat' dir='ltr'>est</span> 
     </span>
     <span class='ocr_line' id='line_1_53' title="bbox 139 2742 1757 2797; baseline -0.002 -17"><span class='ocrx_word' id='word_1_466' title='bbox 139 2744 245 2791; x_wconf 91' lang='lat' dir='ltr'>quod</span> <span class='ocrx_word' id='word_1_467' title='bbox 283 2746 520 2797; x_wconf 83' lang='lat' dir='ltr'>quandoque</span> <span class='ocrx_word' id='word_1_468' title='bbox 556 2748 760 2793; x_wconf 87' lang='lat' dir='ltr'>generatio</span> <span class='ocrx_word' id='word_1_469' title='bbox 798 2746 1056 2793; x_wconf 88' lang='lat' dir='ltr'>compleatur,</span> <span class='ocrx_word' id='word_1_470' title='bbox 1093 2746 1172 2783; x_wconf 90' lang='lat' dir='ltr'>nisi</span> <span class='ocrx_word' id='word_1_471' title='bbox 1202 2745 1254 2782; x_wconf 91' lang='lat' dir='ltr'>sit</span> <span class='ocrx_word' id='word_1_472' title='bbox 1281 2742 1623 2790; x_wconf 88' lang='lat' dir='ltr'>impedimentum,</span> <span class='ocrx_word' id='word_1_473' title='bbox 1661 2742 1757 2788; x_wconf 88' lang='lat' dir='ltr'>quia</span> 
     </span>
     <span class='ocr_line' id='line_1_54' title="bbox 138 2787 1755 2843; baseline -0.002 -16"><span class='ocrx_word' id='word_1_474' title='bbox 138 2791 251 2828; x_wconf 88' lang='lat' dir='ltr'>nulla</span> <span class='ocrx_word' id='word_1_475' title='bbox 269 2795 472 2843; x_wconf 83' lang='lat' dir='ltr'>generatio</span> <span class='ocrx_word' id='word_1_476' title='bbox 494 2796 554 2829; x_wconf 87' lang='lat' dir='ltr'>est</span> <span class='ocrx_word' id='word_1_477' title='bbox 574 2793 622 2830; x_wconf 90' lang='lat' dir='ltr'>ad</span> <span class='ocrx_word' id='word_1_478' title='bbox 643 2793 842 2830; x_wconf 89' lang='lat' dir='ltr'>infinitum</span> <span class='ocrx_word' id='word_1_479' title='bbox 863 2793 1044 2830; x_wconf 87' lang='lat' dir='ltr'>tendens.</span> <span class='ocrx_word' id='word_1_480' title='bbox 1067 2791 1335 2838; x_wconf 86' lang='lat' dir='ltr'>complebitur</span> <span class='ocrx_word' id='word_1_481' title='bbox 1366 2789 1488 2836; x_wconf 87' lang='lat' dir='ltr'>igitur</span> <span class='ocrx_word' id='word_1_482' title='bbox 1513 2787 1755 2835; x_wconf 85' lang='lat' dir='ltr'>quandoque</span> 
     </span>
     <span class='ocr_line' id='line_1_55' title="bbox 138 2835 1755 2886; baseline -0.001 -11"><span class='ocrx_word' id='word_1_483' title='bbox 138 2841 304 2886; x_wconf 85' lang='lat' dir='ltr'>utraque</span> <span class='ocrx_word' id='word_1_484' title='bbox 319 2841 594 2885; x_wconf 84' lang='lat' dir='ltr'>operationum</span> <span class='ocrx_word' id='word_1_485' title='bbox 610 2840 836 2878; x_wconf 87' lang='lat' dir='ltr'>intellectus</span> <span class='ocrx_word' id='word_1_486' title='bbox 856 2840 896 2877; x_wconf 92' lang='lat' dir='ltr'>in</span> <span class='ocrx_word' id='word_1_487' title='bbox 913 2839 1065 2885; x_wconf 86' lang='lat' dir='ltr'>habitu,</span> <span class='ocrx_word' id='word_1_488' title='bbox 1086 2848 1156 2886; x_wconf 87' lang='lat' dir='ltr'>per</span> <span class='ocrx_word' id='word_1_489' title='bbox 1176 2839 1251 2875; x_wconf 86' lang='lat' dir='ltr'>hoc</span> <span class='ocrx_word' id='word_1_490' title='bbox 1271 2836 1377 2885; x_wconf 91' lang='lat' dir='ltr'>quod</span> <span class='ocrx_word' id='word_1_491' title='bbox 1394 2835 1530 2874; x_wconf 86' lang='lat' dir='ltr'>omnia</span> <span class='ocrx_word' id='word_1_492' title='bbox 1549 2835 1755 2873; x_wconf 84' lang='lat' dir='ltr'>intellecta</span> 
     </span>
    </p>
   </div>
  </div>
 </body>
</html>
