1894 3223
103 142 172 178 506
718 138 806 175 LIB.
833 139 892 179 Vl,
921 138 1020 175 CAP.
1047 139 1090 177 Χ.

103 221 234 262 Filius,
255 220 324 257 etsi
347 219 528 265 personis
548 219 851 271 distinguantur,
871 223 964 256 sunt
984 223 1114 258 tamen
1127 229 1230 259 unus
1245 223 1349 259 Deus
1369 225 1407 258 et
1426 230 1544 259 unam
1566 221 1715 260 habent

103 267 314 305 essentiam
335 275 406 303 seu
432 269 625 302 naturam.
654 267 753 309 Quia
782 275 874 303 vero
909 276 932 303 a
960 270 1227 305 creaturarum
1255 272 1395 306 natura
1420 268 1496 306 hoc
1517 268 1715 306 invenitur

101 314 212 350 valde
234 315 426 348 remotum
447 315 489 348 ut
509 311 640 358 aliqua
659 312 738 349 duo
759 317 964 359 supposito
985 313 1276 361 distinguantur
1297 318 1334 351 et
1353 318 1484 351 tamen
1505 324 1641 352 eorum
1661 314 1714 353 sit

102 369 181 396 una
210 358 394 399 essentia,
427 358 600 395 humana
630 359 743 402 ratio,
771 369 818 395 ex
849 363 1116 397 creaturarum
1142 360 1444 406 proprietatibus
1478 361 1711 407 procedens,

102 405 355 450 multiplicem
376 406 418 442 in
437 405 512 441 hoc
532 409 684 442 secreto
703 405 841 442 divinae
861 406 1126 452 generationis
1143 406 1286 452 patitur
1305 407 1587 445 difficultatem.

148 454 258 495 Nam,
280 460 400 498 quum
432 451 633 503 generatio
665 452 780 489 nobis
810 457 904 489 nota
934 453 1096 490 mutatio
1129 453 1308 499 quaedam
1337 454 1400 498 sit,
1421 455 1485 491 cui
1501 455 1712 500 opponitur

101 497 313 543 corruptio,
332 497 487 535 difficile
507 497 659 535 videtur
691 499 731 534 in
752 500 832 535 Deo
866 499 1158 545 generationem
1179 508 1337 544 ponere,
1360 500 1427 547 qui
1449 505 1506 537 est
1529 502 1712 538 immuta-

101 545 206 588 bilis,
226 544 534 592 incorruptibilis
566 547 605 582 et
635 548 820 590 aeternus,
844 549 888 581 ut
916 555 964 582 ex
1008 545 1279 593 superioribus
1297 546 1336 592 (l.
1367 556 1395 592 1,
1424 556 1508 593 cap.
1534 550 1576 585 13
1596 551 1635 585 et
1655 547 1712 594 15)

129 595 218 628 atet.

101 601 124 638 p
147 639 327 683 Amplius,
353 637 387 674 si
405 638 607 684 generatio
627 637 791 675 mutatio
813 641 885 684 est,
907 642 1060 684 oportet
1079 648 1196 676 omne
1216 639 1320 685 quod
1342 643 1552 686 generatur
1582 644 1710 677 muta-

101 684 177 721 bile
195 694 298 721 esse.
316 685 427 728 Quod
448 688 577 721 autem
594 688 767 721 mutatur
787 685 865 722 exit
885 685 931 721 de
953 686 1127 730 potentia
1146 686 1187 721 in
1214 688 1343 722 actum
1363 697 1371 729 3
1390 695 1480 722 nam
1501 690 1633 724 motus
1648 690 1709 724 est

102 734 213 768 actus
245 731 450 768 existentis
485 731 527 767 in
559 731 733 776 potentia
765 731 984 769 secundum
1013 732 1118 778 quod
1138 731 1376 778 hujusmodi.
1397 732 1435 769 Si
1454 732 1572 778 igitur
1588 733 1710 770 Filius

102 778 169 814 Dei
186 780 245 814 est
261 778 432 825 genitus,
461 777 615 814 videtur
642 777 748 823 quod
776 787 903 825 neque
925 782 1096 816 aeternus
1115 779 1180 822 sit,
1201 781 1388 824 tanquam
1409 778 1455 815 de
1474 779 1651 823 potentia
1669 779 1712 816 in

103 827 230 861 actum
260 824 407 869 exiens,
428 833 555 870 neque
582 833 697 862 verus
715 826 834 869 Deus,
850 834 898 862 ex
917 834 995 872 quo
1011 834 1091 862 non
1109 828 1169 862 est
1187 829 1299 862 actus
1319 834 1455 870 purus,
1477 825 1546 862 sed
1563 824 1713 872 aliquid

102 871 396 916 potentialitatis
419 871 582 908 liabens.

148 918 291 962 Adhuc,
312 917 485 964 genitum
506 920 685 954 naturam
700 917 840 963 accipit
858 927 880 954 a
897 922 1123 963 generante.
1149 918 1186 955 Si
1206 928 1300 965 ergo
1329 918 1450 955 Filius
1472 918 1631 966 genitus
1651 921 1714 957 est

102 974 123 1001 a
144 966 223 1001 Deo
246 966 370 1008 Patre,
392 966 544 1007 oportet
563 964 668 1010 quod
685 968 865 1001 naturam
884 974 1002 1010 quam
1024 965 1140 1002 habet
1158 975 1181 1002 a
1197 967 1310 1002 Patre
1323 966 1531 1011 acceperit.
1546 967 1634 1002 Non
1651 968 1713 1003 est

103 1015 232 1047 autem
251 1011 440 1056 possibile
461 1011 564 1057 quod
584 1011 777 1056 acceperit
796 1020 819 1048 a
838 1013 950 1048 Patre
968 1011 1084 1057 aliam
1104 1014 1282 1048 naturam
1304 1020 1469 1048 numero
1500 1021 1617 1059 quam
1644 1013 1713 1049 Pa-

102 1062 159 1093 ter
180 1058 296 1094 habet
317 1062 353 1094 et
374 1057 541 1094 similem
561 1057 708 1103 specie,
730 1057 831 1095 sicut
852 1057 892 1093 nt
913 1058 954 1094 in
975 1059 1298 1105 generationibus
1321 1058 1512 1103 univocis,
1529 1062 1572 1095 ut
1591 1068 1712 1105 quum

101 1103 220 1141 homo
245 1107 407 1151 generat
427 1104 627 1140 hominem
650 1108 688 1141 et
705 1104 810 1150 ignis
831 1104 990 1150 ignem3
1012 1114 1131 1151 supra
1163 1106 1266 1142 enim
1288 1108 1493 1143 ostensum
1532 1109 1592 1142 est
1621 1105 1661 1151 (l.
1683 1114 1710 1150 1,

103 1160 135 1186 c.
159 1154 218 1195 42,
241 1156 278 1187 et
310 1151 336 1187 l.
358 1160 413 1195 tv,
435 1160 470 1187 c.
493 1151 527 1196 9)
549 1151 654 1197 quod
686 1151 934 1196 impossibile
967 1155 1027 1188 est
1058 1161 1146 1189 esse
1176 1153 1309 1197 plures
1340 1161 1504 1188 numero
1531 1152 1709 1189 deitates.

102 1197 259 1234 Videtur
290 1198 407 1234 etiam
438 1206 526 1234 esse
547 1197 790 1242 impossibile
813 1198 917 1243 quod
938 1199 1126 1243 receperit
1144 1199 1320 1236 eamdem
1342 1203 1522 1235 naturam
1544 1207 1709 1235 numero

102 1253 218 1290 quam
250 1245 362 1280 Pater
396 1244 523 1288 habet,
558 1244 661 1290 quia,
684 1244 717 1280 si
742 1245 885 1289 recepit
904 1248 1052 1289 partem
1073 1245 1173 1291 ejus,
1201 1245 1377 1291 sequitur
1407 1245 1577 1281 divinam
1598 1249 1711 1282 natu·

102 1300 183 1327 ram
208 1299 296 1327 esse
323 1290 578 1334 divisibilem;
608 1291 641 1327 si
671 1295 800 1327 autem
820 1294 954 1336 totam,
974 1291 1125 1328 videtur
1145 1292 1257 1338 sequi
1274 1291 1379 1338 quod
1399 1295 1538 1328 natura
1562 1291 1708 1336 divina,

103 1337 136 1374 si
155 1337 204 1373 sit
224 1340 303 1374 tota
318 1337 520 1374 transfusa
537 1337 577 1373 in
598 1337 752 1381 Filium,
770 1338 923 1374 desinat
937 1347 1024 1374 esse
1041 1338 1081 1373 in
1098 1340 1222 1382 Patre,
1238 1339 1344 1375 etsie
1360 1340 1472 1374 Pater
1483 1338 1709 1385 generando

101 1384 376 1429 corrumpitur.
400 1386 530 1429 Neque
563 1383 702 1419 iterum
739 1387 868 1429 potest
888 1384 963 1421 dici
983 1385 1088 1430 quod
1105 1389 1245 1421 natura
1263 1385 1393 1421 divina
1412 1394 1481 1428 per
1500 1384 1710 1430 quamdam

103 1430 397 1466 exuberantiam
411 1430 545 1466 effluat
571 1440 593 1466 a
613 1432 724 1466 Patre
743 1430 781 1466 in
805 1431 954 1470 Filium,
979 1432 1081 1467 sicut
1101 1440 1202 1477 aqua
1223 1431 1342 1467 tontis
1364 1430 1489 1467 effluit
1506 1431 1544 1466 in
1568 1431 1709 1476 rivum,

102 1481 137 1513 et
160 1477 248 1513 fons
271 1485 349 1512 non
371 1480 601 1520 evacuatur3
624 1476 714 1522 quia
735 1481 874 1513 natura
893 1477 1022 1513 divina
1041 1477 1143 1514 sicut
1163 1486 1243 1513 non
1268 1481 1397 1522 potest
1417 1477 1549 1519 dividi,
1571 1477 1625 1513 ita
1637 1486 1709 1514 nec

101 1524 251 1569 augeri.
274 1523 432 1560 Videtur
447 1532 541 1569 ergo
559 1523 753 1569 reliquum
772 1532 860 1562 esse
877 1523 983 1569 quod
1004 1523 1124 1561 Filius
1146 1528 1325 1560 naturam
1346 1534 1368 1560 a
1389 1525 1499 1559 Patre
1518 1524 1712 1569 acceperit

101 1579 180 1606 non
203 1570 380 1606 eamdem
417 1579 580 1606 numero
600 1579 672 1606 nec
699 1569 827 1615 specie
849 1579 964 1616 quam
988 1571 1101 1606 Pater
1124 1570 1253 1610 habet,
1277 1571 1345 1607 sed
1365 1570 1526 1607 omnino
1548 1570 1711 1608 alterius

101 1617 280 1661 generis3
303 1616 404 1653 sicut
425 1616 563 1653 accidit
585 1617 623 1652 in
647 1617 901 1663 generatione
922 1617 1134 1663 aequivoca‚
1159 1621 1200 1653 ut
1223 1627 1343 1663 quum
1365 1617 1552 1653 animalia
1573 1627 1620 1653 ex
1638 1626 1710 1662 pu-

100 1663 329 1700 trefactione
362 1668 454 1699 nata
474 1663 611 1699 virtute
628 1663 726 1700 solis
747 1668 998 1709 generantur,
1021 1663 1068 1700 ad
1086 1663 1198 1709 cujus
1217 1665 1387 1709 speciem
1403 1673 1481 1699 non
1498 1663 1708 1709 attingunt.

101 1710 285 1755 Sequitur
316 1719 410 1756 ergo
439 1709 543 1757 quod
565 1710 632 1745 Dei
655 1710 780 1746 Filius
800 1719 927 1756 neque
960 1719 1076 1747 verus
1098 1711 1219 1748 Filius
1241 1711 1305 1755 sit,
1327 1719 1446 1756 quum
1468 1719 1548 1746 non
1567 1710 1710 1747 habeat

101 1757 272 1800 speciem
303 1757 445 1802 Patris,
485 1765 612 1803 neque
646 1765 763 1793 verus
801 1758 904 1794 Deus
923 1785 931 1801 ,
969 1766 1091 1803 quum
1125 1766 1206 1794 non
1241 1757 1403 1803 recipiat
1437 1756 1609 1793 divinam
1641 1766 1709 1794 na-

100 1806 242 1839 turam.

145 1851 245 1890 Item,
269 1850 302 1887 si
324 1850 442 1886 Filius
462 1850 597 1895 recipit
616 1853 796 1887 naturam
818 1860 840 1887 a
854 1852 933 1887 Deo
952 1852 1076 1891 Patre,
1099 1854 1252 1895 oportet
1272 1851 1376 1896 quod
1396 1850 1436 1887 in
1465 1859 1512 1886 eo
1530 1850 1636 1886 aliud
1659 1850 1710 1887 sit

99 1896 293 1941 recipiens
314 1900 350 1932 et
368 1896 473 1932 aliud
494 1901 634 1933 natura
648 1900 821 1942 recepta3
844 1896 940 1932 nihil
959 1897 1061 1932 enim
1076 1897 1212 1942 recipit
1231 1898 1427 1941 seipsum;
1450 1897 1569 1934 Filius
1589 1897 1710 1944 igitur

100 1951 179 1979 non
203 1947 262 1979 est
283 1952 355 1979 sua
377 1943 551 1979 essentia
571 1943 630 1978 vel
653 1946 809 1987 natura;
834 1952 913 1979 non
936 1946 996 1980 est
1012 1944 1130 1989 igitur
1148 1952 1264 1979 verus
1287 1945 1402 1979 Deus.

145 1991 332 2029 Praeterea,
359 1990 391 2026 si
410 1989 529 2026 Filius
557 1989 624 2025 Dei
653 1999 732 2026 non
754 1992 813 2027 est
846 1990 950 2026 aliud
970 1999 1086 2036 quam
1120 1990 1291 2027 essentia
1319 1990 1463 2033 divina,
1497 1998 1618 2036 quum
1651 1999 1710 2028 es-

99 2036 227 2073 sentia
247 2036 379 2072 divina
400 2036 452 2072 sit
469 2035 705 2079 subsistens,
732 2039 774 2072 ut
799 2036 1005 2081 probatum
1032 2039 1092 2073 est
1112 2036 1152 2082 (l.
1174 2045 1201 2079 1,
1222 2046 1257 2073 c.
1290 2037 1349 2082 22)
1372 2036 1540 2083 (constat
1578 2040 1707 2074 autem

100 2083 204 2127 quod
227 2083 342 2118 etiam
360 2085 472 2118 Pater
487 2086 547 2119 est
572 2082 659 2127 ipsa
679 2084 852 2119 essentia
872 2083 1031 2130 divina),
1053 2083 1204 2119 videtur
1227 2083 1394 2129 relinqui
1415 2083 1519 2129 quod
1539 2084 1652 2120 Pater
1671 2087 1710 2120 et

101 2129 220 2166 Filius
241 2130 477 2165 conveniant
495 2129 534 2165 in
557 2129 692 2166 eadem
712 2139 752 2166 re
777 2129 1029 2166 subsistente.
1051 2131 1127 2166 Res
1145 2132 1273 2166 autem
1297 2130 1521 2167 subsistens
1539 2129 1580 2166 in
1600 2130 1710 2167 intel-

99 2176 335 2212 lectualibus
370 2176 519 2212 naturis
555 2179 715 2212 vocatur
752 2185 935 2221 persona.
960 2177 1142 2223 Sequitur
1173 2185 1279 2223 ergo,
1317 2177 1349 2213 si
1380 2177 1501 2213 Filius
1535 2178 1595 2213 est
1622 2176 1710 2222 ipsa

100 2222 233 2259 divina
253 2223 438 2262 essentia,
459 2223 563 2269 quod
598 2224 712 2259 Pater
731 2225 768 2259 et
800 2223 920 2260 Filius
950 2223 1187 2260 conveniant
1215 2224 1256 2259 in
1290 2232 1473 2268 persona.
1507 2223 1545 2259 Si
1577 2230 1708 2260 autem

100 2269 222 2305 Filius
242 2278 322 2306 non
343 2272 403 2306 est
421 2270 508 2315 ipsa
525 2269 656 2306 divina
675 2270 862 2313 essentia,
885 2279 964 2306 non
979 2273 1040 2307 est
1057 2278 1174 2307 verus
1193 2271 1316 2312 Deus;
1338 2269 1414 2306 hoc
1435 2270 1538 2320 enim
1561 2269 1607 2305 de
1628 2271 1708 2307 Deo

99 2315 305 2360 probatum
325 2320 384 2352 est
408 2315 448 2361 (l.
477 2324 503 2360 1,
526 2325 559 2352 c.
590 2315 664 2362 21).
695 2316 853 2352 Videtur
883 2316 1002 2363 igitur
1020 2316 1126 2363 quod
1153 2316 1213 2352 vel
1247 2317 1366 2353 Filius
1399 2325 1477 2353 non
1508 2319 1559 2352 sit
1590 2325 1707 2353 verus

99 2364 217 2445 fleus,
241 2367 282 2399 ut
302 2363 455 2446 digebat
472 2363 600 2407 Arius,
621 2362 682 2399 vel
699 2372 780 2400 non
807 2364 857 2400 sit
889 2364 992 2400 alius
1024 2363 1286 2410 personaliter
1304 2372 1330 2397 a
1353 2365 1479 2408 Patre,
1507 2366 1549 2399 ut
1579 2362 1708 2400 Sabel-

116 2419 177 2445 lus
199 2418 332 2446 assere
363 2414 412 2446 at.

144 2456 287 2499 Adhuc,
310 2456 407 2492 illud
425 2455 528 2502 quod
549 2459 609 2493 est
627 2456 863 2502 principium
879 2457 1203 2493 individuationis
1242 2457 1281 2493 in
1303 2465 1544 2503 unoquoque
1563 2456 1706 2502 impos-

101 2502 215 2539 sibile
236 2505 295 2539 est
313 2503 445 2540 inesse
465 2503 576 2539 alteri
604 2503 709 2549 quod
741 2504 946 2549 supposito
971 2503 1237 2550 distinguatur
1257 2503 1304 2540 ab
1326 2513 1392 2547 e0;
1414 2503 1517 2549 quod
1540 2503 1645 2540 enim
1666 2503 1707 2540 in

100 2549 234 2585 multis
256 2553 315 2586 est
336 2558 414 2586 non
435 2552 494 2586 est
512 2549 830 2587 individuationis
850 2550 1095 2595 principium.
1115 2552 1204 2595 Ipsa
1218 2553 1348 2586 autem
1366 2550 1538 2587 essentia
1558 2551 1625 2586 Dei
1647 2552 1708 2586 est

99 2604 167 2640 per
188 2605 304 2641 quam
323 2597 426 2633 Deus
444 2596 729 2641 individuetur3
751 2606 831 2634 non
847 2597 952 2634 enim
970 2596 1142 2634 essentia
1155 2596 1222 2633 Dei
1243 2599 1303 2633 est
1323 2598 1449 2633 forma
1469 2596 1508 2632 in
1529 2596 1705 2638 materia,

100 2644 143 2677 ut
158 2651 225 2686 per
245 2643 446 2680 materiam
468 2643 703 2680 individuari
724 2648 880 2689 posset;
902 2651 981 2681 non
1004 2646 1064 2679 est
1083 2643 1203 2689 igitur
1223 2643 1327 2679 aliud
1348 2644 1388 2679 in
1407 2644 1486 2680 Deo
1505 2643 1616 2679 Patre
1637 2650 1706 2692 per

100 2687 205 2733 quod
226 2688 492 2726 individuetur
509 2699 626 2736 quam
647 2699 720 2727 sua
752 2689 937 2727 essentia.
960 2690 1051 2736 Ejus
1074 2689 1195 2736 igitur
1217 2689 1389 2726 essentia
1420 2690 1461 2725 in
1489 2688 1599 2725 nullo
1625 2687 1702 2724 alio

101 2734 307 2778 supposito
328 2744 416 2772 esse
434 2739 575 2782 potest.
597 2740 672 2774 Aut
691 2736 812 2784 igitur
841 2745 921 2774 non
942 2741 1001 2773 est
1021 2736 1062 2773 in
1093 2736 1203 2777 Filio,
1238 2740 1274 2773 et
1298 2736 1356 2773 sic
1388 2735 1508 2787 Fili-us
1545 2742 1623 2770 non
1644 2737 1705 2771 est

99 2789 216 2816 verus
235 2781 351 2821 Deus,
372 2783 589 2820 secundum
605 2783 758 2828 Arium;
779 2787 847 2820 aut
867 2783 989 2821 Filius
1005 2791 1085 2820 non
1106 2786 1166 2820 est
1181 2782 1283 2819 alius
1303 2785 1509 2828 supposito
1532 2788 1555 2817 a
1574 2781 1699 2823 Patre,

98 2829 138 2863 et
157 2826 216 2863 sic
235 2830 296 2863 est
314 2827 450 2879 eadem
470 2838 641 2873 persona
658 2830 877 2877 utriusque,
899 2829 1118 2867 secundum
1139 2829 1365 2881 sabellium.

143 2873 328 2919 Amplius,
348 2882 383 2912 si
413 2876 527 2912 Pater
548 2879 586 2912 et
613 2876 735 2915 Filius
767 2881 860 2915 sunt
879 2876 958 2914 duo
987 2875 1194 2922 supposita
1229 2883 1309 2913 sive
1338 2874 1424 2910 duae
1453 2881 1632 2919 personae
1662 2879 1701 2911 et
