1894 3223
121 120 189 156 332
724 110 812 147 Ltss.
840 110 905 155 111,
933 109 1033 145 CAP.
1061 107 1147 145 LIX.

170 197 210 233 ln
233 203 311 242 quo
336 193 453 229 etiam
480 188 815 240 considerandum
850 191 910 225 est
943 186 1050 234 quod
1079 185 1251 239 quodam
1279 185 1401 239 modo
1434 186 1747 240 contrarius-est

123 243 219 281 ordo
242 238 508 285 corporalium
537 240 575 273 et
603 235 869 281 spiritualium
909 238 1102 271 motuum.
1125 235 1309 271 Omnium
1337 243 1443 271 enim
1478 234 1746 280 corporalium

122 292 299 327 motuum
324 288 384 322 est
402 284 507 320 idem
528 291 695 319 numero
714 281 886 327 primum
905 281 1140 327 subjectum,
1155 280 1256 318 fines
1271 290 1364 318 vero
1380 281 1524 318 diversi
1540 293 1548 326 ;
1564 281 1748 328 spiritua·

124 337 218 372 lium
260 340 352 368 vero
387 333 584 375 motuum,
617 328 772 366 scilicet
800 328 1130 365 intellectualium
1156 327 1518 373 apprehensionum
1549 332 1586 365 et
1606 327 1746 365 volun-

122 385 266 424 tatum,
303 381 396 415 sunt
427 375 775 470 quiderg)diversa
810 374 988 422 subjecta
1019 374 1159 422 prima,
1179 373 1272 412 finis
1292 383 1385 412 vero
1419 383 1586 415 numero
1625 375 1745 413 idem.

124 429 151 476 (1
175 429 291 474 part„
314 435 350 472 q.
374 433 444 470 ΧΠ,
472 426 544 461 art.
589 450 597 460 .

780 567 948 609 CAPUT
989 567 1089 608 LIX.

316 689 497 724 QUOMODO
523 687 715 718 VIDENTES
733 687 905 717 DIVINAM
927 686 1199 716 SUBSTANTIAM
1223 686 1347 716 OMNIA
1370 687 1557 717 VIDEANT.

175 799 275 844 Quia
294 808 388 835 vero
407 798 510 835 visio
529 797 673 835 divinas
695 796 931 834 substantiae
953 800 1013 833 est
1033 795 1199 833 ultimus
1216 795 1309 833 finis
1340 795 1553 842 cujuslibet
1572 796 1749 834 intellec-

126 847 246 884 tualis
269 845 516 889 substantiae,
539 848 582 881 ut
614 847 723 890 patet
755 853 802 880 ex
824 843 940 880 dictis
962 843 1061 890 (cap.
1085 845 1131 880 25
1166 846 1206 880 et
1239 843 1312 889 50),
1360 843 1492 880 omnis
1522 846 1652 880 autem
1685 853 1750 882 res

127 902 216 931 cum
248 892 470 939 pervenerit
503 892 552 928 ad
594 892 775 928 ultimum
813 890 947 935 finem,
981 890 1152 937 quiescit
1183 891 1382 936 appetitus
1414 890 1499 936 ejus
1531 890 1749 936 naturalis,

127 943 282 986 oportet
304 939 409 986 quod
427 939 625 985 appetitus
644 937 839 975 naturalis
862 937 1097 974 substantiae
1123 937 1407 974 intellectualis
1438 936 1612 974 divinam
1633 937 1750 975 subs-

126 987 290 1025 tantiam
310 987 482 1023 videntis
500 986 665 1022 omnino
687 985 881 1032 quiescat.
905 986 970 1022 Est
990 987 1122 1021 autem
1143 984 1340 1031 appetitus
1369 984 1564 1022 naturalis
1596 984 1751 1021 intelle-

127 1038 215 1071 ctus
254 1037 296 1071 ut
330 1036 546 1080 cognoscat
578 1032 758 1069 omnium
800 1040 932 1068 rerum
972 1039 1119 1078 genera
1158 1034 1195 1068 et
1233 1031 1401 1077 species,
1440 1035 1478 1068 et
1513 1031 1692 1076 virtutes,
1714 1035 1753 1068 et

126 1084 254 1118 totum
272 1080 451 1117 ordinem
471 1079 663 1123 universi,
678 1078 784 1125 quod
801 1079 1048 1116 demonstrat
1068 1078 1286 1116 humanum
1301 1079 1477 1115 studium
1487 1087 1580 1125 erga
1592 1078 1754 1124 singula

128 1128 431 1210 praedictorum&
445 1126 617 1171 Quilibet
637 1127 760 1173 igitur
780 1125 955 1163 divinam
984 1125 1249 1163 substantiam
1281 1125 1500 1162 videntium
1533 1128 1753 1174 cognoscet

128 1175 264 1211 omnia
285 1183 330 1211 su
362 1184 404 1211 ra
434 1174 527 1211 icta.

174 1184 357 1267 Amplius&
372 1221 413 1257 in
435 1221 510 1258 hoc
524 1219 750 1257 intellectus
770 1223 807 1256 et
827 1227 972 1257 sensus
985 1217 1185 1265 differunt,
1196 1222 1240 1256 ut
1258 1222 1364 1265 patet
1383 1218 1552 1256 intertio
1565 1219 1616 1255 De
1627 1219 1752 1255 anima

129 1268 235 1315 (text.
258 1277 402 1305 comm.
424 1268 476 1314 7),
498 1267 604 1314 quod
626 1275 771 1304 sensus
792 1266 840 1304 ab
868 1266 1155 1304 excellentibus
1187 1266 1449 1303 sensibilibus
1484 1266 1752 1312 corrumpitur

126 1315 188 1351 vel
207 1315 447 1360 debilitatur,
473 1319 517 1351 ut
537 1314 794 1361 postmodum
815 1313 972 1350 minora
1002 1312 1212 1351 sensibilia
1238 1313 1440 1359 percipere
1475 1321 1555 1350 non
1589 1313 1750 1359 possit;

127 1362 353 1403 intellectus
376 1365 520 1405 autem,
544 1361 640 1408 quia
661 1369 741 1398 non
775 1360 1044 1405 corrumpitur
1073 1369 1146 1396 nec
1181 1359 1394 1405 impeditur
1423 1369 1446 1396 a
1483 1368 1558 1397 suo
1581 1360 1749 1406 objecto,

131 1409 201 1445 sed
223 1409 351 1446 solum
373 1407 587 1454 perficitur,
608 1411 819 1454 postquam
841 1407 1035 1443 intellexit
1060 1406 1190 1452 majus
1219 1406 1482 1453 intelligibile,
1504 1414 1586 1443 non
1617 1407 1752 1444 minus

128 1456 273 1503 poterit
311 1456 390 1492 alia
423 1454 692 1500 intelligibilia
730 1454 968 1501 intelligere,
1002 1453 1071 1491 sed
1105 1453 1235 1505 magis
1271 1464 1280 1490 τ
1314 1461 1515 1490 summum
1549 1456 1679 1491 autem
1711 1453 1754 1490 in

129 1511 274 1549 genere
296 1501 608 1548 intelligibilium
631 1504 691 1538 est
714 1501 847 1538 divina
876 1500 1101 1538 substantia
1131 1512 1140 1536 :
1173 1499 1399 1538 intellectus
1431 1500 1554 1547 igitur
1586 1500 1653 1548 qui
1684 1509 1755 1546 per

126 1549 264 1586 lumen
294 1549 471 1586 divinum
508 1549 683 1585 elevatur
712 1548 760 1585 ad
788 1548 998 1584 videndam
1037 1547 1103 1584 Dei
1143 1547 1423 1592 substantiam,
1461 1547 1588 1585 multo
1622 1547 1753 1594 magis

129 1596 267 1633 eodem
288 1596 439 1633 lumine
458 1595 660 1642 perficitur
677 1595 725 1632 ad
750 1595 884 1632 omnia
905 1595 982 1632 alia
1009 1594 1269 1641 intelligenda
1302 1604 1389 1641 quae
1423 1598 1516 1632 sunt
1547 1594 1591 1632 in
1621 1602 1752 1631 rerum

129 1647 283 1680 natura.

175 1690 319 1734 Adhuc,
342 1698 430 1727 esse
451 1688 703 1736 intelligibile
724 1697 806 1726 non
826 1692 886 1727 est
905 1688 1074 1726 minoris
1097 1688 1270 1726 ambitus
1292 1697 1410 1735 quam
1432 1697 1522 1726 esse
1556 1688 1753 1733 naturale,

129 1737 198 1774 sed
221 1737 319 1773 sorte
337 1736 514 1783 majoris.
536 1736 764 1773 Intellectus
786 1737 892 1773 enim
924 1739 1042 1774 natus
1064 1739 1125 1773 est
1146 1736 1282 1773 omnia
1329 1745 1387 1772 ute
1422 1739 1515 1772 sunt
1546 1735 1588 1772 in
1621 1744 1753 1773 rerum

128 1788 269 1820 natura
289 1784 527 1830 intelligere.
550 1785 594 1820 Et
610 1783 790 1830 quaedam
823 1783 1012 1830 intelligit
1033 1792 1119 1829 quae
1146 1791 1227 1820 non
1261 1783 1312 1820 ha
1342 1786 1408 1818 ent
1440 1791 1529 1819 esse
1558 1782 1751 1825 naturale,

128 1831 233 1866 sicut
253 1830 490 1877 negationes
507 1833 546 1867 et
563 1830 822 1876 privationes.
848 1831 1115 1876 Quaecumque
1147 1829 1271 1876 igitur
1300 1829 1557 1876 requiruntur
1588 1829 1637 1866 ad
1669 1837 1754 1874 per-

128 1877 340 1913 fectionem
365 1886 454 1915 esse
476 1877 683 1917 naturalis,
710 1877 967 1923 requiruntur
986 1876 1034 1913 ad
1055 1875 1338 1921 perfectionem
1359 1884 1447 1912 esse
1471 1875 1753 1922 intelligibilis,

127 1924 189 1973 vel
212 1924 329 1960 etiam
349 1924 476 1969 plura.
500 1923 694 1960 perfectio
716 1928 847 1960 autem
869 1932 958 1961 esse
980 1922 1247 1969 intelligibilis
1265 1926 1325 1960 est
1345 1931 1434 1959 cum
1457 1922 1682 1960 intellectus
1704 1923 1754 1960 ad

129 1973 247 2008 suum
271 1971 455 2007 ultimum
475 1970 594 2007 finem
623 1971 859 2016 pervenerit,
895 1970 999 2007 sicut
1028 1969 1217 2015 perfectio
1251 1978 1340 2007 esse
1371 1969 1564 2006 naturalis
1593 1970 1635 2006 in
1667 1970 1756 2015 ipsa

127 2025 259 2054 rerum
283 2017 571 2054 constitutione
592 2017 793 2054 consistit.
819 2017 960 2054 Omnia
987 2017 1110 2063 igitur
1138 2019 1225 2063 quae
1253 2018 1359 2054 Deus
1393 2016 1441 2053 ad
1470 2016 1754 2062 perfectionem

126 2064 304 2101 universi
325 2064 512 2110 produxit
548 2063 766 2101 intellectui
788 2072 831 2101 se
850 2064 1020 2101 videntis
1047 2063 1287 2100 manifestat.

167 2112 276 2152 -Item,
301 2111 481 2158 quamvis
505 2111 722 2148 videntium
746 2112 868 2148 Deum
887 2119 993 2148 unus
1015 2110 1093 2147 alio
1114 2110 1329 2156 perfectius
1351 2118 1442 2146 eum
1461 2109 1604 2155 videat,
1625 2113 1669 2148 ut
1689 2118 1747 2148 os«

127 2160 286 2194 tensum
307 2162 366 2195 est
381 2158 481 2205 (cap.
504 2158 579 2205 58),
603 2158 769 2204 quilibet
789 2161 922 2195 tamen
942 2158 996 2195 ita
1014 2157 1186 2204 perfecte
1208 2166 1297 2194 eum
1316 2157 1436 2202 videt,
1451 2157 1748 2204 quodimpletul

127 2207 209 2242 tota
228 2205 426 2251 capacitas
467 2205 674 2242 naturalis.
699 2205 886 2249 Quinimo
920 2205 1008 2251 ipsa
1028 2205 1131 2242 visio
1170 2213 1328 2243 omnem
1360 2205 1617 2251 capacitatem
1639 2208 1753 2241 natu-

127 2252 251 2303 ralem
274 2252 439 2298 excedit,
463 2255 508 2290 ut
527 2255 734 2289 ostensum
757 2255 817 2289 est
849 2252 948 2299 (cap.
981 2251 1056 2299 52).
1085 2253 1248 2299 Oportet
1281 2251 1416 2298 igitur,
1450 2251 1555 2298 quod
1590 2251 1757 2298 quilibet

127 2299 267 2336 videns
289 2299 462 2336 divinam
482 2299 745 2337 substantiam
766 2299 808 2335 in
826 2299 913 2346 ipsa
933 2299 1158 2336 substantia
1176 2302 1395 2345 cognoscat
1428 2299 1564 2335 omnia
1594 2299 1643 2336 ad
1663 2307 1752 2345 quae

127 2353 170 2398 se
193 2346 368 2383 extendit
391 2355 464 2384 sua
485 2347 684 2392 capacitas
704 2347 912 2384 naturalis.
935 2346 1139 2393 capacitas
1157 2349 1289 2383 autem
1310 2346 1504 2383 naturalis
1537 2345 1754 2392 cujuslibet

125 2393 353 2431 intellectus
372 2402 415 2431 se
438 2393 614 2432 extendit
633 2393 681 2430 ad
705 2394 986 2440 cognoscenda
1006 2393 1142 2431 omnia
1161 2401 1309 2438 genera
1328 2396 1366 2430 et
1393 2392 1548 2438 species
1580 2395 1618 2429 et
1647 2392 1753 2429 ordi-

127 2447 218 2476 nem
240 2449 385 2478 rerum.
409 2441 498 2479 Haec
532 2441 654 2488 igitur
683 2441 850 2487 quilibet
880 2442 1003 2478 Deum
1034 2439 1254 2478 videntium
1289 2440 1332 2477 in
1364 2438 1499 2477 divina
1529 2438 1756 2477 substantia

127 2491 358 2532 cognoscet.

175 2534 273 2571 Hinc
309 2538 369 2572 est
397 2535 503 2582 quod
538 2534 732 2573 Dominus
763 2535 886 2583 Moysi
918 2535 1067 2581 petenti
1113 2533 1257 2572 divinae
1288 2532 1522 2572 substantiae
1556 2532 1753 2583 visionem

125 2581 343 2626 respondit,
366 2582 502 2627 Exod.,
522 2590 660 2627 xxxin,
691 2585 759 2619 19:
780 2585 857 2628 qu
890 2581 1074 2618 ostendam
1098 2581 1167 2618 tibi
1195 2591 1296 2618 omne
1315 2581 1455 2618 bonum.
1484 2582 1529 2632 Et
1539 2579 1751 2630 Gregorius

127 2625 300 2709 chtegy„
322 2628 461 2701 libug,
481 2638 566 2676 cap.
596 2631 655 2676 38)
679 2629 774 2666 dicit
806 2641 814 2668 :
846 2643 865 2663 ιι
885 2629 987 2674 Quid
1009 2632 1070 2667 est
1109 2628 1216 2676 quod
1247 2628 1442 2672 nescient,
1459 2636 1527 2673 qul
1559 2629 1746 2681 scientem

197 2681 263 2709 nia
283 2679 441 2712 sciunt.
466 2689 487 2709 >›

155 2719 214 2771 ,Si
236 2724 364 2772 autem
392 2723 600 2773 praemissa
618 2723 830 2771 diligenter
848 2723 1164 2768 considerentur,
1183 2725 1290 2769 patet
1309 2720 1412 2769 quod
1435 2718 1604 2766 quodam
1627 2719 1748 2757 modo

126 2765 306 2818 videntes
324 2766 496 2806 divinam
518 2770 781 2808 substantiam
803 2771 937 2808 omnia
957 2770 1104 2816 vident,
1126 2770 1298 2817 quodam
1317 2775 1408 2804 vero
1429 2766 1561 2807 modo,
1592 2775 1684 2818 non.
1711 2767 1750 2804 Si

129 2820 233 2866 enim
253 2822 323 2859 per
342 2815 478 2852 omnia
495 2815 565 2853 illa
584 2817 858 2865 intelligantur
874 2827 960 2865 quae
982 2818 1030 2855 ad
1047 2816 1221 2855 universi
1240 2814 1520 2861 perfectionem
1537 2817 1749 2859 pertinent,

129 2860 384 2900 manifestum
428 2864 488 2901 est
519 2871 567 2900 ex
615 2863 731 2902 dictis
763 2865 868 2912 quod
902 2865 1082 2903 videntes
1114 2862 1288 2901 divinam
1324 2860 1588 2900 substantiam
1611 2861 1748 2899 omnia
