1894 3223
681 99 768 135 LlB.
795 100 842 143 ΙΙ,
870 100 970 144 CAP.
999 100 1101 136 Lvll.
1641 104 1707 137 175

88 187 126 220 et
142 182 321 220 actiones
353 181 546 219 diversas.
573 181 760 224 Quamvis
781 185 910 217 autem
934 181 1075 218 aniinae
1097 181 1148 218 sit
1176 180 1309 228 aliqua
1334 181 1511 227 operatio
1532 183 1704 227 propria,

87 229 127 266 in
149 237 229 276 qua
257 236 337 266 non
376 227 645 266 communicat
675 236 833 272 corpus,
858 228 957 264 sicut
981 228 1230 274 intelligere3
1264 231 1359 264 sunt
1392 230 1523 264 tamen
1563 228 1705 275 aliquae

89 275 343 322 operationes
376 283 609 312 communes
634 274 709 311 sibi
741 278 780 310 ct
817 274 986 319 corpori,
1014 278 1054 310 ut
1085 275 1238 319 timere,
1274 274 1392 312 irasci
1426 278 1464 311 et
1488 275 1648 319 sentire,
1671 279 1709 312 et

87 322 334 369 hujusmodi.
374 323 462 359 Haec
498 321 603 358 enim
639 320 824 358 accidunt
852 321 1072 358 secundum
1113 322 1286 368 aliquam
1329 321 1703 363 transmutationem

88 369 259 416 alicujus
291 368 559 407 determinatae
579 368 703 414 partis
735 368 928 413 corporis.
965 370 1016 404 Ex
1051 378 1129 415 quo
1167 372 1273 414 patet
1310 368 1415 416 quod
1454 369 1573 406 simul
1613 373 1706 406 sunt

87 416 231 454 animae
260 419 297 454 et
318 416 496 462 corporis
517 415 782 461 operationes.
803 416 962 461 Oportet
983 415 1104 461 igitur
1127 425 1172 451 ex
1192 416 1323 452 anima
1342 419 1380 453 et
1398 424 1561 462 corpore
1583 425 1706 454 unum

87 462 188 507 fieri,
209 466 247 500 et
273 463 379 510 quod
399 471 482 500 non
503 462 583 499 sint
602 462 822 499 secundum
846 471 934 499 esse
951 462 1122 499 diversa.

136 510 235 548 Huic
255 513 387 547 autem
405 509 550 547 rationi
570 509 789 546 secundum
808 509 985 546 Platonis
1004 510 1241 546 sententiam
1257 509 1451 547 obviatur.
1474 510 1578 547 Nihil
1600 510 1706 547 enim

87 557 377 595 inconveniens
397 560 458 594 est
476 557 674 593 moventis
699 560 737 593 et
755 557 865 601 moti,
890 557 1070 603 quamvis
1092 556 1311 593 secundum
1334 565 1422 593 esse
1444 556 1705 599 diversorum,

89 613 179 642 esse
201 604 383 641 eumdem
404 607 550 641 actum.
571 605 665 640 Nam
687 607 820 640 motus
853 608 913 641 est
945 603 1046 640 idem
1071 607 1182 640 actus
1215 604 1412 650 moventis
1433 603 1537 640 sicut
1572 614 1593 640 a
1629 613 1707 651 quo

88 655 162 695 est,
185 651 281 689 moti
302 654 434 689 autem
473 651 577 688 sicut
615 651 656 687 in
683 659 761 697 quo
797 654 869 688 est.
909 650 973 687 Sic
1002 651 1124 696 igitur
1155 650 1264 687 Plato
1306 650 1438 695 posuit
1475 651 1707 695 praemissas

89 698 342 752 operationes
363 707 452 736 esse
484 698 626 735 animae
658 698 893 744 corporique
920 698 1167 742 communes,
1189 700 1232 734 ut
1251 696 1435 734 videlicet
1454 698 1535 733 sint
1566 698 1708 735 animae

89 749 194 783 sicut
210 746 420 790 moventis,
439 748 477 782 et
496 744 675 791 corporis
696 745 799 782 sicut
818 744 928 781 moti.

139 793 211 829 Sed
233 793 308 830 hoc
328 802 418 830 esse
447 801 527 829 non
554 795 697 838 potest,
720 792 826 839 quia,
849 795 892 828 ut
918 790 1057 837 probat
1087 789 1358 836 Philosophus
1389 790 1431 827 in
1463 791 1639 828 secundo
1659 794 1709 828 De

91 841 213 876 anima
235 839 341 886 (text.
365 848 509 877 comm.
528 839 601 884 5¹).
618 838 763 876 sentire
784 837 925 875 accidit
945 838 1089 882 inipso
1110 838 1256 875 moveri
1277 847 1300 874 a
1319 837 1579 875 sensibilibus
1600 843 1705 875 exte-

90 886 291 932 rioribus;
313 886 417 923 unde
437 895 517 923 non
536 890 664 932 potest
686 886 805 922 homo
823 885 969 922 sentire
989 885 1138 930 absque
1171 884 1353 922 exteriori
1375 885 1570 929 sensibili,
1605 886 1709 922 sicut

90 942 172 970 non
194 937 323 979 potest
342 933 491 980 aliquid
513 933 660 969 moveri
683 933 831 978 absque
847 935 1042 968 movente.
1060 934 1258 977 organum
1274 932 1395 978 igitur
1412 940 1558 969 sensus
1578 941 1710 969 move·

90 983 154 1017 tur
178 986 213 1017 et
250 981 395 1027 patitur
413 981 454 1016 in
476 979 697 1023 sentiendo,
721 979 789 1015 sed
811 978 859 1015 ab
880 978 1063 1015 exteriori
1098 979 1294 1015 sensibili.
1330 978 1428 1016 Illud
1449 983 1580 1016 autem
1599 979 1705 1026 quod

89 1028 237 1074 patitur
258 1031 317 1064 est
343 1035 500 1064 sensus.
521 1026 632 1070 Quod
650 1036 696 1062 ex
718 1027 792 1062 lioc
811 1029 929 1071 patet,
953 1025 1046 1072 quia
1066 1026 1241 1062 carentia
1259 1034 1380 1062 sensu
1402 1035 1479 1062 non
1503 1026 1707 1070 patiuntur

89 1083 115 1111 a
135 1073 396 1111 sensibilibus
413 1073 481 1110 tali
502 1073 620 1109 modo
636 1073 852 1118 passionis.
872 1074 1018 1109 Sensus
1034 1072 1156 1118 igitur
1176 1076 1235 1108 est
1254 1073 1379 1109 virtus
1397 1073 1557 1118 passiva
1576 1073 1705 1118 ipsius

91 1120 248 1168 organi.
268 1121 408 1157 Anima
429 1120 550 1167 igitur
576 1119 766 1156 sensitiva
792 1129 871 1156 non
894 1129 936 1156 se
973 1119 1090 1156 habet
1112 1119 1151 1155 in
1175 1119 1382 1156 sentiendo
1406 1119 1509 1156 sicut
1528 1127 1707 1164 movens,

90 1170 130 1205 et
149 1176 287 1214 agens,
306 1167 373 1205 sed
396 1167 500 1204 sicut
520 1167 617 1203 illud
637 1166 742 1213 quod
764 1167 917 1212 patiens
938 1167 1084 1212 patitur
1106 1178 1115 1210 3
1143 1166 1248 1214 quod
1269 1166 1518 1212 impossibile
1540 1170 1600 1203 est
1619 1175 1709 1203 esse

91 1213 306 1259 diversum,
328 1214 546 1252 secundum
586 1223 689 1258 esse,
712 1223 734 1251 a
762 1214 950 1259 patiente.
971 1215 1056 1250 Non
1077 1216 1137 1250 est
1172 1213 1296 1260 igitur
1328 1214 1462 1250 anima
1481 1213 1704 1258 sensibilis,

94 1261 314 1299 secundum
337 1269 440 1305 esse,
462 1260 617 1298 diversa
640 1271 662 1297 a
682 1269 846 1306 corpore
861 1260 1049 1298 animato.

139 1310 329 1352 Praeterea,
351 1308 443 1345 licet
458 1311 590 1345 motus
612 1308 664 1345 sit
683 1308 908 1344 communis
928 1311 1041 1344 actus
1061 1307 1258 1344 moventis
1274 1310 1312 1344 et
1331 1307 1426 1344 moti
1444 1318 1453 1351 ;
1474 1309 1608 1344 tamen
1630 1307 1708 1344 alia

93 1355 270 1401 operatio
292 1358 352 1392 est
372 1355 498 1392 facere
516 1358 666 1391 motum
690 1358 726 1391 et
747 1355 918 1400 recipere
939 1358 1104 1391 motum.
1126 1354 1233 1390 Unde
1255 1357 1292 1391 et
1313 1354 1390 1391 duo
1406 1354 1708 1399 praedicamenta

93 1406 298 1448 ponuntur
314 1403 434 1446 facere
453 1405 489 1438 et
502 1404 597 1448 pati.
617 1402 655 1438 Si
676 1402 797 1448 igitur
824 1403 862 1438 in
895 1402 1102 1439 sentiendo
1129 1401 1263 1438 anima
1295 1401 1486 1438 sensitiva
1514 1410 1558 1438 se
1591 1402 1709 1438 habet

94 1452 138 1486 ut
155 1458 292 1495 agens,
323 1452 360 1485 et
378 1458 522 1495 corpus
543 1453 582 1485 ut
603 1449 773 1494 patiens,
795 1449 872 1485 alia
892 1449 965 1485 erit
985 1448 1161 1494 operatio
1182 1448 1325 1486 animae
1355 1452 1392 1484 et
1410 1448 1489 1484 alia
1514 1448 1708 1493 corporis.

91 1495 234 1532 Anima
259 1495 380 1542 igitur
398 1495 587 1533 sensitiva
618 1495 774 1532 habebit
804 1496 977 1542 aliquam
1010 1495 1278 1542 operationem
1313 1495 1525 1541 propriam.
1545 1494 1709 1532 Habebit

92 1542 216 1589 igitur
253 1546 291 1580 et
325 1542 623 1580 subsistentiam
643 1542 873 1588 propriam.
907 1544 993 1579 Non
1025 1542 1162 1588 igitur,
1193 1541 1393 1579 destructo
1412 1551 1590 1587 corpore,
1619 1550 1708 1579 esse

94 1588 263 1626 desinet.
281 1589 430 1627 Animae
450 1589 571 1635 igitur
587 1590 786 1626 sensitivae
819 1589 936 1625 etiam
964 1588 1296 1626 irrationabilium
1333 1588 1563 1626 animalium
1594 1592 1709 1625 erunt.

93 1636 373 1680 immortales;
407 1636 512 1683 quod
545 1636 702 1683 quidem
730 1636 989 1682 improbabile
1023 1636 1190 1680 videtur,
1212 1640 1341 1672 tamen
1362 1645 1384 1672 a
1416 1635 1594 1673 Platonis
1624 1636 1708 1681 opi·

96 1683 217 1720 nione
239 1691 320 1720 non
341 1683 554 1720 discordat.
570 1683 642 1720 Sed
665 1683 711 1720 de
733 1683 808 1720 hoc
826 1684 928 1720 infra
947 1683 995 1729 (c.
1019 1683 1076 1729 82)
1098 1683 1171 1719 erit
1196 1682 1308 1720 locus
1328 1683 1543 1729 quaerendi.

141 1730 323 1776 Amplius,
347 1729 494 1767 mobile
526 1738 606 1767 non
624 1730 790 1767 sortitur
828 1731 1000 1776 speciem
1023 1739 1047 1767 a
1065 1739 1140 1767 suo
1169 1733 1335 1766 motore.
1358 1730 1397 1767 Si
1434 1730 1556 1777 igitur
1574 1728 1708 1767 anima

92 1785 173 1814 non
197 1776 454 1824 conjungitur
483 1777 639 1823 corpori
661 1777 740 1814 nisi
772 1777 877 1814 sicut
896 1780 1026 1814 motor
1053 1775 1204 1820 mobili,
1233 1785 1378 1822 corpus
1398 1779 1436 1813 et
1464 1780 1595 1822 partes
1622 1776 1708 1823 ejus

92 1832 176 1861 non
191 1826 492 1871 consequuntur
502 1824 676 1870 speciem
691 1823 738 1861 ab
748 1824 893 1861 anima.
909 1824 1085 1861 Abeunte
1099 1823 1221 1870 igitur
1233 1824 1380 1869 anima,
1395 1823 1612 1861 remanebit
1628 1833 1711 1860 cor-

91 1879 168 1917 pus
189 1874 226 1908 et
245 1874 378 1917 partes
406 1870 492 1918 ejus
524 1870 702 1917 ejusdem
731 1871 892 1917 speciei.
915 1872 995 1908 Hoc
1027 1874 1157 1908 autem
1197 1875 1257 1908 est
1287 1870 1496 1908 manifeste
1534 1870 1708 1914 falsum;

91 1926 186 1955 nam
215 1927 322 1962 caro,
337 1921 376 1955 et
392 1926 454 1963 os,
480 1921 517 1956 et
542 1927 700 1963 manus,
721 1921 760 1955 et
779 1918 1006 1965 hujusmodi
1040 1922 1186 1964 partes,
1207 1922 1296 1964 post
1317 1917 1526 1955 abcessum
1550 1917 1706 1963 animae,

94 1973 175 2001 non
197 1964 382 2002 dicuntur
402 1965 480 2002 nisi
502 1965 716 2012 aequivoce,
736 1974 826 2002 cum
855 1966 954 2002 nulli
980 1965 1120 2002 harum
1141 1966 1312 2011 partium
1346 1965 1504 2011 propria
1531 1965 1708 2011 operatio

94 2012 210 2063 adsit,
233 2021 320 2058 quae
340 2013 511 2058 speciem
537 2013 808 2059 consequitur.
830 2014 915 2050 Non
938 2013 1061 2059 igitur
1082 2013 1219 2049 unitur
1242 2012 1376 2049 anima
1398 2012 1555 2059 corpori
1576 2012 1706 2049 solum

95 2062 200 2095 sicut
222 2063 353 2096 motor
368 2058 521 2104 mobili,
544 2060 602 2096 vel
624 2059 726 2096 sicut
745 2060 866 2096 homo
885 2060 1136 2097 vestimento.

141 2104 284 2146 Adhuc,
309 2105 456 2143 mobile
492 2114 570 2142 non
599 2106 716 2143 habet
736 2115 825 2143 esse
858 2116 928 2152 per
959 2115 1076 2144 suum
1118 2109 1327 2151 molerem,
1350 2105 1420 2143 sed
1455 2105 1709 2143 solummodo

94 2154 261 2188 motum.
280 2152 319 2189 Si
355 2152 479 2199 igitur·
506 2152 640 2189 anima
672 2153 832 2190 uniatur
863 2154 1019 2199 corpori
1055 2152 1309 2190 solummodo
1338 2156 1381 2190 ut
1399 2156 1543 2196 motor,
1561 2161 1707 2199 corpus

97 2197 321 2234 movebitur
340 2198 497 2245 quidem
526 2199 574 2236 ab
594 2200 740 2243 anima,
763 2200 832 2237 sed
865 2209 945 2237 non
969 2199 1128 2238 habebit
1159 2208 1249 2237 esse
1267 2208 1338 2246 per
1357 2209 1459 2237 eam.
1480 2199 1617 2236 Vivere
1638 2209 1706 2236 au-

94 2247 172 2281 tem
195 2248 254 2281 est
273 2245 470 2291 quoddam
491 2254 581 2283 esse
593 2247 774 2284 viventis.
791 2248 876 2284 Non
896 2247 1018 2294 igitur
1037 2256 1182 2293 corpus
1201 2247 1305 2284 vivet
1323 2256 1392 2292 per
1412 2246 1600 2283 animam.

142 2292 241 2331 Item,
267 2291 413 2344 mobile
444 2301 573 2339 neque
608 2297 820 2339 generatur
838 2303 908 2340 per
938 2294 1243 2340 applicationem
1281 2293 1449 2330 motoris
1490 2292 1538 2330 ad
1559 2292 1704 2338 ipsum,

95 2346 225 2384 neque
258 2347 328 2384 per
353 2347 439 2385 eJus
456 2340 746 2385 separationem
767 2341 1046 2386 corrumpitur,
1068 2350 1156 2378 cum
1184 2349 1264 2377 non
1286 2339 1503 2385 dependeat
1523 2339 1670 2376 mobile
1686 2348 1709 2376 a

93 2388 249 2421 motore
281 2385 499 2422 secundum
531 2394 634 2430 esse,
656 2386 726 2424 sed
754 2388 974 2424 secundum
1006 2387 1154 2425 moveri
1180 2390 1348 2423 tantum.
1368 2386 1406 2423 Si
1427 2385 1550 2432 igitur
1574 2385 1709 2422 anima

94 2431 259 2484 uniatur
275 2431 432 2484 corpori
452 2431 583 2469 solum
604 2436 646 2469 ut
667 2436 809 2478 motor,
832 2435 1012 2481 sequitur
1031 2434 1137 2481 quod
1158 2433 1199 2469 in
1219 2433 1367 2470 unione
1394 2433 1537 2469 animae
1567 2435 1604 2469 et
1621 2441 1708 2469 cor·
1760 2476 1766 2479 ⁴

93 2486 205 2524 poris
246 2487 326 2515 non
348 2481 422 2515 erit
445 2477 580 2531 aliqua
599 2481 815 2525 generatio,
837 2489 965 2527 neque
993 2480 1036 2517 in
1056 2479 1306 2526 separatione
1327 2479 1528 2525 corruptio
1550 2489 1560 2524 3
1582 2481 1619 2516 et
1649 2478 1708 2516 sic

94 2533 220 2570 mors,
241 2534 328 2571 quae
341 2528 526 2567 consistit
545 2534 584 2561 in
604 2527 854 2571 separatione
875 2527 1018 2564 animae
1036 2530 1074 2563 et
1092 2526 1289 2572 corporis,
1310 2534 1390 2563 non
1412 2526 1486 2563 erit
1504 2526 1707 2572 corruptio

95 2571 298 2617 animalis,
317 2572 422 2619 quod
446 2576 506 2609 est
525 2573 734 2609 manifeste
756 2573 914 2610 falsum.

142 2620 332 2659 Praeterea,
356 2628 473 2656 omne
493 2628 657 2656 movens
677 2620 853 2665 seipsum
875 2620 930 2656 ita
954 2628 998 2656 se
1018 2619 1135 2656 habet
1153 2619 1261 2666 quod
1278 2618 1320 2655 in
1349 2619 1439 2666 ipso
1468 2623 1529 2657 est
1558 2619 1707 2656 moveri

95 2667 136 2702 et
153 2674 234 2703 non
272 2666 435 2708 moveri,
456 2675 614 2703 movere
649 2669 687 2702 et
711 2675 789 2703 non
824 2675 995 2703 movere.
1018 2666 1092 2703 Sed
1119 2667 1264 2707 anima,
1291 2667 1511 2704 secundum
1531 2666 1708 2703 Platonis

96 2712 342 2764 opinionem,
363 2717 495 2750 movet
523 2721 668 2759 corpus
688 2713 791 2750 sicut
823 2722 989 2750 movens
1021 2713 1212 2759 seipsum.
1242 2715 1307 2750 Est
1339 2723 1433 2761 ergo
1453 2714 1493 2750 in
1514 2717 1707 2760 potestate

97 2767 239 2797 animae
259 2769 417 2797 movere
436 2769 580 2806 corpus
599 2760 659 2797 vel
680 2769 760 2797 non
782 2769 953 2797 movere.
972 2759 1008 2797 Si
1035 2760 1157 2807 igitur
1175 2769 1256 2798 non
1276 2760 1412 2798 unitur
1438 2761 1472 2797 ei
1506 2761 1582 2797 nisi
1606 2760 1708 2796 sicut

96 2809 228 2858 {notor
240 2807 390 2852 mobili,
410 2807 484 2844 erit
497 2808 538 2844 in
563 2810 756 2853 potestate
771 2807 913 2844 animae
933 2807 1106 2853 separari
1128 2817 1151 2844 a
1170 2816 1334 2853 corpore
1354 2817 1444 2845 cum
1464 2807 1646 2852 voluerit,
1669 2809 1709 2842 et

95 2854 239 2889 iterum
266 2854 368 2890 uniri
388 2854 424 2891 ei
445 2863 534 2892 cum
554 2854 724 2891 voluerit
743 2866 753 2900 ;
775 2854 879 2901 quod
900 2858 1005 2900 patet
1020 2863 1109 2891 esse
1128 2854 1287 2892 falsum.
