1894 3223
766 192 851 227 ΗΒ.
883 193 910 235 l,
939 192 1038 227 CAP.
1065 192 1139 228 VII.
1732 196 1752 229 7

143 276 333 314 mentium
355 274 628 321 inspiratione,
648 277 689 311 ut
710 273 841 310 idiotae
860 277 897 310 et
912 273 1128 319 simplices.
1148 273 1252 310 dono
1267 272 1434 319 Spiritus
1449 273 1576 310 sancti
1598 274 1748 321 repleti,

143 331 338 361 summam
352 322 587 368 sapientiam
609 325 647 358 et
662 320 887 358 facundiam
911 320 949 356 in
964 321 1125 356 instanti
1149 324 1500 367 consequerentur.

190 369 341 414 Quibus
362 369 566 415 inspeetis,
588 368 783 414 praedietae
804 367 1051 413 probationis
1071 367 1260 411 efficacia,
1283 375 1363 404 non
1385 376 1585 404 armorum
1604 367 1751 406 violen-

142 417 211 462 tia,
246 425 324 454 non
361 416 605 462 voluptatum
639 415 921 461 promissione,
958 418 1008 458 et,
1031 414 1134 461 quod
1169 418 1229 451 est
1263 413 1630 452 mirabilissimuml
1654 415 1755 453 inter

142 467 439 511 persecutorum
464 462 727 510 tyrannidem,
753 461 1056 498 innumerabilis
1094 461 1206 498 turba
1243 470 1320 498 non
1358 461 1488 498 solum
1511 461 1752 508 simplicium

144 511 214 550 sed
235 511 351 548 etiam
380 509 767 556 sapientissimorum
790 509 996 545 hominum
1016 508 1064 545 ad
1086 508 1200 545 fidem
1223 508 1480 545 christianam
1502 510 1752 555 convolavit;

142 558 183 595 in
207 566 284 605 qua
301 566 458 595 omnem
482 556 699 593 humanum
717 555 960 592 intellectum
986 555 1213 593 excedentia
1231 555 1508 601 praedicantur,
1529 556 1754 603 voluptates

143 605 275 643 carnis
295 604 543 647 cohibentur,
562 607 600 640 et
619 603 753 640 omnia
783 603 927 650 quaein
953 603 1100 639 mundo
1124 607 1217 639 sunt
1238 602 1373 639 haberi
1408 604 1649 650 contemptui
1685 604 1754 642 do-

143 655 294 690 centur.
316 650 468 696 Quibus
490 650 645 687 animos
668 651 892 689 mortalium
913 650 1107 686 assentire
1129 653 1166 686 et
1184 649 1399 685 maximum
1422 649 1657 688 miraculum
1679 655 1752 695 est,

144 702 182 736 et
201 698 455 736 manifestum
475 697 616 735 divinae
638 697 914 744 inspirationis
936 706 1049 743 opus,
1072 700 1127 740 ut,
1148 697 1387 741 contemptis
1411 697 1651 744 visibilibus,
1666 699 1754 736 sola

143 745 361 783 invisibilia
379 745 601 791 cupiantur.
625 746 704 781 Hoc
729 749 858 780 autem
889 753 967 780 non
990 744 1122 780 subito
1143 752 1270 796 neque
1296 752 1406 783 casu,
1430 744 1497 780 sed
1520 744 1653 782 divina
1673 745 1752 783 dis-

143 793 342 839 positione
364 792 509 830 sactum
530 801 618 829 esse
640 792 892 828 manifestum
914 794 971 827 est
993 800 1041 827 ex
1061 790 1148 834 hoc,
1162 796 1267 836 quon
1289 789 1364 826 hoe
1379 799 1420 826 se
1437 791 1629 828 facturum
1650 794 1754 830 Deus

144 840 281 877 multis
308 842 397 876 ante
431 839 709 885 prophetarum
732 839 910 884 praedixit
931 837 1116 881 oraculis,
1139 845 1305 888 quorum
1348 837 1434 873 libri
1464 847 1585 883 penes
1614 848 1688 877 nos
1712 840 1752 876 in

144 887 397 924 veneratione
419 886 624 925 habentur,
649 890 780 931 utpote
803 888 947 921 nostrae
968 883 1056 920 fidei
1076 884 1348 920 testimonium
1372 884 1617 922 adhibentes.

193 933 316 980 nujus
337 933 494 980 quidem
533 932 847 970 confirmationis
885 931 1027 967 modus
1063 931 1238 977 tangitur
1258 942 1266 967 :
1290 930 1373 973 Quae
1394 930 1560 977 (scilicet
1581 932 1754 970 humana

146 980 286 1028 salus),
307 991 418 1026 quum
435 980 582 1015 initium
597 980 789 1024 accepisset
807 979 976 1014 enarrari
990 987 1058 1023 per
1075 979 1280 1021 Dominum,
1304 978 1348 1012 ab
1377 979 1439 1022 eis,
1461 980 1526 1024 qui
1545 979 1752 1024 audierunt,

145 1029 185 1064 in
219 1037 283 1063 nos
310 1029 521 1072 confirmata
539 1028 602 1066 est,
624 1027 843 1061 contestante
880 1027 950 1060 Deo
977 1026 1092 1069 sienis
1125 1027 1158 1060 et
1190 1026 1368 1070 portentis
1395 1028 1428 1061 et
1458 1027 1574 1061 variis
1594 1028 1754 1072 Spiritus

146 1076 264 1111 sancti
287 1073 603 1109 distributionibus
634 1072 778 1118 (lle-br„
801 1081 842 1116 11,
862 1074 897 1116 3,
918 1072 968 1118 4).
992 1073 1080 1108 Haec
1116 1075 1246 1108 autem
1282 1075 1360 1108 tam
1399 1072 1592 1109 mirabilis
1614 1074 1752 1111 mundi

146 1120 354 1158 conversio
375 1119 422 1157 ad
442 1118 559 1156 fidem
582 1119 838 1156 christianam
860 1119 1050 1155 indicium
1074 1119 1338 1156 certissimum
1380 1122 1439 1156 est
1467 1120 1752 1166 praeteritorum

145 1167 366 1215 signorum,
387 1169 431 1204 ut
465 1176 511 1203 ea
542 1166 708 1203 ulterius
732 1165 864 1203 iterari
900 1175 1065 1203 necesse
1088 1175 1167 1203 non
1189 1166 1252 1211 sit,
1276 1175 1396 1212 quum
1418 1166 1457 1202 in
1495 1176 1569 1204 suo
1608 1167 1747 1205 effectu

144 1217 357 1261 appareant
373 1213 586 1251 evidenter.
610 1215 722 1251 Esset
743 1217 871 1250 autem
901 1212 1087 1249 omnibus
1109 1213 1238 1259 signis
1275 1213 1512 1258 mirabilius,
1535 1214 1568 1251 si
1597 1214 1644 1251 ad
1665 1224 1750 1252 cre-

146 1261 316 1300 dendum
337 1264 415 1298 tam
439 1260 561 1298 ardua
572 1264 608 1297 et
627 1260 870 1306 operandum
890 1263 968 1296 tam
985 1258 1163 1297 difficilia
1181 1264 1218 1296 et
1239 1260 1286 1297 ad
1307 1260 1544 1306 sperandum
1563 1264 1642 1298 tam
1661 1262 1752 1307 alta,

146 1308 320 1346 mundus
359 1308 508 1355 absque
543 1307 791 1344 mirabilibus
826 1307 955 1354 signis
992 1307 1180 1344 inductus
1216 1307 1357 1345 suisset
1377 1317 1399 1344 a
1433 1308 1682 1354 simplicibus
1716 1313 1756 1346 et

146 1355 391 1409 ignobilibus
413 1354 661 1399 hominibus;
678 1356 858 1401 quamvis
879 1363 959 1391 non
980 1358 1109 1391 cesset
1140 1356 1257 1399 Deus,
1279 1355 1395 1392 etiam
1435 1356 1584 1392 nostris
1603 1359 1753 1403 tempo-

144 1403 269 1447 ribus,
292 1402 339 1440 ad
359 1401 698 1440 confirmationem
720 1401 824 1446 fidei,
841 1411 910 1448 per
929 1405 1090 1439 sanctos
1110 1410 1206 1439 suos
1228 1402 1419 1439 miracula
1441 1403 1609 1451 operari.

191 1450 236 1487 Hi
258 1459 362 1494 vero,
382 1450 446 1496 qui
468 1453 597 1487 sectas
618 1458 796 1486 errorum
817 1448 1131 1493 introduxerunt,
1151 1453 1432 1495 processerunt
1450 1450 1514 1486 via
1539 1456 1612 1487 con
1626 1450 1750 1496 raria,

144 1499 186 1533 ut
204 1500 308 1543 patet
337 1497 377 1533 in
398 1497 631 1541 Mahumete,
653 1496 734 1543 qui,
758 1496 974 1533 carnalium
1001 1495 1246 1542 voluptatum
1267 1497 1492 1542 promissis,
1512 1497 1559 1534 ad
1581 1508 1603 1543 q
1637 1507 1750 1535 orum

144 1543 383 1581 desiderium
408 1544 578 1580 carnalis
613 1543 937 1589 concupiscentia
971 1543 1148 1590 instigat,
1184 1543 1354 1589 populos
1394 1544 1531 1580 illexit.
1554 1547 1751 1591 praecepta

146 1591 263 1628 etiam
285 1590 445 1628 tradidit
465 1590 675 1636 promissis
693 1590 926 1631 conformia,
950 1589 1141 1636 voluptati
1163 1590 1310 1627 carnali
1344 1591 1519 1628 habenas
1553 1592 1749 1637 relaxans,

143 1637 341 1685 quibusin
360 1641 543 1684 promptu
565 1640 625 1675 est
643 1646 666 1674 a
684 1637 910 1674 carnalibus
931 1636 1162 1674 hominibus
1183 1637 1348 1674 obediri.
1371 1639 1614 1675 Documenta
1631 1639 1749 1676 etiam

141 1685 316 1722 veritatis
337 1693 416 1721 non
438 1684 580 1728 attulit,
603 1684 681 1721 nisi
704 1694 790 1731 quae
811 1684 858 1721 de
879 1684 984 1721 facili
1017 1693 1040 1721 a
1077 1684 1255 1731 quolibet
1283 1684 1535 1722 mediocriter
1557 1686 1749 1732 sapiente,

143 1732 310 1769 naturali
331 1731 507 1778 ingenio,
530 1732 718 1777 cognosci
739 1731 896 1777 possint
917 1743 926 1775 ;
947 1731 1043 1778 quin
1063 1732 1197 1777 potius
1216 1741 1308 1768 vera
1337 1742 1424 1778 quae
1447 1732 1582 1769 docuit
1612 1733 1749 1770 multis

142 1779 288 1816 fabulis
309 1782 345 1815 et
365 1779 594 1815 falsissimis
615 1778 806 1815 doctrinis
828 1778 1057 1814 immiscuit.
1081 1779 1201 1825 Signa
1222 1779 1338 1815 etiam
1362 1788 1441 1815 non
1472 1779 1651 1816 adhibuit
1682 1789 1748 1817 su-

141 1825 442 1871 pernaturaliter
462 1826 576 1870 sacta,
598 1825 743 1872 quibus
764 1825 894 1862 solum
920 1825 1062 1862 divinae
1088 1825 1339 1871 inspirationi
1372 1826 1614 1863 conveniens
1634 1827 1745 1864 testi-

138 1873 318 1910 monium
340 1872 560 1915 adhibetur,
584 1872 674 1908 dum
692 1872 867 1918 operatio
887 1872 1072 1917 visibilis,
1094 1882 1181 1919 quae
1205 1881 1282 1909 non
1317 1877 1446 1918 potest
1466 1882 1554 1910 esse
1590 1873 1667 1910 nisi
1690 1873 1747 1910 di-

138 1920 244 1964 vina,
261 1919 434 1957 ostendit
453 1919 654 1956 doctorem
672 1919 848 1956 veritatis
869 1919 1120 1956 invisibiliter
1140 1920 1376 1965 inspiratum
1399 1932 1407 1964 ;
1429 1920 1498 1957 sed
1519 1919 1616 1956 dixit
1643 1929 1684 1957 se
1705 1921 1746 1957 in

139 1976 339 2004 armorum
360 1967 536 2013 potentia
556 1967 721 2003 missum
745 1978 753 2011 ;
776 1976 862 2013 quae
881 1967 997 2013 signa
1018 1966 1135 2003 etiam
1165 1967 1386 2004 latronibus
1403 1971 1440 2003 et
1462 1967 1639 2014 tyrannis
1661 1976 1739 2005 non

138 2013 294 2051 desunt.
316 2013 355 2050 Ei
378 2013 495 2050 etiam
514 2022 594 2050 non
615 2013 736 2060 aliqui
771 2013 970 2059 sapientes
991 2014 1029 2049 in
1061 2013 1180 2050 rebus
1201 2013 1360 2058 divinis,
1383 2018 1420 2050 et
1450 2014 1497 2051 de
1530 2013 1676 2051 divinis
1708 2018 1745 2051 et

139 2060 324 2098 humanis
355 2061 569 2106 exercitati,
602 2070 625 2096 a
655 2061 850 2107 principio
881 2061 1143 2105 crediderunt,
1167 2060 1236 2098 sed
1269 2061 1452 2099 homines
1483 2061 1671 2098 bestiales
1703 2061 1745 2098 in

139 2107 310 2145 desertis
330 2111 546 2152 morantes,
567 2107 698 2145 omnis
731 2107 920 2144 doctrinae
951 2107 1093 2145 divinae
1121 2116 1286 2154 prorsus
1313 2108 1458 2155 ignari,
1477 2117 1546 2154 per
1578 2117 1747 2155 quorum

137 2154 429 2193 multitudinem
465 2155 580 2195 alios,
618 2163 818 2192 armorum
850 2155 1052 2199 violentia,
1076 2154 1118 2191 in
1148 2163 1261 2192 suam
1294 2155 1420 2201 legem
1453 2155 1595 2202 coegit.
1632 2155 1748 2192 Nulla

136 2201 254 2239 etiam
275 2201 407 2239 divina
425 2202 587 2239 oracula
604 2201 908 2248 praecedentium
930 2202 1209 2248 prophetarum
1229 2202 1264 2238 ei
1299 2202 1573 2239 testimonium
1605 2202 1742 2248 perhi-

136 2247 259 2293 bent;
290 2249 387 2296 quin
405 2249 539 2295 potius
569 2249 683 2296 quasi
714 2249 849 2286 omnia
875 2249 1025 2286 Veteris
1056 2252 1094 2285 et
1109 2249 1205 2286 Novi
1239 2249 1475 2287 Testamenti
1507 2249 1745 2286 documenta

135 2295 320 2333 fabulosa
337 2295 562 2333 narratione
583 2296 780 2342 depravat,
802 2299 846 2333 ut
863 2299 972 2342 patet
985 2295 1070 2342 ejus
1084 2296 1210 2343 legem
1226 2296 1466 2342 inspicienti.
1485 2296 1592 2333 Unde
1613 2299 1745 2333 astuto

136 2342 307 2380 consilio
330 2342 453 2380 libros
469 2343 619 2380 Veteris
640 2346 678 2380 et
695 2343 790 2380 Novi
823 2343 1059 2380 Testamenti
1086 2344 1172 2380 suis
1205 2344 1442 2390 sequacibus
1472 2352 1551 2380 non
1584 2343 1746 2390 reliquit

135 2388 171 2425 le
201 2389 339 2433 endos,
369 2399 417 2427 ne
435 2399 505 2436 per
522 2399 591 2428 eos
613 2390 797 2428 salsitatis
820 2394 1065 2438 argueretur.
1085 2391 1130 2428 Et
1149 2390 1208 2428 sic
1236 2393 1355 2442 patet,
1392 2390 1498 2438 quod
1519 2389 1604 2437 ejus
1625 2389 1745 2427 dietis

134 2434 162 2473 fi
191 2443 252 2475 em
271 2435 506 2476 adhibentes
524 2437 662 2475 leviter
677 2437 856 2476 eredunt.
1383 2440 1387 2442 ’

795 2583 962 2626 CAPUT
995 2582 1084 2627 v11.

131 2701 234 2740 QUOD
266 2700 453 2733 vmu'rA'rt
475 2701 582 2732 FIDEI
622 2700 866 2733 CHRISTIANAE
901 2701 981 2733 NON
1019 2701 1316 2734 CONTRARIATUR
1349 2701 1517 2734 VERITAS
1547 2702 1743 2734 RATIONIS·

96 2777 119 2806 ἢ
180 2812 368 2856 Quamvis
400 2815 531 2850 autem
561 2811 746 2859 praedicta
777 2811 923 2850 veritas
951 2810 1044 2849 fidei
1074 2812 1304 2851 christianae
1343 2813 1528 2852 humanae
1576 2814 1746 2853 rationis

132 2859 389 2905 capacitatem
408 2859 582 2905 excedat,
605 2860 688 2897 haec
707 2862 852 2899 tamen,
874 2868 961 2905 quae
979 2859 1080 2898 ratio
1101 2861 1332 2898 naturaliter
1352 2861 1477 2898 indita
1498 2860 1627 2907 habet,
1652 2861 1743 2899 huie

131 2906 287 2943 veritati
306 2907 506 2944 contraria
528 2915 617 2944 esse
637 2915 718 2943 non
738 2909 921 2953 possunt.

181 2953 236 2992 Ea
253 2952 374 2999 enirn,
395 2962 482 3002 quae
503 2953 733 2993 naturaliter
753 2953 896 2991 rationi
920 2956 1014 2993 sunt
1039 2953 1176 2999 insita,
1206 2954 1416 2994 verissima
1456 2964 1544 2995 esse
1574 2958 1742 3003 constat.
