1803 3223
159 143 244 178 vm
509 142 645 177 BERN.
671 141 832 177 MARIAE
853 141 916 176 DE
940 141 1106 177 RUBEIS
1133 141 1446 180 DISSERTATIO.

164 242 397 281 Romanam
413 241 563 281 Sedem
583 239 774 281 Urbanus
793 241 845 280 ad
866 252 1026 280 annum
1046 242 1164 290 1264,
1188 241 1385 292 diemque
1414 253 1444 282 Π
1477 243 1630 282 mensis
1654 247 1803 284 octo-'⁴

162 305 396 356 bris3quod
414 305 561 356 utique
582 303 780 355 temporis
799 304 1066 344 intervallum
1087 308 1163 353 est,
1186 316 1271 356 quo
1291 305 1472 345 Thomas
1489 306 1607 357 operi
1623 305 1775 347 Contra

165 368 348 418 Gentiles,
370 381 445 409 seu
462 369 520 408 De
538 370 702 408 veritate
721 365 816 420 fidei
833 366 1046 417 catholicae,
1072 368 1327 409 elaborando
1361 370 1582 410 insudavit.
1613 372 1775 412 Laurea

163 432 395 484 magisterii
411 432 666 483 jampridem
696 432 741 471 in
770 431 984 482 parisiensi
1009 433 1285 473 Universitate
1320 435 1500 473 donatus
1532 435 1672 475 fuerat
1694 449 1702 474 :
1724 440 1772 475 ut

163 497 375 537 verissime
403 497 583 536 scribere
605 497 756 536 Petrus
777 497 982 536 Marsilius
1006 497 1190 547 potuerit
1208 501 1401 538 sanctum
1423 499 1707 539 Raimundum
1725 502 1776 540 de

163 562 393 601 Pennafort
414 576 433 596 «
456 560 661 612 rogavisse
682 561 884 600 eximium
903 562 1120 601 doctorem
1135 562 1272 602 Sacrae
1290 563 1458 614 Paginae
1478 563 1724 615 Magistrum
1738 564 1781 603 in

163 625 389 678 Theologia
409 627 596 664 Fratrem
615 625 821 665 Thomam
843 626 893 665 de
912 625 1093 676 Aquino,
1115 630 1163 665 ut
1182 637 1289 676 opus
1309 627 1479 677 aliquod
1499 627 1658 667 faceret
1677 639 1781 667 con·

163 692 228 729 tra
244 690 476 729 infidelium
498 701 660 729 errores
680 704 718 728 ».

215 755 263 793 In
279 764 474 804 processu
495 754 827 793 Canonizationis
839 754 1024 793 narratio
1045 755 1242 804 quaedam
1260 754 1427 805 legitur,
1454 770 1473 792 «
1493 756 1625 795 Fratri
1642 758 1775 797 Anto-

162 819 233 858 nio
248 819 299 858 de
315 818 486 858 Brixia»
511 818 622 858 facta
647 830 671 858 a
707 832 726 857 «
748 818 874 858 fratre
900 818 1071 858 Nicolao
1094 820 1144 857 de
1174 818 1411 858 Marsiliaco
1428 832 1467 868 »,
1491 831 1586 869 quae
1607 821 1779 860 calculis

162 883 385 923 Ptolomaei
407 882 605 922 Lucensis
625 894 860 934 repugnare
882 882 1061 922 videtur.
1091 882 1225 922 Verba
1254 883 1406 932 refero,
1442 894 1537 934 quae
1572 883 1782 924 habentur

162 947 299 998 capite
318 950 359 996 7,
380 958 498 986 num.
522 949 587 995 67,
611 947 723 998 apud
741 947 933 986 Bollandi
950 947 1286 996 Continuatores,
1310 948 1362 986 ad
1395 947 1507 987 diem
1536 958 1594 987 vn
1626 947 1779 987 mensis

162 1012 325 1051 Martii:
353 1026 371 1049 «
391 1013 535 1051 Frater
550 1011 721 1060 Antoni,
744 1023 819 1063 ego
840 1011 899 1050 fui
922 1022 1019 1050 cum
1039 1012 1167 1051 fratre
1188 1012 1349 1051 Thoma
1360 1011 1528 1051 Parisiis
1546 1024 1556 1059 ;
1581 1015 1623 1052 et
1637 1023 1780 1052 coram

162 1076 248 1116 Deo
269 1076 379 1124 dico,
402 1076 516 1126 quod
535 1086 755 1126 nunquam
774 1076 857 1115 vidi
872 1075 1090 1115 hominem
1110 1079 1239 1116 tantae
1260 1076 1466 1126 puritatis,
1490 1080 1532 1115 et
1559 1081 1781 1126 pauperta-

163 1140 216 1180 tis
236 1143 485 1180 amatorem.
509 1139 602 1188 Qui,
623 1151 721 1180 cum
743 1140 958 1188 scriberet,
981 1144 1024 1179 et
1044 1143 1318 1191 componeret
1338 1138 1498 1178 Librum
1519 1145 1656 1178 contra
1677 1138 1779 1179 Gen-

165 1204 264 1253 tiles,
284 1215 370 1244 non
391 1204 571 1244 habebat
594 1204 783 1252 chartas3
806 1206 876 1245 sed
903 1205 947 1243 in
967 1205 1176 1244 schedulis
1197 1205 1361 1255 scripsit
1380 1205 1516 1253 ipsum
1538 1218 1576 1243 ».
1599 1204 1777 1244 Parisios

166 1269 347 1308 Thomas
367 1269 648 1319 proficiscitur
668 1280 778 1309 anno
800 1271 919 1318 1245,
952 1269 1093 1320 ibique
1130 1270 1244 1321 degit
1279 1270 1329 1307 ad
1364 1269 1489 1308 finem
1524 1269 1622 1308 anni
1659 1269 1778 1318 1248,

167 1344 297 1373 sacrae
315 1333 555 1384 Theologiae
574 1332 742 1374 auditor
772 1331 850 1373 sub
879 1332 1039 1373 Alberti
1059 1333 1197 1385 Magni
1231 1333 1465 1384 disciplina.
1487 1333 1535 1372 In
1571 1332 1776 1383 amplissi-

166 1408 280 1436 mam
301 1397 541 1449 remigravit
562 1397 710 1438 urbem
732 1409 849 1449 anno.
864 1398 982 1446 1253,
1006 1408 1090 1448 quo
1112 1408 1266 1449 agones
1285 1397 1558 1437 scholasticos
1579 1408 1655 1448 pro
1675 1409 1780 1438 asse-

167 1461 336 1512 quendo
359 1461 586 1513 magisterii
607 1462 739 1513 gradu
767 1462 972 1502 sustinere
1007 1461 1149 1513 coepit.
1181 1461 1359 1501 Dissidio
1393 1461 1642 1512 composito,
1665 1461 1780 1513 quod

163 1526 417 1566 Parisienses
437 1526 666 1567 academici
687 1531 906 1567 moverant
925 1531 1074 1567 contra
1103 1528 1270 1566 Fratres
1289 1526 1590 1574 Mendicantes,
1611 1525 1780 1565 nonnisi

163 1601 273 1629 anno
291 1591 410 1639 1256,
444 1593 518 1630 aut
551 1590 799 1640 insequente
831 1590 950 1639 1257,
984 1589 1157 1630 effectus
1189 1589 1540 1639 renuntiatusque
1577 1588 1775 1640 Magister

161 1654 348 1694 scholam
369 1654 609 1705 Theologiae
628 1654 800 1694 nomine
821 1666 896 1694 suo
916 1654 1038 1694 rexit.
1059 1655 1162 1694 Post
1181 1653 1399 1694 biennium
1421 1653 1610 1705 regimen
1624 1652 1778 1693 scholae

161 1730 238 1767 pro
259 1729 376 1758 more
396 1718 520 1758 cessit
538 1718 630 1758 aliis
651 1731 662 1758 ι
686 1718 864 1758 discedit
880 1718 1063 1767 Parisiis,
1098 1718 1311 1770 religionis
1345 1722 1388 1757 et
1416 1718 1580 1757 Ordinis
1611 1719 1781 1770 negotia

158 1781 260 1821 alibi
281 1785 615 1832 pertractaturus
639 1795 648 1821 :
671 1793 720 1822 ac
749 1783 908 1822 demun
939 1784 983 1821 in
1013 1783 1178 1823 Italiam
1214 1782 1453 1830 revertitur,
1486 1783 1599 1822 Petri
1634 1783 1779 1824 cathe-

164 1846 284 1886 dram
312 1850 485 1886 tenente
511 1847 678 1887 Urbano
708 1847 775 1887 IV.
796 1847 858 1886 Ad
880 1846 1019 1897 ipsum
1053 1847 1284 1887 Parisiense
1304 1847 1574 1899 Gymnasium
1594 1848 1779 1889 secunda

161 1911 251 1951 vice
273 1912 519 1963 regendum,
543 1923 653 1952 anno
676 1912 795 1960 1269,
816 1911 967 1951 missus
982 1914 1070 1951 est:
1086 1911 1336 1963 expletoque
1354 1912 1601 1961 munere,in
1613 1912 1778 1953 Italiam

161 1987 271 2016 anno
294 1976 393 2015 1271
417 1976 655 2016 revertitur.
678 1976 796 2016 Hanc
815 1987 894 2027 ego
931 1976 1356 2029 chronolographiam
1376 1976 1420 2015 in
1452 1976 1540 2015 aliis
1573 1976 1776 2017 Disserta—

160 2041 359 2089 tionibus,
397 2045 588 2081 veterum
627 2040 1020 2091 probatissimorum
1054 2042 1226 2081 testium
1255 2041 1351 2090 fide,
1389 2041 1519 2081 veluti
1552 2041 1777 2081 certiorem

163 2105 325 2157 digessi.
348 2106 438 2152 Qua
458 2105 609 2156 posita,
631 2105 790 2145 laudati
823 2105 1047 2156 scriptores
1067 2106 1167 2155 duo,
1198 2106 1455 2145 Ptolomaeus
1486 2106 1698 2155 Lucensis,
1736 2109 1778 2146 et

158 2168 328 2209 Nicolos
350 2169 597 2219 Marsiliaco‚
618 2169 690 2220 qui
707 2169 873 2209 tradere
893 2169 1172 2221 repugnantia
1192 2170 1404 2220 videntur,
1425 2170 1628 2210 facillimo
1650 2183 1777 2223 nego-

159 2234 218 2274 tio
239 2235 426 2274 revocari
447 2235 499 2274 ad
520 2234 790 2274 concordiam
810 2237 999 2284 possunt.
1021 2234 1189 2273 Parisiis
1203 2245 1355 2285 nempe
1371 2238 1464 2285 post
1481 2246 1638 2274 annum
1656 2237 1774 2284 1253,

158 2298 222 2338 vel
262 2298 389 2338 etiam
427 2300 531 2338 1256
545 2330 557 2347 ,
591 2309 695 2349 opus
724 2302 870 2339 contra
903 2298 1084 2338 Gentiles
1113 2299 1254 2339 animo
1289 2299 1539 2338 moliebatur
1567 2300 1748 2339 Thomas
1765 2332 1775 2349 ,

158 2362 382 2413 ipsumque
410 2363 620 2402 delineare
651 2363 881 2413 inceperat,
916 2367 963 2402 ut
993 2363 1189 2402 Nicolaus
1223 2363 1274 2402 de
1302 2363 1534 2403 Marsiliaco
1562 2367 1740 2402 testatur
1765 2376 1774 2401 :

157 2427 271 2476 quod
291 2426 343 2467 ab
363 2426 451 2478 ipso
472 2427 661 2476 demum,
684 2428 837 2468 reduce
851 2428 894 2466 in
905 2427 1084 2475 Italiam,
1105 2430 1198 2477 post
1218 2438 1376 2466 annum
1391 2428 1490 2466 1261
1509 2427 1771 2478 completum

155 2494 219 2530 est
235 2491 571 2542 perfectumque,
589 2496 697 2532 teste
717 2493 966 2532 Ptolomaeo.

209 2555 351 2594 Refert
374 2556 609 2595 Ludovicus
628 2557 953 2606 Valleoletanus‚
978 2568 1028 2596 eo
1060 2557 1314 2607 Aquinatem
1346 2560 1540 2607 tempore
1576 2557 1620 2595 in
1646 2556 1774 2607 hujus

154 2619 293 2668 operis
332 2620 717 2660 elucrubrationem
756 2621 1010 2671 incubuisse,
1049 2632 1147 2661 cum
1178 2622 1230 2661 ad
1260 2632 1448 2661 mensam
1481 2621 1521 2661 S.
1555 2620 1770 2669 Ludovici,

155 2682 412 2722 Francorum
425 2684 825 2736 regis,accumbens‚
845 2686 889 2724 in
903 2698 952 2726 ea
971 2685 1147 2726 verbum
1167 2686 1328 2736 erupit:
1344 2685 1500 2725 «Modo
1522 2684 1771 2725 conclusum

154 2749 218 2791 est
236 2750 383 2787 contra
402 2748 594 2788 haeresim
615 2748 834 2790 Manichaei
852 2762 889 2788 ».
912 2750 959 2789 Id
980 2761 1080 2803 ergo
1101 2750 1316 2799 acciderit,
1343 2760 1441 2789 cum
1467 2749 1632 2788 Parisiis
1663 2761 1771 2800 opus

155 2809 392 2850 delineabat
411 2810 610 2861 Thomas,
625 2823 775 2864 regens
788 2812 923 2862 prima
937 2813 1026 2854 vice
1041 2814 1313 2865 Gymnasium
1327 2812 1661 2862 Saniacobaeum‚
1677 2816 1771 2863 post

153 2884 313 2914 annum
328 2875 448 2924 1254,
463 2886 548 2925 quo
565 2876 608 2914 in
619 2886 799 2928 regnum
818 2887 867 2916 ex
883 2876 1052 2918 Oriente
1067 2878 1365 2930 remigraverat
1381 2888 1452 2917 rex
1466 2876 1766 2917 sanctissimus.
