1894 3223
668 134 754 170 Lm.
785 135 841 176 lv,
870 134 969 169 CAP.
997 133 1142 169 xxxw.
1645 133 1714 170 549

95 218 318 266 speciebus,
340 216 519 264 quaelihet
542 216 760 253 differentia
781 214 1006 251 essentialis
1027 214 1157 251 addita
1177 213 1237 250 vel
1259 213 1460 250 subtracta
1478 212 1602 249 variat
1621 221 1712 258 spe-

95 267 211 307 ciem,
234 266 337 303 sicut
356 265 395 300 in
421 264 597 300 numeris
623 263 767 299 unitas.
787 262 988 298 Rationale
1021 264 1151 298 autem
1183 264 1244 297 est
1269 259 1491 297 differentia
1510 259 1709 306 specifica.

96 314 135 352 Si
156 313 274 360 igitur
294 312 334 348 in
357 311 509 347 Christo
532 311 603 347 suit
623 311 755 347 anima
787 309 976 346 sensitiva
1010 309 1096 345 sinc
1116 308 1288 350 ratione,
1318 316 1397 343 non
1429 307 1502 343 suit
1534 306 1712 352 ejusdem

96 359 239 407 speciei
260 367 349 395 cum
376 358 507 394 anima
527 362 677 401 nostra,
699 366 785 403 quie
807 360 865 393 est
882 356 1073 392 rationem
1094 354 1260 391 habens.
1276 355 1352 390 Nec
1372 354 1457 399 ipse
1475 353 1594 401 igitur
1609 352 1713 391 Chri·

96 412 184 445 stus
206 405 278 442 suit
298 405 475 450 ejusdcm
500 405 645 451 speciei
666 404 888 440 nobiscum.

139 452 287 496 Adhuc,
307 452 409 488 inter
430 452 536 497 ipsas
560 452 714 488 animas
734 450 943 487 sensitivas
963 449 1114 486 ratione
1134 449 1314 486 carentes
1343 447 1549 485 diversitas
1570 456 1713 485 secun-

99 499 193 538 dum
217 499 387 545 speciem
411 499 561 543 existit;
585 498 690 545 quod
703 500 865 544 patetex
881 496 1118 533 animalibus
1134 494 1542 541 irrationalibus‚quae
1557 493 1715 532 abinvi-

95 555 181 585 cem
192 546 322 592 specie
336 545 713 591 ditl‘erunt‚quorum
728 547 858 580 tamen
871 542 1180 589 unumquodque
1193 541 1411 579 secundum
1426 542 1623 587 propriam
1635 541 1716 578 ani-

97 602 204 631 mam
218 593 389 639 speciem
406 593 534 629 habet.
546 593 606 629 Sic
620 589 1234 639 igituranimasensitivaratione
1246 598 1384 625 carens
1395 591 1454 625 est
1465 589 1578 638 quasi
1590 597 1714 626 unum

97 648 225 689 genus
240 640 315 677 sub
330 649 371 677 se
388 641 520 686 plures
532 639 684 685 species
699 637 1053 683 comprehendens.
1064 636 1164 673 Nihil
1181 639 1309 672 autem
1327 636 1438 672 estin
1451 644 1593 682 genere
1609 634 1715 682 quod

96 696 180 725 non
198 687 250 726 sit
271 688 311 725 in
334 687 467 733 aliqua
487 687 571 732 ejus
592 686 735 731 specie.
752 685 788 721 Si
806 685 926 730 igitur
939 684 1070 721 anima
1088 683 1230 720 Christi
1252 682 1324 719 fuit
1339 683 1379 719 in
1401 691 1545 730 genere
1572 682 1714 720 animae

97 735 298 772 sensitivae
319 735 470 771 ratione
485 734 670 777 carentis,
693 734 891 778 oporteret
911 731 1016 778 quod
1036 730 1303 767 contineretur
1324 729 1397 766 sub
1417 729 1548 775 aliqua
1568 729 1716 774 specie-

98 791 184 819 rum
208 781 308 825 ciuS‚
331 784 462 827 utpote
484 780 588 827 quod
608 779 724 817 suerit
746 780 785 815 in
809 779 939 824 specie
958 778 1100 815 animae
1120 776 1248 814 leonis
1270 776 1331 813 vel
1351 777 1441 823 equi
1460 779 1527 813 aut
1546 775 1714 822 alicujus

103 829 264 866 alterius
286 829 450 871 belluam
473 827 577 874 quod
600 830 659 863 cst
677 826 838 863 omnino
861 825 1090 862 absurdum.

145 876 326 921 Amplius,
350 884 495 920 eorpus
515 876 765 920 eomparatur
796 873 843 910 ad
877 873 1047 909 animam
1078 871 1179 909 sicut
1207 870 1371 908 materia
1399 870 1447 907 ad
1482 870 1645 907 formam
1677 873 1715 908 et

99 922 203 959 sicut
223 923 529 959 instrumentum
551 922 599 958 ad
616 920 828 967 principale
849 928 985 966 agens.
1000 919 1159 965 Oportet
1177 920 1306 955 autem
1327 917 1530 954 materiam
1551 925 1714 963 propor-

98 969 286 1006 tionatam
308 978 397 1006 esse
420 970 567 1011 i‘orrnae,
590 973 627 1005 et
656 968 962 1004 instrumentum
982 965 1186 1012 principali
1207 965 1351 1017 agenti.
1374 967 1474 1011 Ergo
1494 964 1715 1002 seeundum

99 1016 366 1053 diversitatem
389 1016 608 1052 animarum
629 1017 782 1060 oportet
807 1018 845 1050 et
874 1021 1084 1059 corporum
1105 1013 1368 1050 diversitatem
1390 1021 1505 1055 esse;
1540 1011 1645 1058 quod
1678 1013 1716 1048 et

99 1063 318 1100 secundum
338 1072 500 1099 sensum
522 1066 702 1107 apparet;
725 1061 875 1097 namin
906 1060 1071 1097 diversis
1104 1059 1344 1096 animalibus
1374 1058 1629 1095 inveniuntur
1659 1057 1715 1094 di-

98 1118 222 1146 versae
243 1109 528 1155 dispositiones
544 1108 826 1151 membrorum,
842 1107 1061 1144 secundum
1076 1107 1179 1153 quod
1200 1106 1440 1142 conveniunt
1456 1106 1622 1141 diversis
1641 1104 1716 1141 dis—

97 1156 362 1203 positionibus
382 1157 616 1192 animarum.
631 1155 775 1201 Siergo
790 1154 829 1190 in
851 1153 1004 1191 Christo
1020 1162 1100 1190 non
1118 1154 1193 1190 fuit
1211 1153 1342 1189 anima
1363 1153 1490 1198 qualis
1511 1156 1571 1188 est
1585 1152 1717 1188 anima

100 1207 252 1247 nostra,
273 1212 346 1240 nec
365 1202 541 1239 membra
566 1201 771 1238 habuisset
790 1200 892 1238 sicut
912 1203 1006 1238 sunt
1023 1200 1200 1237 membra
1218 1199 1407 1236 humana.

146 1251 337 1291 Praeterea,
361 1259 496 1296 quum,
519 1248 737 1286 secundum
755 1247 1035 1294 Apollinarem,
1054 1247 1223 1284 Verbum
1246 1246 1313 1283 Dei
1336 1246 1388 1283 sit
1406 1255 1524 1283 verus
1545 1247 1662 1289 DeuS‚
1681 1246 1716 1282 ei

99 1296 305 1335 admiratio
343 1300 566 1342 competere
597 1305 678 1332 non
710 1297 867 1341 potest;
905 1303 994 1332 nam
1026 1303 1073 1331 ea
1104 1294 1346 1331 admiramur
1365 1301 1534 1340 quorum
1553 1300 1715 1330 causam

100 1343 347 1392 ignoramus.
369 1343 552 1380 Similiter
571 1345 700 1380 autem
724 1351 795 1379 nec
821 1341 1028 1379 admiratio
1057 1342 1200 1379 animae
1234 1340 1430 1378 sensitivae
1463 1342 1715 1385 competeret,

102 1400 225 1438 quum
247 1391 294 1428 ad
313 1391 483 1428 animam
503 1390 733 1427 sensitivam
755 1398 835 1426 non
855 1389 1048 1434 pertineat
1066 1388 1266 1425 sollicitari
1288 1387 1334 1424 de
1367 1387 1596 1434 cognitione
1622 1396 1714 1423 cau-

101 1447 251 1475 sarum.
275 1440 317 1475 In
338 1437 491 1474 Christo
522 1440 652 1474 autem
684 1436 889 1473 admiratio
924 1436 1009 1481 suit,
1040 1435 1143 1473 sicut
1171 1445 1219 1472 ex
1252 1435 1471 1481 Evangeliis
1504 1433 1715 1479 probatur;

100 1485 242 1522 dicitur
261 1485 364 1521 enim
386 1484 490 1531 quod
511 1485 663 1519 audiens
682 1485 782 1520 Jesus
801 1483 920 1519 verba
934 1482 1182 1520 centurionis
1198 1483 1352 1518 miratus
1371 1484 1435 1517 est.
1452 1481 1611 1526 (Matth.,
1625 1489 1715 1525 vm,

101 1531 175 1578 10.)
197 1532 357 1577 Oportet
386 1532 519 1577 igitur,
551 1535 690 1577 praete1¹
715 1530 954 1567 divinitatem
987 1529 1100 1566 Verbi
1126 1533 1165 1566 et
1194 1529 1365 1566 animam
1397 1528 1640 1571 sensitivam,
1674 1527 1717 1563 in

100 1578 256 1616 Christo
289 1578 436 1625 aliquid
470 1587 615 1623 ponere
649 1577 867 1614 secundum
898 1577 1003 1623 quod
1037 1576 1244 1613 admiratio
1274 1576 1310 1613 ei
1339 1579 1562 1620 competere
1589 1574 1718 1620 possit

100 1625 252 1663 scilicet
271 1630 441 1662 mentem
460 1624 690 1661 humanam.
719 1625 967 1660 Manifestum
989 1627 1049 1660 est
1074 1623 1193 1670 igitur
1223 1632 1272 1659 ex
1305 1622 1503 1669 praedictis
1535 1621 1641 1669 quod
1674 1622 1716 1657 in

98 1671 257 1710 Christo
277 1681 410 1709 verum
430 1680 575 1717 corpus
595 1671 813 1708 humanum
834 1674 871 1707 et
889 1680 981 1707 vera
998 1670 1130 1708 anima
1153 1670 1329 1707 humana
1347 1670 1431 1706 suit.

148 1719 212 1756 Sic
231 1719 350 1766 igitur
366 1719 472 1765 quod
491 1721 665 1756 loannes
685 1712 780 1755 dicit
798 1719 868 1754 :Et
891 1718 1046 1754 Verbum
1069 1727 1152 1754 caro
1179 1719 1318 1761 factum
1342 1719 1394 1753 est
1413 1716 1572 1762 (haim,
1593 1724 1620 1753 1.
1642 1715 1716 1760 14),

102 1774 184 1804 non
205 1766 260 1803 sic
276 1766 512 1813 intelligitur
537 1766 652 1812 quasi
681 1765 850 1802 Verbum
883 1765 934 1802 sit
963 1766 1005 1801 in
1037 1772 1477 1808 carnem-conversum,
1509 1772 1637 1809 neque
1658 1763 1717 1800 sie

105 1813 212 1860 quod
233 1813 399 1850 Verbum
428 1821 586 1849 carnem
619 1812 746 1850 solam
779 1811 1040 1857 assumpserit
1067 1814 1135 1848 aut
1162 1811 1334 1849 animam
1366 1811 1597 1848 sensitivam
1631 1810 1717 1847 sine

102 1862 259 1904 mente;
289 1860 373 1905 sed,
404 1860 624 1896 secundum
656 1862 890 1896 consuetum
919 1859 1125 1904 scripturae
1155 1858 1331 1902 modum,
1354 1858 1515 1904 ponitur
1533 1865 1625 1903 pars
1645 1864 1717 1902 pro

98 1910 197 1952 toto,
222 1910 264 1944 ut
282 1906 338 1944 sic
359 1906 505 1943 dictum
528 1906 578 1943 sit
598 1918 607 1943 :
631 1907 785 1943 Verbum
804 1916 886 1942 caro
905 1907 1046 1950 factum
1065 1908 1130 1950 est,
1151 1915 1197 1942 ae
1216 1905 1250 1942 si
1280 1905 1476 1942 diceretur
1499 1916 1509 1942 z
1544 1903 1715 1940 Verbum

99 1953 221 1991 homo
239 1954 383 1991 sactum
405 1958 478 1991 est.
496 1955 592 1990 Nam
613 1955 651 1990 et
669 1953 801 1990 anima
819 1953 1016 1990 interdum
1045 1952 1206 1999 ponitur
1234 1961 1305 1998 pro
1335 1951 1496 1988 homine
1523 1950 1565 1988 in
1593 1950 1719 1996 Scrip-

98 2003 210 2046 tura;
242 2001 386 2037 dicitur
405 2001 508 2037 enim
530 2010 538 2035 τ
569 2002 687 2036 Erant
721 2010 838 2036 omues
867 2001 997 2036 animae
1019 2009 1139 2035 eorum
1173 2001 1238 2045 qui
1261 2000 1395 2044 eqressz'
1422 2001 1507 2034 sunt
1526 1999 1568 2033 de
1587 2000 1721 2041 femore

98 2048 207 2100 Jacob
223 2049 455 2093 septuaqinta
475 2047 621 2093 (Eoeod.,
642 2056 669 2091 Ι,
692 2047 727 2093 5)
745 2058 754 2091 ;
776 2047 956 2084 similiter
973 2047 1091 2084 etiam
1109 2049 1147 2083 et
1166 2056 1258 2084 caro
1278 2055 1349 2093 pro
1370 2048 1453 2082 toto
1473 2044 1632 2082 homine
1652 2053 1719 2090 po·

100 2098 230 2140 nltur;
252 2095 396 2131 dicitur
414 2094 519 2130 enim
542 2104 551 2129 z
576 2094 720 2130 Videbit
736 2095 850 2130 omnis
869 2104 952 2130 caro
966 2096 1111 2140 pariter
1135 2094 1231 2139 quod
1259 2103 1296 2129 os
1314 2094 1461 2129 Domini
1480 2093 1635 2128 locutum
1652 2093 1716 2127 est.

101 2140 219 2188 (Isai.,
238 2149 301 2185 XL,
322 2141 372 2187 5.)
393 2141 457 2177 Sic
479 2141 602 2188 igitur
620 2144 656 2177 et
676 2140 742 2177 hic
759 2150 850 2178 caro
866 2150 938 2187 pro
958 2143 1042 2178 toto
1062 2140 1225 2177 homine
1244 2140 1404 2186 ponitur
1423 2139 1472 2177 ad
1494 2139 1715 2185 exprimen-

67 2198 75 2208 ⁸
101 2187 192 2226 dam
212 2187 396 2225 humanae
414 2189 562 2224 naturae
579 2186 859 2232 infirmitatem,
876 2196 995 2234 quam
1014 2187 1181 2224 Verbum
1203 2187 1434 2232 assumpsit.

81 2225 90 2279 l
147 2235 185 2273 Si
207 2239 338 2272 autem
355 2235 534 2271 Christus
552 2234 766 2271 humanam
800 2243 960 2271 carnem
993 2238 1031 2271 et
1057 2233 1273 2271 humanam
1307 2233 1479 2271 animam
1504 2231 1654 2277 habuit,
1676 2234 1720 2269 ut

101 2285 309 2320 ostensum
333 2285 405 2326 est,
428 2280 683 2318 manifestum
704 2285 764 2318 est
784 2282 957 2318 animam
985 2281 1129 2318 Christi
1161 2289 1244 2318 non
1272 2279 1400 2318 fuisse
1426 2281 1517 2317 ante
1537 2278 1718 2325 corporis

101 2329 188 2376 ejus
207 2329 522 2375 conceptionem.
545 2328 758 2365 ostensum
779 2331 839 2364 est
858 2328 963 2364 enim
984 2327 1024 2373 (l.
1044 2336 1086 2370 11,
1107 2337 1143 2365 c.
1164 2327 1225 2374 83)
1245 2327 1351 2374 quod
1370 2326 1556 2364 humanae
1574 2326 1716 2363 animae

100 2376 273 2422 propriis
292 2375 525 2421 corporibus
568 2383 647 2412 non
673 2375 941 2420 praeexistunt.
962 2374 1071 2411 Unde
1099 2376 1205 2421 patet
1235 2373 1382 2412 falsum
1416 2382 1506 2411 esse
1538 2371 1716 2420 Origenis

101 2422 247 2474 dogma
263 2422 428 2460 dicentis
450 2422 623 2459 animam
645 2421 787 2459 Christi
809 2421 857 2458 ab
883 2421 995 2458 initio
1025 2425 1115 2458 ante
1149 2421 1378 2467 corporales
1406 2423 1607 2458 creaturas
1627 2427 1717 2456 cum

101 2468 289 2506 omnihus
309 2470 398 2506 aliis
415 2468 607 2505 creaturis
628 2468 902 2514 spiritualibus
921 2471 1107 2513 creatam,
1129 2471 1167 2504 et
1185 2477 1208 2505 a
1227 2467 1353 2504 Verbo
1366 2467 1434 2504 Dei
1455 2469 1716 2512 assumptam,

101 2515 335 2599 etddemum
364 2516 470 2553 circa
494 2514 614 2553 finem
655 2515 893 2553 saeculorum
923 2523 996 2562 pro
1028 2515 1157 2553 salute
1186 2514 1395 2552 hominum
1440 2522 1558 2552 carne
1594 2513 1717 2550 fuisse

102 2571 144 2599 in
177 2572 200 2599 u
220 2570 299 2599 am.

719 2643 887 2686 CAPUT
913 2643 1093 2686 XXXIV.

150 2755 197 2784 οΕ
221 2754 376 2784 ERRORE
399 2753 594 2783 'rnssonom
617 2751 886 2783 MOPSUESTENI
908 2751 1026 2782 crneA
1049 2751 1227 2782 UNIONEM
1249 2752 1371 2782 vnum
1394 2752 1448 2781 An
1473 2751 1667 2781 ΗΟΜΙΝΕΜ.

149 2847 203 2883 Ex
220 2845 440 2893 praemissis
457 2844 580 2892 igitur
596 2846 757 2891 apparet
773 2842 880 2891 quod
898 2841 1053 2881 Christo
1073 2852 1146 2881 nee
1179 2843 1311 2882 divina
1342 2847 1485 2882 natura
1518 2844 1655 2889 defuit,
1675 2845 1721 2880 ut

103 2890 241 2938 Ebion,
275 2892 482 2930 cerinthus
510 2894 550 2929 et
586 2891 778 2929 Photinus
810 2890 1013 2938 dixerunt,
1039 2899 1114 2929 nec
1140 2899 1278 2929 verum
1307 2900 1453 2938 corpus
1482 2890 1719 2936 humanum,
