1894 3223
159 143 229 179 584
767 138 854 172 LIB.
883 138 942 180 tv,
970 138 1071 172 UAP.
1098 138 1186 173 le.

156 233 224 263 cre
233 226 431 260 aturarum
449 220 730 266 praetermisso,
741 218 884 264 spretis
903 217 1020 254 etiam
1031 218 1300 263 voluptatibus
1314 219 1445 256 carnis
1461 221 1498 255 et
1512 219 1789 264 corporalibus

156 269 364 311 omnibus,
386 267 434 303 ad
453 266 585 304 solum
609 268 733 303 Deum
752 264 963 302 colendum
985 273 1028 300 se
1050 264 1354 310 dedicaverunt;
1382 266 1422 301 in
1449 274 1529 312 quo
1560 266 1648 303 solo
1668 265 1789 303 beati-

156 315 318 357 tudinis
337 313 671 360 complementum
708 314 950 357 exspectant,
979 311 1199 348 secundum
1233 312 1337 357 quod
1367 312 1582 357 Apostolus
1617 317 1784 349 monet:

156 366 208 408 Qu
226 372 257 398 ει)
276 371 419 397 szcrszcm
439 363 523 396 sunt
540 362 700 405 quaerite,
720 359 785 395 ubi
804 359 966 396 Christus
996 360 1049 394 est
1075 358 1225 394 deceta-a
1254 360 1320 394 Dei
1350 360 1501 403 seden33
1535 369 1614 405 quae
1643 369 1787 396 sursum

157 413 248 447 sunt
263 409 389 454 sapite,
409 418 482 444 non
500 417 578 453 quae
595 417 703 453 super
731 409 878 444 terram.
901 405 1061 450 (Coloss.,
1080 414 1140 450 111,
1164 408 1196 449 1,
1213 404 1265 450 2.)

202 456 352 498 Adhuc,
375 455 468 501 quia
486 454 688 491 beatitudo
706 453 879 499 perfecta
896 451 1073 489 hominis
1093 452 1134 488 in
1155 451 1223 488 tali
1249 452 1475 499 cognitione
1507 453 1576 490 Dei
1603 454 1788 491 consistit

155 513 247 552 quae
269 502 494 540 facultatem
516 501 647 538 omnis
665 501 891 537 intellectus
911 499 1031 536 creati
1053 499 1218 538 excedit,
1250 503 1294 535 ut
1322 502 1527 537 ostensum
1562 505 1624 538 est
1661 501 1702 547 (l.
1724 509 1784 543 111,

154 560 189 588 c.
219 553 261 587 37
285 552 323 585 ct
343 549 458 595 seq.)‚
490 548 761 585 necessarium
790 547 863 583 fuit
882 546 1092 593 quamdam
1122 545 1351 592 hujusmodi
1384 548 1624 594 cognitionis
1661 548 1787 594 praeli-

153 597 364 635 bationem
383 597 423 632 in
444 595 605 632 homine
625 603 727 638 esse,
753 603 831 641 qua
856 593 1088 640 dirigeretur
1115 593 1156 629 in
1184 593 1292 629 illam
1329 593 1615 639 plenitudinem
1648 595 1786 642 cogni-

159 644 285 682 tionis
306 643 450 687 beatze;
474 642 580 689 quod
609 642 768 689 quidem
793 640 836 677 fit
865 649 934 687 per
962 639 1093 679 fidem,
1115 643 1159 677 ut
1188 643 1395 677 ostensum
1425 644 1486 678 est
1507 641 1547 686 (l.
1572 649 1630 685 111,
1651 651 1686 679 c.
1707 642 1787 688 40.)

163 690 438 738 cognitionem
459 693 590 726 autem
611 698 690 736 qua
706 688 826 725 bomo
852 688 892 724 in
919 687 1103 724 ultimum
1134 686 1254 724 finem
1294 686 1477 734 dirigitur
1508 691 1661 734 oportet
1694 697 1786 726 esse

163 738 441 781 certissimam,
457 746 504 774 eo
525 736 630 783 quod
651 740 710 773 est
730 735 967 781 principium
989 734 1167 771 omnium
1189 742 1275 780 quae
1291 734 1526 771 ordinantur
1542 735 1580 770 in
1601 735 1785 772 ultimum

162 785 296 829 finem,
317 784 419 821 sicut
438 787 477 821 et
493 783 686 829 principia
706 783 937 820 naturaliter
954 786 1050 818 nota
1078 781 1303 818 certissima
1324 785 1429 818 sunt.
1465 782 1693 818 Certissima
1714 792 1784 819 au-

164 835 241 870 tem
273 831 450 878 cognitio
486 830 656 877 alicujus
678 839 767 867 esse
789 838 870 866 non
901 832 1046 876 potest,
1068 828 1145 866 nisi
1176 828 1238 864 vel
1270 828 1368 865 illud
1399 828 1451 865 sit
1470 838 1540 874 per
1566 838 1609 866 se
1630 834 1786 874 notum,

164 880 268 918 sicut
288 880 414 925 prima
435 878 789 915 demonstrationis
810 876 1015 923 principia,
1035 875 1096 912 vel
1130 876 1172 912 in
1202 885 1248 912 ea
1279 885 1366 922 quae
1400 885 1469 921 per
1502 885 1544 913 se
1576 881 1671 912 nota
1692 880 1786 913 sunt

164 927 398 966 resolvatur,
421 925 590 972 qualiter
622 925 738 961 nobis
770 924 992 961 certissima
1024 926 1084 960 est
1123 922 1472 960 demonstrationis
1501 923 1722 960 conclusio.
1742 923 1786 960 Id

165 978 296 1011 autem
324 972 430 1019 quod
461 972 508 1009 de
546 973 627 1009 Deo
660 971 775 1009 nobis
807 981 876 1017 per
908 970 1023 1007 fidem
1053 969 1268 1006 tenendum
1299 969 1534 1016 proponitur
1551 979 1632 1007 non
1653 974 1790 1008 potest

166 1030 254 1058 esse
272 1020 424 1057 homini
446 1028 516 1065 per
535 1027 578 1056 se
599 1022 752 1063 notum,
774 1027 895 1064 quum
915 1017 1140 1054 facultatem
1171 1016 1335 1054 humani
1361 1017 1587 1054 intellectus
1607 1018 1784 1055 excedat.

166 1068 345 1114 Oportuit
372 1067 494 1114 igitur
515 1066 591 1104 hoc
606 1065 759 1103 homini
775 1064 1021 1102 manifestari
1046 1073 1115 1109 per
1133 1073 1222 1101 eum
1241 1064 1304 1101 cui
1326 1063 1376 1101 sit
1395 1073 1464 1110 per
1492 1073 1535 1101 se
1553 1066 1706 1101 notum.
1727 1066 1788 1109 Et,

166 1115 347 1162 quamvis
368 1113 553 1151 omnibus
574 1112 748 1150 divinam
772 1113 987 1150 essentiam
1008 1111 1233 1148 videntibus
1259 1111 1312 1148 sit
1339 1111 1634 1158 quodammodo
1654 1121 1725 1157 per
1741 1121 1785 1149 se

166 1166 321 1206 notum,
342 1165 476 1198 tamen
495 1160 544 1198 ad
566 1160 825 1198 certissimam
856 1159 1125 1205 cognitionem
1156 1157 1378 1195 habendam
1400 1158 1573 1204 oportuit
1591 1159 1787 1196 reductio-

166 1217 258 1245 nem
277 1208 362 1245 fieri
383 1209 422 1244 in
444 1207 614 1253 primum
633 1207 754 1253 hujus
774 1206 1014 1254 cognitionis
1035 1205 1289 1257 principium,
1309 1204 1460 1242 scilicet
1490 1205 1531 1257 in
1560 1207 1700 1251 Deum,
1719 1206 1786 1243 cui

166 1260 226 1293 est
247 1255 477 1292 naturaliter
496 1263 565 1301 per
585 1263 628 1292 se
655 1257 793 1291 notum
821 1257 858 1290 et
877 1262 900 1290 a
919 1261 998 1300 quo
1017 1252 1203 1289 omnibus
1223 1252 1461 1296 innotescit3
1487 1255 1591 1289 sicut
1610 1256 1649 1290 et
1668 1253 1788 1290 certi·

166 1302 260 1340 tudo
279 1302 455 1340 scientiae
477 1310 558 1338 non
578 1300 745 1338 habetur
761 1300 838 1338 nisi
857 1309 927 1346 per
942 1299 1226 1336 resolutionem
1245 1299 1283 1335 in
1313 1299 1441 1344 prima
1461 1299 1656 1345 principia
1672 1300 1786 1337 inde—

166 1349 453 1387 monstrabilia.
474 1348 655 1393 oportuit
674 1348 795 1395 igitur
825 1347 1043 1390 hominem,
1066 1347 1113 1383 ad
1143 1347 1356 1392 perfectam
1388 1346 1661 1384 certitudinem
1692 1355 1787 1384 con-

167 1396 408 1444 sequendam
428 1396 474 1432 de
495 1395 584 1431 fidei
604 1395 781 1438 veritate,
801 1394 849 1431 ab
868 1395 956 1439 ipso
988 1395 1068 1430 Deo
1101 1393 1244 1429 instrui
1275 1392 1438 1430 homine
1460 1393 1578 1445 facto,
1600 1396 1644 1430 ut
1662 1392 1787 1431 homo

166 1443 386 1481 secundum
407 1442 568 1479 moduni
589 1442 805 1478 humanum
831 1441 1003 1477 divinam
1030 1440 1333 1477 instructionem
1361 1443 1608 1485 perciperet3
1643 1444 1682 1477 et
1709 1440 1788 1478 hoc

169 1494 228 1528 est
255 1490 360 1537 quod
395 1489 564 1525 dicitur:
586 1491 698 1524 Deum
731 1498 831 1524 izemo
857 1488 953 1523 vidit
982 1497 1144 1533 unquam
1165 1498 1176 1520 ε
1198 1487 1410 1531 Uniqenitus
1427 1488 1557 1532 Filius,
1579 1489 1644 1532 qui
1669 1491 1722 1524 est
1746 1490 1788 1524 in

164 1540 249 1573 sinu
269 1537 403 1577 Patris,
428 1538 504 1581 ipse
523 1538 711 1571 enarravit
731 1535 890 1581 (Joctnn.,
907 1544 935 1579 1,
953 1534 1010 1580 18)
1028 1546 1037 1579 ;
1054 1538 1092 1570 et
1111 1534 1196 1580 ipse
1216 1534 1409 1571 Dominus
1428 1533 1521 1571 dicit
1540 1545 1549 1571 :
1571 1536 1648 1579 qu
1660 1536 1702 1570 in
1721 1534 1788 1572 hoc

165 1587 272 1620 vinitas
290 1594 368 1619 sum
388 1585 419 1618 et
436 1583 484 1618 ad
504 1583 567 1618 hoc
584 1584 668 1618 veni
686 1584 724 1618 in
738 1582 926 1623 mundum,
940 1584 980 1617 ut
993 1582 1234 1617 testimonium
1240 1581 1450 1626 perhibeam
1459 1582 1608 1617 veritati
1637 1582 1786 1623 Joann„

165 1639 282 1675 xviii,
305 1632 364 1677 37)
380 1642 389 1674 3
407 1632 566 1676 propter
585 1628 690 1676 quod
710 1629 904 1670 videmus,
925 1632 1018 1675 post
1033 1628 1176 1665 Christi
1207 1628 1539 1675 incarnationem,
1558 1628 1618 1665 evi
1650 1629 1786 1667 entius

166 1682 203 1715 et
226 1678 372 1715 certius
390 1677 575 1714 homines
594 1677 635 1713 in
657 1676 789 1714 divina
803 1676 1031 1723 cognitione
1051 1685 1140 1713 esse
1157 1675 1389 1720 instructos,
1412 1674 1632 1713 secundum
1652 1675 1753 1713 illud
1775 1688 1786 1713 :

164 1726 312 1771 Repleta
333 1727 385 1761 est
402 1728 499 1760 terra
512 1725 664 1760 scientia
682 1725 842 1760 Domini.
861 1724 978 1770 (1saz'.,
1000 1731 1056 1764 XI,
1080 1722 1138 1769 9.)

213 1774 312 1816 Item,
350 1780 469 1818 quum
504 1771 707 1808 beatitudo
735 1770 912 1808 hominis
943 1770 1118 1816 perfecta
1143 1770 1185 1806 in
1217 1769 1349 1807 divina
1368 1769 1556 1808 fruitione
1575 1771 1786 1816 consistat,

166 1819 339 1865 oportuit
361 1818 545 1855 affectum
566 1818 739 1855 hominis
759 1818 808 1855 ad
840 1817 1081 1855 desiderium
1109 1817 1249 1854 divinae
1270 1816 1471 1854 fruitionis
1491 1817 1664 1863 disponi,
1682 1819 1788 1856 sicut

164 1866 346 1903 videmus
366 1865 519 1902 homini
545 1865 798 1902 beatitudinis
833 1864 1075 1902 desiderium
1102 1864 1333 1901 naturaliter
1364 1864 1513 1901 inesse.
1539 1865 1787 1902 Desiderium

167 1916 297 1950 autem
320 1912 521 1949 fruitionis
539 1912 707 1959 aliquus
728 1912 783 1949 rei
803 1922 850 1948 ex
877 1921 1010 1948 amore
1041 1911 1150 1948 illius
1179 1911 1236 1947 rei
1266 1913 1467 1948 causatur.
1502 1911 1783 1949 Necessarium

163 1959 283 2006 igitur
303 1959 374 1996 fuit
395 1959 612 1998 hominem,
646 1959 695 1996 ad
714 1958 1228 2005 perfectam-beatitudinem
1258 1957 1499 1996 tendentem.
1525 1958 1574 1995 ad
1607 1967 1785 1996 amorem

167 2006 343 2043 divinum
360 2006 506 2043 induci.
527 2005 628 2042 Nihil
649 2009 781 2043 autem
801 2006 859 2042 sic
880 2005 928 2042 ad
947 2013 1123 2042 amorem
1143 2004 1311 2051 alicujus
1332 2013 1407 2042 nos
1426 2005 1579 2042 inducit
1598 2005 1702 2043 sicut
1718 2015 1786 2043 ex-

165 2053 428 2099 perimentum
450 2053 598 2089 amoris
626 2052 735 2089 illius
765 2052 813 2089 ad
849 2061 938 2090 nos.
970 2055 1091 2089 Amor
1122 2055 1253 2089 autem
1279 2051 1347 2088 Dei
1379 2051 1426 2088 ad
1453 2051 1640 2089 homines
1672 2053 1785 2090 nullo

164 2100 284 2137 modo
306 2099 506 2136 efficacius
526 2099 680 2136 bomini
701 2100 829 2146 potuit
848 2098 1112 2136 demonstrari
1134 2108 1252 2146 quam
1280 2107 1351 2145 per
1385 2098 1461 2136 hoc
1491 2099 1597 2145 quod
1631 2099 1787 2137 homini

166 2147 268 2184 uniri
287 2147 411 2183 voluit
430 2147 470 2183 in
491 2155 687 2192 persona;
710 2151 770 2183 est
790 2147 893 2183 enim
912 2146 1114 2192 proprium
1147 2145 1297 2183 amoris
1327 2145 1442 2182 unire
1471 2150 1671 2184 amantem
1690 2156 1782 2184 cum

165 2196 309 2238 amato,
326 2194 368 2230 in
389 2197 578 2240 quantum
594 2193 788 2239 possibile
808 2197 880 2231 est.
900 2193 1176 2230 Necessarium
1197 2193 1317 2239 igitur
1333 2192 1409 2230 fuit
1428 2193 1595 2239 homini,
1616 2193 1665 2231 ad
1684 2193 1788 2232 bea-

164 2241 375 2278 titudinem
395 2240 606 2287 perfectam
627 2240 818 2283 tendenti,
841 2240 947 2289 quod
967 2242 1073 2278 Deus
1093 2240 1351 2277 fierethomo.

211 2288 394 2333 Amplius,
415 2297 536 2334 quum
555 2287 727 2325 amicitia
747 2288 789 2324 in
810 2288 980 2335 quadam
1001 2287 1224 2335 aequalitate
1249 2287 1458 2331 consistat,
1487 2297 1535 2326 ea
1568 2297 1657 2335 quae
1681 2288 1788 2326 mul·

163 2338 247 2371 tum
266 2334 476 2381 inaequalia
493 2337 587 2372 sunt
605 2335 645 2372 in
665 2335 840 2372 amicitia
865 2335 1041 2381 copulari
1062 2343 1143 2371 non
1161 2343 1282 2381 posse
1308 2334 1504 2372 videntur.
1525 2334 1581 2373 Ad
1603 2335 1679 2373 hoc
1710 2335 1788 2382 igi·

162 2384 227 2418 tur
246 2382 351 2428 quod
373 2382 606 2419 familiarior
625 2382 799 2419 amicitia
822 2385 928 2420 esset
960 2383 1062 2419 inter
1093 2381 1298 2418 hominem
1330 2385 1369 2418 et
1394 2382 1534 2426 Deum,
1570 2381 1788 2428 expediens

163 2428 236 2467 fuit
254 2428 407 2466 homini
428 2428 534 2476 quod
558 2431 663 2466 Deus
681 2429 792 2467 fieret
809 2429 945 2474 homo,
966 2429 1060 2476 quia
1079 2429 1195 2466 etiam
1217 2428 1450 2466 naturaliter
1477 2429 1599 2466 homo
1634 2429 1785 2467 homini

164 2475 315 2514 amicus
348 2479 420 2516 est,
434 2480 486 2528 'ut
514 2475 584 2521 sic,
607 2475 701 2513 dum
728 2476 938 2514 visibiliter
971 2478 1096 2513 Deum
1128 2476 1427 2523 cognoscimus,
1447 2474 1489 2512 in
1522 2475 1785 2515 invisibilium

163 2531 339 2559 amorem
358 2532 570 2569 rapiamur.

210 2569 396 2607 Similiter
419 2570 535 2607 etiam
569 2570 827 2608 manifestum
856 2573 918 2607 est
945 2571 1051 2617 quod
1082 2570 1285 2608 beatitudo
1304 2569 1460 2607 virtutis
1480 2573 1542 2608 est
1561 2570 1784 2616 praemium.

163 2615 324 2667 Oportet
343 2617 465 2664 igitur
485 2617 534 2654 ad
558 2616 843 2655 beatitudinem
866 2617 1075 2655 tendentes
1095 2617 1316 2655 secundum
1331 2617 1514 2654 virtutem
1533 2616 1707 2664 disponi.
1727 2616 1784 2654 Ad

161 2666 344 2701 v1rtutem
365 2666 496 2701 autem
517 2667 555 2701 et
574 2664 704 2702 verbis
722 2668 761 2702 et
780 2664 972 2710 exemplis
1001 2673 1290 2710 provocamur3
1312 2664 1492 2710 exempla
1509 2667 1640 2701 autem
1659 2663 1784 2700 alicu·

92 2712 101 2719 ⁴
159 2708 225 2755 jus
245 2713 282 2745 et
297 2710 416 2748 verba
432 2713 544 2749 tanto
565 2710 769 2749 efficacius
788 2711 837 2750 ad
864 2711 1044 2749 virtutem
1067 2712 1262 2749 inducunt
1292 2714 1442 2758 quanto
1476 2711 1524 2748 de
1557 2719 1605 2748 eo
1630 2709 1784 2747 firmior

97 2777 101 2783 -
161 2755 353 2808 bonitatis
372 2756 540 2796 habetur
559 2758 708 2805 opinio.
727 2760 782 2796 De
800 2758 912 2797 nullo
930 2761 1061 2796 autem
1083 2758 1243 2796 homine
1264 2767 1366 2806 puro
1392 2756 1613 2795 infallibilis
1645 2757 1784 2808 opinio

161 2801 353 2854 bonitatis
380 2803 515 2856 haberi
538 2808 704 2852 poterat,
725 2805 817 2854 quia
836 2806 954 2843 etiam
988 2805 1231 2843 sanctissimi
1268 2805 1342 2842 viri
1374 2804 1417 2842 in
1445 2804 1645 2856 aliquibus
1667 2812 1786 2856 ⁸inve·

139 2867 145 2874 =
163 2853 328 2887 niuntur
346 2849 555 2889 defecisse.
577 2853 686 2890 Unde
707 2853 978 2891 necessarium
997 2853 1072 2890 fuit
1086 2852 1255 2897 homini,
1275 2852 1323 2890 ad
1342 2851 1420 2889 hoc
1443 2850 1549 2898 quod
1571 2859 1622 2903 ,in
1638 2855 1782 2888 virtute

161 2894 398 2943 firmaretur,
421 2898 527 2945 quod
549 2907 572 2936 a
591 2900 671 2938 Deo
690 2899 908 2939 humanato
929 2900 1148 2939 doctrinam
1169 2903 1208 2938 et
1236 2898 1415 2945 exempla
1445 2897 1601 2936 virtutis
1629 2898 1785 2945 accipe·
