1894 3223
647 93 735 131 [ΑΒ.
761 93 821 133 lv,
850 93 951 131 CAP.
978 93 1094 131 vai.
1608 95 1678 130 6οι

57 178 189 211 tamen
211 183 279 220 per
308 173 469 210 modum
505 174 748 220 praedictum,
772 178 811 211 ut
836 175 986 212 scilicet
1005 175 1093 212 sola
1113 174 1314 222 quantitas
1339 174 1558 212 dimenslva
1584 174 1673 213 sine

59 221 236 268 subjecto
257 220 448 258 subsistat
461 225 499 256 et
519 221 605 267 ipsa
624 222 714 258 aliis
733 222 1001 258 accidentibus
1019 221 1186 267 praebeat
1206 224 1577 260 sustentamentum.
1594 223 1672 260 Nec

58 274 118 306 est
139 267 384 319 impossibile
400 267 505 314 quod
526 268 722 312 accidens,
752 269 891 305 virtute
919 269 1063 312 divina,
1085 269 1303 306 subsistere
1322 269 1450 315 possit
1475 269 1562 306 sine
1583 268 1675 306 sub-

53 315 173 361 Jecto.
193 314 299 352 Idem
317 323 421 351 enim
444 318 504 351 est
519 314 777 361 judicandum
807 315 853 352 dc
875 315 1133 361 productione
1154 325 1284 353 rerum
1317 320 1353 352 et
1387 316 1434 352 de
1465 324 1678 353 conscrva-

56 362 164 399 tione
184 370 319 399 earum
340 361 380 397 in
402 370 504 398 esse.
530 362 667 399 Divina
688 366 817 399 autem
839 363 962 400 virtus
984 366 1114 408 potest
1138 362 1354 408 producere
1386 362 1550 401 effectus
1572 372 1667 410 qua-

56 417 315 455 rumcumque
349 417 559 446 causarum
581 409 845 446 secundarum
865 409 951 446 sine
979 409 1076 456 ipsis
1096 410 1230 447 causis
1251 410 1453 453 secundis,
1479 410 1583 447 sicut
1598 419 1669 457 po·

55 457 130 493 tuit
149 455 317 492 formare
339 455 542 493 hominem
564 455 649 493 sine
670 456 819 493 semine
841 460 877 492 et
910 465 1050 493 sanare
1071 455 1219 494 febrem
1241 457 1327 494 sine
1349 457 1580 502 operatione
1599 466 1667 494 na-

55 507 179 546 turae;
211 502 317 549 quod
347 502 490 540 accidit
518 506 676 550 propter
710 502 944 539 intinitatem
982 503 1137 540 virtutis
1166 503 1253 550 ejus
1286 507 1327 539 et·
1353 505 1447 550 quia
1481 504 1667 541 omnibus

55 549 189 587 causis
222 550 410 586 secundis
441 549 606 597 largitur
629 549 810 586 virtutem
847 549 1012 596 agendi;
1043 550 1146 587 unde
1185 553 1223 587 et
1261 549 1425 588 effectus
1460 560 1672 589 causarum

56 596 320 634 secundarum
343 605 578 634 conservare
599 599 727 642 potest
749 597 788 633 in
805 606 892 633 csse
915 597 1001 634 sine
1012 597 1146 634 causis
1166 598 1368 634 secundis.
1386 599 1430 634 Et
1445 597 1521 635 boc
1537 598 1669 640 modo,

54 645 95 681 in
116 644 191 682 boc
215 648 479 689 sacramento,
502 643 686 681 accidens
708 647 915 681 conservat
946 644 987 680 in
1008 653 1110 688 esse,
1145 644 1300 681 sublata
1332 644 1555 682 substantia
1611 654 1669 682 uae

54 691 187 775 issum
205 691 491 736 conservabat;
512 690 617 737 quod
638 690 795 738 quidem
817 690 1011 737 praecipue
1044 691 1120 728 dici
1153 694 1283 738 potest
1307 691 1353 728 de
1383 692 1591 738 quantitati
1626 701 1672 730 us

85 738 302 782 imensivis‚
325 747 424 785 quas
448 738 565 775 etiam
600 737 790 774 Platonici
825 742 1046 783 posuerunt
1079 747 1148 783 per
1180 747 1222 776 se
1256 738 1488 783 subsistere,
1511 743 1673 785 propter

57 786 131 823 hoc
152 786 256 833 quod
278 785 498 823 secundum
527 784 771 822 intellectum
792 787 1038 830 separantur.
1061 784 1312 823 Manifestum
1334 790 1395 823 est
1414 790 1545 822 autem
1567 786 1673 833 quod

55 833 146 878 plus
172 836 301 878 potest
323 834 426 870 Deus
447 832 487 869 in
509 831 708 878 operando
729 841 846 878 quarn
869 832 1094 869 intellectus
1114 832 1151 868 in
1184 832 1530 879 apprehendendo.
1553 833 1674 870 Habet

56 883 186 917 autem
215 883 251 916 et
272 879 347 917 hoc
379 879 580 925 proprium
614 879 813 925 quantitas
844 878 1080 919 dimensiva‚
1121 879 1223 916 inter
1255 880 1473 916 accidentia
1508 880 1674 927 reliqua,

55 926 161 974 quod
177 927 262 972 ipsa
284 926 504 964 secundum
525 935 567 963 se
589 925 878 969 individuatur;
902 926 1006 972 quod
1026 926 1114 963 ideo
1136 929 1196 963 est
1215 927 1308 974 quia
1329 927 1490 973 positio,
1513 936 1600 974 quae
1615 931 1676 964 est

56 973 154 1011 ordo
176 974 346 1020 partium
368 974 407 1010 in
424 977 519 1016 toto,
537 973 577 1009 in
598 973 682 1019 ejiis
704 973 854 1009 ratione
877 972 1118 1017 includitur;
1141 977 1201 1011 est
1220 974 1325 1010 enim
1348 974 1548 1020 quantitas
1570 974 1675 1020 posi-

53 1021 205 1058 tionem
222 1020 387 1058 habenS.
418 1020 660 1066 Ubicumque
682 1024 810 1057 antem
835 1020 1069 1066 intelligitur
1084 1020 1292 1057 diversitas
1309 1021 1478 1067 partium
1497 1021 1674 1067 ejusdem

56 1068 217 1120 speciei,
240 1076 404 1105 necesse
425 1071 485 1105 est
505 1066 673 1114 intelligi
702 1066 1079 1111 individuationem3
1116 1076 1206 1104 narn
1229 1077 1315 1114 quae
1339 1072 1432 1105 sunt
1450 1068 1568 1105 unius
1586 1077 1674 1114 spe-

57 1115 131 1152 ciei
153 1123 233 1152 non
255 1114 570 1160 multiplicantur
587 1114 664 1151 nisi
686 1114 906 1151 secundnm
926 1114 1171 1151 individuum
1193 1126 1201 1158 ;
1222 1119 1261 1151 et
1279 1114 1369 1151 inde
1390 1118 1450 1152 est
1472 1115 1576 1167 quod
1594 1124 1674 1152 non

55 1165 225 1208 possunt
247 1161 487 1208 apprehendi
506 1160 639 1197 multae
661 1161 879 1205 albedines,
902 1161 980 1199 nisi
1003 1161 1222 1199 secundum
1245 1161 1349 1209 quod
1372 1164 1466 1199 sunt
1485 1170 1525 1198 in
1553 1161 1676 1199 diver-

54 1209 113 1246 sis
130 1208 346 1255 subjectis;
368 1211 539 1254 possunt
557 1211 687 1244 autem
709 1208 950 1253 apprehendi
975 1208 1111 1245 multae
1131 1208 1259 1252 lineae,
1280 1208 1434 1246 etiamsi
1455 1208 1675 1246 secundum

54 1264 99 1294 se
121 1255 448 1299 considerantum
471 1254 652 1292 diversus
673 1255 778 1292 enim
801 1255 991 1302 situs‚qui
1008 1265 1077 1302 per
1090 1264 1133 1293 se
1145 1254 1390 1301 lineaeinest,
1405 1255 1450 1293 ad
1470 1255 1674 1302 pluralita-

53 1306 133 1340 tem
153 1302 345 1340 linearum
378 1300 583 1340 sufficiens
612 1305 686 1339 est.
724 1303 890 1349 Et,qnia
924 1303 1012 1339 sola
1043 1303 1245 1349 quantitas
1275 1302 1497 1340 dimensiva
1533 1302 1579 1339 de
1611 1304 1674 1340 sni

54 1350 208 1388 ratione
225 1349 343 1387 babet
361 1348 466 1387 unde
486 1348 763 1395 multiplicatio
783 1349 1077 1387 individuorum
1098 1349 1138 1386 in
1161 1350 1297 1387 eadem
1319 1351 1450 1396 specie
1468 1350 1596 1396 possit
1616 1359 1684 1387 ac-

55 1396 201 1442 cidere,
221 1397 351 1444 prima
369 1395 481 1434 radix
502 1395 734 1443 hujusmodi
754 1397 1100 1442 multiplicationis
1127 1407 1174 1434 cx
1195 1397 1442 1434 dimensione
1463 1406 1552 1434 esse
1573 1397 1675 1434 vide·

55 1448 140 1488 tur;
163 1445 257 1491 quia
278 1447 314 1480 et
333 1443 372 1480 in
389 1452 533 1491 genere
561 1442 791 1480 substantiae
805 1444 1080 1490 multiplicatio
1094 1442 1135 1480 fit
1150 1444 1369 1481 secundum
1385 1444 1675 1481 dimensionem

56 1491 246 1535 materiae,
269 1499 355 1537 quae
377 1499 449 1527 nec
469 1489 638 1537 intelligi
659 1494 795 1536 posset
826 1491 902 1527 nisi
935 1491 1153 1528 secundum
1186 1491 1292 1538 quod
1326 1491 1491 1528 materia
1523 1491 1597 1529 sub
1621 1491 1677 1528 di-

56 1538 336 1576 mensionibus
368 1537 670 1581 consideratum
704 1546 809 1579 nam,
847 1541 998 1575 remota
1032 1538 1264 1585 quantitate,
1298 1538 1520 1576 substantia
1543 1538 1676 1576 omnis

55 1584 311 1622 indivisibilis
335 1587 408 1629 est,
427 1587 469 1621 ut
490 1587 595 1630 patet
626 1593 695 1630 per
727 1585 1016 1631 Philosophum
1050 1584 1238 1632 (Physic.‚
1259 1594 1285 1629 1,
1307 1589 1399 1622 text.
1432 1594 1576 1622 comm.
1602 1585 1673 1632 15).

54 1632 307 1670 Manifestum
325 1634 386 1668 est
406 1634 536 1668 autem
557 1631 676 1677 quod,
698 1631 738 1668 in
760 1631 847 1668 aliis
869 1632 1082 1679 generibus
1103 1632 1382 1676 accidentium,
1405 1633 1674 1678 multiplican-

53 1683 118 1717 tur
135 1679 339 1716 individua
359 1677 536 1725 ejusdem
555 1678 701 1724 speciei
723 1688 772 1716 ex
792 1683 899 1724 parte
931 1679 1111 1726 subJecti.
1134 1681 1176 1716 Et
1206 1679 1263 1716 sic
1295 1679 1532 1726 relinquitur
1553 1679 1673 1725 quod,

56 1735 178 1773 quum
199 1726 240 1763 in
262 1724 490 1771 hujusmodi
512 1728 760 1777 sacramento
795 1735 989 1772 ponamus
1010 1726 1281 1764 dimensiones
1302 1736 1370 1772 per
1392 1735 1435 1764 se.
1456 1726 1674 1764 subsistere

56 1777 93 1810 et
113 1773 188 1810 alia
209 1772 429 1810 accidentia
447 1772 489 1808 in
510 1772 567 1809 eis
589 1775 690 1809 sicut
710 1773 750 1808 in
776 1773 953 1818 subjecto
974 1773 1145 1818 fundari,
1167 1777 1248 1810 non
1271 1776 1424 1819 oportet
1445 1782 1520 1810 nos
1540 1773 1671 1810 dicere

55 1820 163 1866 quod
185 1819 404 1857 accidentia
421 1818 650 1865 hujusmodi
672 1819 919 1866 individuata
938 1829 1020 1858 non
1040 1820 1121 1858 sint
1139 1832 1149 1865 ;
1170 1825 1347 1860 remanet
1377 1820 1481 1858 enim
1501 1820 1542 1858 in
1570 1820 1671 1867 ipsis

56 1866 376 1904 dimensionibus
396 1865 726 1904 individuationis
747 1867 873 1904 radix.
1602 1882 1605 1883 ⁷

703 2011 871 2053 CAPUT
898 2012 1033 2055 LXVI.

115 2131 274 2163 SOLUTIO
299 2130 432 2161 EORUM
456 2130 543 2164 QUAE
569 2128 872 2159 OBJICIEBANTUR
895 2128 947 2158 EX
970 2128 1097 2158 PARTE
1121 2128 1299 2160 ACTIONIS
1325 2129 1374 2158 ET
1399 2129 1613 2159 PASSIONIS.

104 2242 171 2281 His
191 2244 322 2280 autem
350 2241 628 2286 consideratis,
648 2249 735 2288 quae
755 2239 805 2277 ad
825 2243 1005 2287 quartam
1025 2238 1297 2276 difficultatem
1317 2240 1514 2285 pertinent
1539 2239 1673 2277 consi-

56 2289 229 2328 deranda
248 2291 364 2335 sunt3
385 2289 490 2327 circa
504 2297 590 2336 quae
605 2286 752 2334 aliquid
771 2290 831 2323 est
852 2286 958 2333 quod
975 2286 1022 2323 de
1039 2286 1146 2323 sacili
1166 2286 1339 2332 expediri
1358 2290 1503 2333 potest,
1527 2286 1675 2334 aliquid

25 2348 32 2372 ι
56 2340 189 2375 autem
208 2337 316 2384 quod
336 2336 528 2383 majorem
546 2333 819 2372 difficultatem
840 2333 1058 2379 praetendit.

30 2387 35 2412 ἱ
104 2383 216 2428 Quod
255 2384 360 2421 enim
388 2383 430 2421 in
460 2385 711 2422 sacramento
743 2380 890 2417 eaedem
921 2380 1099 2418 actiones
1132 2383 1347 2427 appareant
1374 2390 1462 2428 quae
1491 2380 1602 2427 prius
1632 2380 1675 2418 in

30 2441 33 2445 ·
56 2430 277 2468 substantia
295 2430 411 2476 panis
426 2432 464 2468 et
477 2429 558 2466 vini
576 2427 827 2476 apparebant,
844 2430 939 2473 puta
952 2427 1058 2474 quod
1076 2427 1258 2465 similiter
1272 2428 1480 2465 immutent
1494 2435 1676 2472 sensum,

12 2489 32 2518 ,τ
57 2477 239 2514 similiter
272 2477 387 2514 etiam
421 2476 587 2515 atterent
615 2483 746 2513 aerem
775 2475 1095 2512 circumstantem
1115 2475 1177 2512 vel
1198 2474 1401 2522 quodlibet
1423 2474 1533 2512 aliud
1553 2474 1681 2512 odore⁴

25 2517 31 2566 ξ
59 2528 127 2562 aut
145 2523 293 2568 colore,
315 2523 415 2562 satis
434 2522 678 2562 conveniens
697 2521 849 2558 videtur
877 2531 925 2558 ex
951 2521 1013 2558 his
1032 2531 1119 2568 quae
1141 2522 1273 2568 posita
1301 2524 1408 2559 sunt.
1431 2521 1584 2558 Dictum
1616 2524 1677 2558 est

25 2582 29 2614 t
58 2571 165 2608 enim
187 2570 235 2617 (c.
259 2571 316 2618 63)
348 2569 456 2618 quod
474 2570 517 2608 in
544 2569 621 2607 hoc
647 2571 895 2606 sacramento
915 2572 1122 2606 remanent
1150 2568 1369 2606 accidentia
1387 2568 1504 2615 panis
1523 2567 1673 2613 etvini,

7 2628 19 2632 ¹·
57 2618 161 2655 inter
180 2627 267 2665 quae
289 2620 383 2655 sunt
403 2617 611 2664 qualitates
639 2615 863 2656 sensibiles,
883 2624 970 2662 quae
991 2618 1084 2653 sunt
1101 2615 1332 2662 hujusmodi
1353 2615 1554 2652 actionum
1572 2615 1684 2662 prin--

59 2665 176 2712 cipia.
196 2684 242 2691 -
260 2666 428 2709 Rursus,
446 2663 553 2701 circa
570 2662 782 2710 passiones
801 2662 970 2709 aliquas,
992 2665 1088 2708 puta
1103 2671 1192 2714 quae
1212 2662 1312 2700 fiunt
1333 2662 1554 2699 secundum
1580 2662 1676 2700 alte-

58 2712 233 2750 rationes
255 2710 485 2758 hujusmodi
509 2710 784 2753 accidentium,
806 2718 888 2746 non
917 2718 1062 2756 magna
1081 2713 1199 2747 etiam
1227 2708 1441 2747 difficultas
1461 2709 1619 2753 accidit,
1641 2709 1677 2746 si

57 2759 266 2805 praemissa
282 2760 570 2804 supponantur.
593 2758 720 2801 Quum
741 2756 846 2793 enim
870 2756 1122 2802 praemissum
1147 2756 1201 2793 sit
1232 2756 1339 2804 quod
1359 2756 1439 2793 alia
1457 2756 1678 2793 accidentia

59 2806 102 2843 in
121 2805 438 2843 dimensionibus
459 2804 676 2842 fundantur
697 2803 798 2841 sicut
818 2804 859 2839 in
883 2803 1075 2850 subjecto,
1098 2812 1168 2848 per
1186 2803 1368 2840 eumdem
1391 2803 1553 2840 modum
1571 2803 1678 2840 circa

60 2851 290 2899 hujusmodi
321 2852 543 2900 subjectum
575 2851 753 2890 alteratio
782 2850 952 2889 aliorum
984 2849 1246 2895 accidentium
1277 2849 1522 2890 considerari
1549 2851 1682 2896 potest
