1894 3223
745 119 833 156 LIB.
860 121 926 165 ΙΙΙ,
953 120 1054 157 ΟΑΡ.
1083 119 1180 158 CXL.
1693 123 1763 158 457

145 201 341 241 rationem
380 199 475 247 quia
506 202 713 247 peccatum
733 200 773 236 in
795 201 950 239 actibus
980 201 1167 240 humanis
1205 200 1351 239 accidit
1379 210 1428 239 ex
1447 201 1524 240 1100
1552 201 1642 240 solo
1662 202 1770 249 quod

146 249 292 297 aliquis
323 246 496 294 praeterit
517 246 696 293 regulam
727 247 920 291 rationis;
943 249 997 286 ita
1016 253 1148 286 autem
1182 248 1356 295 praeterit
1384 249 1564 296 regulam
1598 249 1770 287 rationis

148 297 216 344 qui
236 296 278 332 in
297 293 455 332 modico
473 302 497 330 a
515 294 669 331 ratione
690 294 838 331 recedit
858 295 960 332 sicut
980 296 1047 342 qui
1072 297 1113 332 in
1132 304 1305 342 magn03
1326 295 1480 333 videtur
1498 296 1620 343 igitur
1637 305 1774 342 pecca-

146 347 231 380 tum
250 341 414 389 aequale,
436 340 519 377 sive
551 340 591 377 in
611 340 770 378 modico
791 341 874 378 sive
907 342 948 378 in
968 351 1113 388 magno
1146 346 1343 388 peccetur.
1360 343 1457 379 lluic
1476 346 1607 380 autem
1625 343 1771 381 rationi

146 388 302 426 videtur
321 386 532 434 suffragari
553 387 659 434 quod
676 388 718 424 in
739 387 926 425 humanis
941 389 1105 435 judiciis
1135 390 1278 436 agitur.
1301 391 1411 434 Nam,
1428 389 1462 427 si
1483 390 1603 427 alicui
1622 393 1773 428 statua·

146 439 212 474 tur
231 435 346 472 limes
361 443 479 482 quem
497 443 577 471 non
590 434 918 481 transgrediatur,
936 436 1034 473 nihil
1056 436 1175 473 refert
1193 435 1481 482 apudjudicem
1499 437 1582 474 sive
1602 437 1772 475 multum

146 483 233 521 sive
262 481 465 520 modicum
486 481 539 519 sit
569 485 862 529 transgressus,
886 482 990 518 sicut
1022 491 1102 519 non
1134 482 1267 527 refert,
1288 491 1336 520 ex
1370 493 1449 530 quo
1482 483 1592 530 pugil
1622 483 1772 522 limites

147 529 276 576 campi
295 529 427 574 exivit,
448 532 580 566 utrum
602 537 739 574 parum
762 537 812 565 an
834 529 995 574 longius
1014 529 1318 582 progrediatur;
1340 538 1387 566 ex
1407 539 1486 576 quo
1518 531 1639 577 igitur
1656 539 1773 578 regu-

145 576 225 615 lam
253 576 421 613 rationis
441 576 684 622 pertransiit,
706 584 787 612 non
803 576 920 612 refert
940 580 1072 614 utrum
1091 585 1134 613 in
1155 576 1315 613 modico
1333 577 1395 613 vel
1413 578 1454 613 in
1476 585 1622 624 magno
1643 578 1773 624 ipsam

146 623 390 663 transiverit.

197 670 287 716 Sed,
304 670 339 707 si
354 669 445 718 quis
459 669 670 717 diligenter
685 669 887 717 inspiciat,
907 670 948 706 in
967 670 1154 708 omnibus
1174 679 1344 718 quorum
1365 671 1554 717 perfectio
1570 671 1771 710 etbonum

149 717 189 755 in
211 717 381 765 quadam
402 717 794 755 commensuratione
827 717 1026 761 consistit,
1048 721 1196 764 quanto
1226 718 1356 764 magis
1377 727 1400 755 a
1419 718 1551 755 debita
1569 728 1773 756 commen·

152 765 357 802 suratione
386 764 596 808 receditur,
615 767 726 801 tanto
755 764 884 811 majus
908 764 981 800 erit
1012 764 1159 802 malum
1178 776 1187 809 ;
1208 765 1314 802 sicut
1340 765 1492 803 sanitas
1525 767 1712 803 consistit
1730 766 1772 804 in

150 811 282 849 debita
302 811 692 849 commensuratione
715 811 942 854 humorum,
960 815 998 847 et
1029 811 1284 857 pulchritudo
1304 811 1345 849 in
1366 811 1498 850 debita
1514 813 1773 859 proportione

147 859 432 903 membrorum,
451 859 598 896 veritas
620 862 751 896 autern
771 859 812 895 in
833 859 1223 896 commensuratione
1244 859 1470 896 intellectus
1489 860 1550 896 vel
1571 860 1771 899 sermonis

149 906 197 943 ad
218 915 314 943 rem.
336 907 445 943 Patet
477 909 607 943 autem
627 905 732 952 quod
763 910 910 953 quanto
931 909 992 942 cst
1020 906 1147 952 major
1175 906 1425 953 inaequalitas
1446 906 1487 944 in
1519 907 1769 951 humoribus,

148 956 258 990 tanto
279 957 339 990 est
358 952 485 998 major
516 952 754 994 infirmitas;
775 957 813 990 et
832 956 981 999 quanto
1013 956 1074 989 est
1094 953 1220 1000 major
1240 953 1483 990 inordinatio
1504 953 1545 990 in
1565 953 1770 998 membris,

147 1003 258 1037 tanto
280 1003 340 1036 est
356 1000 482 1045 major
500 999 702 1045 turpitudo
720 1011 729 1043 ;
751 1002 790 1036 et
809 1003 957 1047 quanto
979 1000 1108 1046 magis
1129 1010 1153 1038 a
1172 1001 1335 1037 veritate
1356 1001 1566 1046 receditur,
1588 1004 1698 1038 tanto
1711 1005 1772 1039 est

147 1047 274 1092 major
305 1046 486 1090 falsitas;
508 1055 590 1083 non
613 1047 719 1095 enirn
740 1049 801 1083 est
834 1050 913 1083 tam
948 1055 1094 1093 magna
1124 1046 1280 1084 falsitas
1314 1048 1550 1085 aestimantis
1582 1048 1658 1085 tria
1680 1056 1771 1085 esse

148 1094 323 1140 quinque
345 1094 449 1130 sicut
477 1093 562 1139 ejus
583 1094 650 1139 qui
683 1093 852 1130 aestimat
870 1093 945 1130 tria
961 1102 1051 1131 esse
1083 1098 1258 1131 centurn.
1280 1094 1433 1131 Bonum
1461 1098 1590 1131 autem
1613 1095 1771 1132 virtutis

147 1140 188 1176 in
209 1139 379 1187 quadam
402 1141 791 1177 commensuratione
810 1140 1021 1184 consistit;
1043 1143 1104 1177 est
1124 1141 1230 1177 enirn
1251 1141 1440 1184 medium,
1463 1141 1684 1178 secundum
1703 1141 1771 1179 de-

145 1186 269 1224 bitam
293 1187 571 1224 limitationem
589 1187 992 1231 circumstantiarum,
1011 1187 1115 1224 inter
1145 1187 1344 1225 contraria
1373 1188 1466 1224 vitia
1492 1188 1768 1226 constitutum.

149 1234 304 1279 Quanto
323 1234 445 1281 igitur
476 1233 605 1281 magis
625 1233 674 1271 ab
693 1234 769 1271 hae
795 1234 1006 1271 harmonia
1021 1232 1231 1279 receditur,
1250 1238 1360 1272 tanto
1380 1238 1441 1272 est
1459 1235 1587 1280 major
1602 1235 1769 1273 malitia.

194 1283 278 1318 Non
302 1285 362 1318 est
381 1284 512 1318 autem
544 1281 676 1318 simile
696 1281 878 1318 virtutem
900 1281 1123 1327 transgredi
1144 1284 1183 1318 et
1200 1281 1393 1319 terminos
1414 1291 1437 1319 a
1452 1282 1586 1329 judice
1615 1282 1770 1329 positos

147 1329 332 1366 transire.
353 1329 450 1365 Nam
469 1328 597 1366 virtus
616 1331 678 1366 est
708 1328 929 1366 secundum
951 1337 994 1366 se
1026 1329 1190 1372 bonum,
1209 1328 1314 1366 unde
1336 1329 1518 1366 virtutem
1543 1329 1768 1377 transgredi

148 1378 209 1412 est
240 1375 460 1413 secundum
493 1384 537 1413 se
557 1375 705 1413 malum
722 1387 732 1420 ;
753 1379 790 1412 et
809 1375 899 1413 ideo
917 1378 1072 1422 oportet
1089 1376 1195 1422 quod
1224 1376 1354 1422 magis
1374 1385 1398 1414 a
1423 1377 1566 1413 virtute
1586 1377 1770 1414 recedere

150 1422 204 1460 sit
226 1422 355 1468 majus
372 1422 536 1460 malum.
556 1422 793 1469 Transgredi
828 1426 958 1460 autem
984 1423 1199 1460 terminum
1218 1431 1241 1460 a
1255 1423 1390 1469 judice
1410 1424 1586 1469 positum
1607 1432 1688 1461 non
1709 1427 1771 1461 est

149 1470 369 1507 secundum
389 1478 433 1507 se
461 1469 626 1514 malum,
647 1469 718 1507 sed
738 1478 807 1515 per
839 1469 1039 1514 accidens,
1060 1470 1102 1506 in
1121 1473 1313 1517 quantum
1335 1469 1489 1507 scilicet
1513 1475 1574 1508 est
1592 1470 1771 1517 prohibi·

146 1519 246 1553 tum.
269 1517 312 1553 In
331 1516 395 1554 his
429 1520 560 1554 autem
581 1526 669 1564 quae
702 1519 796 1554 sunt
812 1525 882 1562 per
902 1516 1087 1554 accidens
1122 1525 1204 1553 non
1221 1520 1283 1554 est
1299 1517 1570 1554 necessarium
1591 1517 1712 1564 quod,
1733 1517 1769 1555 si

149 1563 383 1609 simpliciter
419 1564 599 1610 sequitur
629 1563 679 1601 ad
715 1563 962 1609 simpliciter,
985 1566 1023 1600 et
1056 1563 1185 1610 magis
1222 1568 1413 1611 sequatur
1449 1563 1499 1601 ad
1534 1565 1678 1611 magis,
1699 1565 1770 1602 sed

149 1610 280 1648 solum
300 1610 339 1647 in
360 1609 424 1648 his
470 1619 530 1648 uae
550 1614 644 1648 sunt
662 1619 733 1657 per
752 1619 794 1648 se
812 1622 821 1655 ;
843 1619 924 1647 non
942 1610 1048 1647 enim
1067 1611 1260 1657 sequitur,
1272 1611 1307 1648 si
1326 1611 1459 1648 album
1480 1612 1768 1657 estmusicum,

148 1657 254 1705 quod
275 1658 404 1704 magis
422 1659 457 1694 al
490 1666 555 1696 um
572 1658 624 1695 sit
641 1656 770 1704 magis
786 1657 985 1695 musicum
1003 1669 1012 1702 ;
1035 1658 1215 1705 sequitur
1231 1661 1376 1702 autem,
1399 1659 1433 1695 si
1456 1658 1590 1696 album
1608 1662 1669 1696 est
1688 1658 1769 1696 dis·

148 1705 394 1752 gregativum
411 1705 537 1750 visus,
558 1705 664 1752 quod
681 1704 811 1752 magis
832 1705 964 1742 album
985 1705 1039 1742 sit
1057 1705 1188 1751 magis
1207 1704 1518 1752 disgregativum
1537 1706 1665 1744 visus.

195 1752 262 1789 Est
281 1755 412 1789 autem
436 1751 512 1789 1100
544 1751 647 1789 inter
666 1755 918 1798 peccatorum
952 1751 1198 1789 differentias
1217 1753 1500 1790 attendendum
1519 1753 1625 1800 quod
1642 1751 1768 1800 quod-

148 1797 238 1836 dam
259 1802 320 1836 est
349 1799 512 1836 mortale
538 1802 576 1835 et
602 1798 800 1846 quoddam
834 1799 1000 1836 veniale.
1019 1798 1181 1836 Mortale
1210 1802 1342 1837 autem
1363 1804 1424 1837 est
1452 1800 1558 1847 quod
1593 1801 1768 1838 animam

148 1845 345 1892 spirituali
364 1845 445 1882 vita
475 1845 627 1891 privat3
648 1845 762 1892 eujus
780 1845 939 1892 quidem
976 1845 1066 1882 vitae
1097 1846 1198 1883 ratio
1229 1855 1278 1883 ex
1298 1846 1456 1884 duobus
1486 1847 1589 1884 sumi
1622 1850 1768 1893 potest,

145 1892 366 1930 secundum
389 1893 692 1930 similitudinem
709 1893 797 1929 vitae
819 1892 1026 1930 naturalis.
1048 1892 1266 1930 Vivitenim
1286 1902 1433 1940 corpus
1451 1893 1686 1932 naturaliter
1700 1903 1770 1941 per

145 1939 224 1978 hoc
243 1940 349 1987 quod
369 1940 511 1977 animae
532 1940 682 1986 unitur,
703 1949 791 1987 quae
811 1944 872 1977 est
891 1940 926 1977 ei
947 1939 1186 1986 principium
1205 1940 1296 1978 vitae
1316 1952 1326 1986 ;
1346 1949 1492 1987 eorpus
1518 1944 1650 1979 autem
1670 1941 1768 1978 vivi-

145 1986 307 2024 ficatum
324 1996 394 2034 per
419 1987 594 2025 animam
613 1996 661 2024 ex
680 1987 814 2034 seipso
842 1991 1035 2030 movetur,
1056 1986 1126 2024 sed
1160 1995 1306 2034 corpus
1324 1991 1525 2026 mortuum
1544 1989 1605 2025 vel
1626 1989 1768 2025 immo-

145 2034 225 2071 bile
246 2038 380 2071 manet
397 2035 459 2071 vel
478 2034 526 2072 ab
555 2033 740 2072 exteriori
761 2037 914 2071 tantum
947 2038 1139 2072 movetur.
1161 2034 1226 2072 Sic
1244 2035 1367 2082 igitur
1386 2038 1425 2072 et
1443 2036 1628 2072 voluntas
1644 2035 1769 2073 homi·

144 2082 225 2126 nis,
246 2090 369 2128 quum
391 2090 461 2127 per
477 2085 624 2118 rectam
644 2081 906 2119 intentionem
926 2081 1067 2119 ultimo
1087 2081 1157 2118 fini
1178 2082 1449 2129 conjungitur,
1473 2083 1580 2130 quod
1600 2086 1662 2120 est
1681 2083 1767 2129 ejus

146 2127 344 2174 objectum
389 2131 427 2164 et
456 2128 750 2174 quodammodo
782 2129 923 2173 forma,
954 2128 1044 2166 viva
1074 2132 1159 2173 est3
1179 2132 1231 2173 et,
1253 2138 1374 2176 quum
1410 2138 1481 2176 per
1511 2130 1767 2167 dilectionem

145 2175 226 2211 Deo
267 2178 306 2211 et
340 2174 522 2220 proximo
559 2175 740 2219 inhaeret,
761 2184 809 2212 ex
829 2174 1009 2212 interiori
1047 2175 1244 2222 principio
1279 2180 1461 2214 movetur
1480 2177 1529 2214 ad
1548 2177 1764 2223 agendum.

145 2222 265 2258 Recta
284 2225 415 2258 autem
443 2221 666 2259 intentione
693 2221 823 2258 ultimi
850 2221 944 2259 finis
962 2225 1000 2259 et
1019 2221 1232 2260 dilectione
1253 2227 1417 2267 remota,
1437 2223 1481 2260 fit
1510 2224 1644 2261 anima
1660 2223 1767 2260 velut

143 2272 303 2305 mortua
322 2270 362 2304 et
388 2276 470 2305 non
486 2272 666 2306 movetur
681 2277 730 2306 ex
749 2269 883 2315 seipsa
911 2268 960 2306 ad
979 2269 1176 2316 agendum
1196 2273 1330 2315 recta;
1350 2271 1421 2308 sed
1440 2270 1502 2307 vel
1531 2271 1695 2308 omnino
1717 2269 1765 2307 ab

146 2315 206 2352 eis
226 2314 393 2362 agendis
419 2314 578 2353 desistit
604 2316 666 2353 vel
698 2315 747 2353 ad
778 2325 826 2353 ea
855 2315 1054 2363 agendum
1082 2316 1214 2354 solum
1246 2317 1295 2355 ab
1322 2317 1508 2354 exteriori
1545 2317 1764 2361 inducitur,

145 2361 299 2400 scilicet
313 2365 421 2399 metu
436 2371 658 2409 poenarum.
680 2363 946 2410 Quaecumque
966 2363 1089 2410 igitur
1107 2367 1269 2409 peccata
1287 2364 1498 2401 intentioni
1520 2363 1650 2400 ultimi
1672 2362 1767 2401 finis

144 2412 184 2446 et
203 2408 406 2447 dilectioni
427 2413 684 2455 opponuntur
701 2410 886 2447 mortalia
905 2414 1025 2454 sunt;
1047 2410 1081 2447 si
1099 2419 1209 2454 vero,
1230 2410 1294 2448 his
1314 2411 1450 2455 salvis,
1467 2411 1612 2457 aliquis
1633 2410 1674 2447 in
1698 2410 1768 2447 ali-

143 2464 227 2549 ?qu
245 2458 353 2493 recto
375 2455 513 2493 ordine
527 2456 879 2550 mugnis-deficiat,
900 2465 982 2494 non
1002 2457 1076 2494 erit
1089 2456 1254 2495 mortale
1271 2461 1492 2504 peccatum,
1508 2457 1578 2495 sed
1595 2456 1768 2496 veniale.

161 2511 190 2540 1-
232 2531 241 2548 ,
264 2512 303 2550 q.
320 2510 462 2549 Lxxm,
485 2506 557 2540 art.
577 2506 613 2540 2.

799 2619 968 2661 CAPUT
997 2619 1110 2661 CXL.

351 2734 452 2769 QUOD
477 2734 599 2766 ACTUS
624 2733 787 2764 HOMINIS
810 2734 1033 2764 PUNIUNTUR
1056 2734 1106 2764 ΕΤ
1129 2725 1390 2765 PRAEM'IANTUR
1414 2736 1443 2765 A
1471 2735 1560 2767 DEO.

143 2831 490 2924 prssnpraetmmils)
501 2834 634 2871 autem
650 2830 908 2870 manifestum
927 2834 989 2869 est
1008 2831 1116 2879 quod
1138 2835 1251 2870 aetus
1270 2831 1448 2870 hominis
1467 2833 1762 2880 puniuntur-vel

268 2887 331 2916 ian
354 2888 401 2918 ur
420 2888 441 2917 a
496 2887 558 2918 eo.
1696 2910 1699 2912 -
