1894 3223
663 126 750 163 LIB.
777 126 843 170 ΙΙΙ,
870 125 971 162 ΟΑΡ.
998 124 1149 162 XCVIII.
1642 124 1710 160 395

94 209 222 293 primla
241 207 425 246 sanitatis
444 209 484 245 et
501 206 766 255 aegritudinis,
791 208 1043 254 praemiorum
1065 211 1103 244 et
1117 215 1338 254 poenarum,
1355 206 1571 254 gratiarum
1595 208 1710 253 atque

95 255 186 293 retri
221 255 399 292 utionum
427 267 462 291 ».

142 302 204 340 Sic
222 310 331 349 ergo,
347 309 436 338 cum
458 300 805 348 quaeriturpropter
825 302 916 346 quid
929 301 975 338 de
989 301 1123 350 aliquo
1139 300 1307 339 naturali
1322 300 1478 346 effectu,
1493 308 1712 347 possumus

95 348 258 387 reddere
276 348 471 386 rationem
494 357 541 385 cx
561 347 695 395 aliqua
712 348 891 395 proxima
912 358 1054 389 causa,
1077 349 1170 385 dum
1189 352 1321 385 tamen
1347 348 1451 385 sicut
1478 348 1519 385 in
1546 348 1713 393 primam

95 404 257 434 causam
295 395 533 432 reducamus
554 395 690 432 omnia
719 395 760 432 in
796 395 1036 432 voluntatem
1077 395 1275 433 divinam:
1317 395 1421 432 sicut
1449 395 1484 432 si
1516 398 1714 442 quaeratur

94 451 216 496 quare
237 441 390 489 lignum
414 445 475 479 est
494 441 728 479 calefactum
749 441 797 480 ad
819 443 1070 488 praesentiam
1094 443 1214 490 ignis,
1237 441 1381 479 dicitur
1419 441 1525 488 quod
1546 441 1713 479 ealefac-

94 493 151 527 tio
171 492 231 528 est
250 489 444 526 naturalis
465 489 568 526 actio
590 489 716 536 ignis;
738 489 813 527 hoc
834 493 979 534 autem,
1001 490 1094 537 quia
1107 490 1217 526 calor
1236 490 1512 535 estproprium
1529 488 1714 526 accidens

95 536 205 583 ejus;
224 535 300 574 hoc
321 540 451 574 autem
487 537 747 583 consequitur
769 537 968 583 propriam
992 537 1158 573 formam
1178 537 1283 582 cjus;
1306 540 1343 572 ct
1363 537 1422 573 sic
1449 536 1540 572 inde
1566 544 1715 583 quous·

96 593 172 631 que
192 584 444 630 perveniatur
462 583 510 620 ad
530 583 703 620 divinam
727 584 984 621 voluntatem.
1006 583 1127 627 Unde,
1141 583 1174 620 si
1189 583 1278 630 quis
1291 583 1504 629 respondet
1524 582 1716 632 quaerenti

95 639 217 678 quare
237 630 392 678 lignum
413 630 646 668 calefactum
673 634 747 672 est,
788 631 880 678 quia
915 633 1018 668 Deus
1053 631 1199 673 voluit,
1238 630 1520 667 convenienter
1557 629 1716 677 quidem

95 677 324 724 respondet,
346 678 379 715 si
398 677 569 715 intendit
587 677 774 715 reducere
802 678 1063 724 quaestionem
1091 678 1135 725 in
1158 676 1324 723 primam
1359 685 1546 722 causam3
1577 677 1718 714 incon·

96 725 299 763 venienter
315 733 423 771 vero,
439 725 474 763 si
497 725 666 763 intendit
683 734 824 762 omnes
843 725 942 762 alias
964 724 1173 762 excludere
1193 732 1350 764 causas.
1426 740 1437 748 .

715 871 883 913 CAPUT
919 870 1095 912 XCVIII.

171 986 352 1020 QUOMODO
378 986 476 1015 DEUS
514 985 645 1014 Posst‘r
676 985 825 1014 FACERE
851 985 1010 1013 PRAETER
1043 985 1218 1014 ORDINEM
1251 985 1334 1014 SUAE
1358 985 1646 1022 PROVIDENTIAE,

717 1037 767 1066 ET
793 1038 974 1071 QUOMODO
1000 1037 1090 1066 NON.

145 1149 199 1185 Ex
217 1146 438 1194 praemissis
472 1150 603 1184 autem
624 1146 749 1192 accipi
769 1150 899 1193 potest
931 1146 1102 1193 duplicis
1123 1147 1277 1184 ordinis
1309 1147 1591 1185 consideratio.
1614 1149 1717 1192 Quo·

97 1203 186 1232 rum
224 1203 330 1232 unus
368 1192 528 1240 quidem
558 1193 753 1239 dependet
772 1203 820 1231 ex
846 1194 973 1240 prima
1001 1193 1180 1231 omnium
1214 1203 1350 1238 causa,
1372 1194 1477 1232 unde
1514 1198 1552 1231 et
1583 1195 1719 1232 omnia

98 1240 398 1287 complectitur3
418 1240 522 1278 alius
553 1241 819 1286 particularis,
841 1241 908 1287 qui
929 1250 976 1278 ex
997 1241 1132 1288 aliqua
1151 1250 1272 1279 causa
1303 1245 1433 1278 creata
1453 1241 1647 1287 dependet
1683 1246 1719 1278 et

98 1289 275 1326 continet
298 1287 367 1325 illa
403 1297 490 1335 quae
524 1296 656 1325 causae
688 1288 745 1324 illi
779 1287 1004 1325 subduntur
1025 1300 1033 1324 :
1052 1292 1091 1324 et
1125 1288 1189 1325 hic
1230 1288 1389 1335 quidem
1422 1289 1627 1335 multiplex
1645 1293 1716 1333 est,

98 1335 319 1374 secundum
343 1334 611 1372 diversitatem
633 1343 842 1372 causarum
862 1345 949 1382 quae
977 1336 1079 1372 inter
1096 1339 1298 1373 creaturas
1317 1336 1585 1373 inveniuntur.
1612 1338 1718 1374 Unus

97 1386 231 1420 tamen
259 1391 396 1421 eorum
432 1381 507 1420 sub
536 1381 660 1420 altero
684 1382 922 1427 continetur,
945 1383 1047 1419 sicut
1083 1385 1121 1420 et
1148 1392 1360 1420 causarum
1392 1392 1471 1419 una
1491 1383 1565 1420 sub
1596 1383 1719 1421 altera

99 1429 233 1467 existit
256 1441 265 1467 ε
282 1429 388 1467 unde
408 1432 563 1475 oportet
579 1428 684 1476 quod
705 1438 844 1467 omncs
855 1429 1114 1475 particulares
1131 1429 1292 1466 ordines
1305 1429 1558 1467 substantiali
1580 1430 1718 1467 ordine

100 1476 392 1520 contineantur,
414 1481 452 1513 et
471 1475 519 1513 ab
549 1475 618 1513 illo
638 1476 880 1513 descendant
911 1477 978 1523 qui
999 1476 1256 1514 inveniuntur
1274 1477 1315 1513 in
1344 1477 1476 1521 rebus,
1499 1477 1719 1514 secundum

100 1523 205 1570 quod
225 1532 248 1560 a
268 1523 395 1570 prima
421 1531 543 1560 causa
565 1522 798 1569 dependent.
815 1523 1048 1570 Hujusmodi
1070 1524 1292 1569 exemplum
1317 1523 1358 1560 in
1378 1523 1552 1570 politicis
1587 1525 1719 1563 consi-

100 1570 228 1608 derari
245 1573 388 1617 potest.
409 1572 506 1607 Nam
528 1578 668 1607 omnes
700 1570 906 1608 domestici
928 1570 1049 1608 unius
1067 1570 1366 1617 patrisfamilias
1384 1570 1564 1609 ordinem
1588 1581 1720 1619 quem—

100 1617 190 1654 dam
228 1617 276 1655 ad
314 1617 482 1654 invicem
518 1617 677 1660 habent,
700 1617 918 1654 secundum
946 1617 1049 1664 quod
1072 1617 1108 1654 ei
1133 1617 1370 1655 subduntur.
1397 1619 1549 1655 Rursus
1588 1622 1718 1658 autem

98 1669 178 1702 tam
199 1663 285 1711 ipse
303 1663 601 1712 paterfamilias,
649 1673 739 1714 uam
761 1673 900 1702 omnes
922 1664 988 1701 alii
1016 1664 1083 1711 qui
1110 1668 1203 1702 sunt
1224 1674 1305 1702 suae
1332 1665 1516 1710 civitatis,
1538 1665 1719 1704 ordinem

100 1711 309 1760 quemdam
330 1711 379 1748 ad
398 1711 567 1748 invicem
586 1711 637 1748 iia
667 1715 732 1748 ent
750 1715 786 1748 ct
822 1711 870 1748 ad
901 1711 1119 1758 principem
1152 1711 1336 1757 civitatis,
1359 1712 1426 1759 qui
1458 1712 1600 1750 iterum
1628 1721 1718 1751 cum

99 1757 287 1796 omnibus
307 1758 373 1804 qui
389 1758 537 1795 suntin
557 1767 681 1804 regno
702 1758 876 1805 aliquem
899 1758 1080 1795 ordinem
1099 1759 1217 1796 habet
1237 1759 1286 1796 ad
1308 1768 1457 1807 regem.

147 1805 332 1843 Ordinem
355 1808 486 1842 autem
507 1805 788 1850 universalem,
811 1805 1030 1843 secundum
1054 1815 1169 1852 quem
1208 1806 1344 1843 omnia
1370 1816 1417 1844 ex
1436 1806 1570 1844 divina
1589 1808 1718 1854 provi-

98 1851 233 1890 dentia
257 1851 505 1898 ordinantur,
520 1860 738 1898 possumus
758 1852 1012 1890 considerare
1042 1852 1264 1899 dupliciter,
1286 1853 1439 1891 scilicet
1458 1858 1650 1900 quantum
1671 1854 1720 1892 ad

97 1908 162 1937 res
177 1908 264 1948 quae
283 1898 509 1936 subduntur
527 1899 673 1943 ordini,
695 1902 733 1936 et
752 1903 941 1946 quantum
964 1899 1012 1936 ad
1033 1899 1186 1937 ordinis
1205 1900 1400 1938 rationem
1439 1910 1527 1947 quae
1547 1911 1595 1938 ex
1611 1902 1719 1948 prin·

99 1946 203 1994 cipio
243 1946 396 1984 ordinis
420 1946 626 1993 dependet.
648 1947 862 1984 Ostensum
898 1949 958 1984 est
991 1950 1122 1984 autem
1143 1947 1185 1984 in
1216 1947 1392 1985 secundo
1421 1947 1523 1986 libro
1544 1947 1718 1995 (cap.23)

99 1993 206 2041 quod
225 2002 289 2031 res
309 1993 407 2040 ipsae
433 2002 521 2041 quae
549 2003 572 2031 a
592 1994 673 2030 Deo
709 1993 783 2031 sub
804 1993 942 2031 ordine
959 1997 1162 2040 ponuntur
1194 1995 1435 2041 proveniunt
1463 1995 1511 2032 ab
1530 1996 1620 2041 ipso
1638 2004 1718 2033 non

100 2040 204 2078 sicut
224 2039 272 2078 ab
293 2043 434 2087 agente
466 2049 536 2086 per
562 2040 841 2078 necessitatem
861 2045 1011 2079 naturae
1048 2041 1109 2078 vel
1135 2041 1422 2089 cujuscumque
1452 2042 1629 2088 alterius,
1649 2042 1720 2081 sed

101 2096 149 2124 ex
166 2086 338 2133 simplici
353 2086 572 2132 voluntate,
592 2088 763 2125 maxime
787 2091 979 2136 quantum
1003 2087 1051 2126 ad
1071 2088 1240 2135 primam
1260 2098 1391 2126 rerum
1412 2089 1718 2127 institutionem.

101 2132 352 2181 Relinquitur
371 2142 466 2180 ergo
494 2133 614 2181 quod,
642 2138 784 2180 praeter
812 2144 858 2172 ea
877 2144 964 2183 quae
993 2135 1068 2172 suh
1100 2135 1279 2174 ordinem
1295 2136 1437 2174 divinae
1462 2137 1719 2183 providentiae

99 2180 263 2224 cadunt,
284 2181 389 2217 Deus
421 2180 556 2227 aliqua
584 2181 712 2217 facere
740 2184 872 2227 potest
889 2193 899 2226 ;
919 2190 999 2218 non
1029 2182 1135 2219 enim
1155 2186 1217 2220 est
1244 2183 1330 2230 ejus
1349 2184 1475 2221 virtus
1496 2183 1543 2221 ad
1565 2183 1637 2221 has
1656 2192 1720 2222 res

100 2227 290 2274 obligata.
305 2226 351 2280 ‚Si
373 2230 505 2280 autem
526 2227 828 2266 consideremus
858 2229 1088 2275 praedictum
1110 2229 1289 2267 ordinem
1307 2233 1498 2277 quantum
1526 2230 1575 2267 ad
1601 2231 1719 2268 ratio·

101 2282 192 2311 nem
214 2283 237 2311 a
255 2274 452 2321 prmcipio
472 2274 772 2321 dependentem,
795 2275 854 2313 sic
874 2279 1015 2322 praeter
1035 2275 1215 2314 ordinem
1234 2277 1348 2314 illum
1368 2279 1472 2315 Deus
1490 2277 1618 2315 facere
1639 2286 1721 2315 non

100 2323 231 2368 potest
249 2332 258 2366 ;
279 2320 390 2373 ordo·
409 2320 606 2374 enim-ille
625 2322 816 2374 procedit,
839 2325 883 2359 ut
905 2326 1112 2360 ostensum
1131 2327 1191 2361 est
1211 2323 1312 2371 (cap.
1334 2324 1408 2371 97),
1429 2334 1478 2361 ex
1496 2324 1663 2362 scientia
1683 2327 1721 2362 et

100 2367 303 2405 voluntate
323 2369 391 2404 De1
428 2376 564 2406 omnia
582 2369 791 2406 ordinante
821 2368 864 2406 in
883 2377 997 2407 suam
1028 2369 1246 2408 bonitatem
1277 2370 1382 2408 sicut
1418 2370 1461 2407 in
1480 2369 1613 2408 finem.
1634 2372 1721 2408 Non

102 2418 162 2453 est
181 2417 314 2452 autem
332 2413 526 2461 possibile
540 2415 647 2462 quod
664 2417 769 2453 Deus
790 2415 939 2463 aliquid
959 2417 1078 2454 faciat
1097 2417 1203 2464 quod
1225 2425 1308 2455 non
1327 2417 1380 2455 sit
1400 2417 1448 2455 ab
1474 2426 1520 2455 eo
1538 2417 1718 2463 volitum,

102 2470 194 2500 cum
213 2463 404 2500 creaturae
423 2460 473 2499 ab
502 2460 592 2508 ipso
613 2471 694 2499 non
713 2462 928 2509 procedant
956 2464 1201 2509 naturaliter,
1223 2464 1292 2501 sed
1311 2473 1380 2511 per
1405 2464 1661 2508 voluntatem,
1677 2468 1721 2503 ut

100 2512 310 2547 ostensum
325 2511 386 2546 est
403 2507 553 2561 (lib-,1¹2
573 2518 645 2555 cap
662 2510 738 2556 23).
751 2511 884 2556 Neque
902 2509 1020 2547 etiam
1043 2514 1104 2548 est
1121 2510 1314 2557 possibile
1329 2510 1378 2548 ab
1397 2519 1444 2548 eo
1465 2510 1719 2559 aliquidfieri

86 2555 207 2607 ,quod
240 2555 327 2603 eJus
362 2557 532 2593 scientla
565 2564 648 2593 non
664 2556 1035 2603 comprehendatur,
1054 2566 1143 2594 cum
1175 2557 1361 2596 voluntas
1379 2567 1469 2596 esse
1489 2567 1570 2596 non
1591 2558 1721 2605 possit

100 2602 181 2640 nisi
202 2602 250 2640 de
269 2601 322 2640 ali
353 2610 405 2640 uo
428 2605 539 2640 noto.
559 2603 694 2650 Neque
713 2603 856 2641 iterum
876 2607 936 2640 est
953 2603 1146 2650 possibile
1168 2604 1275 2651 quod
1296 2604 1337 2642 in
1358 2606 1550 2644 creaturis
1569 2605 1720 2654 aliquid

101 2649 222 2688 faciat
240 2612 348 2703 quog
366 2649 410 2703 in
441 2648 802 2703 suam-bonitatem
841 2659 922 2687 non
960 2650 1012 2688 sit
1031 2650 1257 2689 ordinatum
1282 2651 1386 2690 sicut
1410 2652 1453 2690 in
1471 2652 1606 2698 finem,
1627 2660 1724 2692 cum·

104 2705 179 2734 sua
196 2696 358 2736 bonitas
377 2698 430 2735 sit
445 2705 649 2744 proprlum
670 2696 866 2743 objectum
886 2696 1102 2736 voluntatis
1115 2698 1258 2743 ipsius.
1274 2698 1465 2737 Similiter
1476 2703 1607 2738 autem
1627 2708 1722 2738 eum>

101 2744 207 2796 Deus
238 2744 292 2782 sit
312 2743 479 2783 omnino
511 2743 788 2790 immutabilis,
809 2743 1059 2791 impossibile
1095 2749 1155 2783 est
1183 2745 1289 2793 quod
1315 2746 1466 2795 aliquid
1495 2747 1591 2786 velit
1627 2756 1718 2786 cum

102 2799 213 2872 prius
233 2790 420 2837 noluerit,
447 2793 517 2829 aut
550 2790 700 2837 aliquid
731 2791 779 2829 de
810 2799 914 2828 novo
946 2791 1111 2838 incipiat
1136 2792 1240 2830 scire
1262 2793 1325 2831 vel
1344 2793 1387 2831 in
1418 2802 1533 2833 suam
1563 2794 1719 2833 ordinet

131 2837 335 2876 onitatem.
349 2837 456 2876 Nihil
472 2837 594 2885 igitur
604 2839 710 2876 Deus
726 2837 855 2875 facere
868 2841 999 2884 potest
1011 2838 1109 2885 quin
1124 2839 1198 2877 suh
1213 2839 1352 2878 ordine
1366 2849 1450 2879 suae
1460 2841 1717 2888 providentiae

104 2883 231 2929 cadat,
245 2884 348 2923 sicut
366 2893 449 2923 non
463 2887 595 2932 potest
614 2884 764 2933 aliquid
781 2884 910 2924 facere
930 2886 1037 2934 quod
1056 2884 1142 2934 ejus
1158 2887 1380 2934 operationi
1399 2897 1482 2927 non
1502 2888 1715 2933 subdatur3
