1894 3223
650 99 737 134 LlB.
764 99 812 142 ll,
840 98 942 134 CAP.
968 98 1120 134 xcvnt.
1623 101 1691 136 253

67 185 130 220 est
152 179 446 219 intellectualis.
468 181 553 216 Non
576 183 708 216 autem
730 183 791 215 est
814 179 1006 225 possibile
1035 179 1132 226 quin
1168 179 1254 217 istae
1290 179 1576 218 similitudines
1610 181 1707 218 sint*

68 229 218 276 plures,
236 227 426 274 quiajam
448 230 655 263 ostensum
682 229 742 262 est
763 226 868 272 quod
892 227 1013 263 totius
1034 227 1137 263 entis
1164 227 1404 264 universalis
1434 228 1606 273 perfecta
1636 228 1690 266 si-

67 275 253 313 militudo
276 283 366 311 esse
387 282 465 310 non
488 277 618 319 potest
637 273 716 310 nisi
738 272 904 309 infinita.
925 273 1031 310 Sicut
1052 277 1181 310 autern
1202 277 1343 311 natura
1369 274 1601 311 substantiae
1629 284 1691 312 se-

68 326 215 369 paratae
237 330 316 358 non
337 324 399 358 est
417 319 587 362 infinita,
610 319 680 357 sed
700 320 923 363 terminata,
946 320 999 357 ita
1029 321 1250 357 similitudo
1281 321 1547 368 intelligibilis
1574 322 1615 358 in
1645 331 1709 360 ea

67 369 246 407 existens
273 376 355 405 non
381 370 618 413 potestesse
643 366 812 409 infinita,
832 367 901 404 sed
922 368 1133 404 terminata
1148 368 1196 404 ad
1218 367 1390 415 aliquam
1422 369 1594 414 speeiem
1630 370 1690 407 vel

97 425 198 454 enus
217 415 334 452 entis.
357 414 464 451 Unde
486 414 533 450 ad
553 414 951 459 comprehensionem
983 415 1105 452 totius
1136 415 1239 452 entis
1272 415 1527 461 requiruntur
1559 417 1692 461 plures

67 426 298 509 {ujusmodi
315 461 614 499 similitudines.
637 462 792 505 Quanto
825 465 955 498 autem
994 462 1128 508 aliqua
1158 462 1382 499 substantia
1419 468 1600 509 separata
1633 467 1694 502 est

67 510 265 557 superior,
287 512 396 546 tanto
414 508 501 554 ejus
525 511 668 545 natura
686 512 747 545 est
765 508 907 545 divinae
928 512 1078 545 naturae
1099 509 1289 552 similior;
1312 513 1350 545 et
1369 508 1457 547 idco
1476 515 1537 547 est
1556 511 1691 548 minus

66 561 285 600 contracta,
307 559 441 602 utpote
465 555 729 602 propinquius
751 555 944 592 accedens
961 555 1009 592 ad
1030 565 1101 593 ens
1133 555 1370 600 universale,
1403 557 1621 602 perfectum
1654 561 1694 595 et

67 604 233 644 bonum,
280 606 318 640 et
355 606 514 649 propter
553 602 628 639 hoc
667 602 996 639 universaliorem
1028 603 1122 639 boni
1150 606 1189 639 et
1222 603 1326 639 entis
1348 603 1690 650 participationem

70 651 245 695 habens;
267 654 306 687 et
322 650 412 687 ideo
433 649 719 687 similitudines
740 650 1015 695 intelligibiles
1034 650 1074 686 in
1096 650 1318 691 substantia
1340 651 1537 695 superiori
1566 652 1692 690 exsis-

67 701 211 742 tentes,
232 700 327 735 sunt
346 697 480 734 minus
500 697 770 742 multiplicata}
791 701 829 734 et
855 697 984 743 magis
1016 696 1276 734 universales.
1310 698 1354 733 Et
1389 698 1463 734 lioc
1493 701 1555 735 est
1586 698 1693 745 quod

68 745 285 792 Dionysius
303 744 400 791 (Coel.
423 745 539 787 Hier„
554 754 587 781 c.
605 744 660 790 12)
682 745 775 781 dicit
797 744 901 790 quod
923 744 1054 790 angeli
1073 744 1300 796 superiores
1324 743 1692 796 babentscientiam

68 793 199 839 magis
221 792 510 834 universalem:
533 795 569 828 et
590 792 630 827 in
653 791 752 827 libro
774 793 825 827 De
844 792 962 827 causis
989 791 1093 837 (lect.
1129 791 1187 837 10)
1223 791 1368 827 dieitur
1401 791 1507 838 quod
1546 793 1694 830 intelli·

68 840 214 886 gentiae
239 839 466 885 superiores
502 838 649 876 habent
682 840 830 875 formas
864 838 992 884 magis
1025 837 1523 890 universales-„Summum
1561 844 1693 878 autem

71 886 301 933 hujusmodi
323 885 633 924 universalitatis
648 889 709 922 est
723 885 762 921 in
785 887 877 929 Deo,
897 885 964 932 qui
982 893 1051 931 per
1065 893 1202 928 unum,
1219 885 1372 922 scilicet
1387 894 1457 931 per
1475 887 1693 925 essentiam

71 941 201 978 suam,
223 933 360 970 omnia
377 932 609 979 cognoscit;
636 931 815 968 infimum
838 935 969 969 autem
1002 931 1043 968 in
1075 931 1279 968 intellectu
1313 932 1502 978 humano,
1541 934 1607 980 qui
1645 934 1695 971 ad

68 980 383 1028 unumquodque
418 979 671 1025 intelligibile
707 979 861 1025 indiget
890 978 1023 1025 specie
1051 978 1292 1025 intelligibili
1307 980 1467 1026 propria
1483 983 1520 1016 et
1543 981 1578 1017 ei
1596 989 1694 1019 coae-

97 1032 201 1065 unta.

67 1037 93 1074 q
117 1077 200 1111 Non
226 1077 287 1110 est
318 1073 440 1120 igilur
465 1081 535 1119 per
566 1073 714 1110 formas
735 1072 1046 1110 universaliores
1069 1072 1171 1118 apud
1193 1072 1439 1110 substantias
1466 1074 1695 1120 superiores

71 1121 302 1168 imperfecta
322 1120 513 1167 cognitio,
535 1120 639 1157 sicut
671 1120 775 1165 apud
811 1128 910 1164 nos3
931 1129 1002 1165 per
1028 1119 1331 1157 similitudinem
1353 1120 1460 1158 enim
1493 1121 1695 1168 animalis,

68 1177 139 1214 per
160 1176 278 1215 quam
296 1167 582 1213 cognoscimus
603 1166 752 1213 aliquid
774 1166 815 1203 in
835 1175 981 1211 genere
1000 1170 1170 1211 tantum,
1191 1167 1524 1213 imperfectiorem
1556 1169 1695 1215 cogni-

69 1215 220 1252 tionem
253 1214 447 1252 habemus
482 1222 600 1261 quam
634 1223 703 1259 per
735 1213 1038 1251 similitudinem
1079 1213 1268 1257 hominis,
1289 1223 1359 1261 per
1397 1223 1516 1261 quam
1552 1224 1697 1263 cogno·

68 1262 222 1300 scimus
254 1261 427 1308 speciem
447 1261 682 1307 completam
705 1269 976 1307 ;cognoscere
997 1260 1101 1297 enim
1125 1261 1276 1307 aliquid
1309 1261 1532 1299 secundum
1565 1271 1696 1310 genus

70 1313 222 1346 tantum
245 1311 307 1346 est
325 1316 569 1355 cognoscere
591 1307 817 1353 imperfecte
841 1312 878 1344 et
899 1308 1012 1354 quasi
1035 1308 1075 1344 in
1096 1308 1286 1354 potentia,
1302 1317 1546 1355 cognoscere
1562 1314 1694 1348 autem

70 1356 113 1393 in
133 1355 266 1402 specie
285 1359 346 1394 est
365 1363 609 1401 cognoscere
628 1355 799 1400 perfecte
817 1355 910 1391 etin
925 1359 1029 1392 actu.
1050 1355 1277 1392 Intellectus
1292 1360 1423 1393 autem
1438 1360 1587 1402 noster,
1601 1359 1697 1404 quia

70 1401 255 1440 infimum
285 1402 453 1449 gradum
471 1405 579 1439 tenet
608 1401 651 1438 in
681 1401 920 1439 substantiis
944 1401 1296 1448 intellectualibus,
1317 1403 1416 1440 adeo
1438 1404 1695 1449 particulatas

72 1449 358 1487 similitudines
369 1449 535 1496 requirit
553 1448 660 1496 quod
675 1449 891 1495 unicuique
906 1449 1170 1496 cognoscibili
1189 1450 1349 1496 proprio
1363 1454 1518 1496 oportet
1533 1460 1697 1497 respon·

72 1496 166 1534 dere
186 1496 388 1543 propriam
424 1495 727 1533 similitudinem
759 1496 801 1532 in
825 1497 939 1541 ipso;
960 1496 1064 1532 unde
1094 1506 1165 1542 per
1183 1496 1486 1534 similitudinem
1508 1498 1695 1537 animalis

73 1552 153 1581 non
175 1543 386 1590 cognoscit
405 1542 613 1588 rationale,
631 1546 671 1579 et
688 1551 758 1588 per
779 1551 1030 1590 consequens
1049 1552 1122 1581 nec
1143 1543 1358 1588 hominem,
1375 1544 1454 1582 nisi
1474 1546 1693 1582 secundum

72 1590 182 1638 quid.
206 1590 431 1627 Similitudo
464 1593 596 1627 autem
628 1589 894 1635 intelligibilis
915 1599 1002 1636 quae
1023 1593 1082 1627 est
1114 1590 1155 1627 in
1191 1590 1415 1628 substantia
1434 1596 1615 1638 separata
1636 1597 1696 1630 est

74 1637 378 1675 universalioris
412 1637 585 1677 virtutis,
608 1636 655 1673 ad
684 1637 800 1682 plura
831 1636 1152 1682 repraesentanda
1182 1637 1403 1681 sufficiens,
1433 1642 1471 1675 et
1501 1639 1590 1676 ideo
1614 1649 1696 1677 non

73 1685 171 1722 facit
191 1684 522 1730 imperfectiorem
539 1684 824 1730 cognitionem,
845 1684 913 1720 sed
931 1684 1230 1730 perfectiorem;
1252 1689 1312 1722 est
1331 1685 1437 1721 enim
1457 1686 1696 1725 universalis

73 1731 220 1769 virtute
243 1731 291 1768 ad
311 1731 473 1768 modum
494 1730 631 1767 formae
664 1731 819 1776 agentis
837 1731 878 1767 in
898 1740 1021 1768 causa
1040 1731 1270 1776 universali,
1292 1741 1380 1778 quae
1409 1737 1558 1779 quanto
1579 1733 1696 1772 suerit

73 1778 353 1821 universalior,
375 1781 486 1814 tanto
507 1777 554 1814 ad
575 1777 689 1823 plura
706 1786 748 1814 se
769 1777 945 1814 extendit
963 1781 1002 1814 et
1021 1777 1224 1815 efficacius
1244 1779 1438 1825 producit.
1461 1781 1534 1816 Per
1553 1780 1696 1818 simili-

71 1824 253 1863 tudinem
284 1825 406 1871 igitur
440 1833 556 1861 unam
593 1824 802 1871 cognoscit
835 1827 872 1861 et
903 1824 1050 1862 animal
1082 1828 1121 1862 et
1140 1824 1385 1863 differentias
1405 1826 1606 1871 animalis,
1628 1832 1696 1866 aut

71 1872 193 1910 etiam
230 1871 508 1909 universaliori
540 1871 660 1908 modo
683 1874 723 1908 et
749 1872 1019 1912 contractiori,
1055 1873 1275 1910 secundum
1309 1873 1490 1911 ordinem
1510 1874 1696 1913 substan-

69 1919 217 1957 tiarum
250 1918 541 1965 praedictarum.
574 1918 761 1965 Exempla
792 1918 915 1965 igitur
948 1919 1082 1966 hujus,
1115 1923 1157 1956 ut
1186 1919 1335 1957 dictum
1363 1924 1438 1966 est,
1467 1921 1509 1958 in
1537 1921 1697 1961 duobus

71 1966 260 2004 extremis
291 1966 470 2012 accipere
501 1974 732 2012 possumus,
774 1966 929 2003 scilicet
956 1966 998 2003 in
1027 1966 1233 2004 intellectu
1268 1967 1404 2005 divino
1432 1971 1471 2005 et
1502 1967 1694 2008 humano.

74 2014 178 2050 Deus
211 2012 316 2050 enim
347 2021 416 2058 per
450 2021 588 2057 unum,
611 2013 715 2059 quod
744 2016 804 2050 est
835 2021 909 2050 sua
937 2013 1126 2059 essentia,
1146 2015 1359 2060 cognoscit
1386 2014 1549 2060 omnia;
1575 2016 1696 2055 homo

70 2063 204 2098 autem
225 2059 274 2097 ad
295 2059 452 2097 diversa
469 2059 752 2106 cognoscenda
771 2060 948 2098 diversas
968 2060 1253 2099 similitudines
1271 2061 1449 2108 requirit,
1463 2062 1561 2109 quin
1577 2063 1696 2103 etiam

70 2110 222 2154 quanto
255 2106 410 2144 altioris
432 2106 550 2143 fuerit
567 2107 807 2151 intellectus,
827 2110 938 2144 tanto
959 2117 1007 2145 ex
1025 2108 1284 2154 paucioribus
1316 2109 1430 2155 plura
1449 2119 1696 2156 cognoscere

71 2157 225 2201 potest3
244 2153 351 2192 unde
368 2153 435 2192 his
453 2153 522 2201 qui
543 2157 637 2191 sunt
653 2154 756 2191 tardi
791 2154 1018 2193 intellectus
1041 2158 1196 2201 oportet
1228 2156 1409 2203 exempla
1439 2157 1698 2204 particularia

72 2200 268 2238 adducere
288 2200 339 2238 ad
359 2200 631 2248 cognitionem
652 2200 700 2238 de
719 2200 840 2238 rebus
861 2202 1111 2240 sumendam.

118 2247 250 2291 Quum
289 2250 421 2284 autem
442 2247 668 2286 substantia
699 2251 893 2294 separata,
915 2249 954 2285 in
991 2258 1065 2286 sua
1096 2253 1240 2287 natura
1274 2250 1539 2295 considerata,
1576 2252 1696 2289 sitin

71 2294 253 2339 potentia
270 2293 322 2331 ad
339 2294 627 2332 similitudines
659 2295 804 2342 quibus
836 2299 961 2332 totum
983 2305 1055 2333 ens
1087 2300 1367 2343 cognoscatur,
1389 2306 1470 2334 non
1503 2301 1562 2334 est
1596 2298 1697 2335 aesti-

72 2339 266 2377 mandum
312 2341 392 2378 uod
412 2341 465 2378 sit
485 2341 682 2378 denudata
701 2342 750 2379 ab
767 2342 955 2380 omnibus
976 2343 1206 2389 hujusmodi
1228 2344 1588 2387 similitudinibus;
1612 2345 1696 2383 haec

72 2386 182 2424 enim
201 2389 264 2423 est
309 2387 493 2433 ispositio
513 2388 739 2425 intellectus
770 2389 977 2434 possibilis
1012 2394 1226 2436 antequam
1257 2390 1466 2436 intelligat,
1489 2394 1531 2427 ut
1552 2391 1697 2429 dicitur

73 2432 288 2480 (Deam-ma,
304 2441 366 2478 111,
383 2437 477 2470 text.
493 2442 638 2471 comm.
661 2435 878 2482 14).Neque
897 2439 959 2472 est
977 2436 1095 2473 etiam
1117 2436 1393 2473 aestimandum
1414 2436 1519 2483 quod
1541 2437 1695 2484 aliquas

73 2489 211 2518 earum
233 2479 376 2517 habeat
394 2479 438 2517 in
457 2485 561 2521 actu,
590 2483 628 2532 et
647 2481 747 2518 alias
767 2481 809 2518 in
838 2483 1016 2528 potentia
1045 2486 1225 2527 tantum3
1247 2483 1351 2520 sicut
1373 2484 1538 2520 materia
1568 2485 1697 2530 prima

72 2527 117 2564 in
153 2527 390 2573 corporibus
427 2527 685 2564 inferioribus
723 2527 841 2564 habet
880 2538 999 2565 unam
1038 2529 1207 2566 formam
1239 2529 1282 2566 in
1319 2533 1424 2575 actu,
1445 2534 1483 2567 et
1520 2530 1620 2569 alias
1653 2532 1695 2569 in

73 2574 274 2620 potentia3
304 2577 344 2612 et
361 2573 421 2612 sie
441 2573 666 2610 intellectus
684 2574 891 2620 possibilis
921 2578 1070 2620 noster,
1097 2585 1218 2622 quum
1235 2575 1317 2622 jam
1342 2585 1484 2615 sumus
1506 2578 1694 2625 scientes,

73 2623 136 2657 est
158 2624 249 2658 actu
269 2620 491 2659 secundum
525 2620 660 2667 aliqua
679 2621 962 2668 intelligibilia,
983 2623 1202 2659 seeundum
1225 2624 1305 2661 alia
1326 2633 1420 2662 vero
1441 2624 1482 2661 in
1502 2625 1692 2671 potentia.

76 2667 211 2713 Quum,
230 2668 334 2704 enim
356 2667 436 2705 illae
457 2667 690 2705 substantias
710 2672 900 2714 separatae
922 2677 1001 2705 non
1023 2673 1255 2707 moveantur
1269 2680 1399 2718 neque
1415 2680 1485 2717 per
1502 2681 1545 2710 se
1567 2681 1694 2720 neque

74 2723 144 2759 per
163 2715 363 2761 accidens,
398 2718 440 2752 ut
459 2719 666 2752 ostensum
686 2715 810 2760 est(c.
835 2715 908 2761 97),
933 2724 1050 2752 omne
1079 2716 1184 2763 quod
1205 2720 1264 2754 est
1296 2717 1338 2753 in
1367 2718 1488 2756 eisin
1519 2720 1696 2765 potentia

0 2764 19 2794 ¹.
75 2763 231 2805 oportet
261 2770 351 2799 esse
382 2761 422 2798 in
458 2764 572 2806 actu3
607 2761 707 2799 alias
737 2762 888 2798 exirent
918 2762 964 2799 de
984 2763 1160 2808 potentia
1193 2763 1234 2800 in
1255 2768 1399 2809 actum,
1422 2766 1543 2803 etsie
1562 2775 1692 2803 move·

75 2810 213 2844 rentur
230 2816 300 2854 per
316 2817 360 2845 εθ
375 2807 437 2845 vel
457 2817 527 2854 per
543 2808 742 2846 accidens.
758 2810 824 2845 Est
845 2809 966 2855 igitur
986 2810 1026 2845 in
1047 2809 1105 2846 eis
1126 2811 1301 2855 potentia
1315 2814 1353 2848 et
1373 2815 1484 2849 actus
1503 2817 1694 2859 quantum

73 2852 125 2889 ad
156 2862 245 2892 esse
278 2854 544 2902 intelligibile,
566 2855 671 2893 sicut
701 2855 742 2893 in
775 2856 1008 2902 corporibus
1038 2856 1272 2896 coelestibus
1302 2862 1494 2906 quantum
1530 2860 1578 2897 ad
1605 2868 1694 2897 esse
