1894 3223
120 122 189 157 486
758 115 844 151 LtB.
871 114 930 156 lv,
958 115 1059 150 CAP.
1085 115 1115 150 1.

551 355 828 407 LIBER
894 353 1311 415 QUARTUS

828 666 994 710 CAPUT
1022 665 1053 707 l.

793 785 1091 816 PROOEMIUM.

173 901 275 942 Ecce,
310 899 382 933 haeo
418 907 462 933 ea:
490 899 596 942 parte
623 895 722 931 dieta
757 897 842 931 stmt
871 895 1014 929 viarum
1042 893 1139 939 ejus;
1174 897 1207 929 et
1249 904 1327 929 cum
1362 895 1427 929 via)
1443 904 1597 939 parram
1619 895 1756 930 stillam

126 946 300 983 fer-monis
333 945 410 989 ejus
440 944 673 987 audierimus,
707 944 789 987 quis
813 943 948 987 poterit
964 943 1166 977 tonitruum
1184 941 1448 985 maqnitudinis
1470 942 1568 977 illius
1586 943 1723 977 intueri
1737 943 1756 976 ΣΡ

142 994 219 1036 Job,
254 1000 364 1035 xxw,
387 993 441 1027 14.

127 994 141 1040 ί
176 1039 403 1077 Intellectus
426 990 638 1081 li)umanus‚
661 1045 684 1072 a
703 1035 822 1083 rebus
838 1035 1098 1072 sensibilibus
1118 1034 1429 1071 connaturaliter
1446 1034 1523 1072 sibi
1546 1035 1755 1072 scientiam

130 1087 308 1132 capiens,
331 1085 379 1122 ad
399 1084 630 1121 intuendam
653 1083 826 1120 divinam
848 1082 1111 1119 substantiam
1133 1083 1173 1118 in
1197 1082 1342 1127 seipsa,
1365 1092 1451 1128 quae
1483 1091 1601 1127 super
1619 1082 1757 1119 omnia

131 1133 352 1175 sensibilia,
374 1133 454 1168 imo
473 1141 592 1177 super
612 1130 747 1167 omnia
767 1130 845 1166 alia
864 1130 983 1173 entia,
1001 1129 1447 1175 improportionabiliter
1469 1129 1658 1174 elevatur,
1673 1138 1756 1175 per·

129 1181 283 1226 tingere
303 1188 372 1224 per
392 1179 568 1224 seipsum
591 1187 670 1214 non
691 1177 804 1212 valet.

179 1226 266 1270 Sed,
288 1226 381 1272 quia
402 1226 617 1271 perfectum
640 1224 814 1260 hominis
836 1223 983 1259 bonum
1007 1227 1068 1260 est
1095 1226 1136 1259 ut
1154 1231 1314 1269 quoquo
1331 1223 1449 1259 modo
1466 1225 1586 1259 Deum
1607 1231 1755 1270 cogno-

132 1277 230 1317 scat,
253 1282 302 1309 ne
320 1276 399 1309 tam
418 1272 564 1309 nobilis
580 1275 759 1308 ereatura
776 1271 939 1306 omnino
962 1271 999 1306 in
1023 1279 1165 1306 vanum
1185 1279 1273 1306 esse
1294 1270 1503 1314 videretur,
1520 1270 1757 1306 velutfinem

132 1320 335 1366 proprium
366 1319 557 1366 attingere
600 1326 678 1354 non
715 1317 863 1357 valens,
897 1318 1010 1354 datur
1028 1317 1175 1353 homini
1203 1317 1381 1362 quaedam
1402 1317 1464 1353 via
1482 1327 1549 1362 per
1570 1327 1686 1363 quam
1716 1317 1757 1353 in

133 1367 201 1403 Dei
228 1366 496 1413 cognitionem
519 1365 733 1401 ascendere
767 1365 906 1409 possit,
942 1368 982 1400 ut
1003 1365 1169 1407 scilicet,
1198 1364 1290 1409 quia
1309 1373 1447 1400 omnes
1469 1374 1599 1400 rernm
1631 1364 1756 1410 perte·

132 1415 286 1451 ctiones
308 1412 479 1458 quodam
501 1412 639 1448 ordine
660 1421 681 1447 a
705 1420 862 1447 summo
884 1420 1014 1446 rerum
1041 1410 1184 1446 vertice
1220 1411 1296 1446 Deo
1324 1410 1560 1454 decendunt,
1592 1411 1676 1456 ipse
1709 1410 1757 1447 ab

133 1460 392 1496 inferioribus
424 1459 621 1503 incipiens
653 1461 690 1494 et
718 1457 910 1504 grad-atim
949 1457 1169 1494 ascendens
1191 1456 1232 1492 in
1265 1458 1330 1492 Dei
1355 1457 1623 1504 cognitionem
1645 1457 1760 1503 profi·

131 1507 232 1550 ciat;
257 1515 344 1542 nam
368 1506 465 1542 etin
500 1504 773 1550 corporalibus
806 1505 979 1540 motibus
1012 1504 1148 1540 eadem
1173 1507 1234 1540 est
1259 1505 1323 1540 via
1351 1514 1428 1550 qua
1450 1504 1703 1541 descenditur
1722 1507 1760 1541 et

132 1553 374 1596 ascenditur,
397 1553 549 1589 ratione
572 1551 754 1598 principii
787 1555 825 1588 et
853 1550 944 1588 finis
968 1551 1167 1588 distincta.
1190 1551 1368 1587 Praedicti
1388 1555 1518 1588 autem
1540 1551 1760 1589 descensus

132 1600 419 1647 perfectionum
443 1609 464 1636 a
485 1601 563 1636 Deo
583 1599 726 1644 duplex
746 1603 805 1635 est
826 1599 925 1635 ratio
945 1609 956 1635 ε
978 1600 1061 1634 Una
1081 1597 1253 1644 quidem,
1275 1608 1322 1634 ex
1343 1602 1449 1644 parte
1470 1599 1605 1644 prnnae
1628 1607 1760 1636 rerum

133 1648 327 1694 originis;
355 1656 445 1683 nam
479 1647 612 1683 divina
634 1646 842 1691 sapientia,
865 1650 906 1681 ut
935 1646 1123 1691 perfectio
1151 1650 1255 1682 esset
1275 1645 1317 1681 in
1337 1645 1469 1685 rebus,
1495 1655 1555 1683 res
1576 1645 1762 1691 produxit

133 1696 174 1731 in
195 1694 348 1737 ordine,
372 1698 412 1729 ut
443 1698 713 1730 creaturarum
735 1693 976 1734 universitas
1007 1702 1054 1729 ex
1080 1693 1249 1729 summis
1276 1702 1408 1729 rerum
1429 1697 1465 1728 et
1484 1693 1632 1729 infimis
1651 1701 1760 1730 com-

132 1742 319 1787 pleretur.
339 1740 423 1778 Alia
445 1749 537 1777 vero
567 1739 666 1777 ratio
693 1749 741 1777 ex
769 1739 867 1786 ipsis
889 1739 1007 1776 rebus
1043 1739 1239 1785 procedit;
1280 1749 1385 1784 nam,
1407 1749 1497 1776 cnm
1533 1749 1663 1777 causae
1682 1739 1761 1776 sint

133 1788 350 1825 nobiliores
371 1788 590 1830 effectibus,
615 1786 738 1832 primo
760 1787 918 1833 quidem
939 1791 1102 1823 causata
1128 1786 1315 1823 deficiunt
1331 1797 1354 1823 a
1371 1787 1497 1832 prima
1517 1796 1651 1831 causa,
1673 1795 1761 1833 quae

134 1837 239 1872 Deus
261 1838 333 1879 est,
357 1844 442 1881 quae
464 1838 594 1871 tamen
616 1834 700 1871 suis
718 1833 924 1870 efi'ectibus
945 1834 1216 1879 praeeminent,
1232 1837 1270 1870 et
1282 1833 1339 1870 sic
1353 1834 1537 1878 deinceps
1552 1842 1760 1880 quousque

135 1882 182 1919 ad
207 1882 345 1918 ultima
365 1891 493 1917 rerum
517 1881 778 1927 perveniatur.
803 1882 845 1916 Et
865 1881 957 1927 quia
987 1881 1026 1916 in
1061 1889 1218 1917 summo
1248 1890 1378 1917 rerum
1406 1881 1549 1917 vertice
1575 1882 1655 1917 Deo
1675 1889 1761 1926 per·

104 1945 117 1950 ··
135 1929 356 1966 fectissima
385 1929 517 1964 unitas
549 1929 762 1971 invenitur,
785 1933 821 1963 et
856 1927 1180 1974 unumquodque,
1212 1931 1360 1974 quanto
1381 1931 1441 1964 est
1468 1927 1597 1974 magis
1621 1935 1759 1973 unum,

131 1978 244 2012 tanto
265 1978 326 2012 est
342 1975 472 2022 magis
492 1975 710 2011 virtuosum
729 1978 768 2010 et
783 1974 954 2021 dignius,
971 1982 1224 2020 consequens
1237 1978 1367 2019 estut,
1389 1978 1579 2021 quantum
1600 1985 1621 2010 a
1636 1974 1761 2020 primo

133 2021 331 2068 principio
353 2021 561 2066 receditur,
580 2025 690 2058 tanto
711 2021 837 2066 major
856 2021 1062 2057 diversitas
1089 2025 1126 2057 et
1146 2021 1306 2058 variatio
1327 2021 1550 2057 inveniatur
1566 2021 1607 2057 iu
1626 2021 1760 2059 rebus.

134 2070 297 2115 Oportet
314 2069 436 2121 igitur
452 2077 684 2114 processum
704 2068 968 2104 emanationis
987 2077 1009 2104 a
1030 2069 1109 2105 Deo
1128 2067 1233 2104 uniri
1252 2067 1410 2115 quidem
1442 2068 1481 2104 in
1510 2068 1598 2114 ipso
1622 2068 1764 2114 princi-

134 2116 214 2162 pio,
233 2116 486 2161 multiplicari
509 2119 640 2152 autem
662 2115 882 2152 secundum
912 2124 976 2152 res
1009 2114 1168 2152 infimas
1199 2115 1247 2152 ad
1264 2123 1364 2162 quas
1379 2114 1625 2152 terminatur.
1649 2117 1691 2152 Et
1708 2115 1766 2153 ita

135 2162 356 2201 secundum
386 2162 650 2199 diversitatem
684 2170 815 2199 rerum
849 2166 1009 2208 apparet
1027 2161 1180 2199 viarum
1213 2162 1434 2207 diversitas,
1468 2162 1583 2209 quasi
1611 2161 1662 2199 ab
1682 2171 1763 2199 uno

135 2209 329 2257 principio
348 2209 624 2246 inchoatarum
645 2213 683 2246 et
702 2208 1000 2246 terminatarum
1022 2209 1071 2246 ad
1097 2209 1266 2246 diversa.

183 2258 256 2293 Per
293 2256 366 2294 has
400 2256 519 2303 igitur
556 2256 642 2293 vias
673 2255 900 2293 intellectus
936 2260 1074 2294 noster
1101 2256 1142 2293 in
1171 2256 1239 2293 Dei
1259 2256 1527 2303 cognitionem
1549 2256 1764 2295 ascendere

134 2307 267 2350 potest
286 2315 295 2347 ;
317 2302 401 2348 sed,
423 2306 582 2350 propter
601 2302 842 2340 debilitatem
863 2303 1088 2340 intellectus
1110 2303 1248 2348 nostri,
1274 2312 1348 2340 nec
1367 2303 1476 2349 ipsas
1493 2304 1578 2341 vias
1593 2303 1764 2350 perfecte

134 2359 379 2398 cognoscere
415 2359 648 2396 possumus.
666 2352 778 2395 Nam,
800 2359 890 2387 cum
912 2359 1071 2395 sensus,
1091 2351 1195 2387 unde
1235 2354 1371 2387 nostra
1404 2351 1580 2398 cognitio
1613 2350 1763 2397 incipit,

135 2397 241 2435 circa
259 2397 453 2434 exteriora
473 2397 693 2435 accidentia
714 2401 904 2438 versetur,
927 2407 1015 2444 quae
1047 2402 1140 2435 sunt
1160 2397 1380 2435 secundum
1410 2406 1452 2435 se
1480 2397 1701 2442 sensibilia,
1722 2401 1767 2434 ut

135 2445 248 2482 color
267 2448 305 2481 et
324 2444 424 2482 odor
443 2448 482 2481 et
500 2444 744 2491 hujusmodi,
766 2444 993 2482 intellectus
1007 2445 1071 2482 vix
1086 2454 1156 2492 per
1175 2444 1404 2492 hujusmodi
1422 2445 1616 2482 exteriora
1633 2447 1766 2491 potest

135 2491 185 2528 ad
199 2491 430 2529 interiorem
450 2492 630 2529 notitiam
651 2492 869 2538 pervenire,
890 2491 1007 2529 etiam
1027 2492 1187 2529 illarum
1208 2500 1339 2529 rerum
1361 2501 1528 2539 quarum
1543 2491 1765 2530 accidentia

135 2546 259 2576 sensu
279 2538 450 2585 perfecte
470 2539 783 2586 comprehendit.
820 2538 939 2577 Multo
972 2539 1094 2587 igitur
1113 2540 1248 2577 minus
1278 2540 1502 2586 pertingere
1539 2539 1681 2586 poterit
1714 2536 1764 2575 ad

136 2585 554 2632 comprehendendum
575 2590 739 2624 naturas
758 2585 917 2624 illarum
937 2595 1068 2624 rerum
1082 2594 1252 2633 quarum
1272 2595 1400 2632 pauca
1420 2586 1639 2624 accidentia
1655 2584 1762 2630 capi-

136 2639 226 2668 mus
246 2641 383 2676 sensu,
404 2636 442 2670 et
456 2633 587 2670 adhuc
610 2633 744 2672 minus
762 2633 919 2671 illarum
945 2642 1113 2680 quarum
1134 2633 1356 2671 accidentia
1373 2634 1460 2679 capi
1479 2642 1558 2670 non
1578 2635 1762 2679 possunt,

137 2678 210 2714 etsi
232 2688 299 2724 per
324 2680 518 2727 quosdam
547 2679 776 2719 deficientes
805 2679 970 2718 effectus
1002 2680 1269 2727 participetur.
1290 2680 1380 2724 Sed,
1402 2680 1476 2718 etsi
1496 2680 1592 2726 ipsae
1611 2681 1764 2730 naturae

137 2732 267 2776 rerum
283 2731 418 2763 essent
438 2727 555 2765 nohis
577 2728 760 2781 cognitae,
777 2727 875 2765 ordo
894 2731 1028 2764 tamen
1046 2737 1197 2772 earum,
1221 2727 1442 2765 secundum
1463 2726 1569 2774 quod
1593 2724 1765 2777 adivina

136 2771 384 2816 providentia
419 2778 458 2810 et
494 2774 734 2813 adinvicem
765 2775 1035 2821 disponuntur
1064 2778 1103 2812 et
1134 2775 1361 2822 diriguntur
1377 2773 1418 2810 in
1437 2772 1570 2816 finem,
1592 2775 1765 2810 tenuiter

137 2816 255 2871 nobis
274 2823 394 2857 notus
414 2829 503 2857 esse
523 2825 673 2867 posset,
692 2831 819 2870 quum
840 2822 888 2860 ad
914 2822 1236 2869 cognoscendam
1255 2822 1450 2859 rationem
1471 2819 1612 2857 divinae
1631 2819 1763 2866 provi-

125 2863 278 2903 -dentiae
291 2874 372 2903 non
392 2867 679 2914 pertingamus.
