1894 3223
196 120 257 153 ·60
817 115 914 150 LIB.
942 115 972 158 Ι,
1000 115 1100 152 ΟΑΡ.
1127 116 1217 152 LVI.

212 208 288 245 pus
309 201 369 235 est
388 197 599 244 figuratum
619 199 657 232 et
673 196 906 232 coloratum.
923 195 1079 240 Species
1099 200 1231 232 autem
1252 195 1527 242 intelligibiles
1543 195 1690 242 quibus
1707 196 1826 233 intel-

214 247 341 282 lectus
361 244 552 281 formatur
572 242 619 278 ad
639 243 715 278 hoc
730 242 835 288 quod
856 242 942 287 ipsa
953 242 1032 278 sint
1049 243 1301 279 intellectam
1322 247 1425 285 actu,
1443 251 1583 279 omnes
1597 246 1692 279 sunt
1704 244 1824 280 unius

214 291 386 338 generis.
409 290 559 327 Habent
579 289 683 325 enim
703 297 819 325 unam
835 288 1028 326 rationem
1046 289 1205 327 essendi
1224 289 1444 326 secundum
1459 298 1548 325 esse
1565 289 1832 335 intelligibile,

214 340 306 376 licet
321 347 384 375 res
403 345 566 384 quarum
587 339 680 372 sunt
701 335 869 381 species,
892 336 933 372 in
949 345 1067 373 unam
1082 336 1241 374 essendi
1260 345 1342 373 non
1356 336 1595 373 conveniant
1609 336 1826 373 rationem:

214 386 319 422 unde
343 394 416 420 nec
436 382 644 419 contrariae
667 386 760 419 sunt
778 392 847 428 per
867 384 1185 420 contrarietatem
1206 393 1351 424 rerum,
1370 392 1457 430 quae
1477 387 1572 419 sunt
1608 386 1722 419 extra
1746 383 1831 420 ani-

214 442 332 469 mam.
355 433 396 467 Et
419 430 511 466 inde
535 429 735 475 estquod,
757 430 915 476 quando
955 430 1087 476 aliqua
1116 431 1242 468 multa
1282 431 1545 476 accipiuntur,
1579 439 1832 476 quocumque

215 479 332 515 inodo
352 477 477 521 unita,
499 476 619 513 simul
636 476 928 523 intelliguntur.
950 477 1075 513 Simul
1097 478 1201 514 enim
1223 478 1412 523 intelligit
1431 481 1559 514 totum
1577 477 1829 521 continuum,

216 535 291 561 non
316 528 463 570 partem
485 526 577 569 post
596 526 746 568 partem
765 535 772 558 :
796 527 834 559 et
854 523 1037 560 similiter
1057 525 1177 561 simul
1197 525 1385 571 intelligit
1399 524 1729 570 propositionem,
1752 533 1834 562 non

213 584 221 615 l
242 573 323 608 rius
343 570 579 616 subJectum‚
601 574 637 606 et
660 573 799 615 postea
818 570 1098 615 praedicatum:
1121 572 1214 618 quia
1234 571 1455 608 secundum
1474 580 1593 608 unam
1614 572 1835 617 totiusspe-

215 620 314 655 ciem
335 626 475 654 omnes
496 621 627 663 partes
648 617 869 668 cognoscit.
890 618 941 652 Ex
957 617 1020 653 his
1041 617 1161 663 igitur
1179 619 1357 664 accipere
1372 627 1589 664 possumus
1605 617 1711 665 quod
1731 627 1836 664 quae·

214 674 382 711 cumque
402 664 515 710 plura
534 673 614 701 una
635 673 766 709 specie
788 668 1099 710 cognoscuntur,
1121 665 1241 701 simul
1278 670 1450 710 possunt
1475 665 1669 712 intelligi:
1696 666 1832 702 omnia

214 716 345 748 autem
365 720 452 758 quae
478 713 582 748 Deus
603 711 810 757 cognoscit
831 719 911 747 una
948 711 1080 755 specie
1116 712 1337 758 cognoscit,
1358 722 1445 758 quae
1465 717 1526 749 est
1548 722 1622 749 sua
1643 712 1849 750 essentia.-

214 759 356 796 Omnia
388 758 510 804 igitur
537 758 658 795 simul
694 757 915 804 intelligere
936 760 1079 803 potest.

259 807 358 845 Item,
379 806 440 842 vis
461 805 734 851 cognoscitiva
752 814 831 840 non
860 807 1069 851 cognoscit
1088 803 1239 851 aliquid
1272 808 1362 842 actu
1394 805 1473 842 nisi
1505 804 1609 842 adsit
1646 804 1830 842 intentio.

215 852 322 889 Unde
344 855 381 889 et
397 852 676 898 phantasmata
693 851 732 888 in
754 860 904 897 organo
927 855 1172 895 conservata,
1195 851 1393 888 interdum
1413 861 1495 889 non
1527 856 1616 888 actu
1638 852 1833 898 imagina-

211 909 316 944 mur,
339 900 432 946 quia
450 899 619 935 intentio
643 907 724 935 non
741 900 912 935 retertur
932 899 980 935 ad
1002 909 1061 935 ea.
1083 899 1288 944 Appetitus
1309 899 1413 935 enim
1442 899 1542 935 alias
1573 900 1773 944 potentias
1790 899 1834 936 in

214 951 344 984 actum
362 949 493 982 movet
511 946 550 981 in
571 945 782 993 agentibus
804 955 872 991 per
893 947 1151 982 voluntatem.
1174 946 1292 982 Multa
1311 946 1433 992 igitur
1453 947 1500 983 ad
1521 956 1608 992 quae
1630 946 1750 982 simul
1769 946 1831 983 in·

211 995 338 1031 tentio
357 1002 438 1030 non
460 993 596 1037 fertur,
618 1002 697 1029 non
721 993 840 1029 simul
865 993 1080 1029 intuemur.
1105 994 1197 1036 Quae
1219 996 1347 1029 autem
1372 997 1552 1039 opportet
1578 993 1652 1029 sub
1685 1002 1767 1030 una
1797 996 1836 1030 et

215 1041 350 1078 cadem
371 1040 594 1076 intentione
613 1040 767 1083 cadere,
789 1043 945 1084 oportet
965 1040 1085 1076 simul
1115 1049 1203 1076 esse
1220 1040 1432 1076 intellecta.
1456 1040 1529 1084 Qui
1547 1041 1652 1076 enim
1674 1049 1834 1085 compa—

213 1088 408 1125 rationem
423 1087 592 1124 duorum
612 1086 856 1130 considerat,
878 1087 1142 1123 intentionem
1163 1086 1211 1122 ad
1233 1091 1443 1133 utrumque
1461 1087 1608 1133 dirigit,
1638 1091 1676 1123 et
1712 1087 1833 1124 simul

214 1135 390 1172 intuetur
414 1138 639 1180 utrumque.
664 1134 805 1170 Omnia
826 1138 957 1170 autem
982 1144 1069 1180 quae
1091 1134 1245 1170 suntin
1279 1134 1412 1170 divina
1442 1134 1623 1178 scientia,
1651 1134 1724 1171 sub
1754 1143 1836 1171 una

213 1182 435 1218 intentione
454 1189 619 1218 necesse
641 1185 702 1218 est
720 1181 874 1217 cadere.
898 1182 1072 1217 Intendit
1092 1182 1195 1217 enim
1212 1182 1316 1217 Deus
1339 1190 1451 1218 suam
1471 1182 1685 1217 essentiam
1705 1182 1834 1227 perfe-

215 1233 273 1266 cte
292 1228 440 1272 videre,
461 1228 568 1275 quod
589 1232 649 1264 est
668 1227 799 1264 videre
834 1228 962 1273 ipsam
984 1228 1204 1265 secundum
1245 1231 1367 1264 totam
1387 1229 1569 1264 virtutem
1606 1237 1735 1271 suam,
1756 1228 1831 1265 sub

215 1285 293 1323 qua
314 1275 449 1312 omnia
471 1275 777 1312 concluduntur.
798 1276 903 1311 Deus
921 1275 1044 1322 igitur
1057 1275 1226 1311 videndo
1242 1275 1457 1312 essentiam
1479 1284 1606 1320 sunm,
1623 1276 1836 1313 simulom·

210 1324 281 1360 nia
303 1323 492 1359 intuetur.

261 1370 443 1415 Arruntius,
465 1368 690 1405 intellectus
706 1368 932 1406 successive
946 1368 1070 1405 multa
1082 1368 1373 1406 considerantis
1396 1369 1644 1415 impossibile
1670 1373 1833 1406 estesse

214 1426 332 1453 unam
356 1420 508 1460 tantum
531 1416 816 1461 operationem.
837 1417 930 1452 Cum
952 1416 1057 1452 enim
1080 1416 1332 1461 operationes
1359 1417 1578 1454 secundum
1593 1416 1834 1461 objectadif-

215 1464 355 1506 t‘erant,
379 1463 575 1508 oportebit
596 1463 792 1499 diversam
813 1471 902 1499 esse
923 1463 1193 1508 operationem
1209 1463 1434 1500 intellectus
1455 1474 1532 1510 qua
1552 1463 1835 1500 consideraba-

212 1515 278 1547 tur
292 1510 477 1556 primum,
501 1514 537 1546 et
558 1519 636 1556 qua
655 1510 982 1546 considerabatur
996 1510 1229 1547 secundum.
1248 1510 1475 1547 Intellectus
1488 1515 1617 1547 autem
1636 1511 1758 1547 divini
1773 1513 1836 1548 est

215 1566 293 1594 una
315 1557 506 1603 operatio,
527 1567 613 1603 quse
635 1561 694 1593 est
712 1566 783 1594 sua
805 1557 992 1600 essentia,
1017 1561 1058 1593 ut
1078 1557 1284 1602 probatum
1307 1561 1368 1594 est
1387 1567 1508 1604 supra
1525 1558 1624 1605 (cap.
1650 1558 1724 1605 45).
1747 1559 1835 1595 Non

213 1606 336 1652 igitur
356 1604 595 1648 successive,
615 1604 685 1640 sed
706 1604 825 1641 simul
846 1605 980 1640 omnia
1001 1613 1073 1641 sua
1094 1605 1255 1650 cognita
1275 1605 1513 1642 considerat.

260 1652 403 1692 Adhuc,
427 1651 631 1688 successio
653 1651 739 1688 sine
778 1655 954 1696 tempore
985 1651 1154 1697 intelligi
1195 1660 1274 1688 non
1305 1656 1449 1697 potest,
1472 1661 1544 1689 nec
1565 1655 1723 1698 tempus
1744 1652 1834 1690 sine

215 1702 324 1735 motu
348 1711 355 1734 :
378 1707 467 1735 cum
487 1702 644 1743 tempus
665 1699 717 1734 sit
736 1707 927 1734 numerus
948 1702 1080 1735 motus
1102 1698 1320 1735 secundum
1337 1699 1448 1745 prius
1469 1703 1506 1736 et
1537 1700 1753 1745 posterius.
1789 1701 1835 1736 In

215 1747 293 1782 Deo
315 1749 444 1782 autem
460 1745 709 1791 impossibile
727 1749 785 1782 est
812 1754 900 1782 esse
921 1749 1073 1782 motum
1093 1746 1280 1791 aliquem,
1304 1750 1345 1782 ut
1371 1756 1420 1782 ex
1453 1747 1693 1792 supradictis
1724 1746 1828 1793 (cap.

217 1794 273 1838 13)
296 1793 430 1829 haberi
452 1796 593 1838 potest.
616 1792 729 1828 Nulla
749 1792 871 1838 igitur
887 1793 1001 1828 estin
1020 1792 1340 1833 consideratione
1371 1793 1505 1830 divina
1537 1793 1757 1835 successio,
1797 1796 1836 1830 et

215 1840 273 1876 sic
292 1839 427 1876 omnia
451 1849 538 1886 quae
557 1840 780 1885 cognoscit,
800 1839 920 1875 simul
941 1840 1179 1876 considerat.

260 1887 360 1930 Item,
382 1886 603 1932 intelligere
624 1886 691 1922 Dei
715 1890 774 1922 est
792 1886 923 1931 ipsum
943 1895 1058 1923 suum
1083 1895 1184 1931 esse,
1207 1889 1252 1923 ut
1281 1895 1329 1923 ex
1362 1886 1602 1933 supradictis
1636 1886 1736 1933 (cap.
1772 1887 1834 1934 45)

213 1936 332 1978 patet.
359 1934 400 1969 ln
421 1942 511 1969 esse
532 1937 660 1969 autem
683 1933 816 1969 divino
839 1942 917 1969 non
942 1937 1000 1970 est
1021 1934 1131 1979 prius
1153 1938 1191 1970 et
1209 1934 1424 1979 posterius,
1459 1934 1529 1970 sed
1551 1937 1611 1970 est
1631 1938 1757 1971 totum
1780 1934 1835 1971 si-

214 1980 312 2023 mul,
329 1983 373 2016 ut
392 1988 512 2025 supra
533 1979 638 2026 (Cap.
660 1981 719 2027 45)
742 1984 950 2017 ostensum
977 1985 1048 2017 est.
1087 1981 1208 2026 Igitur
1229 1990 1300 2018 nec
1321 1981 1590 2019 consideratio
1625 1982 1694 2018 Dei
1716 1982 1836 2018 habet

213 2027 326 2073 prius
341 2030 379 2063 et
397 2031 612 2073 posterius,
632 2027 701 2064 sed
724 2028 859 2064 omnia
879 2028 995 2064 simul
1027 2028 1228 2074 intelligit.

261 2075 451 2119 Praeterea,
474 2074 605 2111 omnis
626 2074 850 2111 intellectus
866 2075 1096 2121 intelligens
1118 2084 1240 2111 unum
1258 2078 1350 2120 post
1371 2075 1582 2119 alium,est
1596 2074 1837 2123 quandoque

182 2150 185 2151 γ
214 2121 390 2166 potentia
408 2121 649 2167 intelligens,
675 2126 712 2157 et
729 2122 967 2168 quandoque
989 2126 1092 2158 actu.
1115 2123 1217 2158 Dum
1236 2122 1342 2158 enim
1372 2122 1561 2169 intelligit
1588 2123 1760 2168 primum
1793 2122 1837 2159 in

215 2172 304 2204 actu
323 2168 508 2214 intelligit
527 2169 747 2205 secundum
768 2170 808 2204 in
829 2170 1018 2214 potentia.
1041 2169 1266 2206 Intellectus
1288 2173 1419 2206 autem
1440 2170 1599 2207 divinus
1619 2178 1835 2216 numquam

215 2215 332 2252 estin
352 2215 540 2261 potentia,
559 2215 628 2252 sed
644 2224 800 2261 semper
815 2216 855 2251 in
870 2220 957 2252 actu
977 2216 1217 2263 intelligens.
1237 2216 1658 2263 Nonigiturintelligit
1672 2226 1736 2254 res
1751 2226 1838 2254 suc-

215 2262 382 2306 cessive,
404 2262 474 2299 sed
494 2262 630 2299 omnia
651 2263 770 2299 simul
788 2263 987 2309 intelligit.

261 2309 359 2346 Huic
378 2312 508 2345 autem
530 2309 682 2345 veritati
704 2310 980 2346 testimonium
999 2319 1111 2347 sacra
1128 2309 1330 2355 Scriptura
1340 2309 1466 2347 affert.
1489 2311 1640 2348 Dicitur
1656 2311 1761 2347 euim
1778 2311 1840 2347 Ja-

213 2355 332 2438 {Obi''
354 2364 381 2401 1,
404 2359 445 2392 17
484 2356 590 2403 quod
611 2357 711 2401 apud
731 2358 852 2392 Deum
874 2367 945 2392 iton
963 2360 1013 2392 cst
1030 2359 1300 2398 transmutatio,
1329 2367 1390 2393 nec
1416 2358 1682 2394 vicissitudinis
1714 2358 1837 2393 obum-

238 2405 346 2439 ratio.

878 2534 1044 2575 CAPUT
1079 2534 1179 2575 LVI.

574 2658 674 2691 QUOD
695 2659 737 2687 IN
753 2660 828 2688 DEO
847 2660 926 2689 NON
941 2660 1013 2688 EST
1039 2659 1274 2688 HABITUALIS
1294 2659 1486 2688 COGMTIO.

261 2781 314 2816 Ex
334 2780 410 2817 hoc
431 2783 560 2817 autem
584 2785 757 2826 apparet,
781 2782 886 2828 qnod
907 2782 948 2818 in
970 2784 1049 2819 Deo
1071 2791 1152 2819 non
1173 2785 1234 2819 est
1248 2779 1464 2818 habitualis
1483 2780 1677 2826 cognitio.
1696 2782 1737 2816 In
1753 2781 1838 2827 qui-

213 2827 461 2874 buscumque
476 2827 578 2863 enim
603 2831 663 2864 est
684 2828 898 2865 habitualis
921 2830 1098 2875 cognitio
1120 2838 1197 2866 non
1221 2827 1356 2865 omnia
1378 2826 1498 2863 simul
1519 2832 1833 2868 cognoscuntur.

214 2875 399 2918 Qua-:dam
440 2879 740 2921 cognoscuntur
772 2880 884 2919 actu,
923 2877 998 2912 alia
1038 2879 1337 2922 cognoscuntur
1376 2874 1524 2911 habitu.
1564 2875 1669 2912 Unus
1704 2879 1835 2912 autem
