1894 3223
708 139 794 174 LlB.
823 139 886 183 111,
915 139 1015 175 cat).
1046 138 1200 175 CXXXV.
1688 142 1753 177 45¹

133 229 221 258 rum
241 229 267 257 a
283 218 431 267 quibus
451 217 611 264 petitur,
631 222 670 255 et
691 218 781 263 loci,
804 223 840 256 et
859 220 1063 266 temporis,
1087 220 1193 267 quod
1214 228 1378 258 necesse
1405 224 1467 258 est
1485 219 1687 258 observari
1710 221 1761 260 ab

132 268 198 305 his
216 266 284 313 qui
306 265 588 312 perfectionem
611 265 700 303 vitae
719 270 933 304 sectantur.

181 315 233 351 Ex
252 320 333 360 quo
365 312 482 348 etiam
519 315 623 358 patet
643 312 748 359 quod
777 313 868 350 talis
895 313 1132 351 mendicitas
1153 323 1231 350 non
1254 314 1372 352 habet
1387 314 1558 362 aliquam
1584 315 1759 362 speciem

135 358 410 406 turpitudinis,
432 369 548 442 (luam
586 358 760 411 haberet,
783 360 814 396 si
839 370 927 397 cum
955 361 1252 407 importunitate
1291 364 1329 398 et
1348 361 1561 399 indiscrete
1581 362 1692 400 tieret
1710 362 1760 401 ad

133 407 376 452 voluptatem
397 415 440 442 ve
478 406 805 452 superfluitatem.

179 452 430 490 Manifestum
452 457 513 490 est
537 458 667 495 autem
689 454 793 501 quod
832 454 1068 492 mendicitas
1098 464 1189 492 cum
1221 455 1390 502 quadam
1421 455 1642 502 abjectione
1665 459 1758 494 est:

133 499 239 538 sicut
268 500 374 536 enim
397 500 475 546 pati
510 499 730 547 ignobilius
763 505 822 538 est
843 511 960 548 quam
995 510 1126 547 agere,
1148 502 1204 539 ita
1234 501 1412 547 accipere
1438 512 1556 549 quam
1591 504 1698 548 dare,
1721 506 1759 540 et

132 546 217 599 regi
257 546 419 584 obedire
455 556 575 593 quam
615 547 837 594 gubernare
876 553 912 584 et
952 549 1170 594 imperare3
1192 549 1374 596 quamvis
1412 554 1571 595 propter
1607 550 1758 597 aliquid

133 594 364 640 adjunctum
399 594 528 640 possit
560 595 877 640 recompensatio
908 594 1006 632 lieri.
1032 597 1084 632 Ea
1115 604 1207 632 vero
1255 605 1342 642 qua>
1382 596 1616 642 abjectionis
1665 600 1762 635 sunt

133 643 276 687 sponte
302 650 508 678 assumere
539 641 586 678 ad
622 642 884 678 humilitatem
920 643 1101 688 pertinet,
1124 651 1206 679 non
1238 643 1396 688 quidem
1421 643 1668 689 simpliciter,
1688 643 1759 681 sed

137 687 357 726 secundum
395 688 500 734 quod
533 690 803 726 necessarium
837 693 909 726 est.
933 691 1026 727 Cum
1058 689 1163 727 enim
1198 689 1401 726 humilitas
1423 691 1472 727 sit
1498 691 1636 736 virtus,
1659 690 1760 728 nihil

134 735 349 772 indiscrete
369 737 666 781 operatu1·.N01]
690 740 749 772 est
769 736 888 779 igitur
907 736 1157 780 humilitatis,
1174 736 1243 773 sed
1261 736 1452 781 stultitia),
1467 738 1500 773 si
1521 738 1611 784 quis
1632 738 1758 786 quod·

135 791 306 828 cumque
340 782 534 828 abjt‘ctum
571 783 860 828 assumpserit;
884 783 951 818 sed
977 783 1009 820 si
1051 783 1087 819 id
1115 783 1219 829 quod
1260 785 1530 821 necessarium
1573 788 1633 822 est
1671 784 1756 822 sieri

135 834 295 876 propter
314 829 496 865 virtutem
527 829 671 876 aliquis
696 834 855 875 propter
876 830 1134 875 abjectionem
1160 839 1239 866 non
1259 834 1437 875 recusat3
1456 835 1549 877 puta
1567 832 1600 869 si
1616 832 1762 869 caritas

126 876 261 922 :exigit
279 876 383 922 quod
405 876 597 922 proximis
625 876 772 923 aliquid
796 876 988 922 abjectum
1017 876 1194 913 officium
1217 877 1480 923 impendatur,
1507 879 1582 916 1100
1602 881 1762 925 propter

137 922 402 960 humilitatem
438 923 583 969 aliquis
605 932 682 960 non
715 928 881 960 recuset.
904 924 939 959 Si
964 924 1084 968 igitur
1102 924 1373 961 necessarium
1404 929 1464 962 est
1484 925 1532 962 ad
1554 925 1762 971 perfectio—

138 978 230 1006 nem
262 970 447 1016 pauperis
466 970 553 1006 vitae
583 970 811 1007 sectandam
833 970 937 1017 quod
958 971 1104 1017 aliquis
1125 971 1335 1014 mendicet,
1365 972 1466 1009 hanc
1495 972 1758 1017 abjectionem

138 1016 240 1053 serre
262 1016 496 1052 humilitatis
518 1020 589 1052 est.
612 1017 858 1063 Quandoque
880 1018 996 1053 etiam
1020 1017 1170 1062 abjecta
1190 1027 1395 1055 assumere
1414 1018 1571 1056 virtutis
1591 1023 1664 1064 est,
1683 1019 1757 1057 etsi

139 1067 320 1100 nostrum
344 1063 419 1100 1100
440 1062 616 1100 otficium
640 1072 719 1100 non
742 1064 928 1109 requirat,
945 1069 988 1100 ut
1008 1065 1109 1101 alios
1131 1069 1268 1101 nostro
1283 1066 1462 1111 exemplo
1483 1074 1761 1111 provocemus,

137 1109 285 1155 quibus
307 1109 502 1146 incumbit
522 1113 564 1147 ut
580 1110 617 1146 id
639 1110 939 1152 faciliusi'eraut
961 1119 1079 1147 :nam
1102 1115 1140 1146 et
1157 1111 1446 1148 duxinterdum
1466 1113 1606 1149 militis
1628 1113 1763 1150 ol'ticio

136 1156 331 1202 fungitur,
353 1159 396 1192 ut
416 1156 518 1194 alios
550 1160 751 1202 provocet.
775 1157 1020 1205 Quandoque
1049 1158 1168 1194 etiarn
1189 1158 1353 1203 abjectis
1390 1159 1539 1196 utimur
1558 1169 1627 1205 per
1646 1160 1764 1196 virtu·

135 1206 216 1240 tem
248 1206 290 1240 ut
321 1202 522 1240 medicina
549 1203 720 1250 quadam
740 1215 749 1247 ;
773 1207 878 1249 puta,
901 1204 934 1240 si
971 1204 1143 1250 aliouJus
1184 1205 1344 1242 animus
1377 1206 1425 1242 ad
1459 1206 1760 1243 immoderatam

137 1249 413 1288 excellentiam
434 1250 485 1287 sit
513 1259 681 1296 pronus,
703 1250 853 1288 utiliter
873 1250 1003 1288 debita
1024 1251 1297 1289 moderatione
1321 1256 1477 1289 servata
1506 1252 1670 1299 abjectis
1691 1253 1764 1290 uti-

140 1299 202 1334 tur
218 1297 279 1334 1101
299 1300 441 1343 sponte
461 1297 522 1334 vel
543 1297 592 1335 ab
612 1298 702 1335 aliis
723 1297 938 1344 impositis,
959 1298 1007 1335 ad
1029 1298 1242 1336 elationem
1263 1299 1385 1337 animi
1401 1300 1753 1345 comprimendam,

138 1343 232 1381 dum
253 1353 324 1391 per
342 1344 428 1382 haec
458 1352 548 1391 quae
570 1344 672 1391 gerit
704 1344 780 1381 sibi
812 1345 888 1391 ipsi
910 1345 1205 1391 quodammodo
1239 1345 1420 1392 parificat
1451 1348 1569 1384 etiam
1600 1347 1763 1385 infimos

138 1389 324 1429 homines
345 1391 412 1438 qui
432 1391 539 1429 cirea
557 1392 653 1428 vilia
673 1390 806 1429 officia
822 1397 1083 1438 occupantur.

190 1439 255 1475 Est
275 1441 405 1475 autem
427 1439 592 1475 omnino
628 1438 915 1475 irrationabilis
936 1448 1045 1476 error
1065 1439 1226 1477 illorum
1258 1440 1326 1486 qui
1348 1444 1487 1485 putant
1504 1449 1663 1478 omnem
1684 1440 1762 1478 sibi

141 1484 453 1524 sollicitudinem
478 1494 502 1522 a
536 1485 706 1523 Domino
739 1485 990 1522 interdictam
1011 1486 1058 1523 de
1090 1487 1196 1524 victu
1227 1487 1458 1533 quaerendo.
1485 1488 1622 1525 Omnis
1655 1488 1762 1525 enim

141 1535 256 1570 actus
285 1531 600 1570 sollicitudinem
628 1532 806 1579 requirit.
827 1532 864 1569 Si
887 1532 1008 1579 igitur
1042 1533 1162 1570 homo
1195 1534 1345 1570 nullam
1379 1534 1692 1571 sollicitudinem
1714 1535 1761 1572 de

140 1578 416 1624 corporalibus
436 1578 582 1616 habere
611 1578 739 1624 debet,
757 1579 938 1626 sequitur
957 1580 1063 1622 quod
1085 1579 1185 1618 nihil
1216 1581 1433 1626 temporale
1453 1591 1569 1627 agere
1588 1581 1728 1619 debeat
1748 1592 1759 1619 τ

139 1625 247 1673 quod
279 1633 407 1672 neque
438 1625 631 1670 possibile
652 1634 780 1672 neque
815 1626 1051 1663 rationabile
1084 1631 1145 1664 est
1172 1626 1389 1665 observari.
1412 1628 1514 1665 Deus
1538 1628 1644 1665 enim
1677 1628 1762 1665 uni-

141 1673 284 1720 cuique
302 1673 359 1710 rei
379 1672 577 1710 ordinavit
596 1673 775 1725 actiones
795 1673 1015 1710 secundum
1036 1673 1315 1720 proprietatem
1337 1683 1422 1713 suae
1448 1679 1611 1712 naturae.
1636 1676 1762 1713 Homo

140 1723 272 1758 autem
305 1728 353 1757 ex
379 1719 578 1765 spirituali
610 1723 649 1756 et
680 1720 877 1765 corporali
909 1724 1050 1757 natura
1079 1721 1266 1758 conditus
1298 1725 1372 1766 est,
1393 1723 1667 1759 necessarium
1699 1726 1761 1760 est

139 1767 262 1814 igitur
281 1766 503 1804 secundum
533 1766 708 1804 divinam
741 1766 1050 1811 ordinationem,
1075 1771 1171 1804 utet
1201 1768 1430 1814 corporales
1447 1769 1627 1806 actiones
1648 1778 1757 1806 exer-

139 1816 238 1856 ceat,
261 1815 299 1849 et
318 1812 594 1858 spiritualibus
615 1813 820 1850 intendat:
841 1817 879 1850 et
901 1817 1010 1850 tanto
1032 1814 1243 1860 perfectior
1264 1819 1338 1859 est,
1360 1819 1510 1862 quanto
1529 1816 1620 1862 plus
1642 1816 1759 1862 spiri-

137 1859 315 1898 tualibus
335 1859 566 1897 intenditur.
585 1861 672 1897 Non
692 1864 751 1897 est
772 1863 904 1898 tamen
925 1861 989 1898 1110
1008 1861 1151 1898 modus
1172 1861 1428 1907 perfectionis
1447 1862 1631 1901 humanae
1651 1863 1758 1910 qnod

137 1906 241 1947 nihii
260 1907 466 1953 corporale
498 1911 663 1954 agatur;
685 1907 792 1955 quia,
815 1916 905 1944 cum
938 1908 1166 1954 corporales
1192 1909 1371 1947 actiones
1392 1910 1627 1947 ordinentur
1646 1909 1695 1947 ad
1716 1919 1764 1948 ea

138 1962 227 2001 quae
247 1958 342 1991 sunt
373 1954 599 1991 necessaria
632 1953 680 1991 ad
709 1954 1053 1992 conservationem
1080 1955 1183 2001 vitae,
1208 1955 1243 1993 si
1272 1956 1364 2003 quis
1385 1965 1454 1994 eas
1483 1957 1758 2003 praetermittit,

137 2001 258 2038 vitam
277 2009 389 2038 suam
412 2001 592 2048 negligit,
614 2010 732 2048 qnam
754 2002 920 2048 quilibet
937 2011 1174 2040 conservare
1193 2005 1364 2042 tenetur.
1387 2005 1600 2050 Expectare
1630 2008 1762 2042 autem

137 2056 163 2086 a
181 2049 261 2085 Deo
281 2047 506 2086 subsidium
536 2049 575 2084 in
598 2048 660 2085 his
680 2048 722 2085 in
751 2048 898 2095 quibus
927 2049 1074 2096 aliquis
1095 2058 1138 2087 se
1170 2053 1301 2095 potest
1329 2059 1399 2097 per
1415 2051 1615 2097 propriam
1637 2051 1761 2089 actio-

139 2102 230 2132 nem
243 2094 395 2139 juvare‚
416 2095 683 2140 praetermissa
702 2096 861 2141 propria
881 2096 1051 2139 actione,
1074 2100 1135 2134 est
1154 2097 1383 2143 insipientis
1402 2102 1441 2136 et
1460 2099 1584 2136 Deum
1607 2101 1761 2136 tentan-

137 2141 205 2178 tis.
228 2142 308 2178 Hoc
328 2141 434 2178 enim
455 2141 502 2178 ad
535 2141 707 2179 divinam
737 2142 954 2179 bonitatem
990 2144 1172 2189 pertinet,
1194 2148 1236 2181 ut
1272 2144 1392 2182 rebus
1428 2145 1651 2191 provideat,
1678 2154 1759 2183 non·

138 2187 367 2226 immediate
395 2188 533 2226 omnia
553 2188 749 2234 faciendo,
771 2189 840 2226 sed
872 2189 951 2226 alia
985 2190 1180 2228 movendo
1210 2190 1259 2228 ad
1285 2191 1466 2238 proprias
1504 2192 1698 2237 actiones,
1720 2196 1762 2229 ut

139 2242 259 2280 supra
278 2237 484 2271 ostensum
503 2238 575 2272 est.
597 2236 680 2272 Non
709 2244 803 2282 ergo
833 2236 1118 2281 expectandum
1140 2246 1164 2274 a
1183 2239 1263 2275 Deo
1285 2241 1341 2282 ut,
1364 2239 1472 2275 0111111
1495 2239 1651 2275 actione
1672 2247 1760 2284 pro-

138 2281 226 2366 Eria
245 2290 323 2328 qua
350 2281 426 2318 sibi
447 2282 592 2329 aliquis
621 2282 833 2334 subvenire
861 2285 992 2328 potest
1030 2285 1311 2329 praetermissa,
1334 2286 1439 2323 Deus
1459 2285 1493 2322 ei
1517 2285 1726 2323 subveniat
1748 2294 1761 2321 t

169 2336 216 2366 oc
233 2328 340 2365 enim
361 2327 505 2365 divinae
524 2328 767 2366 ordinationi
787 2332 986 2376 repugnat
1004 2334 1042 2367 et
1060 2330 1227 2368 bonitati
1246 2331 1392 2378 ipsius.

187 2374 263 2412 Sed
279 2374 387 2422 quia,
406 2375 498 2412 licet
516 2375 558 2412 in
590 2375 707 2413 nobis
727 2375 782 2413 sit
810 2384 942 2422 agere,
964 2384 1046 2414 non
1077 2381 1211 2414 tamen
1232 2378 1274 2414 in
1294 2378 1412 2416 nobis
1432 2382 1494 2416 est
1516 2381 1559 2416 ut
1581 2378 1764 2417 actiones

140 2424 288 2459 nostrae
307 2421 481 2458 debitum
498 2422 617 2459 tinem
638 2422 870 2468 sortiantur,
896 2426 1055 2469 propter
1075 2424 1357 2470 impedimenta
1374 2433 1461 2472 quae
1482 2430 1654 2471 possunt
1670 2433 1764 2463 con-

137 2468 291 2514 tingere
312 2480 321 2512 3
342 2468 419 2506 hoc
438 2468 694 2514 dispositioni
725 2469 868 2507 divinae
900 2470 1091 2516 subjacet,
1116 2471 1237 2518 quod·
1255 2471 1399 2518 cuique
1430 2481 1479 2508 ex
1508 2472 1665 2510 actione
1684 2480 1760 2510 sua

137 2515 357 2561 proveniat.
378 2515 561 2561 Praecipit
578 2524 674 2562 ergo
706 2516 900 2553 Dominus
920 2525 996 2554 nos
1027 2525 1108 2554 non
1128 2517 1271 2555 dehere
1304 2527 1393 2556 esse
1421 2517 1621 2557 sollicitos
1644 2518 1692 2557 de
1712 2528 1761 2557 eo

138 2562 245 2609 quod
263 2562 311 2599 ad
340 2570 416 2600 nos
447 2570 528 2599 non
561 2563 742 2608 pertinet,
763 2562 918 2600 scilicet
947 2563 995 2600 de
1022 2564 1230 2602 eventibus
1265 2568 1491 2603 nostrarum
1521 2566 1755 2611 actionum;

137 2617 220 2646 non
241 2613 372 2646 autem
401 2608 607 2655 prohibuit
635 2617 710 2647 nos
731 2618 821 2647 esse
841 2609 1038 2648 sollicitos
1058 2611 1106 2648 de
1127 2620 1174 2648 eo
1194 2611 1299 2657 quod
1318 2612 1367 2649 ad
1387 2621 1462 2650 nos
1481 2613 1663 2658 pertinet,
1684 2613 1760 2651 sci-

137 2654 232 2693 licet
250 2656 297 2693 de
316 2660 455 2694 nostro
474 2665 606 2702 opere.
628 2657 714 2693 Non
734 2656 857 2703 igitur
891 2660 1032 2694 contra
1062 2662 1301 2703 praeceptum
1335 2660 1493 2696 Domini
1525 2660 1605 2707 agit
1626 2659 1759 2707 quide

138 2701 191 2740 iis
210 2712 299 2750 quae
319 2703 367 2740 ab
383 2703 471 2749 ipso
491 2702 647 2750 agenda
667 2707 763 2740 sunt
778 2702 1090 2756 sollicitudinem
1109 2704 1240 2756 habet,
1259 2704 1328 2743 sed
1344 2706 1411 2743 ille
1431 2706 1499 2754 qui
1519 2707 1759 2745 sollicitudi-

138 2756 229 2786 nem
248 2750 296 2787 de
316 2750 380 2788 his
399 2759 488 2797 qnae
509 2753 681 2796 possunt
710 2758 930 2796 emergere,
949 2754 987 2786 et
1002 2759 1083 2796 Jam
1103 2759 1138 2788 si
1160 2760 1244 2797 ipse
1263 2753 1445 2798 proprias
1471 2754 1649 2792 actiones
1668 2763 1758 2791 exe·

137 2800 293 2842 quatur,
314 2797 370 2835 ita
390 2797 497 2844 quod
515 2796 670 2835 debitas
686 2797 866 2834 actiones
884 2798 1155 2843 praetermittat
1175 2799 1224 2835 ad
1253 2799 1494 2837 obviandum
1525 2799 1756 2848 th‘usmodi

137 2844 358 2895 eventibus,
380 2848 520 2881 contra
549 2852 652 2890 qnos
682 2842 874 2881 debemus
905 2843 948 2881 in
982 2845 1048 2881 Dei
1083 2845 1332 2897 providentia
1350 2855 1524 2893 sperare,
1547 2857 1618 2894 per
1638 2856 1758 2894 quam

138 2891 258 2930 ettam
289 2899 384 2929 aves
410 2897 451 2928 et
480 2890 612 2931 herbae
639 2893 930 2930 sustentantur.
958 2890 1091 2930 Talem
1124 2900 1232 2931 0111111
1267 2892 1580 2933 sollicitudinem
1613 2894 1758 2934 habere
