1894 3223
757 142 842 178 LIB.
872 143 931 186 IV,
960 142 1059 179 CAP.
1090 143 1128 178 V.
1685 146 1753 180 493

181 223 269 260 Haec
299 225 431 259 autem
464 220 538 258 suit
572 220 710 266 opinio
731 220 1062 264 sabellianorum,
1085 221 1151 267 qui
1169 224 1206 258 et
1222 221 1505 266 patripassiani
1529 220 1621 258 dicti
1645 226 1752 266 sunt,

133 278 181 307 eo
201 268 308 321 quod
335 270 488 306 Patrem
510 276 673 314 passum
709 276 799 304 esse
820 268 1071 312 confitentur,
1094 272 1320 305 asserentes
1341 268 1471 314 ipsunt
1491 270 1642 305 Patrem
1665 277 1754 306 esse

134 316 350 354 Christum.

181 363 269 399 Haec
287 366 416 399 autem
434 362 595 407 positio,
611 361 684 399 etsi
706 370 726 397 a
748 361 934 406 praedicia
954 360 1108 397 differat
1128 365 1318 408 quantum
1339 361 1386 397 ad
1408 362 1550 398 Christi
1571 362 1752 400 divinita·

133 412 211 446 tem
230 407 336 455 (nam
359 409 442 445 haec
463 408 660 445 Christum
682 417 814 444 verum
848 411 885 443 ct
903 409 1118 444 naturalem
1151 410 1271 444 Deum
1294 417 1382 445 esse
1404 411 1624 449 contitctur,
1648 409 1753 456 quod

133 455 260 502 prima
293 455 491 501 negabat),
516 459 645 492 tamen
667 459 857 502 quantum
880 455 927 491 ad
948 455 1245 499 generationem
1266 458 1303 491 et
1334 454 1566 492 filiationem
1590 460 1753 503 utraque

133 506 194 540 est
214 502 433 540 conformis
454 502 604 547 opinio.
642 504 752 544 Nam,
775 501 878 538 sicut
901 502 1023 546 prima
1046 502 1191 547 positio
1213 502 1356 538 asserit
1378 502 1607 540 filiationem
1629 507 1664 539 et
1687 513 1752 549 ge-

133 549 395 592 nerationem,
418 560 494 595 qua
511 550 689 586 Christus
708 550 805 595 filius
817 548 973 592 dicitur,
997 557 1074 585 non
1097 549 1220 584 luisse
1241 552 1330 585 ante
1348 550 1521 593 Mariani,
1546 550 1598 586 ita
1618 553 1655 585 et
1671 551 1753 587 haec

132 596 270 641 opinio
299 596 522 633 confitetur.
556 599 700 633 Neutra
733 596 854 642 igitur
884 595 1029 641 positio
1063 595 1358 642 generationem
1393 600 1430 631 ct
1451 596 1682 634 filiationem
1704 597 1752 634 ad

123 643 307 681 ⁴divinam
330 647 508 680 naturam
534 644 663 685 refert,
682 643 750 680 sed
772 643 902 679 solum
925 642 973 679 ad
993 646 1172 679 naturam
1191 642 1419 681 humanam,
1448 673 1458 681 .

181 690 305 728 Habet
336 691 453 727 etiam
486 694 523 727 et
557 691 632 727 lioc
665 690 863 735 proprium
895 689 971 726 ista
991 689 1150 735 positio.
1174 690 1293 735 quod,
1325 700 1443 735 quain
1467 690 1610 727 dicitur
1630 691 1752 729 Filius

132 737 216 781 Dei,
249 745 329 774 non
360 737 592 784 designatur
622 737 755 783 aliqua
787 736 1012 774 subsistens
1034 745 1219 782 persona,
1241 735 1309 773 scd
1333 738 1509 782 quantam
1532 738 1752 783 proprietas

134 784 421 829 superveniens
442 785 704 830 prieexistenii
726 785 1023 829 pei·sonae.Nain
1042 783 1124 828 ipse
1145 785 1269 827 Pater,
1292 784 1510 819 secundani
1543 786 1646 830 quod
1669 794 1752 822 car-

133 839 224 867 nem
246 832 418 877 sumpsit
446 841 493 868 ex
512 831 678 877 virgine,
702 831 788 867 Filii
821 840 965 868 nomen
988 831 1149 875 accepit,
1172 839 1252 868 non
1270 830 1385 877 quasi
1406 831 1527 867 Filius
1550 832 1600 868 sit
1620 832 1753 878 aliqua

133 877 361 916 subsistens
382 887 553 923 persona
574 888 596 914 a
616 887 787 923 persona
809 878 934 914 Pati-is
957 877 1156 914 distincta.
1295 924 1300 929 .

183 925 306 971 Hujus
327 930 458 963 autem
485 925 694 971 positionis
725 925 877 962 salsitas
907 925 1114 962 manifeste
1147 924 1370 961 ostenditur
1388 926 1618 962 auctoritate
1651 927 1752 964 Scri-

161 974 270 1008 turae.

133 980 158 1018 p
180 1020 275 1055 Nam
297 1017 474 1055 Christus
495 1027 575 1055 non
612 1018 742 1055 solum
763 1018 924 1065 virginis
946 1018 1052 1054 silius
1072 1017 1213 1054 dicitur
1232 1017 1272 1054 in
1291 1018 1515 1063 scripturis,
1539 1019 1608 1056 sed
1630 1020 1746 1057 etiam

133 1064 255 1101 Filius
275 1065 356 1109 Dei,
377 1067 418 1100 iit
437 1074 485 1101 ex
514 1065 784 1111 superioribus
817 1067 934 1110 patet.
971 1067 1049 1101 Hoc
1071 1067 1199 1101 autem
1218 1073 1306 1101 esse
1329 1074 1408 1102 non
1427 1068 1568 1110 potest,
1590 1069 1631 1103 tlt
1647 1067 1750 1104 idem

133 1110 184 1148 Sit
211 1110 317 1148 silius
350 1111 563 1156 suiipsius;
592 1121 714 1158 quum
747 1111 850 1148 enim
865 1112 970 1148 silius
992 1113 1202 1158 generetur
1220 1121 1243 1147 a
1261 1114 1382 1156 patre,
1402 1121 1598 1164 generans
1619 1117 1749 1150 autem

132 1157 197 1194 det
211 1166 301 1195 esse
320 1158 465 1205 genito,
487 1162 718 1205 sequeretur
739 1159 844 1204 quod
864 1158 966 1194 idem
987 1160 1094 1194 esset
1114 1158 1212 1194 dans
1233 1160 1271 1193 et
1290 1159 1486 1204 accipiens
1508 1168 1596 1196 esse
1615 1172 1623 1202 3
1645 1161 1750 1206 quod

133 1205 296 1242 omnino
330 1213 419 1241 esse
452 1214 531 1242 non
564 1208 705 1251 potest.
738 1207 823 1243 Non
844 1208 904 1242 est
922 1205 1040 1251 igitur
1058 1206 1162 1241 Dens
1182 1206 1295 1240 Pater
1310 1204 1393 1251 ipse
1418 1206 1536 1243 Filius
1557 1208 1626 1244 sed
1648 1207 1750 1245 alius

133 1254 194 1289 est
210 1252 329 1289 Filius
349 1254 386 1288 et
406 1251 507 1289 alius
529 1253 655 1289 Pater.

180 1300 288 1342 Item,
311 1299 501 1336 Dominus
520 1299 634 1335 dicit:
658 1299 830 1335 Descende·
848 1299 892 1334 de
914 1300 995 1334 coelo
1017 1302 1058 1334 ut
1076 1309 1147 1334 vion
1166 1300 1303 1342 facium
1316 1300 1537 1336 volimtatcm
1550 1303 1752 1346 meam,sed

130 1346 349 1382 voluntatem
369 1346 446 1389 ejus
461 1348 524 1391 qui
539 1348 638 1382 misit
653 1357 707 1381 me
727 1346 888 1391 (Joann.,
913 1354 967 1387 VI,
987 1346 1046 1390 38)
1071 1358 1080 1381 τ
1100 1346 1268 1390 ΟἰανίῙῑοα
1285 1357 1339 1381 me
1364 1350 1415 1390 tu,
1436 1349 1544 1382 Pater
1573 1350 1673 1393 apud
1701 1353 1750 1385 te·

130 1395 333 1476 metipstlim.
358 1392 489 1438 (Joan.,
511 1402 608 1434 xvii,
632 1393 682 1440 5.)
705 1395 757 1430 Ex
777 1393 921 1440 quibus
935 1393 1120 1430 omnibus
1133 1395 1170 1430 et
1185 1392 1380 1430 similibus
1398 1394 1618 1433 ostenditur
1631 1397 1750 1434 Filius

132 1447 222 1477 esse
242 1449 263 1477 a
281 1439 343 1477 ius
363 1449 385 1477 a
406 1442 530 1477 Patre.

180 1488 314 1524 Potest
351 1489 480 1523 autem
513 1486 588 1523 dici
615 1486 834 1523 secundum
862 1486 966 1523 hanc
995 1486 1246 1532 positionem,
1279 1487 1385 1534 quod
1407 1487 1583 1525 Christus
1610 1489 1751 1528 dicitnr

132 1532 253 1572 Filius
285 1533 352 1569 Dei
384 1533 508 1570 Patris
545 1533 676 1570 solum
697 1533 916 1570 secundum
937 1533 1152 1570 humanam
1174 1536 1369 1578 naturam,
1390 1534 1480 1580 quia
1497 1535 1646 1573 scilicet
1664 1537 1749 1582 ipse

131 1580 238 1617 Deus
258 1582 370 1616 Pater
386 1579 600 1616 humanam
622 1583 801 1616 naturam
823 1590 940 1626 quam
965 1581 1182 1626 assumpsit
1195 1581 1338 1618 creavit
1352 1584 1389 1617 et
1406 1582 1748 1621 sanctificavit.Sic

131 1627 250 1674 igitur
270 1627 352 1673 ipse
375 1627 595 1664 secundum
613 1627 1059 1672 divinitatem,suiipsius
1077 1627 1296 1664 secundum
1311 1628 1594 1665 humanitatem
1610 1630 1750 1668 dicitur

132 1675 270 1718 Pater3
292 1676 329 1710 ct
347 1674 398 1710 ita
416 1674 531 1710 etiam
553 1673 647 1710 nihil
667 1674 848 1720 prohibet
869 1674 1050 1711 eumdem
1072 1675 1292 1712 secundum
1310 1675 1595 1712 humanitatem
1616 1677 1750 1714 distin-

132 1723 238 1758 ctum
259 1729 348 1765 esse
367 1731 389 1757 a
410 1720 542 1766 seipso
563 1721 782 1758 secundum
803 1721 1056 1757 divinitatem.

179 1767 255 1804 Sed
275 1767 496 1805 secundum
512 1767 589 1804 hoc
618 1770 849 1815 sequeretur
867 1768 972 1814 quod
991 1768 1167 1805 Christus
1188 1768 1339 1805 dicatur
1360 1769 1479 1805 Filius
1502 1770 1568 1806 Dei
1590 1771 1693 1808 sicut
1712 1775 1749 1809 et

130 1813 199 1852 alii
217 1813 413 1859 homines,
434 1814 494 1850 vel
513 1814 664 1852 ratione
690 1814 900 1852 creationis
927 1815 984 1851 vel
1008 1816 1158 1851 ratione
1180 1815 1516 1852 sanctificationis.
1537 1818 1748 1856 ostensam

131 1863 193 1898 est
224 1864 358 1899 autem
391 1860 497 1908 quod
524 1861 601 1898 alia
627 1861 777 1898 ratione
798 1861 975 1899 Christus
997 1862 1136 1898 dicitur
1156 1862 1224 1898 Dei
1245 1862 1365 1899 Filius
1384 1872 1502 1909 quain
1523 1864 1588 1899 alii
1607 1866 1747 1903 sancti.

130 1909 219 1992 fhillen
245 1907 365 1960 igitur
390 1908 515 1960 'modo
545 1908 730 1955 praedicto
751 1910 881 1955 potest
898 1908 1065 1956 intelligi
1086 1909 1192 1956 quod
1211 1909 1295 1955 ipse
1314 1911 1428 1947 Pater
1447 1910 1497 1946 sit
1517 1910 1692 1949 Christus
1713 1915 1751 1950 et

175 1963 238 1992 ius
258 1963 334 1992 sun
364 1964 463 1992 sius.

175 1964 366 2043 Praeteregs),
390 2002 457 2039 uhi
476 2005 537 2039 est
554 2011 677 2039 unum
698 2003 948 2049 suppositum
967 2002 1206 2049 subsistens,
1229 2003 1391 2048 pluralis
1418 2004 1640 2049 praedicatio
1668 2015 1749 2044 non

131 2048 331 2094 recipitur.
351 2048 528 2086 Christus
551 2051 682 2086 autem
704 2049 751 2086 de
775 2059 818 2087 se
838 2052 875 2087 et
895 2050 942 2087 de
970 2051 1082 2087 Patre
1120 2050 1324 2096 pluraliter
1358 2051 1544 2098 loquitur,
1581 2052 1716 2089 dicens
1739 2065 1746 2089 :

129 2097 206 2139 qu
225 2098 259 2130 et
276 2097 385 2132 Pater
403 2106 514 2131 unum
534 2106 670 2132 sumus.
688 2096 830 2142 (Joami.
852 2105 890 2141 x,
913 2096 987 2143 30.)
1006 2098 1091 2133 Non
1111 2100 1172 2134 est
1190 2106 1285 2144 ergo
1305 2097 1423 2135 Filius
1444 2097 1528 2142 ipse
1551 2100 1675 2136 Pater.

177 2141 323 2193 Adbuc,
340 2141 374 2178 si
385 2142 504 2179 Filius
517 2151 539 2179 a
551 2144 662 2179 Patre
674 2152 754 2179 non
767 2143 1105 2190 distinguiturnisi
1118 2153 1187 2190 per
1205 2144 1488 2182 incarnationis
1503 2146 1747 2192 mysterium,

131 2190 222 2225 ante
245 2188 559 2226 incarnationem
577 2189 740 2226 omnino
761 2190 872 2227 nulla
889 2190 1086 2227 distinctio
1107 2193 1202 2228 erat.
1224 2191 1422 2228 Invenitur
1441 2194 1571 2229 autem
1586 2202 1634 2230 ex
1648 2194 1748 2230 Scri-

130 2238 258 2281 ptura,
278 2234 394 2271 etiam
413 2238 501 2271 ante
521 2235 848 2281 incarnationem,
871 2236 989 2274 Filius
1022 2247 1044 2273 a
1075 2239 1187 2274 Patre
1215 2238 1338 2274 fuisse
1359 2238 1581 2276 distinctus.
1603 2239 1750 2277 Dicitur

131 2281 236 2318 enim
260 2293 270 2316 :
290 2282 335 2317 In
368 2283 553 2328 principio
575 2286 653 2317 erat
690 2284 857 2327 Verbum,
892 2286 925 2318 et
957 2284 1108 2319 Verbum
1138 2287 1216 2320 erat
1247 2285 1346 2329 apud
1363 2287 1489 2328 Deum,
1508 2287 1542 2320 et
1560 2288 1653 2321 Deus
1672 2289 1751 2323 erat

134 2328 303 2365 Verbum.
327 2328 484 2374 (Joaim.‚
505 2338 532 2374 Ι,
556 2332 588 2366 l.
625 2330 794 2366 Verbum
813 2330 945 2377 igitur,
962 2331 1068 2376 quod
1098 2331 1201 2377 apud
1219 2332 1342 2368 Deum
1363 2334 1458 2375 erat,
1477 2332 1649 2378 aliquam
1668 2333 1748 2370 dis-

129 2374 359 2411 tinctionem
391 2375 439 2412 ab
471 2376 559 2421 ipso
617 2375 785 2421 abebat3
822 2377 940 2413 habet
960 2377 1063 2414 enim
1094 2377 1172 2415 hoc
1204 2379 1476 2415 consuetuedo
1498 2379 1684 2423 loquendi
1708 2382 1748 2416 ut

131 2421 234 2459 alius
254 2421 358 2467 apud
377 2422 498 2459 alium
522 2431 610 2460 esse
632 2423 796 2461 dicatur.
819 2423 1001 2461 Similiter
1018 2423 1134 2460 etiam
1155 2424 1312 2471 genitus
1332 2434 1355 2461 a
1375 2427 1454 2461 Deo
1473 2424 1613 2462 dicitur
1633 2437 1640 2461 :
1661 2427 1748 2463 Cum

129 2478 167 2505 eo
205 2478 302 2504 eram
335 2479 546 2514 componens
578 2473 705 2506 cuneta
725 2472 862 2515 (Proa,
884 2480 975 2515 viii,
995 2470 1080 2517 30);
1112 2471 1153 2507 in
1191 2480 1270 2517 quo
1308 2481 1447 2508 rursus
1469 2472 1682 2510 associatio
1712 2476 1748 2510 et

129 2514 310 2562 quaedam
347 2514 546 2553 distinctio
584 2516 826 2564 designatur.
857 2517 1003 2554 Dicitur
1033 2518 1148 2554 etiam
1171 2519 1331 2554 :Domui
1357 2518 1454 2554 Juda
1487 2520 1692 2565 miserebor,
1715 2523 1749 2556 et

129 2561 277 2598 salvabo
308 2572 364 2598 eos
395 2564 434 2597 z'n
463 2564 614 2598 Domino
633 2565 703 2599 Deo
723 2574 787 2599 suo
808 2563 916 2609 (Osa,
936 2573 964 2608 1,
984 2563 1021 2609 7)
1043 2575 1052 2608 ;
1072 2564 1139 2601 ubi
1160 2565 1263 2602 Deus
1283 2566 1396 2601 Pater
1415 2565 1463 2602 de
1483 2565 1683 2603 salvandis
1705 2566 1746 2604 in

129 2609 210 2646 Deo
226 2608 321 2645 Filio
342 2609 500 2655 populis
514 2609 701 2656 loquitur,
715 2610 829 2656 quasi
842 2610 889 2647 de
903 2619 1075 2655 persona
1094 2620 1117 2647 a
1134 2619 1177 2647 se
1193 2610 1388 2656 distincta,
1403 2621 1491 2658 quae
1505 2613 1572 2649 Dei
1587 2613 1747 2651 nomine

99 2670 103 2674 ·
128 2655 250 2702 digna
268 2654 448 2692 habetur.
472 2655 617 2693 Dicitur
633 2656 749 2694 etiam
768 2668 777 2694 :
797 2658 988 2693 Faciamus
1009 2657 1187 2693 hominem
1204 2658 1254 2694 ad
1272 2660 1466 2703 imaqinem
1481 2662 1515 2695 et
1531 2661 1746 2696 similitudi-

127 2712 209 2738 nem
226 2704 388 2738 nostram
405 2702 526 2747 (Gen.,
554 2712 583 2747 1,
602 2702 677 2750 26);
696 2703 737 2740 in
755 2711 833 2750 quo
851 2712 1038 2749 expresse
1059 2704 1224 2749 pluritas
1244 2707 1282 2741 ct
1301 2704 1498 2743 distinctio
1519 2706 1746 2744 facientium

128 2747 330 2786 hominem
362 2749 620 2795 designatum
656 2749 777 2787 homo
810 2752 941 2787 autem
970 2759 1056 2802 per·
1076 2751 1296 2797 Scripturas
1313 2761 1337 2789 a
1355 2752 1442 2790 solo
1464 2754 1544 2790 Deo
1564 2754 1746 2791 conditus

129 2803 220 2833 esse
240 2795 417 2833 docetur.
439 2798 483 2833 Et
503 2796 560 2834 sic
592 2796 660 2833 Dei
687 2796 811 2834 Patris
831 2799 869 2834 et
887 2796 956 2833 Dei
976 2796 1059 2833 Filii
1080 2797 1244 2843 pluritas
1264 2800 1303 2836 et
1320 2798 1516 2837 distinctio
1538 2800 1611 2837 fuit
1630 2801 1745 2838 etiam

129 2843 220 2893 ante
242 2841 387 2895 Chr-isti·
415 2842 743 2895 incarnationem.
764 2844 849 2883 Non
879 2843 999 2892 igitur
1029 2844 1115 2891 ipse
1147 2846 1260 2883 Pater
1290 2845 1410 2885 Filius
1430 2846 1570 2886 clicItur
1587 2850 1747 2893 propter

129 2891 412 2928 lucarnationis
431 2892 677 2937 mysterium.
