1894 3223
669 116 755 152 LIB.
783 116 842 160 IV,
871 116 971 152 CAP.
998 115 1122 152 XVIII.
1637 118 1703 153 525

84 201 224 281 congrat
243 197 320 234 hoc
347 195 638 234 ostendendum
670 199 730 232 est
759 195 943 241 Spiritum
966 198 1147 232 sanctum
1178 203 1259 233 non
1288 203 1378 233 esse
1399 194 1547 242 aliquid
1570 194 1705 241 hujus-

84 253 151 283 mo
181 254 207 282 ι.

133 293 219 328 Non
237 290 343 327 enim
359 290 494 326 sormae
517 288 779 327 accidentales
795 290 948 335 proprie
964 291 1189 335 operantur,
1210 289 1280 326 sed
1300 288 1426 334 magis
1444 287 1595 326 liabens
1618 297 1700 333 eas,

84 347 157 385 pro
176 346 260 376 suae
276 336 438 374 arbitrio
465 336 699 380 voluntatis;
731 336 851 373 homo
877 337 979 372 enim
1009 336 1168 381 sapiens
1203 336 1324 372 utitur
1353 335 1546 381 sapientia
1578 345 1699 382 quum

84 385 182 422 vult.
202 383 275 422 Sed
295 383 460 430 Spiritus
481 387 644 421 sanctus
665 386 848 429 operatur
879 393 948 428 pro
968 393 1049 419 sua}
1071 382 1233 420 arbitrio
1251 383 1480 424 voluntatis,
1505 387 1546 420 ut
1567 387 1699 419 osten-

85 440 174 470 sum
196 433 256 468 est
271 429 322 477 (c.
346 430 417 477 17).
440 432 524 467 Non
556 430 674 478 igitur
694 432 754 467 est
773 430 1032 467 aestimandus
1054 429 1218 475 Spiritus
1250 433 1413 467 sanctus
1443 430 1548 467 velut
1569 430 1700 476 aliqua

84 477 340 516 accidentalis
360 478 547 523 perfectio
571 476 727 515 mentis.

131 526 231 568 Item,
251 524 417 570 Spiritus
448 527 624 568 sanctus,
658 528 699 561 ut
731 533 778 560 ex
810 523 1020 569 Scripturis
1054 523 1255 567 docemur,
1284 532 1406 560 causa
1438 527 1497 560 est
1521 524 1701 561 omnium

83 571 370 619 perfectionum
393 571 576 609 humanae
596 570 760 614 mentis;
783 570 877 607 dicit
896 570 1001 607 enim
1022 571 1236 615 Apostolus
1259 582 1267 606 :
1291 570 1457 606 Charitas
1482 573 1545 606 Dei
1565 571 1703 616 diffusa

83 621 135 655 est
154 620 193 654 in
211 619 377 655 cordibus
395 621 528 655 nostris
543 629 610 664 per
628 619 806 664 Spiritum
827 620 1002 657 sanctum,
1025 618 1089 662 qui
1108 617 1214 652 datus
1234 620 1285 652 est
1305 618 1406 652 nobis
1429 617 1555 663 (Rom,
1578 627 1619 661 V,
1642 619 1700 664 5);

84 669 123 702 et
140 677 149 702 ε
169 666 248 702 Alii
267 666 410 712 quidem
428 677 493 711 per
511 666 690 711 Spiritum
707 665 818 700 datur
835 675 948 701 sermo
968 666 1167 709 sapientiae,
1189 665 1256 699 alii
1275 667 1393 700 autem
1411 663 1523 700 ser'mo
1544 667 1702 702 scientiae

84 713 280 749 secundum
298 714 459 749 eumdem
486 713 666 759 Spiritum
696 714 732 757 (Ι
748 712 842 753 Cor„
866 720 935 754 XII,
958 712 1014 758 8);
1046 715 1082 748 et
1109 712 1166 747 sic
1200 711 1246 748 de
1267 711 1370 748 aliis.
1393 713 1478 748 Non
1500 722 1594 758 ergo
1617 712 1701 758 Spi-

84 760 186 796 ritus
207 764 369 797 sanctus
390 763 451 798 est
477 759 735 797 {estimandus
763 759 876 806 quasi
899 759 1030 805 aliqua
1062 758 1316 795 accidentalis
1343 759 1531 804 perfectio
1556 759 1698 796 mentis

85 806 282 851 humanae,
302 817 424 854 quum
445 807 530 853 ipse
550 807 727 844 omnium
750 806 975 852 hujusmodi
999 805 1284 851 perlectionum
1306 815 1428 842 causa
1449 806 1602 842 existat.

134 854 247 897 Quod
267 859 398 891 autem
419 855 460 891 in
493 855 654 891 nominc
683 854 847 899 Spiritus
880 854 1006 889 sancti
1038 852 1267 899 designetur
1297 852 1471 889 essentia
1507 853 1630 889 Patris
1666 857 1702 890 et

87 900 185 944 Filii,
207 905 245 938 et
267 901 324 938 sic
341 911 363 939 a
389 905 529 939 neutro
559 901 817 947 personaliter
838 900 1116 945 distinguatur,
1138 904 1332 946 repugnat
1363 899 1424 936 his
1460 910 1545 946 quic
1574 900 1704 937 divina

86 948 286 993 Scriptura
306 948 352 985 de
372 948 516 995 Spiritu
540 952 678 986 sancto
701 947 871 984 tradidit.

133 994 280 1031 Dicitur
295 996 400 1032 enini
421 995 526 1041 quod
558 995 726 1041 Spiritus
759 998 922 1031 sanctus
940 1005 962 1030 a
982 996 1091 1030 Patre
1114 993 1277 1039 procedit
1298 994 1457 1040 (Joann.,
1478 1002 1545 1039 xv,
1567 994 1643 1041 26),
1666 998 1704 1031 et

85 1041 190 1088 quod
212 1042 350 1087 accipit
371 1052 392 1078 a
413 1043 508 1079 Filio
539 1041 698 1088 (Joann.,
720 1050 802 1085 ΧΠ,
827 1041 903 1087 14>;
927 1041 1032 1087 quod
1055 1050 1131 1078 non
1156 1044 1284 1086 potest
1303 1041 1349 1077 de
1377 1040 1507 1077 divina
1529 1041 1704 1080 essentia

84 1087 265 1135 intelligi,
288 1098 408 1135 quum
431 1089 606 1126 essentia
626 1089 755 1125 divina
777 1098 799 1124 a
824 1090 935 1124 Patre
967 1097 1046 1124 non
1069 1088 1253 1133 procedat
1273 1097 1345 1125 nec
1362 1097 1385 1124 a
1404 1088 1499 1125 Filio
1519 1088 1700 1134 accipiat.

85 1134 246 1181 Oportet
265 1135 384 1182 igitur
404 1135 531 1172 dicere
551 1136 656 1182 quod
676 1135 842 1180 Spiritus
863 1138 1026 1171 sanctus
1047 1135 1097 1171 sit
1117 1134 1340 1171 subsistens
1360 1144 1546 1179 persona.

129 1182 230 1222 Item,
253 1191 366 1219 sacra
382 1182 578 1228 Scriptura
610 1183 817 1219 manifeste
838 1181 885 1218 de
905 1182 1049 1226 Spiritu
1084 1184 1222 1218 sancto
1249 1181 1425 1227 quuitur
1444 1186 1628 1227 tanquam
1655 1181 1701 1218 de

84 1237 258 1275 persona
274 1229 406 1266 divina
442 1229 703 1272 subsistente;
730 1229 870 1265 dicitur
901 1228 1005 1264 enim
1029 1240 1037 1264 ε
1060 1228 1357 1264 Ministrantibus
1387 1228 1461 1263 illis
1489 1229 1636 1264 Domino
1671 1232 1704 1265 et

79 1275 349 1330 jejunantibus,
369 1277 459 1312 dicit
477 1277 552 1312 illis
570 1277 730 1322 Spiritus
745 1278 890 1311 sanctus
912 1275 1128 1320 :Scyreyate
1147 1276 1239 1310 mihi
1256 1275 1407 1312 Saulum
1427 1278 1458 1310 ct
1480 1277 1701 1320 Barnabam,
1766 1280 1771 1284 '

83 1333 125 1358 m
144 1333 231 1368 opus
251 1323 300 1359 ad
316 1324 411 1369 quod
430 1326 610 1369 assumpsi
638 1333 693 1359 eos
715 1323 812 1369 (Act.
838 1325 969 1369 apost„
997 1331 1081 1365 xiii,
1111 1321 1167 1369 2);
1191 1326 1229 1358 et
1248 1322 1351 1359 infra
1373 1334 1381 1359 z
1403 1324 1448 1358 Et
1470 1324 1542 1367 ipsi
1561 1323 1704 1369 quidem

83 1370 188 1406 missi
203 1371 381 1415 aSpirita
394 1374 529 1412 sancto,
543 1371 710 1406 abierunt
724 1370 844 1416 (ibat,
865 1369 922 1416 4);
942 1372 979 1405 et
1000 1369 1142 1406 dicitur
1163 1381 1170 1406 :
1194 1369 1336 1406 Dicunt
1348 1369 1517 1414 apostoli
1540 1381 1549 1406 :
1576 1371 1702 1406 Visum

85 1419 136 1452 est
152 1417 311 1462 Spiritui
327 1421 450 1454 sancto
470 1421 503 1453 et
533 1418 634 1453 nobis
662 1418 756 1453 nihil
781 1418 881 1452 ultra
899 1418 1077 1461 imponere
1095 1417 1193 1452 vobis
1222 1418 1339 1452 oneris
1361 1417 1456 1462 (Act.
1480 1420 1610 1461 apost„
1632 1425 1703 1461 xv,

84 1463 159 1510 28),
180 1467 269 1509 etc.;
291 1474 377 1512 quae
395 1465 442 1501 de
461 1465 604 1510 Spiritu
626 1469 763 1502 sancto
782 1473 862 1501 non
890 1463 1126 1507 dicerentur,
1147 1463 1224 1500 nisi
1247 1467 1353 1500 esset
1370 1463 1594 1501 subsistens
1616 1473 1702 1510 per-

86 1518 200 1548 sona.
222 1512 289 1548 Est
307 1512 427 1558 igitur
445 1511 613 1558 Spiritus
634 1515 797 1548 sanctus
822 1510 1047 1548 subsistens
1070 1519 1253 1555 persona.

133 1558 316 1603 Amplius,
339 1568 460 1605 quum
494 1560 607 1595 Pater
635 1561 673 1595 et
705 1558 828 1595 Filius
863 1558 943 1594 sint
973 1567 1152 1602 personae
1192 1557 1457 1594 subsistentes
1491 1561 1529 1593 et
1561 1557 1702 1594 divinae

87 1607 251 1649 naturae,
285 1605 453 1652 Spiritus
481 1608 644 1643 sanctus
673 1614 755 1642 non
785 1609 1139 1642 connumeraretur
1171 1604 1334 1648 eisdem,
1366 1605 1444 1640 nisi
1477 1604 1561 1649 ipse
1596 1609 1703 1641 esset

85 1660 258 1696 persona
284 1652 510 1690 subsistens
543 1652 585 1689 in
616 1652 748 1689 divina
779 1655 933 1689 natura.
968 1653 1282 1688 Connumeratur
1312 1655 1442 1688 autem
1475 1651 1639 1695 eisdem,
1662 1655 1705 1688 ut

84 1702 205 1744 patet,
226 1698 380 1736 dicente
411 1699 580 1736 Domino
616 1699 823 1744 discipulis
845 1711 853 1735 z
875 1701 1008 1734 Ettntes
1038 1709 1119 1743 erqo
1139 1699 1256 1734 docete
1285 1709 1402 1734 omnes
1428 1701 1559 1743 yentes,
1584 1699 1703 1743 bapti-

83 1748 206 1782 zantes
225 1756 282 1782 eos
298 1748 346 1782 .in
374 1748 516 1782 nomine
533 1748 671 1790 Patris,
704 1749 737 1782 et
765 1747 863 1784 Filii,
897 1749 929 1781 et
949 1747 1108 1790 Spiritus
1138 1747 1255 1784 sancti
1275 1745 1433 1792 (Mutia,
1455 1754 1597 1790 XXVIII,
1623 1745 1701 1791 19);

86 1794 124 1828 et
141 1803 150 1829 ε
172 1792 302 1829 Gratia
319 1795 466 1830 Domini
492 1795 608 1829 nostri
626 1795 706 1830 Jesti
726 1794 873 1835 Christi,
895 1796 926 1829 et
958 1793 1117 1828 charitas
1136 1795 1214 1833 Dei,
1235 1795 1268 1828 et
1296 1794 1568 1828 communicatio
1586 1793 1704 1828 sancti

83 1839 244 1884 Spiritus
263 1841 312 1876 sit
327 1851 406 1876 cam
437 1841 600 1876 omnibus
630 1841 730 1876 vobis
750 1840 801 1886 (II
815 1840 908 1881 Cor„
929 1848 1014 1883 XIII,
1040 1839 1117 1887 13);
1137 1843 1174 1876 et
1193 1851 1200 1876 :
1225 1841 1310 1876 Tres
1339 1843 1425 1875 sunt
1455 1841 1519 1884 qui
1546 1842 1702 1883 testimo·

81 1887 184 1922 nium
202 1887 293 1923 dant
311 1889 350 1924 in
369 1888 451 1923 coelo
471 1899 482 1923 .·
503 1889 622 1928 Pater,
658 1888 824 1931 Verbum,
844 1889 877 1922 ct
894 1887 1054 1931 Spiritus
1080 1890 1246 1930 sanatis,-
1267 1889 1301 1923 et
1322 1887 1361 1922 hi
1379 1890 1448 1922 tres
1471 1897 1580 1922 uniam
1598 1889 1696 1924 sunt.

85 1933 120 1981 (I
136 1936 280 1976 Joann„
298 1943 339 1981 v,
358 1934 411 1982 7.)
433 1936 487 1972 Ex
506 1944 584 1982 quo
603 1934 813 1971 manifeste
833 1934 1055 1971 ostenditur
1075 1933 1179 1980 quod
1206 1943 1286 1970 non
1306 1933 1438 1970 solum
1457 1934 1509 1970 sit
1528 1943 1702 1980 persona

85 1981 324 2027 subsistens,
350 1981 455 2020 sicut
484 1983 598 2019 Pater
625 1984 664 2018 et
694 1981 828 2026 Filius,
862 1980 932 2018 sed
971 1981 1087 2018 etiam
1118 1990 1210 2017 cum
1241 1980 1300 2018 eis
1338 1981 1523 2018 essentiae
1555 1981 1698 2018 habeat

88 2028 290 2067 unitatem.

130 2077 272 2113 Posset
299 2078 430 2113 autem
461 2075 607 2122 aliquis
636 2079 773 2113 contra
804 2075 991 2121 praedicta
1018 2074 1265 2119 calumniari,
1299 2074 1436 2112 dicens
1466 2075 1572 2112 aliud
1609 2085 1699 2114 esse

85 2122 267 2168 spiritum
285 2123 353 2160 Dei
371 2127 410 2159 et
428 2123 534 2160 aliud
548 2122 733 2168 Spiritum
754 2126 955 2166 sanctum;
978 2131 1069 2158 nam
1083 2122 1125 2158 in
1144 2121 1380 2168 quibusdam
1401 2122 1698 2167 praemissarum

85 2169 363 2206 auctoritatum
384 2169 612 2206 nominatur
631 2169 794 2215 spiritus
808 2170 890 2210 Dei,
911 2169 949 2205 in
967 2169 1201 2214 quibusdam
1221 2178 1314 2206 vero
1332 2168 1499 2213 Spiritus
1521 2173 1701 2207 sanctus.

131 2215 207 2252 Sed
229 2215 335 2263 quod
353 2215 457 2252 idem
475 2216 526 2253 sit
538 2216 702 2262 spiritus
722 2215 791 2253 Dei
810 2219 848 2252 et
867 2215 1031 2260 Spiritus
1049 2219 1226 2259 sanctus,
1246 2216 1455 2252 manifeste
1477 2216 1703 2253 ostenditur

85 2272 134 2301 ex
155 2262 286 2300 verbis
305 2262 481 2308 Apostoli
502 2263 543 2299 in
563 2263 690 2308 prima
709 2262 758 2299 ad
773 2262 1012 2305 Corinthios,
1034 2262 1117 2307 ubi,
1138 2272 1261 2308 quum
1281 2262 1539 2307 praemisisset
1559 2275 1570 2298 :
1590 2264 1702 2301 Nobis

84 2310 257 2346 revelavit
284 2312 378 2346 Deus
406 2320 473 2356 per
499 2311 677 2356 Spiritum
707 2312 882 2354 sanctum,
911 2309 959 2346 ad
991 2309 1110 2355 hujus
1142 2308 1483 2346 confirmationem
1516 2309 1700 2346 inducit:

84 2356 246 2402 Spiritus
262 2358 356 2392 enim
371 2359 493 2393 omnia
520 2358 717 2397 scrutatur,
738 2358 846 2392 etiam
872 2356 1060 2401 profunda
1089 2357 1156 2392 Dei
1174 2355 1231 2401 (11,
1257 2356 1335 2402 10);
1365 2359 1403 2391 et
1435 2360 1573 2401 postea
1605 2365 1700 2393 con-

85 2403 209 2441 cludit
227 2415 235 2440 :
256 2405 314 2440 Ita
332 2406 366 2440 et
383 2414 462 2450 quae
481 2405 547 2440 Dei
560 2406 645 2440 sunt
665 2414 764 2439 nemo
784 2405 947 2447 coqnovit
965 2405 1038 2439 nisi
1054 2403 1206 2448 spiritus
1224 2404 1304 2439 Dei.
1319 2402 1440 2449 (Ibat,
1460 2402 1531 2448 11.)
1552 2405 1605 2439 Ex
1622 2412 1700 2451 quo

85 2450 295 2488 manifeste
316 2455 476 2496 apparet
495 2451 601 2497 quod
618 2450 723 2488 idem
749 2454 842 2487 sunt
861 2450 1028 2496 Spiritus
1051 2453 1214 2487 sanctus
1235 2451 1273 2486 et
1292 2449 1454 2495 spiritus
1476 2449 1556 2486 Dei.

58 2539 62 2542 ,
130 2498 232 2542 Item,
253 2501 415 2543 apparet
434 2507 482 2534 ex
499 2497 577 2535 hoc
593 2497 699 2544 quod
730 2497 923 2534 Dominus
955 2497 1075 2534 dicit:
1096 2498 1176 2534 Non
1197 2498 1291 2532 enim
1315 2506 1377 2531 vos
1395 2497 1478 2532 estis
1501 2498 1565 2541 qui
1583 2498 1699 2543 loqui-

83 2545 189 2585 mini,
210 2544 274 2581 sed
295 2545 457 2590 Spiritus
484 2546 604 2580 Patris
632 2545 743 2580 vestri
761 2545 826 2589 qui
849 2545 1011 2588 loquitur
1040 2545 1080 2579 in
1098 2543 1210 2580 vobis.
1245 2542 1404 2590 (Matth.,
1427 2551 1467 2587 x,
1501 2543 1576 2589 20.)
1600 2545 1701 2582 Loco

85 2595 217 2629 autem
239 2592 408 2629 istorum
431 2591 641 2628 verborum
671 2592 824 2628 Marcus
849 2590 971 2627 dicit:
993 2591 1073 2628 Non
1094 2591 1188 2626 enim
1217 2600 1279 2626 vos
1307 2591 1391 2627 estis
1424 2590 1616 2635 loquentes,
1642 2591 1705 2628 sed

83 2637 243 2689 Spiritus
258 2641 420 2675 sanctus.
440 2637 584 2684 (Marc.‚
604 2646 690 2678 XIII,
718 2637 795 2690 ,¹1·)
828 2637 1080 2674 Manifestum
1101 2641 1162 2674 est
1190 2637 1312 2684 igitur
1342 2636 1446 2673 idem
1469 2647 1558 2674 esse
1577 2637 1698 2684 Spiri-

84 2688 170 2723 tum
191 2689 374 2723 sanctum
394 2688 431 2722 et
451 2684 633 2731 spiritum
658 2686 741 2721 De1.

129 2732 191 2769 Sic
208 2741 317 2780 ergo,
339 2741 461 2779 quum
482 2741 530 2768 ex
557 2730 776 2777 praemissis
796 2730 1097 2768 auctoritatibus
1120 2730 1392 2776 multipliciter
1410 2735 1596 2777 appareat
1615 2732 1697 2779 Spi-

83 2778 204 2816 ritum
224 2783 406 2817 sanctum
426 2787 508 2816 non
527 2788 616 2815 esse
646 2781 879 2821 creaturam,
913 2777 983 2814 sed
1014 2786 1151 2814 verum
1183 2779 1320 2821 Deum,
1353 2778 1608 2816 manifestum
1641 2782 1702 2817 est

85 2826 188 2872 quod
207 2834 289 2863 non
308 2825 489 2873 cogimur
509 2825 638 2863 dicere
670 2824 810 2862 eodem
833 2824 952 2861 modo
979 2833 1068 2862 esse
1090 2824 1390 2871 intelligendum
1409 2826 1514 2872 quod
1532 2826 1699 2872 Spiritus

85 2875 247 2910 sanctus
267 2877 421 2912 mentes
442 2876 671 2911 sanctorum
684 2871 846 2918 impleat
857 2875 894 2909 et
914 2880 986 2909 eos
1004 2871 1199 2910 inhabitet
1217 2871 1322 2910 sicut
1340 2871 1524 2911 diabolus
1543 2873 1699 2919 aliquos
