1894 3223
675 166 763 203 LtB.
791 168 854 212 ΙΙΙ,
882 168 982 205 CAP.
1011 167 1107 206 CLX.
1640 172 1714 206 483.

741 338 803 380 CA
812 340 908 381 PUT
940 339 1053 382 CLX.

291 458 391 492 QUOD
417 458 524 488 HOMO
550 459 588 488 IN
615 458 784 488 PECCATO
812 459 1013 495 EXISTENS,
1037 460 1124 489 SINE
1149 460 1294 490 GRATIA
1318 461 1519 490 PECCATUM
1568 461 1570 463 ’

690 518 834 547 VITARE
859 517 936 547 NON
962 518 1117 548 POTEST.

138 626 249 672 Quod
271 630 401 664 autem
424 627 571 664 dictum
593 631 665 672 est,
688 628 728 665 in
747 631 939 674 potestate
961 627 1072 665 liberi
1095 628 1244 669 arbitrii
1266 637 1355 667 esse
1377 639 1426 667 ne
1448 632 1711 677 impedimen·

89 677 172 712 tuni
192 674 328 722 gratiae
358 677 529 720 praestet,
566 676 752 720 competit
785 675 847 711 liis
869 675 906 711 in
937 675 1082 722 quihus
1114 676 1306 714 naturalis
1338 679 1513 723 potentia
1553 679 1708 726 integra

92 721 222 759 fuerit.
242 721 280 758 Si
303 725 431 757 autem
454 731 522 766 per
541 721 874 759 inordinationem
898 722 1180 767 praeccdentem
1199 723 1454 761 declinaverit
1472 725 1519 762 ad
1544 727 1705 771 malum,

92 777 173 806 non
195 768 268 805 erit
287 768 452 805 omnino
468 768 506 804 in
528 773 720 814 potestate
738 769 822 815 ejus
842 769 994 806 nullum
1013 770 1335 816 impedimentum
1349 773 1484 818 gratiae
1505 777 1704 818 praestare.

94 816 172 852 Etsi
192 815 297 852 enim
319 815 365 851 ad
388 815 547 861 aliquod
567 820 809 853 momentum
832 817 879 853 ali
899 817 1032 863 aliquo
1055 818 1201 863 peccati
1225 821 1312 854 actu
1333 819 1559 864 particulari
1578 821 1704 865 possit

94 862 294 900 abstinere
315 863 473 908 propria
492 867 699 908 potestate,
722 864 753 900 si
778 868 906 900 tamen
939 864 1005 901 diu
1040 864 1115 901 sihi
1150 865 1399 913 relinquitur,
1424 865 1464 903 in
1497 871 1705 914 peccatum

94 910 219 954 cadet,
242 919 310 956 per
329 909 432 955 quod
455 911 589 956 gratiae
612 911 933 956 impedimentum
957 915 1192 956 prsestatur..

107 956 110 959 “
143 957 268 1001 Quum
292 958 395 993 enim
419 966 532 994 mens
552 957 727 995 hominis
743 962 878 994 astatu
899 958 1147 996 rectitudinis
1169 959 1436 1003 declinaverit,
1452 961 1713 999 manifestum·

96 1008 153 1041 est
175 1003 279 1050 quod
304 1004 468 1040 recessit
485 1003 532 1040 ab
553 1005 690 1041 ordine
712 1005 831 1041 debiti
862 1004 967 1041 sinis.
995 1006 1088 1042 illud
1112 1006 1232 1052 igitur
1253 1007 1357 1053 quod
1379 1007 1535 1044 deberet
1558 1018 1646 1045 esse
1668 1009 1707 1045 in

96 1050 238 1088 affectu
273 1051 513 1096 praecipuum
543 1055 730 1098 tanquam
753 1052 916 1088 ultimus
948 1052 1038 1089 linis
1078 1054 1247 1090 eflicitur
1266 1054 1399 1091 minus
1431 1055 1616 1092 dilectum
1638 1055 1714 1092 illo·

96 1098 144 1134 ad
168 1096 273 1143 quod
309 1106 421 1134 mens
440 1097 662 1135 inordinate
688 1108 879 1135 conversa
901 1103 959 1135 est
981 1099 1083 1135 sicut
1104 1100 1143 1136 in
1166 1100 1347 1137 ultimum
1369 1102 1501 1138 tinem.
1525 1102 1709 1145 Quando·

97 1153 265 1191 cumque
284 1143 404 1190 igitur
436 1146 651 1182 occurrerit
671 1145 818 1191 aliquid
853 1146 1094 1183 conveniens
1126 1146 1353 1184 inordinato
1375 1147 1443 1185 fini
1482 1157 1709 1195 repugnans

95 1191 165 1228 fini
199 1190 346 1235 debito,
369 1191 550 1238 eligetur,
572 1192 650 1229 nisi
672 1192 882 1229 reducatur
904 1192 952 1229 ad
984 1192 1156 1230 debitum
1185 1194 1380 1240 ordinem,
1401 1199 1444 1231 ut
1464 1194 1581 1232 finem
1603 1196 1710 1233 debi-

96 1243 179 1276 tum
219 1238 406 1275 omnibus
439 1239 755 1286 praeferat‚quod
788 1242 847 1275 est
885 1239 1021 1287 gratiae
1051 1239 1229 1278 effectus.
1252 1243 1350 1278 Dum
1386 1246 1516 1278 autem
1552 1242 1714 1290 eligitur

98 1285 248 1332 aliquid
269 1285 373 1332 quod
407 1290 601 1333 repugnat
638 1286 776 1323 ultimo
806 1285 890 1331 fini,
912 1286 1239 1333 impedimentum
1276 1293 1436 1334 praestat
1453 1289 1604 1336 gratiae,
1626 1299 1715 1336 quae

98 1332 232 1380 dirigit
259 1332 301 1369 in
333 1331 466 1370 finem.
487 1333 593 1371 Unde
614 1334 868 1371 manifestum
901 1337 961 1371 est
981 1334 1086 1380 quod
1122 1339 1212 1382 post
1245 1340 1448 1382 peccatum
1484 1345 1562 1373 non
1585 1341 1715 1382 potest

99 1381 219 1418 homo
253 1379 450 1417 abstinere
483 1380 531 1418 ab
555 1381 663 1418 omni
697 1384 873 1428 peccato,
897 1384 1108 1429 antequam
1142 1391 1212 1430 per
1244 1383 1410 1430 gratiam
1452 1383 1500 1420 ad
1537 1384 1713 1421 debitum

99 1427 278 1465 ordinem
304 1427 525 1465 reducatur.

145 1475 335 1515 Praeterea,
375 1484 463 1512 cum
494 1484 608 1513 mens
637 1475 827 1513 inclinata
858 1476 976 1513 suerit
1023 1476 1068 1514 ad
1104 1476 1268 1523 aliquid,
1291 1486 1371 1514 non
1405 1487 1448 1515 se
1476 1478 1557 1523 jarn
1598 1477 1717 1515 habet

101 1522 304 1568 aequaliter
324 1521 370 1558 ad
405 1526 614 1569 utrumque
644 1523 932 1569 oppositorum,
956 1523 1025 1560 sed
1057 1524 1186 1571 magis
1214 1523 1261 1561 ad
1295 1524 1393 1561 illud
1425 1524 1471 1561 ad
1503 1524 1608 1572 quod
1651 1528 1711 1562 est

100 1569 304 1606 inclinata.
326 1568 425 1605 Illud
455 1573 584 1606 autem
619 1569 664 1606 ad
699 1570 803 1616 quod
835 1579 948 1607 mens
987 1571 1114 1617 magis
1154 1579 1197 1608 se
1236 1571 1353 1608 habet
1386 1571 1510 1618 eligit,
1533 1571 1611 1609 nisi
1646 1581 1717 1618 per

100 1616 268 1653 rationis
297 1615 590 1654 discussionem
612 1617 660 1653 ab
682 1626 728 1654 eo
746 1617 913 1664 quadam
936 1617 1204 1655 sollicitudine
1225 1617 1467 1660 abducatur3
1491 1618 1595 1655 unde
1617 1622 1654 1655 et
1673 1618 1718 1655 in·

100 1662 318 1708 repentinis
351 1663 511 1710 signum
547 1664 748 1701 interioris
786 1664 944 1701 habitus
985 1665 1180 1710 praecipue
1219 1665 1345 1711 accipi
1382 1669 1525 1711 potest.
1548 1667 1632 1702 Non
1655 1669 1717 1702 est

101 1714 232 1747 autem
265 1710 458 1755 possibile
481 1714 650 1747 mentem
685 1711 860 1748 hominis
887 1713 1074 1749 continue
1095 1712 1134 1748 in
1166 1721 1212 1749 ea
1240 1713 1446 1760 vigilantia
1467 1722 1556 1750 esse
1586 1716 1628 1749 ut
1648 1721 1719 1758 per

100 1757 294 1794 rationem
326 1756 512 1794 discutiat
545 1757 736 1804 quidquid
771 1758 885 1795 debet
915 1758 1015 1795 velle
1055 1758 1116 1796 vel
1150 1767 1279 1806 agere.
1315 1759 1421 1796 Unde
1458 1760 1718 1806 consequitur

100 1803 205 1850 quod
239 1812 352 1841 mens
387 1803 599 1850 aliquando
629 1805 748 1852 eligat
781 1805 817 1841 id
839 1805 884 1841 ad
907 1806 1010 1852 quod
1046 1810 1105 1843 est
1137 1806 1616 1847 inclinata,inclinatione
1638 1815 1718 1843 ma-

100 1854 216 1887 nente
235 1862 243 1893 ;
266 1853 304 1887 et
332 1850 399 1894 ita,
420 1851 453 1888 si
476 1851 666 1888 inclinata
689 1852 805 1888 tuerit
824 1852 863 1888 in
882 1856 1098 1897 peceatum,
1117 1861 1197 1890 non
1220 1853 1339 1890 stabit
1365 1853 1432 1890 diu
1452 1854 1548 1900 quin
1566 1856 1714 1899 peccet,

101 1896 427 1943 impedimentum
449 1898 584 1945 gratiae
606 1901 812 1944 praestans,
829 1899 905 1936 nisi
923 1899 970 1936 ad
992 1903 1136 1937 statum
1155 1900 1404 1938 rectitudinis
1422 1901 1643 1938 reducatur.

146 1944 282 1981 Adhuc
313 1944 430 1982 etiam
452 1949 664 1991 operantur
682 1946 853 1991 impetus
874 1947 1137 1992 corporalium
1157 1947 1406 1993 passionum,
1425 1951 1463 1984 et
1489 1947 1719 1994 appetibilia

99 1991 318 2029 secundum
355 2000 538 2036 sensum,
557 1996 594 2029 et
624 1993 806 2039 plurimae
840 1994 1063 2040 passiones,
1086 1998 1123 2030 et
1153 1994 1387 2033 occasiones
1418 1995 1520 2032 male
1558 1994 1714 2042 agendi,

99 2038 246 2092 quihus
277 2038 324 2076 de
358 2039 464 2076 sacili
491 2039 611 2077 homo
644 2044 880 2086 provocatur
911 2041 956 2077 ad
988 2040 1247 2087 peccandum,
1282 2042 1361 2079 nisi
1394 2042 1617 2080 retrahatur
1647 2050 1718 2088 per

97 2085 252 2121 firmam
274 2085 536 2123 inhaesionem
559 2086 608 2124 ad
623 2087 804 2124 ultimum
827 2087 960 2133 finem,
986 2097 1102 2135 quam
1124 2089 1252 2136 gratia
1271 2089 1377 2127 facit.

147 2132 255 2168 Unde
287 2136 446 2178 apparet
474 2133 595 2170 stulta
615 2134 918 2181 pelagianorum
952 2135 1102 2181 opinio,
1125 2136 1191 2182 qui
1223 2135 1408 2174 dicebant
1440 2136 1643 2175 hominem
1674 2135 1721 2172 111

100 2182 263 2224 peccato
292 2179 524 2216 existentem
554 2180 641 2217 sine
667 2181 793 2227 gratia
821 2190 941 2227 posse
976 2182 1098 2219 vitare
1127 2187 1299 2228 peccata.
1323 2183 1442 2230 Cujus
1474 2183 1716 2221 contrarium

99 2228 261 2271 apparet
282 2235 328 2263 ex
348 2225 423 2263 hoc
442 2226 549 2273 quod
570 2227 782 2264 psalmista
802 2228 898 2273 petit
919 2240 927 2264 :
948 2228 1063 2272 Quum
1078 2229 1248 2273 defecerit
1265 2231 1381 2266 virtus
1397 2241 1488 2275 mea,
1504 2240 1548 2266 ne
1566 2230 1726 2265 derelin-

99 2281 191 2317 quas
207 2281 262 2307 me
281 2271 427 2319 (Psalm.
448 2273 612 2320 Lxx,9);
634 2277 672 2311 et
691 2274 885 2312 Dominus
906 2284 1019 2312 orare
1040 2284 1117 2314 nos
1136 2275 1252 2313 docet
1272 2288 1281 2314 :
1302 2278 1350 2313 Et
1367 2287 1413 2313 ne
1429 2287 1493 2314 nos
1512 2276 1664 2313 inducas
1678 2277 1725 2310 in,-

98 2320 341 2364 tentationem,
357 2320 420 2356 sed
433 2320 547 2356 libera
561 2331 624 2357 nos
643 2331 666 2356 a
681 2322 788 2358 malo.

147 2366 335 2409 Quamvis
353 2370 483 2419 autem
503 2367 562 2404 illi
583 2367 650 2414 qui
669 2367 708 2404 in
730 2371 890 2414 peccato
912 2373 1006 2406 sunt
1022 2369 1146 2406 vitare
1162 2379 1241 2407 non
1256 2371 1414 2417 possint
1428 2380 1498 2418 per
1516 2370 1720 2417 propriam

97 2415 333 2459 potestatem
355 2414 451 2460 quin
472 2415 795 2460 impedimentum
816 2416 952 2463 gratiae
974 2420 1161 2462 praestent
1180 2418 1240 2454 vel
1261 2421 1423 2464 ponant,
1445 2421 1489 2455 ut
1508 2421 1722 2455 ostensum.

98 2462 159 2512 est
179 2458 227 2506 (c.
251 2460 449 2508 159),‘nisi
469 2461 619 2499 auxilio
640 2463 777 2509 gratiae
802 2463 1105 2508 praeveniantur,
1130 2464 1393 2502 nihilominus
1416 2467 1549 2502 tamen
1565 2464 1641 2502 hoc
1657 2463 1724 2501 eis·

97 2510 315 2552 imputatur
333 2507 380 2544 ad
406 2507 578 2553 culpam,
595 2510 687 2555 quia
710 2509 774 2545 liic
795 2510 973 2547 defectus
995 2520 1041 2547 ex
1062 2510 1178 2556 culpa
1192 2511 1438 2556 praecedente
1456 2511 1497 2548 in
1517 2511 1576 2549 eis
1597 2510 1722 2548 relin-

97 2554 232 2599 quitur
254 2565 263 2590 :
284 2553 388 2591 sicut
417 2554 551 2592 ebrius
571 2554 620 2592 ab
652 2555 870 2593 homicidio
906 2565 984 2593 non
1011 2560 1222 2594 excusatur
1252 2557 1358 2604 quod
1390 2567 1460 2604 per
1486 2557 1721 2595 ebrietatem-

96 2599 322 2646 committit,
343 2610 461 2648 quam
482 2609 556 2639 sua
575 2601 691 2648 culpa
711 2602 890 2639 incurrit.
913 2605 1119 2648 Praeterea,
1136 2603 1228 2641 licet
1247 2604 1313 2642 ille
1327 2605 1394 2651 qui
1415 2608 1477 2643 est
1495 2605 1537 2642 in
1554 2608 1723 2651 peccato·

95 2654 177 2684 non
199 2647 343 2684 habeat
374 2647 450 2685 hoc
474 2648 517 2685 in
536 2649 696 2695 propria
714 2652 910 2695 potestate
930 2649 1036 2697 quod
1054 2650 1219 2688 omnino
1238 2651 1334 2689 vitet
1353 2655 1575 2698 peccatum,
1597 2651 1717 2689 habet

98 2695 228 2731 tamen
259 2697 494 2741 potestatem
530 2704 636 2732 nunc
670 2695 793 2733 vitare
831 2696 908 2733 hoc
941 2696 1003 2733 vel
1033 2696 1132 2734 illud
1152 2701 1372 2743 peccatum,
1394 2702 1438 2736 ut
1466 2699 1616 2737 dictum
1655 2700 1718 2736 est

96 2737 265 2791 (c.155);
287 2741 392 2779 unde
421 2741 699 2789 quodcumque
727 2742 939 2780 committit
973 2742 1196 2783 voluntarie
1233 2745 1458 2794 committit,
1480 2749 1517 2785 et
1549 2746 1604 2784 ita
1633 2753 1718 2784 non

95 2787 295 2826 immerito
315 2788 351 2826 ei
371 2788 588 2836 imputatur
605 2789 655 2827 ad
675 2789 847 2837 culpam.
967 2811 970 2813 Δ
