1894 3223
144 146 185 180 22
759 138 847 174 LlB.
874 137 903 181 Ι,
930 138 1031 174 CAP.
1058 137 1126 174 XX.

143 224 288 262 tabilis.
312 224 434 261 Omne
453 225 583 259 autem
604 227 748 266 corpus
769 220 830 256 cst
853 221 1055 265 quantum5
1082 227 1177 266 ergo
1196 227 1313 256 omne
1339 226 1485 265 corpus
1512 221 1573 255 est
1603 218 1644 254 in
1681 225 1752 264 po-

143 271 276 308 tentia.
297 273 399 307 Deus
421 273 548 306 autem
572 267 707 303 nonin
738 266 941 312 potientia,
961 266 1031 304 scd
1062 270 1175 304 actus
1206 274 1345 312 purus,
1379 270 1423 302 ut
1453 270 1660 303 ostensum
1691 267 1754 301 est.

143 319 191 364 (c.
215 317 286 363 16).
309 319 407 363 Ergo
428 317 531 352 Deus
552 322 633 350 non
653 317 714 350 est
729 321 888 359 corpus.

188 364 332 407 Adhuc,
355 363 388 400 si
411 363 513 399 Deus
535 363 595 397 est
614 369 772 406 corpus,
795 363 948 406 oportet
967 359 1073 406 quod
1100 359 1152 396 sit
1183 359 1344 407 aliquod
1374 368 1519 405 corpus
1540 357 1719 396 naturale
1739 368 1750 403 ς

143 421 233 448 nam
255 419 398 455 corpus
417 407 737 445 mathematicum
758 416 839 444 non
860 410 920 444 est
939 416 1007 452 per
1027 415 1070 443 se
1085 406 1297 450 exsistens,
1320 409 1361 444 ut
1381 407 1640 452 Philisophus
1661 414 1753 451 pro-

144 457 210 495 bat
227 456 470 503 (metaphys,
491 462 548 498 111,
566 457 659 490 text.
681 463 824 490 comm.
849 453 979 500 17),eo
994 452 1099 501 quod
1121 453 1392 490 dimensiones
1408 452 1630 490 accidentia
1643 455 1751 489 sunt.

143 507 228 541 Non
250 507 379 540 autem
400 505 460 538 θεῖ
480 509 625 547 corpus
650 500 841 544 naturale,
875 509 998 546 quum
1035 500 1089 537 sit
1120 499 1352 545 immobilis,
1375 504 1419 537 ut
1447 503 1654 537 ostensum
1693 499 1754 536 est

144 551 192 597 (c.
214 550 270 596 13)
289 561 298 594 ;
320 557 437 585 omne
469 551 599 585 autem
639 555 785 594 corpus
817 547 995 584 naturale
1025 546 1172 584 mobile
1203 552 1279 584 est.
1309 548 1414 584 Deus
1434 547 1558 595 igitur
1577 554 1660 583 non
1693 547 1756 583 est

143 606 211 635 cor
242 605 300 633 us.

188 607 371 688 Aemilius,
394 651 511 679 omne
530 650 674 689 corpus
691 641 846 678 finitum
865 643 937 685 est,
959 639 1063 687 quod
1078 642 1156 677 tam
1173 639 1220 677 de
1234 649 1398 686 corpore
1427 640 1610 679 circulari
1635 648 1754 688 quam

143 690 190 727 de
210 693 317 728 recto
337 689 524 736 probatur
548 689 589 725 in
610 689 736 735 primo
755 690 806 725 De
824 689 905 724 coelo
922 691 955 723 et
973 687 1106 723 mundo
1121 686 1226 733 (text.
1244 688 1376 734 35-75).
1393 688 1603 732 Quodlibet
1622 691 1754 724 autem

143 746 288 784 corpus
308 736 477 781 finitum,
499 736 701 773 intellectu
720 739 758 772 et
777 735 1075 782 imaginatione,
1098 735 1375 771 transcendere
1387 743 1617 781 possumus.
1632 734 1667 771 Si
1685 732 1757 780 igi-

142 788 207 821 tur
226 786 328 821 Deus
355 786 413 821 est
433 792 591 829 corpus,
615 783 843 819 fintellectus
866 786 903 818 et
918 781 1150 828 imaginatio
1177 784 1314 818 nostra
1345 781 1495 828 aliquid
1525 781 1654 827 majus
1675 781 1756 817 Deo

145 832 318 878 cogitare
338 835 521 876 possunt.
543 832 586 866 Et
615 831 673 867 sic
694 832 797 867 Deus
821 838 901 866 non
917 832 977 866 est
995 828 1120 875 major
1155 827 1357 865 intellectu
1387 832 1541 873 nostro,
1563 828 1670 875 quod
1695 829 1757 864 est

145 879 444 917 inconvemens‚
467 879 553 914 Non
580 880 639 915 est
658 877 779 924 igitur
797 885 955 922 corpus.

191 925 335 966 Adhuc,
361 924 537 971 cognitio
557 924 797 961 intellectiva
816 924 960 960 certior
974 926 1033 959 est
1049 932 1164 969 quam
1183 921 1385 960 sensitiva.
1409 921 1612 959 Invenitur
1626 925 1756 959 autem

147 972 308 1020 aliquod
342 971 537 1017 objectum
571 980 717 1008 sensus
737 971 776 1007 in
796 980 927 1008 rerum
949 974 1112 1014 natura;
1136 979 1230 1016 ergo
1256 973 1293 1005 et
1318 969 1558 1007 intellectus.
1590 969 1664 1006 Sed
1694 978 1757 1006 se-

147 1020 318 1057 cundum
340 1018 519 1055 ordinem
544 1018 786 1064 objectorum
808 1022 868 1055 est
894 1017 990 1054 ordo
1024 1017 1301 1062 potentiarum,
1324 1016 1428 1053 sicut
1460 1020 1496 1053 et
1525 1016 1754 1061 distinctio;

147 1076 241 1113 ergo
272 1075 390 1111 super
421 1065 555 1102 omnia
583 1066 790 1102 sensibilia
807 1069 866 1102 est
895 1064 1045 1111 aliquid
1074 1064 1336 1110 intelligibile,
1375 1064 1416 1099 in
1451 1072 1581 1099 rerum
1617 1068 1758 1100 natura

147 1115 335 1150 existens.
371 1113 494 1149 Omne
524 1116 654 1149 autem
687 1121 831 1157 corpus
868 1112 909 1147 in
938 1111 1056 1148 rebus
1085 1111 1260 1147 existens
1289 1114 1349 1147 est
1380 1110 1601 1154 sensibile;
1635 1111 1759 1155 igitur

148 1159 422 1206 superomnia
451 1168 619 1211 corpora
650 1163 710 1195 est
743 1159 892 1206 aliquid
914 1158 1089 1204 accipere
1115 1157 1304 1194 nobilius.
1338 1157 1378 1194 Si
1411 1157 1533 1203 igitur
1564 1159 1668 1193 Deus
1699 1160 1759 1193 est

147 1215 307 1252 corpus,
344 1215 426 1243 non
455 1210 528 1243 erlt
562 1207 731 1252 primum
765 1210 802 1242 et
833 1206 1048 1242 maximum
1069 1213 1154 1242 ens.

193 1256 381 1300 Praeterea,
415 1253 591 1299 quolibet
623 1262 788 1299 corpore
810 1262 889 1290 non
910 1252 1062 1288 vivente
1085 1261 1149 1288 res
1174 1251 1310 1288 vivens
1330 1255 1388 1288 θεῖ
1414 1251 1600 1288 nobilior.
1624 1250 1758 1295 Quoli-

147 1301 212 1338 bet
233 1304 363 1338 autem
386 1309 548 1346 corpore
569 1300 721 1337 vivente
743 1309 816 1336 sua
834 1300 914 1336 vita
945 1303 1006 1336 est
1032 1299 1219 1343 nobilior,
1253 1308 1374 1345 quum
1401 1308 1470 1344 per
1507 1299 1582 1335 hoc
1616 1298 1761 1335 habeat

149 1357 269 1394 supra
289 1347 367 1384 alia
385 1355 551 1393 corpora
571 1347 830 1384 nobilitatem.
854 1346 894 1383 ld
927 1354 1021 1392 ergo
1055 1355 1134 1392 quo
1166 1345 1266 1382 nihil
1295 1348 1356 1383 est
1387 1345 1578 1391 nobilius,
1613 1353 1759 1391 corpus

148 1403 230 1432 non
251 1397 324 1431 est.
346 1395 426 1431 Hoc
443 1398 572 1431 autem
595 1397 655 1431 θεῖ
676 1395 792 1430 Deus.
815 1395 915 1439 Ergo
942 1401 1021 1430 non
1043 1396 1103 1429 est
1123 1401 1280 1438 corpus.

193 1443 295 1482 Item,
319 1441 577 1478 inveniuntur
596 1441 771 1477 rationes
792 1440 1122 1486 philosophorum
1156 1439 1344 1486 (puysie,
1377 1447 1464 1483 vm,
1497 1442 1590 1477 text.
1613 1447 1758 1477 comm.

149 1490 193 1525 52
214 1492 249 1525 et
271 1488 369 1535 seq.)
392 1488 442 1525 ad
462 1488 565 1524 idem
584 1487 886 1530 ostendendum,
918 1487 1176 1532 procedentes
1211 1496 1258 1523 ex
1290 1488 1506 1524 aeternitate
1539 1490 1685 1530 motus,
1717 1486 1760 1523 in

148 1535 254 1572 hunc
272 1535 433 1572 modum
457 1547 464 1571 :
487 1537 526 1571 In
549 1535 657 1572 omni
677 1537 786 1571 motu
808 1534 1062 1579 sempiterno,
1084 1536 1238 1579 oportet
1266 1534 1370 1580 quod
1390 1535 1560 1579 primum
1593 1542 1759 1571 movens

147 1591 229 1619 non
250 1585 466 1626 moveatur,
482 1591 610 1628 neque
635 1590 779 1627 perse,
812 1590 940 1627 neque
972 1590 1040 1626 per
1070 1580 1277 1625 accidens,
1308 1581 1412 1618 sicut
1442 1591 1487 1618 ex
1520 1579 1760 1627 supradictis

149 1630 198 1675 (c.
221 1630 277 1677 13)
297 1633 413 1675 patet.
434 1631 583 1675 Corpus
603 1633 733 1666 autem
755 1628 842 1665 coeli
860 1632 1039 1665 movetur
1061 1627 1306 1665 circulariter
1342 1631 1453 1665 motu
1486 1627 1727 1673 sempiterno
1747 1638 1758 1673 ;

148 1686 243 1723 crgo
263 1677 413 1723 primus
433 1679 563 1713 motor
583 1676 668 1722 ejus
688 1684 766 1712 non
787 1679 966 1712 movetur
992 1684 1119 1721 neque
1138 1684 1208 1720 per
1226 1683 1269 1711 se
1298 1683 1426 1721 neque
1458 1684 1528 1721 per
1554 1674 1757 1711 accidens.

148 1723 309 1760 Nullum
331 1726 458 1760 autem
481 1732 625 1768 corpus
651 1727 779 1759 movet
814 1722 992 1759 localiter
1017 1721 1095 1758 nisi
1129 1725 1334 1759 moveatur
1355 1733 1364 1766 ;
1401 1731 1448 1759 eo
1472 1721 1577 1769 quod
1605 1723 1760 1767 oportet

148 1775 298 1806 motum
315 1774 527 1812 etmovens
548 1779 636 1807 esse
664 1769 795 1806 simul.
820 1771 864 1805 Et
883 1769 941 1806 sic
958 1777 1102 1815 corpus
1133 1777 1298 1806 movens
1331 1768 1479 1806 moveri
1511 1772 1678 1814 oportet,
1710 1767 1759 1805 ad

149 1817 225 1854 hoc
244 1817 350 1864 quod
370 1817 422 1854 sit
454 1817 572 1853 simul
598 1825 687 1853 cum
708 1825 872 1861 corpore
903 1819 1024 1852 moto.
1064 1815 1180 1852 Nulla
1210 1816 1328 1852 ctiam
1359 1815 1484 1853 virtus
1522 1815 1560 1852 in
1594 1823 1759 1861 corpore

148 1868 290 1904 movet,
313 1864 390 1901 nisi
420 1872 489 1910 per
517 1863 700 1900 accidens
723 1866 951 1907 moveatur3
982 1862 1088 1909 quia,
1122 1866 1230 1899 moto
1262 1870 1441 1908 corpore,
1477 1866 1656 1899 movetur
1689 1870 1760 1908 per

149 1910 334 1948 accidens
354 1910 478 1947 virtus
513 1911 703 1956 corporis.
727 1912 826 1957 Ergo
849 1911 998 1955 primus
1021 1916 1150 1946 motor
1167 1909 1255 1946 coeli
1278 1918 1356 1946 non
1379 1913 1439 1947 est
1462 1918 1606 1955 corpus
1630 1918 1759 1956 neque

149 1958 273 1994 virtus
289 1958 329 1994 in
350 1966 538 2003 corpore;
561 1957 636 1994 hoc
657 1961 786 1993 autem
805 1956 852 1994 ad
871 1956 975 2003 quod
997 1956 1137 1993 ultimo
1158 1957 1358 1994 reducitur
1378 1960 1510 1994 motus
1538 1956 1627 1993 coeli
1655 1956 1760 1994 sicut

149 2005 197 2042 ad
214 2004 384 2049 primum
399 2013 563 2041 movens
586 2004 803 2047 immobile,
825 2005 886 2040 est
905 2005 1022 2040 Deus.
1047 2005 1150 2040 Deus
1167 2004 1288 2050 igitur
1310 2013 1390 2040 non
1411 2009 1471 2041 θεῖ
1490 2012 1650 2050 corpus.

193 2051 340 2096 Adhuc,
365 2051 473 2088 nulla
502 2051 677 2097 potentia
709 2050 863 2087 intinita
893 2054 952 2087 est
979 2050 1154 2096 potentia
1188 2051 1230 2087 in
1265 2051 1552 2097 magnitudine.
1578 2050 1759 2089 Potentia

146 2098 263 2144 primi
285 2098 452 2135 motoris
474 2101 534 2135 θεῖ
553 2097 728 2143 potentia
748 2097 915 2133 infinita.
936 2098 1036 2144 Ergo
1058 2106 1137 2134 non
1160 2102 1220 2134 est
1239 2097 1280 2134 in
1302 2098 1435 2145 aliqua
1467 2097 1757 2145 magnitudine.

148 2147 191 2181 Et
211 2145 269 2181 sic
288 2146 406 2190 Deus,
425 2145 492 2192 qui
513 2149 573 2182 θεῖ
591 2145 743 2191 primus
767 2148 909 2188 motor,
931 2152 1058 2191 neque
1075 2148 1136 2181 est
1152 2153 1311 2190 corpus,
1329 2154 1457 2192 neque
1474 2149 1536 2183 est
1553 2145 1680 2182 virtus
1714 2144 1758 2184 in

147 2201 325 2238 corpore.

194 2239 324 2275 Prima
353 2239 412 2276 sic
443 2238 661 2284 probatur:
691 2239 728 2276 Si
757 2238 934 2285 potentia
965 2238 1133 2284 alicuius
1162 2239 1451 2286 magnitudinis
1478 2242 1540 2277 est
1585 2239 1756 2285 infinita,

148 2290 214 2322 aut
235 2286 307 2322 erit
327 2286 613 2333 magnitudinis
633 2285 753 2323 finitae
774 2290 841 2322 aut
861 2285 1036 2323 infinitae.
1058 2286 1285 2332 Magnitudo
1306 2286 1460 2324 infinita
1481 2286 1591 2324 nulla
1619 2290 1692 2332 cst,
1714 2290 1758 2324 ut

149 2333 334 2378 probatur
353 2333 393 2368 in
413 2333 527 2369 tertio
547 2334 780 2377 Physicorzim
801 2334 906 2379 (text.
931 2336 973 2370 39
995 2338 1032 2369 et
1052 2334 1166 2379 seq.),
1180 2337 1216 2369 et
1231 2334 1270 2370 in
1281 2335 1406 2379 primo
1418 2336 1468 2370 De
1487 2335 1568 2370 coelo
1584 2334 1757 2371 etmundo

148 2381 253 2426 (text.
273 2389 416 2416 comm.
436 2380 584 2426 35-75);
612 2380 899 2426 magnitudinis
924 2383 1052 2417 autem
1087 2380 1206 2417 fiuitae
1236 2390 1316 2418 non
1347 2385 1406 2418 est
1438 2381 1630 2428 possibile
1664 2390 1755 2418 esse

145 2427 362 2508 pottentiam
382 2427 600 2472 infinitam3
623 2431 661 2465 et
680 2427 752 2472 sic,
773 2428 812 2463 in
836 2427 945 2464 nulla
977 2427 1264 2474 magnitudine,
1296 2432 1426 2474 potest
1455 2437 1545 2465 esse
1581 2428 1757 2474 potentia

146 2482 186 2508 in
204 2477 313 2511 inita.

193 2520 304 2562 Quod
326 2524 455 2557 autem
475 2520 515 2557 in
536 2521 809 2568 magnitudine
829 2521 940 2558 finita
963 2530 1041 2559 non
1060 2522 1189 2567 possit
1205 2531 1294 2559 csse
1310 2523 1487 2568 potentia
1504 2521 1671 2561 infinita,
1693 2521 1754 2559 sic

145 2566 335 2619 probatur
356 2577 364 2600 ε
385 2569 585 2614 AEqualcm
607 2568 789 2605 effectum
810 2578 926 2615 quem
948 2569 1040 2606 facit
1060 2570 1236 2614 potentia
1253 2570 1384 2606 minor
1402 2574 1577 2614 tempore
1599 2569 1753 2614 majori,

146 2614 239 2664 tacit
259 2614 432 2657 potentia
453 2615 577 2660 major
588 2618 767 2666 ‚tempore
787 2617 946 2659 minori,
968 2617 1271 2663 qualiscumque
1300 2616 1352 2653 sit
1371 2616 1436 2652 illc
1470 2615 1648 2660 effectus,
1670 2616 1753 2652 sive

145 2659 427 2696 sitsecundum
445 2661 729 2712 alterationem,
746 2662 827 2698 sive
845 2663 1062 2700 secundum
1079 2667 1229 2700 motum
1245 2661 1518 2706 localem,sive
1533 2662 1753 2699 secundum

145 2714 432 2757 quemcumque
453 2707 573 2743 alium
595 2712 759 2744 motum.
777 2709 848 2745 Sed
870 2710 1212 2755 potentiaintinita
1232 2708 1430 2754 estmajor
1447 2709 1555 2745 omni
1577 2710 1755 2755 potentia

144 2751 268 2796 finita,
293 2762 387 2798 ergo
409 2757 561 2805 oportet
581 2754 686 2800 quod
709 2755 749 2791 in
768 2756 908 2792 minori
934 2756 1107 2802 perficiat
1133 2755 1329 2799 effectum,
1348 2755 1524 2792 velocius
1555 2756 1752 2793 movendo

143 2807 261 2850 quam
281 2803 454 2844 potentia
473 2809 729 2851 quaecumque
750 2802 872 2839 finita.
895 2806 970 2840 Nec
986 2807 1229 2849 potestesse,
1245 2802 1403 2849 quodin
1420 2802 1563 2839 minori
1579 2803 1752 2849 quodam

145 2849 196 2898 sit
216 2849 383 2891 tempus.
407 2846 653 2899 Relinquitur
673 2847 805 2893 igitur,
828 2850 932 2895 quod
960 2851 1034 2887 hoc
1056 2850 1127 2886 erit
1150 2849 1190 2885 in
1223 2848 1455 2886 indivisibili
1490 2850 1694 2896 temporis,
1715 2857 1754 2887 et

143 2901 202 2930 sic
220 2901 377 2930 movere
393 2896 591 2931 etmoveri
605 2897 641 2930 et
655 2898 786 2932 motus
806 2900 940 2934 essent
959 2897 1001 2933 in
1021 2895 1316 2942 instanti‚cujus
1335 2895 1576 2934 contrarium
1593 2896 1754 2939 demon·
