1894 3223
155 172 226 208 4¹6
736 165 826 201 LIB.
853 165 918 209 111,
946 165 1048 202 CAP.
1075 165 1197 203 CXIII.

159 255 289 299 potest
330 247 491 294 aliquod
525 245 844 292 corruptibilium
882 246 1081 284 deservire
1108 247 1188 285 nisi
1217 247 1439 286 secundum
1457 256 1571 285 suam
1607 247 1781 294 speciem

159 302 296 335 totam.
319 295 422 332 Ordo
447 294 570 341 igilur
605 301 684 340 quo
724 293 997 339 corruptibilia
1034 294 1268 332 ordinantur
1301 295 1351 332 ad
1393 295 1596 332 hominem
1616 295 1783 342 requirit

160 343 266 392 quod
288 340 493 378 individua
512 340 747 377 ordinentur
764 340 815 377 ad
833 341 1024 386 speciem.

206 392 279 426 Per
297 389 374 426 hoc
407 391 548 439 autem·
575 386 874 439 quod-dicimus
913 387 1160 425 substantias
1190 387 1479 426 intellectuales
1509 393 1668 436 propter
1693 398 1737 427 se
1757 398 1782 427 a

162 437 295 474 divina
329 434 578 482 providentia
610 433 802 478 ordinari,
823 443 903 471 non
941 434 1206 482 intelligimus
1234 435 1340 481 quod
1376 436 1473 482 ipsae
1513 437 1678 473 ulterius
1699 445 1783 474 non

159 483 381 521 referantur
405 482 449 518 in
482 483 606 519 Deum
634 484 675 519 et
702 481 753 518 ad
779 481 1063 527 perfectionem
1093 481 1285 518 unive1si.
1306 482 1371 520 Sic
1399 483 1522 530 igitur
1554 487 1715 529 propter
1739 492 1784 521 se

162 529 367 578 procurari
388 528 587 572 dicuntur,
607 531 646 565 et
663 527 744 566 alia
762 532 922 575 propter
939 528 1063 575 ipsas,
1086 528 1181 575 quia
1199 528 1305 566 bona
1324 538 1410 577 quae
1430 533 1589 576 propter
1609 531 1783 569 divinam

159 577 449 624 providentiam
481 576 717 620 sortiuntur,
735 584 816 612 non
854 575 914 613 eis
933 579 1028 613 sunt
1047 575 1138 612 data
1167 579 1327 623 propter
1359 576 1521 614 alterius
1544 578 1779 623 utilitatem3

159 633 250 672 quae
268 632 363 661 vero
385 624 478 661 aliis
495 623 650 666 dantur,
671 622 714 659 in
733 631 870 659 earum
891 632 1010 660 usum
1033 632 1080 659 ex
1099 622 1236 660 divina
1254 622 1505 661 ordinatione
1525 625 1684 661 cedunt.

208 671 307 708 Hinc
326 673 387 708 est
405 670 512 717 quod
527 670 684 714 dicitur,
708 670 836 714 Dent„
859 678 918 713 lv,
944 672 985 707 19
1008 680 1017 706 ε
1037 670 1091 708 Ne
1108 669 1234 705 videas
1250 669 1371 711 solem,
1394 673 1429 706 et
1445 671 1583 712 lunam,
1604 674 1639 708 et
1655 674 1786 708 caetera

160 722 273 759 astra,
296 721 329 753 et
345 728 463 753 errore
489 718 654 762 deceptus
673 716 800 752 adores
824 727 867 752 ea
883 726 964 762 quae
993 717 1130 753 creavit
1146 718 1320 754 Dominus
1337 719 1431 754 Deus
1450 721 1534 753 tuns
1564 721 1604 754 in
1622 720 1784 755 ministe-

159 767 257 801 rium
292 767 430 800 cunctis
463 765 629 809 gentibus
650 773 728 809 quae
759 764 826 799 sub
843 765 926 799 coelo
948 766 1048 800 sunt.
1066 765 1111 800 Et
1135 763 1179 801 in
1204 765 1268 801 Ps,
1287 772 1377 808 vm,
1399 766 1433 808 8,
1456 764 1600 802 dicitur
1621 777 1630 802 :
1653 765 1785 803 Omnia

161 813 345 857 subJ'ecz'sti
377 813 442 847 sub
470 811 623 856 pedibus
653 810 745 856 effus,
765 821 858 851 oves,
876 813 911 846 et
945 811 1048 846 boves
1074 811 1278 852 universas,
1303 812 1453 856 insuper·
1481 821 1614 857 pecora
1649 813 1782 857 campi.

161 861 206 896 Et
221 859 442 905 Sapientiae,
465 867 535 902 ΧΠ,
559 860 616 903 18,
638 857 805 895 dicitur:
826 860 880 894 Tu
900 861 1018 893 autem
1036 857 1244 894 dominator
1257 858 1408 894 virtutis
1421 868 1501 894 cum
1517 859 1785 905 tranquillitate

155 907 319 952 ¹iudicas,
337 909 371 941 et
389 916 469 941 cum
483 915 619 950 ntayna
637 906 837 941 reverentia
855 905 1016 950 disponis
1035 915 1112 941 nos.

209 955 282 990 Per
306 953 383 990 hoc
401 956 533 989 autem
566 951 788 988 excluditur
822 961 933 989 error
953 952 1183 998 ponentium
1224 951 1378 989 homini
1404 960 1495 989 esse
1521 956 1728 998 peccatum
1747 952 1784 990 si

161 1000 350 1038 animalia
391 999 507 1037 bruta
545 999 712 1036 occidat.
733 1001 790 1036 Ex
806 999 942 1036 divina
971 999 1078 1036 enim
1109 999 1358 1045 providentia
1378 1000 1549 1036 naturali
1584 998 1724 1036 ordine
1741 999 1785 1037 in

161 1056 281 1085 usum
318 1047 496 1084 bominis
536 1046 785 1090 ordinantur,
818 1046 923 1083 unde
958 1046 1109 1093 absque
1136 1046 1283 1093 injuria
1314 1046 1374 1083 eis
1406 1047 1530 1084 utitur
1566 1046 1687 1084 homo
1721 1045 1786 1084 vel

163 1094 395 1138 occidendo,
415 1094 474 1131 vel
515 1093 692 1141 quolibet
731 1093 808 1131 alio
846 1093 990 1136 modo;
1012 1097 1171 1139 propter
1200 1092 1306 1140 qnod
1332 1097 1370 1130 et
1390 1093 1585 1131 Dominus
1601 1093 1700 1131 dixit
1735 1093 1784 1131 ad.

161 1143 258 1185 Noe,
280 1142 390 1185 Gen„
410 1148 467 1185 IX,
489 1142 510 1177 3
532 1152 541 1177 :
562 1140 664 1177 Sicut
693 1140 791 1177 olera
818 1142 977 1176 virentia
994 1141 1080 1176 dedi
1094 1141 1193 1176 vobis
1212 1151 1350 1176 omnem
1367 1150 1522 1177 carnem.

210 1189 248 1225 Si
279 1198 357 1235 qua
377 1197 467 1224 vero
494 1188 535 1223 in
572 1196 686 1224 sacra
707 1187 907 1233 Scriptura
927 1188 1182 1224 inveniantur
1204 1187 1457 1234 prohibentia
1474 1186 1624 1234 aliquid
1643 1187 1784 1225 crude-

162 1235 286 1272 litatis
302 1235 344 1271 in
365 1234 553 1271 animalia
570 1234 685 1271 bruta
699 1235 906 1278 committi,
924 1235 1027 1271 sicut
1045 1234 1092 1271 de
1111 1244 1180 1271 ave
1198 1243 1289 1271 cum
1303 1234 1424 1280 pullis
1439 1243 1521 1271 non
1536 1233 1756 1271 occidendo
1772 1246 1782 1279 ;

162 1283 239 1319 boc
264 1281 306 1318 fit
331 1282 392 1318 vel
431 1281 480 1318 ad
517 1281 802 1318 removendum
839 1281 1016 1318 hominis
1042 1281 1221 1318 animum
1241 1291 1266 1318 a
1285 1281 1516 1318 crudelitate
1537 1283 1578 1318 in
1599 1281 1785 1318 homines

162 1329 401 1372 exercenda,
414 1338 464 1365 ne
485 1328 647 1375 aliquis,
670 1328 890 1365 exercendo
906 1328 1082 1365 crudelia
1093 1329 1200 1365 circa
1219 1328 1348 1372 bruta,
1372 1337 1419 1364 ex
1435 1328 1510 1365 hoc
1529 1328 1717 1375 procedat
1736 1328 1786 1366 ad

161 1376 346 1412 homines
364 1387 373 1418 ;
392 1375 452 1411 vel
473 1375 566 1421 quia
591 1375 634 1411 in
659 1375 876 1421 temporale
906 1375 1095 1411 damnum
1115 1375 1294 1412 hominis
1325 1376 1507 1420 provenit
1539 1375 1782 1413 animalibus

161 1423 271 1459 illata
290 1423 417 1463 laesio,
432 1422 515 1458 sive
543 1421 768 1465 inferentis,
790 1422 873 1458 sive
906 1422 1094 1466 alterius3
1115 1422 1178 1458 vel
1197 1425 1358 1467 propter
1389 1422 1565 1468 aliquam
1583 1422 1785 1468 significa·

163 1469 448 1553 tion{m‚·sicut
462 1469 677 1520 Apostolus
696 1468 730 1514 (I
746 1470 842 1513 Cor„
862 1476 917 1513 nt,
939 1471 961 1505 S
981 1472 1021 1505 et
1039 1468 1140 1516 seq.)
1157 1469 1322 1514 exponit
1334 1468 1434 1505 illud
1454 1469 1502 1506 de
1522 1477 1604 1506 non
1621 1469 1784 1516 ligando

163 1525 228 1553 ore
276 1525 362 1553 ovis
382 1519 618 1553 triturantis.

802 1621 972 1663 CAPUT
1000 1621 1141 1662 CXIII.

161 1736 261 1771 QUOD
286 1736 518 1765 RATIONALIS
554 1735 761 1766 CREATURA
792 1736 992 1765 DIRIGITUR
1014 1737 1044 1765 A
1076 1736 1152 1765 DEO
1180 1735 1234 1765 AD
1259 1735 1355 1766 SUOS
1379 1735 1517 1773 AGTUS,
1549 1736 1628 1766 NON
1663 1735 1788 1767 soum

180 1789 387 1819 SECUNDUM
410 1789 584 1818 ORDINEM
605 1789 660 1817 AD
685 1788 863 1825 SPECIEH,
882 1789 951 1817 SED
971 1788 1177 1819 SECUNDUM
1193 1788 1295 1823 QUOD
1315 1788 1508 1819 COXGBUIT
1532 1789 1752 1818 INDIVIDUO.

206 1893 261 1928 Ex
290 1892 367 1928 hoc
394 1895 527 1928 autem
546 1895 708 1937 apparet
726 1891 834 1938 quod
853 1891 942 1928 sola
960 1891 1169 1928 rationalis
1184 1894 1366 1928 creatura
1385 1891 1569 1936 dirigitur
1589 1901 1613 1929 a
1632 1893 1712 1929 Deo
1733 1892 1783 1930 ad

160 1947 256 1976 suos
278 1942 404 1982 actus,
417 1946 498 1975 non
516 1939 650 1975 solum
669 1937 892 1976 secundum
910 1938 1212 1985 congruentiam
1231 1937 1395 1984 speciei,
1417 1938 1489 1975 sed
1503 1938 1622 1976 etiam
1643 1947 1785 1976 secun-

160 1985 254 2022 dum
274 1985 575 2032 congruentiam
596 1984 805 2022 individui.
1673 2009 1677 2012 >

206 2032 344 2069 Omnis
364 2032 471 2069 enim
490 2041 555 2068 res
574 2036 732 2078 propter
749 2040 866 2069 suam
883 2032 1156 2078 operationem
1175 2040 1267 2070 esse
1279 2031 1434 2069 videtur
1450 2043 1458 2076 ;
1477 2032 1654 2078 operatio
1670 2033 1779 2070 enim

157 2083 218 2117 est
237 2079 378 2116 ultima
407 2079 597 2125 perfectio
625 2079 696 2116 rei.
718 2079 783 2116 Sic
799 2079 922 2126 igitur
956 2078 1269 2127 unumquodque
1292 2087 1317 2116 a
1337 2080 1416 2116 Deo
1438 2078 1487 2116 ad
1507 2087 1625 2116 suum
1645 2083 1779 2118 actum

159 2126 376 2171 ordinatur,
398 2126 619 2164 secundum
648 2125 755 2173 quod
777 2125 920 2163 divinae
952 2126 1209 2172 providentiae
1240 2125 1410 2164 substat.
1432 2127 1617 2164 Creatuia
1647 2130 1781 2165 autem

156 2173 365 2211 rationalis
385 2173 529 2210 divinae
559 2172 818 2220 providentiae
849 2173 1006 2211 substat
1039 2173 1144 2210 sicut
1174 2172 1396 2211 secundum
1432 2181 1476 2211 se
1503 2173 1724 2220 gubernata
1742 2177 1783 2212 et

156 2221 329 2266 provisa,
356 2228 439 2257 non
459 2220 590 2257 solum
609 2224 768 2267 propter
787 2220 976 2266 speciem,
992 2223 1035 2257 ut
1048 2220 1136 2258 aliae
1156 2220 1435 2267 corruptibiles
1455 2223 1658 2265 creaturae,
1684 2221 1782 2269 quia

155 2267 406 2305 individuum
444 2268 550 2314 quod
588 2267 832 2314 gubernatur
867 2267 1001 2305 solum
1028 2271 1189 2314 propter
1203 2268 1394 2315 speciem,
1416 2276 1498 2305 non
1535 2267 1782 2314 gubernatur

155 2319 316 2361 propter
341 2324 534 2361 seipsum,
553 2319 734 2353 creatura
762 2318 894 2352 autem
923 2315 1132 2352 rationalis
1148 2318 1309 2361 propter
1325 2315 1500 2362 seipsam
1520 2315 1781 2362 gubernatur,

156 2365 200 2398 ut
219 2371 267 2399 ex
299 2361 417 2399 dictis
433 2362 691 2400 manifestum
718 2365 792 2399 est.
816 2362 881 2400 Sic
900 2361 1024 2408 igitur
1053 2362 1151 2400 solae
1179 2362 1397 2400 rationales
1430 2367 1620 2400 creaturae
1650 2362 1779 2400 direc-

155 2408 306 2446 tionem
338 2418 362 2446 a
383 2410 464 2447 Deo
490 2409 539 2446 ad
560 2418 659 2447 suos
693 2413 806 2447 actus
833 2409 1047 2456 accipiunt,
1062 2417 1145 2448 non
1171 2410 1305 2448 solum
1323 2413 1484 2457 propter
1502 2409 1690 2456 speciem,
1709 2408 1781 2447 sed

156 2456 273 2492 etiam
295 2455 516 2494 secundum
537 2456 801 2494 individuum.

201 2503 347 2548 Adhuc,
366 2512 626 2551 quaecumque
640 2504 899 2542 directionem
916 2503 1113 2541 habentin
1129 2504 1218 2542 suis
1234 2503 1390 2542 actibus
1407 2503 1541 2541 solum
1557 2502 1778 2541 secundum

156 2550 261 2596 quod
280 2551 449 2597 pertinet
465 2550 514 2588 ad
534 2551 724 2597 speciem,
745 2560 826 2589 non
846 2554 908 2589 est
926 2552 969 2588 in
988 2551 1079 2589 istis
1098 2560 1217 2598 agere
1229 2551 1292 2589 vel
1311 2560 1392 2589 non
1411 2560 1548 2598 agere;
1567 2559 1655 2598 quae
1669 2550 1777 2588 enim

154 2600 456 2644 consequuntur
475 2598 649 2644 speciem
687 2602 782 2636 sunt
815 2599 1046 2636 communia
1064 2602 1104 2636 et
1121 2599 1319 2636 naturalia
1348 2598 1536 2635 omnibus
1554 2596 1773 2635 individuis

156 2642 230 2680 sub
247 2644 380 2690 specie
400 2646 625 2691 contentis;
645 2645 845 2684 naturalia
862 2650 995 2683 autem
1015 2655 1098 2684 non
1117 2649 1214 2684 sunt
1231 2646 1274 2683 in
1300 2645 1434 2683 nobis.
1455 2645 1496 2683 Si
1515 2644 1637 2691 igitur
1656 2643 1778 2682 homo

154 2687 318 2742 habere-t
350 2691 608 2731 directionem
639 2692 682 2730 in
728 2693 815 2730 suis
852 2693 1006 2731 actibus
1047 2693 1180 2731 solum
1213 2693 1436 2731 secundum
1469 2691 1774 2737 congruentiam

155 2743 318 2788 speciei,
339 2746 421 2789 non
440 2740 603 2777 essetin
621 2739 710 2786 ipso
730 2749 848 2787 agere
867 2740 930 2778 vel
950 2748 1033 2778 non
1049 2749 1181 2787 agere,
1200 2739 1273 2778 sed
1291 2741 1490 2786 oporteret
1502 2737 1774 2790 quodneque-

153 2787 263 2835 retur
293 2784 593 2836 inclinationem
625 2787 846 2825 naturalem
877 2788 950 2825 toti
978 2788 1127 2834 speciei
1161 2787 1487 2830 communem‚ut
1514 2785 1712 2832 contingit
1729 2785 1774 2822 in

154 2829 342 2867 omnibus
368 2832 669 2871 irrationalibus
699 2834 906 2872 creaturis.
922 2835 1177 2873 Manifestum
1195 2837 1258 2872 est
1285 2833 1409 2880 igitur
1427 2831 1535 2879 quod
1553 2832 1772 2884 rationales

152 2880 344 2929 creaturae
368 2881 483 2916 actus
519 2879 782 2919 directionem
809 2881 970 2928 habent,
991 2890 1075 2920 non
1093 2881 1227 2919 solum
1251 2879 1474 2919 seeundum
1492 2887 1681 2926 speciem,
1701 2879 1775 2919 sed

150 2926 275 2962 etiam
294 2924 517 2963 secundum
534 2925 800 2967 individuum.
