1894 3223
155 111 226 147 410
736 102 823 138 LIB.
852 102 916 141 ΙΙΙ,
944 101 1044 138 CAP.
1073 100 1195 138 CVIII.

159 187 390 236 hujusmodi
424 184 660 223 substantiae
692 186 887 228 separatae
919 181 1065 220 habent
1082 185 1230 220 rectam
1251 182 1459 220 scientiam
1481 181 1524 219 in
1541 181 1774 227 universali,

160 233 421 315 impossibile1
431 235 492 268 est
510 229 619 279 quod
635 239 707 277 per
727 229 928 268 defectum
951 229 1196 276 cognitionis
1215 229 1258 267 in
1279 229 1507 275 particulari
1527 229 1714 266 voluntas
1735 229 1777 267 in

160 283 307 321 malum
329 283 393 316 ten
426 282 476 315 at.

205 327 388 372 Amplius,
411 323 523 362 nulla
552 324 679 361 virtus
699 323 975 370 cognoscitiva.
1005 322 1111 361 circa
1130 323 1333 370 proprium
1351 323 1549 370 objectum
1570 322 1777 370 decipitur,

158 374 228 412 sed
249 373 381 411 solum
414 372 520 409 circa
550 373 781 408 extraneum
804 382 814 414 ;
835 370 947 407 visus
979 369 1084 407 enim
1104 379 1186 408 non
1219 370 1412 416 decipitur
1431 371 1473 408 in
1497 370 1648 416 judicio
1669 370 1778 407 colo·

157 429 244 458 rum
265 432 274 463 3
297 419 367 457 sed
388 418 481 456 dum
514 417 636 455 homo
664 427 735 463 per
753 417 883 454 visum
912 416 1064 464 judicat
1084 416 1130 454 de
1164 426 1319 463 sapore,
1340 417 1401 454 vel
1422 417 1470 454 de
1490 417 1623 464 specie
1643 417 1714 460 rei,
1736 417 1780 455 in

157 467 235 505 hoc
255 466 434 512 deceptio
468 465 625 502 accidit.
648 464 854 510 Proprium
875 468 1006 501 autem
1027 463 1224 509 objectum
1244 463 1470 502 intellectus
1497 467 1558 502 est
1577 463 1779 511 quidditas

157 514 229 552 rei.
252 516 295 550 In
310 512 539 559 cognitione
560 511 683 559 igitur
702 511 927 549 intellectus
948 511 1126 556 deceptio
1147 510 1326 548 accidere
1347 520 1428 548 non
1442 514 1586 557 potest,
1604 511 1638 549 si
1657 519 1779 557 puras

157 570 291 599 rerum
311 559 552 607 quidditates
583 558 875 605 appredendat3
898 558 967 595 sed
988 557 1120 595 omnis
1147 557 1325 603 deceptio
1352 557 1578 596 intellectus
1600 558 1780 595 accidere

158 607 315 644 videtur
335 617 382 644 ex
400 607 475 644 boc
496 605 601 653 quod
633 605 902 652 apprehendat
930 605 1078 642 formas
1099 613 1229 641 rerum
1259 605 1472 651 permixtas
1492 604 1779 651 phantasmati-

157 655 249 698 bus,
271 657 314 691 ut
333 654 375 690 in
397 653 514 690 nobis
535 652 691 690 accidit.
711 652 817 690 Talis
843 655 975 690 autem
995 651 1139 703 modus
1160 651 1429 698 cognoscendi
1449 660 1531 689 non
1552 652 1670 689 estin
1689 651 1780 689 sub·

158 701 321 738 stantiis
355 699 690 738 intellectualibus
711 699 868 745 corpori
900 708 982 737 non
1012 698 1150 743 unitis,
1172 698 1266 745 quia
1282 698 1558 744 phantasmata
1578 707 1660 736 non
1685 707 1779 745 pos·

159 751 254 786 sunt
273 757 363 785 esse
395 747 547 794 absque
577 755 758 793 corpore.
780 748 865 784 Non
883 750 943 784 est
976 745 1098 792 igitur
1127 745 1320 792 possibile
1355 745 1461 792 quod
1481 746 1522 782 in
1541 745 1778 783 substantiis

159 795 353 841 separatis
372 794 525 831 accidat
554 803 664 831 error
683 793 724 831 in
760 793 989 840 cognitione
1013 804 1021 829 ε
1045 801 1140 839 ergo
1162 802 1290 839 neque
1323 796 1527 838 peccatum
1546 792 1777 830 voluntatis.

205 844 305 884 Item,
326 842 367 878 in
389 841 506 879 nobis
527 840 682 878 falsitas
702 841 845 878 accidit
864 851 912 877 ex
941 840 1169 886 operatione
1196 839 1421 877 intellectus
1441 839 1719 885 componentis
1742 841 1781 876 et

158 889 372 927 dividentis
390 918 400 934 ‚
434 899 481 925 ex
519 888 595 925 hoc
631 888 738 934 quod
777 897 858 925 non
901 887 1083 924 absolute
1118 887 1174 924 rei
1207 886 1467 933 quidditatem
1505 885 1778 932 apprehendit,

159 936 230 974 sed
250 936 307 973 rei
338 935 596 981 apprehensae
629 934 779 982 aliquid
812 935 1029 980 componit.
1051 935 1095 970 In
1127 934 1358 980 operatione
1386 937 1517 971 autem
1538 932 1778 978 intellectus,

159 993 238 1030 qua
257 982 516 1029 apprehendit
537 981 642 1029 quod
664 982 759 1028 quid
779 986 852 1026 est,
875 991 956 1019 non
977 980 1121 1018 accidit
1140 981 1286 1018 falsum
1307 980 1387 1018 nisi
1404 990 1474 1026 per
1493 980 1693 1024 accidens,
1717 989 1778 1017 se-

156 1029 333 1067 cundum
355 1029 460 1076 quod
483 1029 524 1065 in
545 1029 618 1066 hac
639 1030 756 1066 etiam
776 1029 1006 1074 operatione
1027 1028 1290 1073 permiscetur
1309 1027 1461 1074 aliquid
1481 1027 1528 1065 de
1549 1027 1779 1073 operatione

158 1077 387 1114 intellectus
407 1076 685 1122 componentis
706 1079 744 1112 et
761 1076 988 1113 dividentis.
1009 1075 1120 1119 Quod
1136 1075 1294 1121 quidem
1316 1075 1512 1122 contingit
1530 1074 1571 1112 in
1587 1077 1778 1124 quantum

159 1124 387 1160 intellectus
407 1128 557 1167 noster,
580 1132 662 1160 non
688 1123 836 1167 statim,
859 1122 929 1160 sed
947 1131 1038 1160 cum
1059 1122 1232 1169 quodam
1253 1121 1550 1160 informationis
1571 1121 1709 1159 ordine
1731 1127 1779 1158 ad

158 1170 478 1217 cognoscendam
522 1170 778 1216 quidditatem
804 1170 972 1215 alicujus
1008 1169 1064 1206 rei
1099 1169 1312 1216 pertingit3
1334 1169 1439 1206 sicut
1473 1177 1564 1206 cum
1606 1168 1779 1214 primum

160 1217 495 1263 apprehendimus
522 1216 683 1262 animal,
711 1216 999 1261 et‚dividentes
1034 1225 1104 1262 per
1135 1216 1341 1262 oppositas
1373 1214 1632 1259 differentiae,
1656 1215 1780 1253 altera

161 1265 312 1308 relicta,
333 1274 450 1301 unam
475 1264 608 1310 generi
631 1264 883 1309 apponimus,
906 1272 1116 1311 quousque
1138 1263 1415 1308 perveniamus
1436 1263 1485 1300 ad
1505 1261 1779 1300 definitionem

160 1311 308 1357 speciei
330 1323 338 1347 :
360 1311 401 1347 in
423 1320 501 1358 quo
539 1310 697 1357 quidem
727 1319 917 1356 processu
947 1313 1078 1357 potest
1110 1309 1265 1347 falsitas
1286 1310 1478 1354 accidere,
1501 1310 1535 1347 si
1562 1309 1780 1355 accipiatur

158 1362 201 1395 ut
223 1357 447 1395 differentia
465 1358 639 1404 generis,
659 1358 765 1403 quod
782 1367 863 1394 non
884 1360 944 1394 est
972 1356 1131 1403 generis
1151 1356 1387 1394 differentia.
1410 1357 1473 1394 Sic
1492 1359 1623 1394 autem
1642 1365 1778 1402 proce·

160 1405 251 1441 dere
273 1404 321 1441 ad
353 1404 678 1451 cognoscendum
698 1404 745 1440 de
778 1405 912 1450 aliquo
949 1404 1043 1450 quid
1071 1407 1145 1447 est,
1166 1408 1227 1440 est
1258 1404 1482 1440 intellectus
1503 1403 1779 1441 ratiocinando

160 1451 422 1488 discurrentis
444 1451 491 1487 de
513 1459 593 1488 uno
614 1451 663 1487 ad
680 1451 788 1488 aliud
809 1463 817 1487 ε
841 1450 947 1498 quod
971 1459 1052 1487 non
1072 1450 1261 1496 competit
1280 1450 1517 1487 substantiis
1537 1450 1780 1487 intellectua-

157 1498 265 1535 libus
298 1498 506 1544 separatis,
529 1500 572 1534 ut
610 1506 732 1544 supra
770 1497 852 1544 (lib.
874 1507 917 1543 11,
938 1507 1023 1543 cap.
1048 1497 1127 1550 101)
1167 1501 1374 1535 ostensum
1407 1500 1480 1535 est.
1504 1498 1590 1534 Non
1627 1496 1781 1535 videtur

158 1545 282 1591 igitur
312 1545 418 1591 quod
447 1544 577 1591 possit
608 1544 756 1591 aliquis
777 1554 886 1581 error
916 1545 1094 1582 accidere
1112 1553 1153 1580 in
1174 1545 1404 1591 cognitione
1435 1544 1665 1591 hujusmodi
1687 1544 1780 1582 sub·

160 1592 399 1629 stantiarum
421 1604 429 1627 :
454 1591 559 1628 unde
581 1600 653 1628 nec
674 1593 714 1628 in
738 1592 941 1629 voluntate
962 1601 1098 1629 earum
1117 1595 1323 1637 peccatum
1345 1591 1522 1629 accidere
1540 1595 1683 1637 potest.

206 1641 396 1683 Praeterea,
416 1648 505 1675 cum
526 1639 677 1676 nullius
697 1639 753 1676 rei
774 1640 971 1685 appetitus
991 1639 1126 1676 tendat
1145 1639 1224 1676 nisi
1248 1639 1288 1676 in
1303 1639 1506 1685 proprium
1526 1638 1690 1683 bonum,
1712 1638 1781 1676 ini

157 1686 351 1732 possibile
385 1686 539 1723 videtur
559 1686 598 1722 id
620 1685 733 1732 cujus
755 1690 815 1723 est
847 1686 1103 1733 singulariter
1123 1695 1245 1723 unum
1269 1687 1401 1723 solum
1425 1685 1589 1730 bonum,
1612 1685 1717 1732 quod
1739 1686 1781 1722 in

159 1733 335 1779 appetitu
357 1737 485 1777 erret;
509 1736 545 1769 et
565 1737 725 1779 propter
746 1733 835 1778 hoc,
852 1734 926 1771 etsi
944 1737 1149 1779 peccatum
1170 1733 1322 1770 accidat
1342 1734 1384 1770 in
1398 1733 1517 1771 rebus
1532 1732 1780 1770 naturalibus

156 1783 317 1826 propter
340 1780 535 1817 defectum
556 1781 852 1827 contingentem
876 1781 917 1817 in
938 1780 1171 1818 executione
1187 1780 1399 1826 appetitus,
1417 1789 1620 1827 nunquam
1646 1788 1780 1825 pecca-

156 1830 240 1863 tum
263 1827 407 1864 accidit
425 1827 466 1863 in
492 1828 665 1873 appetitu
688 1827 858 1864 naturali
878 1839 887 1863 z
911 1836 1069 1874 semper
1089 1827 1194 1863 enim
1216 1827 1318 1873 lapis
1337 1827 1463 1864 tendit
1482 1827 1682 1871 deorsum,
1697 1827 1780 1864 sive

156 1873 373 1920 perveniat,
397 1874 479 1910 sive
501 1874 751 1920 impediatur.
769 1877 812 1911 In
826 1873 943 1911 nobis
964 1877 1095 1911 autem
1110 1877 1315 1919 peccatum
1335 1874 1530 1911 acciditin
1543 1874 1778 1920 appetendo,

158 1920 265 1966 quia,
288 1929 377 1956 cum
399 1920 450 1957 sit
466 1924 608 1958 natura
628 1924 766 1958 nostra
784 1921 1007 1966 composita
1026 1930 1073 1957 ex
1095 1920 1293 1966 spirituali
1334 1925 1371 1957 et
1391 1921 1602 1967 corporali,
1623 1924 1718 1958 sunt
1738 1921 1780 1958 in

157 1966 276 2003 nobis
297 1968 411 2012 plura
429 1967 547 2004 bona.
567 1967 681 2004 Aliud
703 1968 808 2004 enim
830 1972 890 2005 est
909 1968 1058 2004 bonum
1080 1970 1260 2004 nostrum
1280 1967 1500 2005 secundum
1518 1967 1778 2013 intellectum,

160 2017 198 2050 et
215 2014 323 2050 aliud
358 2014 576 2051 secundum
608 2015 868 2059 sensum‚vel
888 2015 1006 2051 etiam
1027 2014 1247 2051 secundum
1282 2023 1441 2061 corpus.
1465 2016 1611 2051 Horum
1647 2018 1779 2052 autem

157 2060 406 2098 diversorum
424 2070 511 2107 quae
533 2065 626 2098 sunt
647 2061 822 2098 hominis
857 2061 962 2098 bona
983 2062 1080 2099 ordo
1101 2061 1260 2108 quidam
1282 2066 1355 2105 est,
1379 2062 1599 2098 secundum
1620 2061 1780 2108 quodid

155 2107 263 2154 quod
283 2111 344 2144 est
361 2107 494 2145 minus
516 2108 733 2154 principale
774 2108 823 2145 ad
851 2109 1111 2155 principalius
1143 2108 1393 2146 referendum
1413 2112 1499 2146 est:
1519 2109 1623 2146 unde
1642 2118 1780 2154 pecca·

156 2158 240 2190 tum
263 2155 479 2191 voluntatis
501 2155 540 2191 in
561 2155 678 2192 nobis
699 2156 855 2199 accidit,
875 2165 963 2192 cum
986 2156 1055 2193 tali
1091 2155 1230 2192 ordine
1265 2165 1345 2193 non
1366 2159 1522 2193 servato
1556 2156 1781 2202 appetimus

155 2201 196 2253 id
229 2201 333 2254 quod
366 2205 426 2239 est
460 2201 578 2239 nobis
603 2202 753 2239 bonum
787 2203 1007 2240 secundum
1039 2202 1148 2249 quid,
1168 2205 1308 2240 contra
1336 2203 1375 2239 id
1408 2202 1512 2249 quod
1540 2208 1600 2239 est
1630 2203 1781 2240 bonum

158 2248 404 2300 simpliciter.
424 2249 529 2285 Talis
556 2253 688 2287 autem
721 2250 959 2295 compositio
989 2253 1026 2286 et
1052 2250 1262 2287 diversitas
1293 2250 1491 2287 bonorum
1536 2258 1618 2287 non
1650 2253 1709 2287 est
1738 2250 1781 2287 in

157 2295 394 2347 substantiis
442 2296 636 2342 separatis
654 2308 664 2338 ;
711 2297 892 2343 quinimo
926 2306 1043 2334 omne
1107 2306 1242 2334 eorum
1273 2297 1422 2334 bonum
1462 2300 1523 2334 est
1559 2297 1780 2334 secundum

155 2343 416 2426 intel-ldecttum.
435 2344 521 2380 Non
542 2346 602 2381 est
622 2343 745 2390 igitur
759 2344 802 2381 in
823 2344 881 2381 eis
901 2344 1095 2390 possibile
1118 2344 1225 2391 quod
1245 2344 1298 2381 sit
1316 2347 1522 2390 peccatum
1547 2344 1777 2389 voluntatis,

156 2398 182 2427 u
218 2399 254 2426 vi
288 2400 306 2426 e
327 2399 387 2428 ur.

204 2437 349 2477 Adhuc,
373 2437 415 2473 in
438 2436 557 2474 nobis
589 2441 795 2482 peccatum
827 2438 1045 2475 voluntatis
1077 2437 1223 2475 accidit
1254 2447 1304 2475 ex
1333 2438 1701 2483 superabundantia
1717 2437 1778 2474 vel

155 2491 205 2520 ex
224 2483 394 2536 defectu,
412 2483 455 2521 in
476 2493 646 2531 quorum
665 2484 797 2522 medio
818 2485 945 2522 virtus
965 2484 1165 2523 consistit.
1189 2485 1298 2523 Unde
1316 2485 1358 2522 in
1385 2485 1449 2523 his
1469 2485 1510 2522 in
1530 2485 1676 2532 quibus
1696 2493 1779 2521 non

155 2533 217 2567 est
248 2539 427 2576 accipere
463 2531 869 2577 superabundantiam
903 2535 941 2569 et
970 2531 1182 2577 desectum,
1202 2532 1274 2570 sed
1305 2532 1438 2570 solum
1470 2533 1665 2576 medium,
1696 2540 1779 2568 non

153 2578 352 2629 contingit
372 2577 615 2616 voluntatem
648 2587 835 2631 peccare3
858 2579 995 2618 nullus
1039 2579 1145 2617 enim
1164 2589 1328 2626 peccare
1345 2583 1476 2627 potest
1492 2579 1534 2616 in
1557 2577 1777 2625 appetendo

152 2627 363 2673 justitiam,
385 2634 477 2662 nam
520 2626 608 2671 ipsa
645 2626 802 2672 justitia
837 2626 1013 2664 medium
1043 2627 1243 2673 quoddam
1283 2630 1356 2664 est.
1377 2626 1613 2664 substantiae
1645 2628 1777 2662 autem

155 2670 446 2721 intellectuales
479 2676 670 2718 separatae
703 2682 784 2710 non
814 2677 986 2719 possunt
1022 2678 1205 2720 appetere
1236 2673 1315 2711 nisi
1344 2673 1450 2711 bona
1477 2672 1774 2710 intellectualia.

156 2715 381 2754 Ridiculum
403 2719 509 2756 enim
530 2723 591 2757 est
608 2720 753 2765 dicere,
775 2721 881 2767 quod
900 2721 1007 2758 bona
1025 2721 1248 2767 corporalia
1265 2724 1451 2768 appetant
1466 2719 1532 2766 qui
1555 2719 1776 2757 secundum

155 2771 270 2799 suam
302 2768 482 2816 naturam
502 2766 727 2813 incorporei
755 2772 863 2812 sunt,
884 2771 953 2806 aut
970 2768 1078 2806 bona
1096 2768 1319 2812 sensibilia,
1339 2767 1484 2814 quibus
1506 2775 1585 2802 non
1605 2770 1664 2803 est
1684 2775 1775 2803 sen·

157 2817 240 2846 sus.
263 2811 306 2846 In
326 2810 443 2848 bonis
464 2816 594 2850 autem
613 2814 952 2853 intellectualibus
973 2824 1054 2853 non
1075 2819 1136 2853 est
1153 2816 1332 2861 accipere
1353 2812 1773 2859 superabundantiam,

155 2865 247 2895 nain
269 2858 487 2897 secundum
508 2868 552 2897 se
570 2861 702 2900 media
722 2866 815 2900 sunt
834 2862 1208 2909 superabundantiae
1228 2865 1267 2900 et
1297 2860 1491 2906 defectus,
1513 2860 1617 2898 sicut
1636 2869 1773 2898 rerum
