1894 3223
729 72 817 108 Lis.
846 72 910 116 111,
938 71 1038 108 CAP.
1063 71 1120 107 LI.
1674 67 1740 104 323

794 251 961 293 CAPUT
989 251 1052 293 LI.

467 372 649 408 QUOMODO
686 373 783 403 DEUS
821 373 894 401 PER
928 373 1145 402 ESSENTIAM
1170 373 1381 404 viDEATUR.

163 485 258 522 Cum
280 486 412 521 autem
440 482 691 529 impossibile
712 482 763 519 sit
789 481 967 520 naturale
999 482 1238 520 desiderium
1259 491 1349 520 esse
1370 482 1502 526 inane,
1525 482 1630 531 quod
1651 483 1738 536 qui-

115 531 203 569 dem
240 534 359 575 esset,
382 530 417 568 si
452 538 534 567 non
564 532 670 567 esset
705 529 898 576 possibile
936 530 1141 575 pervenire
1180 529 1227 567 ad
1265 529 1437 567 divinam
1474 531 1737 568 substantiam

115 577 431 625 intelligendam,
461 575 566 624 quod
602 577 834 614 naturaliter
863 585 1003 614 omnes
1033 580 1185 614 mentes
1218 576 1456 620 desiderant,
1480 586 1645 615 necesse
1679 581 1739 614 est

115 625 246 663 dicere
281 624 387 672 quod
418 623 708 676 possibile-est
737 624 1000 661 substantiam
1029 624 1094 661 Dei
1130 623 1251 660 rideri
1281 633 1350 670 per
1379 624 1635 669 intellectum,
1659 628 1695 661 et
1716 633 1739 661 a

116 672 352 711 substantiis
375 670 718 708 intellectualibus
738 671 932 716 separatis
950 675 987 708 et
1007 671 1054 708 ab
1076 671 1285 708 animabus
1314 673 1476 708 nostris.

163 719 302 757 Modus
337 723 467 756 autem
502 718 622 764 liujus
647 718 817 755 visionis
845 719 943 755 satis
971 718 1052 765 jani
1082 728 1129 755 ex
1149 718 1277 759 dictis,
1305 718 1434 764 qualis
1466 727 1554 756 esse
1585 718 1738 764 debeat,

117 770 290 814 apparet.
308 766 520 803 ostensum
543 765 646 802 enim
671 769 729 802 est
748 774 868 812 supra
897 765 997 812 (cap.
1019 766 1078 812 49)
1116 764 1221 813 quod
1252 765 1384 802 divina
1411 765 1636 802 substantia
1656 775 1736 803 non

116 818 248 860 potest
266 813 388 851 videri
409 822 478 859 per
497 812 742 850 intellectum
764 813 803 849 in
833 812 965 859 aliqua
986 812 1117 858 speeie
1139 815 1282 850 creata.
1303 813 1410 850 Unde
1430 816 1600 858 oportet,
1621 813 1653 850 si
1669 813 1737 850 Dei

118 861 293 898 essentia
328 859 520 903 videatur,
559 858 663 906 quod
695 868 764 904 per
807 859 1016 905 ipsammet
1053 859 1268 897 essentiam
1307 860 1480 897 divinam
1510 860 1736 897 intellectus

119 909 246 954 ipsam
262 907 419 992 dvideat,
440 911 482 943 ut
501 906 560 943 sie
582 906 621 942 iii
644 906 711 942 tali
736 906 890 943 visione
923 907 1053 943 divina
1076 907 1251 943 essentia
1270 907 1321 944 sit
1340 911 1378 944 et
1397 907 1504 954 quod
1523 907 1679 945 videtur
1698 911 1735 944 et

149 964 199 992 uo
220 955 256 991 vi
289 959 387 991 etur.

121 965 144 1003 q
166 1003 260 1039 Cum
281 1005 412 1038 autem
432 999 657 1036 intellectus
681 999 944 1036 substantiam
965 999 1137 1046 aliquam
1163 1000 1387 1047 intelligere
1409 1011 1488 1038 non
1511 1002 1639 1048 possit
1656 1001 1735 1038 nisi

117 1048 184 1086 fiat
195 1052 298 1092 actu,
320 1046 540 1084 secundum
561 1046 733 1093 aliquam
755 1046 927 1091 speeiem
951 1046 1230 1084 informantem
1247 1048 1391 1092 ipsum,
1414 1058 1500 1095 quae
1521 1049 1572 1086 sit
1591 1049 1738 1086 simili-

117 1095 213 1132 tudo
243 1095 299 1131 rei
320 1093 542 1137 intellectae,
564 1092 814 1139 impossibile
834 1093 956 1130 videri
978 1097 1109 1139 potest
1136 1094 1269 1138 alicui,
1289 1095 1394 1142 quod
1424 1105 1494 1141 per
1517 1095 1734 1132 essentiam

117 1142 291 1180 divinam
325 1140 550 1178 intellectus
576 1144 732 1177 creatus
766 1141 893 1186 possit
922 1140 1055 1177 videre
1090 1141 1217 1187 ipsam
1239 1142 1307 1178 Dei
1333 1141 1597 1180 substantiam
1621 1142 1735 1189 quasi

117 1199 187 1237 per
221 1187 430 1236 quamdam
454 1187 624 1233 speciem
650 1187 956 1234 intelligibilem.
979 1197 1068 1224 cuin
1102 1189 1236 1225 divina
1255 1189 1430 1226 essentia
1457 1190 1509 1226 sit
1538 1189 1736 1237 quoddam

116 1245 188 1284 per
224 1236 402 1282 seipsum
429 1234 668 1275 subsistens,
688 1238 726 1272 et
757 1235 797 1272 in
834 1235 961 1281 primo
984 1235 1156 1283 (eap.27)
1179 1239 1385 1274 ostensum
1416 1237 1468 1274 sit
1487 1237 1594 1284 quod
1633 1239 1741 1274 Deus

118 1283 269 1323 nullius
283 1285 414 1329 potest
437 1290 525 1319 esse
541 1281 681 1319 forma.

166 1330 221 1368 Ad
241 1330 360 1377 hujus
375 1329 816 1381 igiturintelligentiam
825 1329 1001 1368 veritatis
1015 1330 1349 1368 considerandum
1362 1331 1538 1378 estquod
1555 1331 1740 1369 substan·

120 1378 175 1415 tia
189 1386 276 1425 quae
292 1381 353 1414 est
366 1385 433 1422 per
450 1384 622 1421 seipsam
645 1376 883 1421 subsistens,
897 1381 955 1414 est
979 1377 1041 1414 vel
1062 1378 1370 1423 formatantum,
1390 1379 1451 1416 vel
1472 1379 1739 1425 compositum

121 1435 168 1462 ex
191 1424 355 1461 materia
374 1426 412 1460 et
434 1422 695 1475 soi-ma21llud
717 1423 838 1470 igitur
855 1424 962 1471 quod
996 1434 1043 1461 ex
1064 1425 1230 1463 materia
1246 1428 1287 1462 et
1324 1426 1451 1463 forma
1472 1425 1739 1471 compositum

122 1475 196 1516 est,
213 1479 293 1508 non
318 1473 449 1517 potest
467 1469 591 1521 *alteri
613 1479 703 1507 esse
739 1470 878 1514 forma,
901 1471 993 1519 quia
1023 1471 1151 1509 forma
1177 1472 1219 1508 in
1238 1473 1318 1510 Deo
1351 1476 1412 1510 est
1434 1473 1512 1518 jam
1538 1476 1741 1509 contracta

122 1519 170 1557 ad
191 1518 301 1556 illam
338 1520 558 1568 materiam,
580 1519 622 1553 ut
647 1517 815 1554 ulterius
841 1518 896 1554 rei
936 1518 1063 1555 forma
1098 1528 1188 1556 esse
1209 1528 1290 1556 non
1321 1519 1464 1566 possit.
1486 1519 1587 1557 Illud
1609 1522 1740 1556 autem

122 1565 229 1614 quod
266 1565 325 1603 sic
344 1567 405 1602 est
442 1563 681 1608 subsistens,
707 1568 748 1606 us
780 1569 911 1602 tamen
945 1566 1074 1602 solum
1103 1566 1155 1603 sit
1186 1566 1327 1611 forma,
1348 1569 1479 1613 potest
1518 1566 1629 1604 alteri
1652 1575 1741 1603 esse

123 1613 264 1657 forma,
291 1610 509 1651 dummodo
548 1619 636 1647 esse
667 1619 783 1648 suum
819 1612 870 1648 sit
908 1612 984 1649 tale
1016 1613 1121 1659 quod
1158 1613 1206 1650 ab
1238 1613 1372 1660 aliquo
1399 1613 1477 1651 alio
1513 1612 1740 1660 participari

123 1659 265 1706 possit.
289 1659 398 1696 Sicut
417 1657 459 1694 in
480 1657 658 1695 seeundo
675 1657 775 1710 (cap.
798 1659 856 1706 68)
882 1660 1131 1697 ostendimus
1153 1660 1200 1697 de
1220 1661 1353 1697 anima
1370 1660 1559 1698 humana.
1582 1660 1618 1698 Si
1648 1668 1743 1697 vero

105 1716 216 1745 .esse
237 1714 354 1743 suum
377 1703 425 1741 ab
450 1703 575 1740 altero
590 1705 816 1751 participari
836 1714 916 1743 non
937 1707 1080 1753 possit,
1103 1707 1252 1744 nullius
1270 1708 1325 1744 rei
1348 1707 1474 1745 sorma
1490 1717 1579 1745 esse
1598 1708 1741 1754 possit.

123 1754 187 1792 Sic
208 1753 313 1790 enim
332 1760 400 1798 per
426 1759 542 1788 suum
557 1760 645 1788 esse
666 1751 950 1805 determinatur
969 1754 1010 1790 in
1040 1754 1188 1800 seipso,
1205 1754 1406 1802 sicutquae
1419 1754 1743 1792 suiitmaterialia

120 1810 191 1848 per
209 1799 430 1851 materiam.
453 1798 683 1851 Hocautern
700 1803 804 1836 sicut
823 1800 863 1836 in
888 1809 977 1837 esse
1016 1801 1269 1839 substantiali
1291 1802 1352 1839 vel
1372 1802 1567 1840 materiali
1588 1802 1742 1838 inveni-

121 1852 198 1892 tur,
215 1847 274 1885 sic
301 1850 338 1883 et
367 1855 408 1898 in
428 1853 517 1882 esse
538 1845 780 1898 intelligibili
807 1847 1143 1886 considerandum
1164 1851 1236 1886 est.
1260 1849 1355 1887 Cum
1388 1849 1494 1886 enim
1516 1849 1742 1886 intellectus

121 1894 311 1942 perfectio
347 1896 400 1945 sit
434 1901 584 1938 verum,
607 1892 702 1930 illud
742 1893 992 1941 intelligibile
1026 1896 1099 1933 erit
1136 1899 1177 1932 ut
1216 1896 1344 1934 forma
1365 1899 1518 1934 tantum
1540 1896 1582 1932 ii]
1600 1905 1744 1943 genere

122 1940 450 1988 intelligibilium,
472 1939 576 1986 quod
616 1943 677 1977 est
691 1940 837 1978 veritas
857 1942 958 1988 ipsa,
980 1943 1085 1990 quod
1105 1943 1292 1981 convenit
1309 1943 1385 1981 soli
1407 1945 1500 1981 Deo.
1522 1945 1633 1988 Nam,
1652 1952 1742 1981 cum

121 1997 258 2026 verum
287 1990 476 2034 sequatur
510 1985 558 2023 ad
577 1995 688 2039 esse,
705 1987 802 2025 illud
831 1991 984 2026 tantum
1018 1999 1091 2028 sua
1129 1990 1274 2028 veritas
1306 1994 1380 2036 est,
1402 1990 1508 2038 quod
1545 1994 1605 2028 est
1625 1999 1742 2028 suum

124 2044 229 2080 esse,
247 2035 352 2082 quod
375 2037 435 2086 est
454 2042 663 2086 proprium·
677 2035 754 2072 soli
772 2037 868 2081 Deo,
883 2037 977 2073 utin
995 2038 1124 2084 primo
1140 2036 1239 2084 (cap.
1265 2036 1322 2085 15)
1344 2041 1551 2075 ostensum
1565 2041 1637 2075 est.
1658 2037 1745 2075 Alia

123 2082 246 2129 igitur
265 2079 533 2164 ἱηῐθΠιὲὼιΙιῑι
552 2079 815 2119 subsistentia
834 2087 929 2120 sunt
948 2093 1029 2122 non
1050 2088 1092 2121 ut
1108 2094 1207 2131 pura
1230 2084 1359 2123 forma
1377 2085 1418 2122 in
1437 2095 1583 2133 genere
1596 2084 1743 2122 intelli·

126 2128 326 2174 gibilium,
346 2137 390 2166 se
445 2129 488 2163 ut
523 2126 750 2165 sormamin
785 2130 1131 2184 subjeetoaliquo
1150 2131 1356 2169 habentes.
1373 2133 1440 2170 Est
1470 2132 1576 2170 enim
1600 2141 1743 2169 unum·

125 2175 310 2223 quodque
339 2182 478 2228 eorum
502 2182 759 2227 verum‚·non
775 2180 935 2221 veritas,
954 2182 1058 2215 sicut
1087 2182 1125 2216 et
1155 2183 1216 2216 est
1235 2188 1321 2225 ens,
1343 2188 1422 2216 non
1456 2184 1587 2216 autem
1611 2179 1743 2225 ipsum

125 2231 230 2261 esse.
252 2221 504 2260 Manifestum
537 2224 598 2258 est
616 2225 738 2269 igitur
756 2224 859 2270 quod
889 2225 1063 2263 essentia
1078 2225 1211 2263 divina
1225 2229 1357 2272 potest
1379 2226 1599 2272 comparari
1620 2226 1668 2263 ad
1688 2225 1744 2262 in-

125 2270 325 2322 tellectum
364 2270 558 2319 creatum,
575 2270 620 2305 ut
643 2270 810 2322 ,species
840 2271 1119 2318 intelligibilis,
1158 2283 1236 2320 qua
1275 2273 1476 2320 intelligit.
1512 2271 1624 2319 Quod
1662 2279 1742 2311 non

127 2317 322 2363 contingit
343 2316 390 2353 de
411 2317 588 2352 essentia
600 2314 769 2363 alicujus
785 2317 948 2355 alterius
969 2319 1203 2357 substantiae
1221 2322 1427 2366 separatae.

173 2365 252 2401 Nec
280 2367 412 2400 tamen
431 2364 563 2408 potest
595 2369 684 2400 esse
721 2363 849 2402 forma
875 2365 1039 2403 alterius
1077 2367 1134 2403 rei
1172 2366 1391 2404 secundum
1427 2375 1517 2403 esse
1548 2365 1742 2404 naturale.

125 2412 363 2458 sequeretur
397 2409 504 2446 enim
530 2408 638 2454 quod
669 2409 790 2447 simul
809 2421 899 2448 cum
920 2412 1054 2459 aliquo
1074 2413 1186 2450 unita
1217 2413 1476 2451 constitueret
1496 2421 1615 2450 unam
1634 2416 1745 2451 natu-

125 2467 236 2502 ram3
259 2457 364 2505 quod
387 2465 476 2494 esse
503 2462 584 2491 non
604 2458 748 2509 potest,
769 2467 859 2494 cum
880 2459 1056 2497 essentia
1074 2459 1206 2496 divina
1223 2459 1264 2496 in
1285 2469 1328 2497 se
1351 2459 1526 2506 perfecta
1545 2460 1597 2498 sit
1616 2460 1657 2497 in
1680 2459 1743 2498 sui

126 2508 282 2542 natura.
298 2505 456 2551 Species
488 2504 619 2538 autem
645 2503 911 2551 intelligibilis
940 2506 1052 2543 unita
1077 2506 1294 2544 intellectui
1327 2515 1408 2544 non
1437 2507 1645 2545 constituit
1672 2506 1745 2546 ali-

127 2561 247 2598 quam
280 2555 476 2595 naturam‚
498 2546 570 2585 sed
597 2548 750 2595 perficit
782 2551 913 2598 ipsum
947 2552 994 2590 ad
1033 2552 1351 2600 intelligendum.
1374 2554 1486 2598 Quod
1509 2553 1744 2602 perfectioni

127 2598 269 2637 divinae
284 2598 469 2636 essentiae
487 2603 568 2634 non
588 2601 794 2644 repugnat.

166 2646 262 2684 -Haec
300 2646 423 2693 igitur
452 2644 555 2683 visio
602 2644 831 2682 immediata
880 2645 946 2683 Dei
982 2646 1268 2692 repromittitur
1303 2647 1421 2686 nobis
1462 2649 1504 2686 in
1530 2648 1743 2696 Scriptura,

134 2692 324 2734 Corinth„
347 2701 436 2738 xm,
456 2695 499 2729 12
518 2704 527 2730 :
558 2686 726 2728 Videmus
744 2703 841 2728 nunc
854 2703 923 2739 per
940 2694 1121 2739 speculum
1139 2694 1177 2730 in
1190 2695 1381 2740 aeniqnate,
1406 2698 1492 2732 tunc
1508 2699 1627 2733 autem
1649 2698 1745 2742 facie

130 2739 180 2775 ad
196 2741 341 2784 facim.
365 2740 478 2784 Quod
498 2739 696 2787 corporali
715 2740 835 2777 modo
868 2739 980 2777 nefas
1011 2744 1070 2777 est
1089 2740 1326 2789 intelligere,
1347 2742 1451 2781 utin
1487 2743 1576 2790 ipsa
1601 2742 1744 2782 divini·

129 2788 207 2822 tate
243 2787 489 2833 corporalem
531 2787 673 2826 faciem
711 2786 989 2833 imaginemur,
1011 2796 1102 2825 cum
1130 2792 1336 2827 ostensum
1378 2789 1430 2828 sit
1464 2790 1546 2837 (lib.
1568 2800 1596 2837 1,
1619 2801 1653 2828 c.
1682 2788 1742 2842 20)

129 2832 252 2870 Deum
287 2834 565 2881 incorporeum
601 2843 705 2879 esse,
724 2842 853 2882 neque
872 2833 990 2872 etiam
1019 2834 1073 2872 sit
1089 2834 1282 2883 possibile
1316 2839 1362 2875 ut
1387 2841 1527 2876 nostra
1546 2837 1742 2885 corporali
