1894 3223
668 124 755 160 Ltss.
785 124 848 167 ΙΙΙ,
877 123 978 160 CAP.
1006 121 1178 159 CXXXIV.
1667 123 1733 158 447

111 205 268 244 vivendi
290 205 331 242 in
350 207 579 251 paupertate
596 204 790 241 minorem
811 203 1122 242 sollicitudinem
1144 202 1279 250 exigit,
1298 205 1411 240 tanto
1427 204 1638 250 paupertas
1675 206 1737 240 est
1764 240 1769 244 ,

113 252 364 295 laudabilior,
383 259 463 288 nou
484 255 615 288 autem
635 255 783 298 quanto
802 255 1013 297 paupertas
1041 251 1158 288 fuerit
1176 250 1315 297 major,
1335 259 1414 287 non
1436 250 1541 286 enim
1569 258 1735 295 pauper-

112 304 175 337 tas
193 298 412 337 secundum
445 307 489 335 se
508 298 614 335 bona
634 301 707 341 est,
729 298 798 335 sed
820 299 860 334 in
881 301 1072 344 quantum
1094 298 1235 335 liberat
1251 297 1300 334 ab
1317 297 1408 334 aliis
1428 296 1575 343 quibus
1609 296 1731 333 homo

112 345 327 392 impeditur
347 353 427 392 quo
448 345 582 381 minus
595 344 871 390 spiritualibus
892 345 1070 382 intendat
1089 344 1217 381 :unde
1238 343 1457 382 secundum
1473 343 1636 395 modum
1654 351 1734 395 quo

113 392 234 430 homo
251 400 322 437 per
340 400 426 428 eam
445 391 635 430 liberatur
648 390 697 428 ab
715 391 1010 437 impedimentis
1032 391 1250 438 praedictis,
1268 394 1327 428 est
1347 389 1735 427 mensurabonitatis

113 439 213 485 ejus.
237 440 279 475 Et
300 439 376 476 hoc
396 441 458 475 est
476 447 689 476 commune
708 438 749 475 in
770 439 957 475 omnibus
978 438 1254 481 existentibus,
1276 446 1363 484 quae
1383 438 1423 473 in
1443 440 1595 474 tantum
1633 436 1739 488 bona

113 489 222 530 sunt,
242 485 284 522 in
307 488 498 532 quantum
520 485 730 532 proficiunt
752 485 801 522 ad
833 486 1031 531 virtutem,
1051 494 1132 522 non
1168 488 1300 522 autem
1338 483 1558 521 secundum
1590 491 1736 530 seipsa.

718 631 887 673 CAPUT
926 631 1134 673 CXXXIV.

274 748 432 779 SOLUTIO
457 749 660 780 RATIONUM
685 749 810 779 SUPRA
835 749 1085 778 INDUGTARUM
1109 747 1261 778 CONTRA
1281 748 1579 778 PAUPERTATEM.

165 858 234 896 His
271 861 400 895 autem
423 858 534 901 visis,
555 858 730 895 rationes
750 857 979 903 praemissas
1013 856 1158 904 quibus
1190 860 1402 903 paupertas
1437 857 1737 903 impugnantur,

119 905 339 943 dissolvere
360 913 440 941 non
460 904 620 942 difficile
642 908 714 942 est.
738 906 924 949 Quamvis
956 904 1060 941 enim
1080 904 1231 941 homini
1253 904 1485 941 naturaliter
1505 905 1602 941 insit
1621 914 1740 951 appe·

116 952 215 990 titus
235 951 503 999 congregandi
526 961 573 988 ea
594 960 682 998 quae
702 955 796 988 suut
813 951 1042 988 necessaria
1061 951 1109 987 ad
1129 952 1263 996 vitam,
1284 954 1327 988 ut
1353 951 1480 997 prima
1511 951 1613 988 ratio
1647 959 1740 997 pro·

116 998 304 1046 ponebat,
326 1007 405 1035 non
438 1002 567 1035 tamen
592 998 668 1036 hoc
698 998 815 1035 modo
848 998 951 1044 quod
988 1002 1167 1043 oporteat
1194 998 1409 1044 quemlibet
1428 998 1532 1035 circa
1547 998 1622 1035 hoc
1637 1007 1740 1044 opus

117 1046 303 1092 occupari
326 1056 334 1081 :
358 1053 430 1081 nec
451 1045 613 1081 enimin
637 1045 778 1091 apibus
798 1053 938 1082 omnes
961 1045 1088 1081 eidem
1110 1048 1250 1081 vacant
1281 1043 1430 1089 officio,
1449 1044 1518 1082 sed
1551 1046 1736 1091 quaedam

118 1092 316 1138 colligunt
334 1091 426 1135 mel,
446 1091 624 1138 quaedam
659 1101 706 1127 ex
737 1100 827 1128 cera
857 1091 999 1128 domus
1032 1094 1297 1135 construunt;
1331 1100 1446 1138 reges
1483 1091 1599 1128 etiam
1631 1093 1740 1130 circa

116 1137 203 1176 haec
223 1146 343 1184 opera
364 1146 443 1175 non
461 1141 718 1183 occupantur.
743 1140 785 1173 Et
805 1138 988 1174 similiter
1013 1146 1178 1175 necesse
1209 1141 1269 1174 est
1295 1137 1336 1174 in
1367 1138 1599 1175 bominibus
1619 1147 1738 1183 esse;

116 1185 211 1233 quia
234 1185 340 1222 enim
361 1184 485 1222 multa
505 1184 733 1222 necessaria
754 1188 847 1221 sunt
865 1184 911 1221 ad
934 1184 1109 1221 hominis
1140 1184 1275 1227 vitam,
1296 1184 1345 1221 ad
1377 1193 1466 1231 quae
1493 1193 1598 1222 unus
1618 1185 1742 1223 homo

115 1241 187 1279 per
205 1241 249 1270 se
270 1231 454 1269 sufficere
472 1240 552 1268 non
573 1235 732 1278 posset3
755 1232 1025 1268 necessarium
1051 1235 1112 1269 est
1137 1240 1207 1277 per
1237 1231 1418 1268 diversos
1451 1231 1606 1269 diversa
1637 1232 1741 1277 fieri,

118 1282 215 1326 puta
234 1282 277 1316 ut
294 1278 455 1326 quidam
477 1278 559 1316 sint
592 1278 866 1325 agricultores,
888 1279 1046 1325 quidam
1078 1278 1311 1315 animalium
1342 1278 1545 1322 custodes,
1577 1279 1739 1325 quidam

121 1325 396 1371 aedificatores,
417 1328 456 1362 et
475 1326 534 1363 sic
550 1324 598 1362 de
623 1325 743 1363 aliis:
765 1328 802 1362 et
836 1326 929 1372 quia
959 1326 1040 1362 vita
1071 1325 1279 1362 homiuum
1308 1333 1388 1363 non
1425 1326 1554 1363 solum
1588 1326 1743 1372 indiget

116 1372 406 1419 corporalibus,
427 1373 496 1410 sed
520 1381 584 1409 ma
615 1372 650 1410 is
670 1372 960 1418 spiritualibus,
979 1372 1248 1410 necessarium
1271 1375 1332 1410 est
1351 1375 1394 1410 ut
1411 1373 1571 1419 quidam
1600 1376 1745 1410 vacent

117 1419 394 1466 spiritualibus
415 1419 533 1457 rebus
553 1428 576 1456 a
623 1419 938 1456 meliorationem
961 1420 1144 1464 aliorum,
1166 1428 1267 1466 quos
1286 1422 1440 1465 oportet
1470 1429 1493 1456 a
1522 1428 1619 1457 cura
1646 1424 1745 1457 tem·

117 1466 316 1514 poralium
339 1466 545 1503 absolutos
579 1475 682 1503 esse.
707 1467 794 1503 Haec
812 1470 943 1503 autem
976 1466 1204 1504 distributio
1240 1466 1486 1504 diversorum
1513 1465 1739 1504 officiorum

118 1515 160 1551 in
180 1513 357 1550 diversas
373 1521 565 1559 personas
585 1512 628 1549 fit
647 1513 779 1550 divina
799 1513 1060 1558 providentia,
1082 1512 1300 1550 secundum
1316 1513 1421 1560 quod
1436 1513 1596 1560 quidam
1609 1513 1745 1560 magis

117 1560 362 1597 inclinantur
382 1559 430 1597 ad
449 1561 526 1597 hoc
544 1559 720 1597 officium
742 1569 859 1606 quam
881 1560 928 1596 ad
950 1560 1041 1597 alia.

168 1607 234 1645 Sic
265 1615 361 1654 ergo
381 1610 486 1653 patet
507 1607 611 1653 quod
646 1607 713 1654 qui
746 1606 981 1652 temporalia
1007 1605 1251 1653 relinquunt,
1280 1614 1361 1643 non
1393 1606 1469 1644 sibi
1499 1606 1739 1644 subtrahunt

117 1655 452 1692 sustentationem
474 1654 577 1698 vitae,
598 1657 641 1690 ut
678 1653 852 1691 secunda
874 1654 974 1691 ratio
1000 1653 1258 1699 procedebat;
1278 1658 1456 1690 remanet
1475 1654 1579 1690 enim
1602 1655 1739 1692 omnis

118 1709 210 1748 spes
231 1700 448 1746 probabilis
469 1709 552 1738 suae
572 1700 660 1737 vitae
683 1700 966 1745 sustentandae,
987 1700 1046 1736 vel
1069 1709 1116 1737 ex
1136 1700 1270 1737 labore
1290 1701 1465 1746 proprio,
1484 1701 1544 1737 vel
1573 1710 1619 1737 ex
1640 1701 1741 1738 alio·

117 1757 204 1785 rum
226 1747 454 1793 beneficiis3
475 1747 559 1784 sive
577 1747 773 1793 accipiant
792 1756 838 1784 ea
859 1748 899 1783 in
919 1746 1249 1792 possessionibus
1270 1747 1564 1792 communibus,
1587 1748 1670 1785 sive
1696 1749 1738 1785 in

117 1795 223 1832 victu
242 1794 489 1841 quotidiano.
511 1794 619 1831 Sicut
639 1794 743 1831 enim
767 1794 870 1840 quod
894 1803 963 1840 per
983 1794 1133 1831 amicos
1159 1802 1377 1840 possumus
1404 1803 1475 1840 per
1493 1802 1568 1832 uos
1588 1795 1738 1842 aliqua-

115 1841 206 1878 liter
237 1849 474 1887 possumus,
517 1844 561 1877 ut
591 1840 862 1886 Philosophus
895 1841 1016 1885 dicit3
1047 1841 1101 1877 ita
1129 1840 1234 1887 quod
1270 1841 1319 1878 ab
1352 1842 1492 1878 amicis
1531 1840 1697 1880 habetur
1717 1851 1746 1878 a

115 1887 236 1925 nobis
258 1887 483 1935 aliqualiter
502 1887 681 1925 habetur.
704 1888 865 1933 Oportet
883 1891 1014 1924 autem
1036 1887 1138 1924 inter
1158 1887 1342 1925 homines
1362 1888 1411 1924 ad
1445 1887 1614 1925 invicem
1648 1897 1738 1926 esse

116 1935 332 1973 amicitiam
354 1934 573 1972 secundum
595 1934 701 1981 quod
719 1934 796 1972 sibi
827 1934 996 1971 invicem
1023 1934 1266 1972 subveniunt
1293 1935 1355 1972 vel
1383 1935 1426 1972 iu
1461 1935 1743 1981 spiritualibus-

115 1982 177 2019 vel
198 1982 366 2019 terrenis
391 1981 551 2019 officiis.

164 2030 231 2067 Est
249 2032 379 2066 autem
401 2028 529 2075 majus
561 2027 774 2066 subvenire
793 2028 904 2065 alteri
926 2027 965 2064 in
992 2026 1267 2074 spiritualibus
1297 2037 1416 2076 quam
1436 2028 1477 2065 in
1504 2028 1735 2075 temporali·

106 2074 206 2123 vbus,
227 2079 376 2123 quanto
393 2075 618 2121 spiritualia
638 2079 732 2112 sunt
751 2075 1037 2121 temporalibus
1058 2075 1213 2121 potiora
1235 2078 1271 2112 et
1291 2076 1421 2122 magis
1441 2077 1670 2113 necessaria
1689 2075 1741 2113 ad·

116 2121 237 2160 finem
255 2122 514 2159 beatitudinis
525 2130 647 2158 conse
679 2121 866 2159 uendum.
887 2122 994 2159 Unde
1010 2122 1076 2169 qui
1091 2121 1288 2159 subtrahit
1304 2122 1381 2160 sibi
1397 2123 1622 2160 facultatem
1644 2123 1741 2160 sub-

115 2168 300 2206 veniendi
321 2168 411 2206 aliis
431 2168 472 2204 in
490 2172 668 2214 tempora
686 2168 776 2206 ibus
807 2177 877 2214 per
896 2169 1160 2205 voluntariam
1192 2173 1476 2215 paupertatem,
1498 2174 1541 2206 ut
1561 2170 1740 2216 acquirat

116 2214 356 2262 spiritualia,
376 2224 447 2261 per
465 2224 554 2261 quae
586 2215 725 2252 utilius
757 2218 889 2261 potest
908 2215 1000 2252 aliis
1031 2215 1257 2260 subvenire,
1278 2225 1360 2253 non
1391 2216 1485 2253 facit
1514 2220 1654 2253 contra
1672 2215 1744 2253 bo·

115 2269 212 2299 num
233 2261 437 2299 societatis
457 2261 655 2306 humanae,
676 2265 721 2298 ut
735 2261 851 2298 tertia
867 2262 969 2298 ratio
995 2262 1272 2299 concludebat.

165 2309 275 2346 Patet
296 2312 426 2345 autem
442 2317 489 2345 ex
509 2307 709 2355 praedictis
740 2308 847 2355 quod
868 2308 1014 2346 divitiae
1039 2308 1238 2355 quoddam
1257 2309 1409 2347 bonum
1429 2308 1605 2347 hominis
1628 2312 1741 2354 sunt,

117 2355 337 2393 secundum
359 2355 465 2402 quod
486 2354 722 2392 ordinantur
739 2354 788 2392 ad
807 2354 956 2392 bonum
972 2355 1155 2401 rationis,
1170 2364 1250 2393 non
1269 2359 1400 2393 autem
1416 2355 1635 2393 secundum
1658 2365 1700 2393 se
1726 2367 1738 2392 :

115 2401 222 2439 unde
242 2401 343 2438 nibil
363 2401 546 2448 prohibet
572 2405 843 2448 paupertatem
875 2402 1021 2439 melius
1041 2410 1145 2447 esse,
1167 2402 1202 2439 si
1230 2411 1301 2448 per
1331 2411 1418 2440 eam
1443 2402 1491 2439 ad
1523 2403 1741 2448 perfectius

114 2448 266 2486 bonum
287 2449 435 2495 aliquis
460 2448 666 2486 ordinetur
691 2452 758 2485 :et
775 2448 835 2486 sic
854 2448 1023 2486 solvitur
1039 2449 1139 2486 ratio
1157 2452 1312 2496 quarta.

163 2497 206 2532 Et
226 2495 320 2542 quia
336 2504 464 2542 neque
485 2495 643 2540 divitiae,
662 2503 791 2542 neque
810 2499 1035 2541 paupertas,
1056 2500 1186 2542 neque
1203 2495 1312 2532 aliud
1333 2495 1571 2533 exteriorum
1596 2500 1656 2533 est
1673 2504 1738 2533 se·

115 2542 289 2580 cundum
311 2551 355 2580 se
376 2541 553 2579 hominis
567 2541 732 2585 bonum,
754 2543 823 2579 sed
845 2543 975 2579 solum
998 2541 1219 2579 secundum
1240 2542 1346 2589 quod
1366 2542 1574 2579 ordinatur
1594 2543 1642 2580 ad
1663 2543 1734 2580 bo·

114 2597 210 2627 num
232 2589 419 2633 rationis;
450 2589 551 2625 nihil
585 2588 769 2635 probibet
802 2597 851 2625 ex
883 2589 1062 2635 quolibet
1087 2596 1225 2625 eorum
1257 2589 1419 2636 aliquod
1449 2589 1588 2626 vitium
1619 2590 1732 2634 oriri,

114 2636 273 2683 quando
294 2645 375 2673 non
396 2636 560 2672 veniunt
580 2636 621 2671 in
653 2644 771 2672 usum
798 2635 975 2672 hominis
1009 2634 1230 2672 secundum
1251 2636 1429 2682 regulam
1451 2636 1638 2681 rationis;
1660 2645 1734 2674 nec

113 2686 246 2720 tamen
266 2686 427 2729 propter
446 2683 522 2720 hoc
543 2685 637 2720 sunt
657 2681 890 2727 simpliciter
908 2681 1014 2719 mala
1043 2681 1273 2727 judicanda,
1294 2682 1365 2719 sed
1384 2682 1515 2720 malus
1534 2692 1635 2720 usus
1665 2692 1732 2720 eo-

113 2737 221 2775 rum3
243 2734 281 2766 et
304 2730 364 2767 sic
384 2738 512 2776 neque
530 2732 741 2775 paupertas
761 2731 822 2766 est
841 2727 1064 2775 abjicienda
1082 2732 1242 2775 propter
1260 2729 1394 2777 aliqua
1411 2729 1508 2767 vitia
1525 2739 1613 2777 quae
1633 2730 1736 2767 acci·

113 2775 323 2813 dentaliter
340 2786 388 2813 ex
401 2785 448 2813 ea
460 2775 698 2823 quandoque
712 2775 944 2821 procedunt,
960 2778 1004 2812 ut
1017 2775 1156 2821 quinta
1168 2775 1270 2814 ratio
1289 2775 1499 2814 ostendere
1518 2777 1731 2814 nitebatur.

162 2823 259 2860 Hinc
279 2823 397 2860 etiam
423 2822 760 2860 considerandum
790 2825 866 2867 est,
898 2821 1006 2869 quod
1035 2821 1210 2860 medium
1235 2822 1396 2861 virtutis
1422 2831 1505 2860 non
1540 2824 1738 2869 accipitur

113 2869 332 2907 secundum
352 2870 612 2918 quantitatem
629 2868 885 2914 exteriorum,
907 2877 996 2916 quae
1023 2868 1066 2906 in
1087 2877 1205 2907 usum
1221 2870 1400 2916 veniunt,
1422 2871 1492 2908 sed
1514 2870 1735 2908 secundum
