1894 3223
81 68 124 108 ¹4
689 68 776 103 LIB.
805 68 834 107 Ι,
863 67 963 103 CAP.
990 66 1083 102 xm.

80 151 310 198 prohibens.
334 151 456 186 Omne
477 152 606 185 autem
627 147 732 194 quod
753 151 945 191 movetur,
968 150 1036 184 aut
1052 150 1233 184 movetur
1253 156 1322 193 per
1342 156 1398 187 se,
1421 150 1489 184 aut
1507 157 1576 192 per
1595 147 1694 183 acci-

82 199 192 235 dens.
216 198 253 233 Si
275 206 410 242 perse,
433 195 492 232 vel
518 205 585 239 pei·
601 194 843 234 violentiam,
868 195 926 231 vel
946 204 1015 240 per
1030 198 1208 231 naturam
1227 206 1235 238 3
1253 198 1290 230 et
1311 193 1385 231 hoc
1402 194 1461 230 vel
1480 198 1629 230 motum
1647 204 1693 230 ex

82 255 138 289 sc,
156 247 198 280 ut
218 243 378 286 animal,
400 242 460 278 vel
482 251 560 277 non
581 244 730 277 motum
753 250 800 277 ex
817 250 874 285 se,
896 246 938 278 ut
957 250 1074 288 grave
1105 245 1142 278 et
1171 242 1266 278 leve.
1305 242 1406 288 Ergo
1437 250 1554 278 omne
1588 240 1693 287 quod

82 294 261 329 movetur
275 290 322 326 ab
344 289 421 325 alio
443 291 634 324 movetur.

128 338 254 374 Tertio
276 336 413 382 probat
432 335 562 381 (Phys.
580 342 669 374 viu,
691 338 783 371 text.
807 343 951 372 comm.
969 334 1028 381 30)
1051 334 1109 372 sic
1130 346 1138 372 :
1161 335 1267 372 Nihil
1290 335 1395 372 idem
1417 338 1476 372 est
1498 335 1617 372 simul
1653 334 1693 370 in

84 389 171 422 actu
194 388 232 420 et
256 383 296 419 in
318 382 506 428 potentia,
529 383 707 426 respectu
728 381 905 428 eJusdem
921 393 929 426 ;
947 381 1016 418 sed
1034 390 1151 418 omne
1171 382 1277 428 quod
1292 386 1485 425 movetur,
1509 382 1549 418 in
1571 390 1693 428 quan-

82 436 164 468 tum
187 428 428 476 hujusmodi,
448 432 507 464 est
526 428 566 463 in
581 427 770 472 potentia,
785 428 878 475 quia
891 432 1022 465 motus
1043 432 1104 466 est
1123 433 1233 466 actus
1254 429 1483 467 exsistentis
1499 428 1540 464 in
1558 432 1694 474 poten-

84 479 150 521 tia,
174 476 390 514 secundum
413 473 517 520 quod
539 474 782 520 hujusmodi.
806 475 929 512 Omne
948 479 1079 512 autem
1101 476 1206 522 quod
1225 479 1357 514 movet
1385 478 1445 513 est
1466 475 1505 512 in
1527 479 1630 520 actu,
1653 475 1695 510 in

84 527 273 570 quantum
293 520 536 568 hujusmodi,
557 521 664 568 quia,
685 521 786 558 nihil
807 522 901 568 agit,
924 522 1002 559 nisi
1031 522 1250 559 secundum
1288 522 1394 570 quod
1423 526 1483 560 est
1517 522 1556 558 in
1591 524 1694 558 actu.

85 573 184 617 Ergo
205 568 304 621 nihil
325 572 397 609 est,
413 571 594 614 respectu
611 567 802 614 ejusdem,
824 577 989 606 movens
1010 572 1099 606 actu
1119 573 1156 606 et
1175 573 1347 615 motum;
1364 569 1471 607 etsic
1491 569 1593 606 nihil
1611 577 1696 606 mo-

84 621 145 654 vet
164 624 354 661 seipsum.

130 662 340 700 Sciendum
362 665 489 699 autem
508 662 613 709 quod
634 662 758 707 Plato,
778 662 845 709 qui
866 662 998 708 posuit
1014 672 1131 699 omne
1152 672 1316 700 movens
1334 663 1499 706 moveri,
1522 671 1697 700 commu-

85 710 175 746 nius
197 709 346 755 accepit
368 718 513 746 nomen
533 713 666 746 motus
687 718 805 756 quam
825 709 1069 746 Aristoteles.
1094 709 1325 747 Aristoteles
1348 711 1453 747 enim
1477 710 1609 756 (Phys,
1633 719 1696 754 111,

83 760 175 793 text.
193 765 336 793 comm.
356 755 406 803 6),
428 756 585 802 proprie
601 757 743 802 accipit
758 760 922 800 motum,
940 756 1159 793 secundum
1177 757 1282 803 quod
1297 761 1357 794 est
1377 761 1487 794 actus
1507 757 1700 793 exsisten-

84 804 135 840 tis
153 803 194 839 in
214 804 391 849 potentia
411 803 630 840 secundum
649 803 755 850 quod
776 803 1019 849 hujusmodi,
1047 804 1215 850 qualiter
1236 813 1315 841 non
1334 807 1395 840 est
1414 804 1492 840 nisi
1513 803 1694 840 divisibi-

84 851 180 887 lium
201 853 239 886 et
258 859 482 895 corporum,
505 854 547 886 ut
567 850 755 896 probatur
784 851 823 886 in
846 855 957 887 sexto
977 851 1122 894 Physic.
1143 850 1249 897 (text.
1282 860 1425 888 comm.
1450 853 1494 887 32
1516 878 1525 886 .
1549 851 1698 886 Secun-

18 910 21 912 ·
86 897 179 935 dum
198 897 400 934 Platonem
419 901 564 941 autem,
583 906 748 934 movens
765 898 940 942 seipsum
962 906 1042 934 non
1067 901 1125 934 est
1141 906 1299 943 corpus.
1335 897 1491 943 Accipie
1521 900 1560 934 at
1590 896 1698 934 enim

85 948 235 982 motum
258 953 329 990 pro
349 944 521 991 qualibet
558 945 800 990 operatione,
825 945 880 981 ita
899 944 1004 991 quod
1023 944 1242 990 intelligere
1266 949 1304 981 et
1323 945 1477 991 operari
1499 945 1549 981 sit
1571 943 1697 990 quod-

86 993 175 1028 dam
193 991 362 1028 moveri:
383 1001 498 1038 quem
521 991 638 1028 etiam
659 991 819 1028 modum
842 991 1028 1038 loquendi
1043 991 1273 1029 Aristoteles
1295 992 1420 1038 tangit
1439 992 1480 1028 in
1497 991 1612 1027 tertio
1644 993 1696 1027 De

86 1040 209 1074 anima
247 1038 353 1084 (text.
393 1047 535 1074 comm.
566 1038 640 1085 20).
685 1038 908 1075 Secundum
942 1039 1018 1075 hoc
1053 1047 1146 1085 ergo
1189 1038 1343 1076 dicebat
1380 1038 1490 1075 Plato
1527 1038 1699 1084 primum

89 1094 255 1122 movens
299 1085 474 1130 seipsum
514 1094 670 1122 movere
692 1113 701 1129 ‚
741 1085 845 1133 quod
885 1086 1072 1133 intelligit
1112 1094 1155 1122 se
1203 1090 1240 1122 et
1278 1086 1360 1122 vult
1395 1086 1456 1122 vel
1496 1089 1600 1122 amat
1635 1094 1698 1126 se3

86 1132 193 1216 guod
220 1132 261 1167 in
287 1132 420 1179 aliquo
448 1141 526 1169 non
561 1136 753 1179 repugnat
783 1132 1006 1169 rationibus
1033 1132 1268 1169 Aristotelis.
1300 1132 1405 1169 Nihil
1438 1132 1543 1169 enim
1571 1131 1701 1169 differt

114 1178 268 1216 evenire
300 1179 346 1215 ad
382 1179 540 1226 aliquod
567 1179 737 1225 primum
773 1180 878 1226 quod
910 1183 1066 1216 moveat
1099 1189 1141 1216 se
1161 1208 1170 1224 ‚
1210 1179 1429 1217 secundum
1466 1180 1697 1224 Platonem,

87 1230 124 1263 et
164 1226 346 1308 devemre
382 1226 430 1263 ad
466 1227 635 1272 primum
674 1226 780 1275 quod
819 1227 983 1264 omnino
1023 1227 1075 1264 sit
1113 1227 1330 1272 immobile,
1364 1226 1584 1264 secundum
1615 1226 1710 1275 Ari-¹

91 1277 192 1310 stote
212 1281 286 1309 em.

131 1320 257 1356 Aliam
278 1322 408 1356 autem
428 1321 755 1366 propositionem,
778 1321 930 1358 scilicet
950 1320 1055 1368 quod
1076 1321 1116 1356 in
1138 1321 1389 1358 moventibus
1410 1324 1448 1358 et
1467 1321 1587 1359 motis
1615 1330 1696 1358 non

89 1367 141 1405 sit
160 1366 370 1413 procedere
391 1367 431 1403 in
452 1367 664 1412 infinitum,
679 1367 818 1414 probat
831 1368 958 1405 tribus
986 1368 1222 1405 rationibus.

136 1415 310 1457 Quarum
330 1414 456 1459 prima
470 1415 560 1451 talis
582 1415 840 1462 est(Physic.,
858 1424 930 1457 vii,
950 1418 1042 1451 text.
1063 1424 1206 1452 comm.
1229 1416 1325 1461 3-10)
1343 1428 1351 1452 ε
1368 1415 1406 1452 Si
1423 1416 1464 1452 in
1479 1415 1701 1452 motoribus

94 1465 132 1497 et
148 1460 266 1497 motis
285 1461 511 1506 proceditur
537 1461 577 1497 in
597 1461 979 1507 infinitum‚oportet
1008 1463 1144 1499 omnia
1172 1462 1400 1508 hujusmodi
1435 1462 1591 1499 infinita
1611 1471 1698 1499 cor-

89 1517 185 1554 pora
203 1516 305 1550 esse,
328 1508 421 1554 quia
438 1517 553 1544 omne
574 1509 679 1555 quod
700 1512 879 1545 movetur
905 1513 964 1545 est
984 1508 1181 1545 divisibile
1203 1514 1240 1545 et
1267 1519 1424 1555 corpus,
1445 1513 1488 1546 ut
1507 1509 1702 1555 probatur

88 1555 127 1591 in
145 1558 256 1591 sexto
275 1555 510 1598 physicorum
530 1554 635 1601 (text.
658 1565 802 1592 comm.
823 1558 866 1592 33
887 1559 923 1592 et
943 1555 1073 1602 infra).
1098 1558 1220 1593 Omne
1241 1561 1372 1593 autem
1411 1565 1556 1602 corpus
1589 1556 1698 1603 quod

88 1605 219 1638 movet
233 1604 395 1641 motum,
418 1602 537 1638 simul
560 1602 652 1639 dum
667 1607 809 1646 movet,
823 1607 1001 1639 movetur
1017 1612 1131 1650 ;crgo
1152 1604 1286 1640 omnia
1303 1604 1380 1641 ista
1399 1603 1554 1641 infinita
1573 1603 1709 1640 simul.

88 1651 308 1693 moventur,
327 1649 418 1685 dum
442 1659 564 1686 unuin
586 1659 723 1687 eorum
742 1654 940 1695 movetur;
963 1649 1031 1687 sed
1065 1660 1188 1687 unum
1220 1660 1370 1694 eorum,
1389 1660 1511 1696 quum
1531 1651 1582 1687 sit
1611 1649 1701 1686 fini-

89 1699 185 1738 tum,
206 1699 385 1732 movetur
404 1700 578 1742 tempore
599 1696 711 1734 finito
739 1697 922 1744 (Physic.,
944 1706 1030 1739 vir,
1054 1701 1145 1734 text.
1168 1706 1311 1734 comm.
1347 1700 1366 1734 8
1399 1701 1437 1733 et
1457 1697 1557 1744 seq.)
1576 1709 1584 1741 ;
1607 1706 1702 1744 ergo

90 1742 224 1794 omnia
242 1742 309 1779 illa
328 1742 482 1794 infinita
513 1748 720 1780 moventur
739 1748 914 1790 tempore
935 1743 1059 1780 finito.
1081 1746 1161 1781 Hoc
1181 1749 1312 1781 autem
1335 1748 1394 1781 est
1415 1744 1666 1790 impossibile
1688 1755 1697 1788 ;

88 1798 183 1835 ergo
203 1790 450 1835 impossibile
462 1794 522 1827 est
541 1791 644 1837 quod
664 1791 704 1827 in
724 1790 945 1828 motoribus
966 1795 1002 1827 et
1022 1792 1140 1828 motis
1165 1792 1396 1836 procedatur
1416 1791 1457 1827 in
1479 1791 1694 1828 infinitum.

138 1835 247 1880 Quod
260 1840 396 1888 ‚autem
419 1837 731 1883 sitimpossibile
751 1838 856 1884 quod
891 1837 1047 1874 infinita
1061 1838 1247 1884 praedicta
1267 1842 1499 1876 moveantur
1521 1842 1696 1884 tempore

91 1883 217 1927 tinito,
235 1893 293 1920 sic
312 1883 473 1929 probat:
497 1887 654 1921 movens
676 1888 713 1920 et
727 1889 877 1921 motum
898 1888 1078 1930 opportet
1098 1895 1187 1923 esse
1203 1886 1336 1929 simul,
1354 1889 1395 1922 ut
1416 1885 1568 1931 probat,
1584 1885 1700 1922 indu-

89 1930 215 1967 cendo
236 1932 275 1966 in
297 1931 467 1977 singulis
488 1932 697 1976 speciebus
718 1936 863 1969 motus.
884 1933 958 1968 Sed
976 1941 1143 1978 corpora
1160 1941 1241 1969 non
1261 1936 1432 1979 possunt
1450 1932 1571 1970 simul
1591 1941 1696 1972 esse,

91 1977 170 2013 nisi
194 1987 262 2030 per
281 1978 582 2015 continuitatem
602 1978 663 2015 vel
683 1979 1036 2026 contiguationcm.
1059 1980 1188 2024 Quum
1209 1989 1303 2027 ergo
1333 1979 1466 2017 omnia
1496 1979 1697 2025 praedicta,

92 2029 292 2060 moventia
312 2028 348 2060 et
375 2028 495 2069 mota,
518 2025 787 2071 sintcorpora,
812 2031 852 2062 ut
872 2026 1079 2072 probatum
1101 2030 1174 2072 est,
1188 2030 1342 2073 oportet
1362 2026 1467 2074 quod
1483 2027 1564 2063 sint
1581 2027 1694 2074 quasi

92 2080 214 2123 unum
239 2071 383 2108 mobile
404 2081 473 2117 per
489 2072 828 2110 continuationem
852 2073 913 2110 vel
934 2074 1285 2120 contignationem.
1307 2076 1351 2110 Et
1371 2075 1428 2111 sic
1462 2083 1585 2110 unum
1611 2074 1699 2110 inti-

91 2120 217 2154 nitum
238 2118 459 2155 movebitur
478 2122 653 2165 tempore
680 2119 791 2157 finito
808 2132 816 2165 ;
832 2120 938 2167 quod
960 2125 1020 2158 est
1039 2121 1302 2167 impossibile,
1324 2125 1366 2158 ut
1380 2121 1569 2168 probatur
1587 2125 1700 2158 sexto

89 2165 323 2209 physicorum
345 2165 450 2212 (text.
473 2175 617 2204 comm.
639 2166 777 2213 60-74).

139 2213 319 2250 Secunda
341 2213 442 2250 ratio
463 2213 510 2250 ad
536 2213 640 2250 idem
661 2214 907 2259 probandum
934 2215 1026 2252 talis
1040 2219 1100 2252 est
1119 2215 1306 2262 (Physic.‚
1327 2224 1399 2257 vii,
1427 2218 1519 2252 text.
1545 2223 1693 2252 comm.

91 2260 134 2295 33
155 2263 192 2311 et
206 2259 263 2306 34)
283 2272 290 2297 :
313 2262 357 2296 In
377 2260 626 2312 moventibus
647 2264 685 2298 et
706 2261 826 2298 motis
847 2261 1054 2314 ordinatis,
1087 2272 1255 2309 quorum
1284 2263 1437 2300 scilicet
1473 2271 1596 2299 unum
1631 2271 1700 2308 per

91 2305 271 2343 ordinem
290 2307 337 2344 ab
356 2307 434 2344 alio
456 2311 648 2351 movetur,
671 2308 746 2345 hoc
782 2318 946 2346 necesse
968 2313 1028 2346 est
1047 2310 1229 2355 inveniri,
1249 2310 1368 2356 quod,
1390 2313 1542 2346 remoto
1570 2309 1697 2355 primo

90 2358 272 2390 movente
292 2354 353 2390 vel
371 2358 552 2392 cessante
572 2364 594 2392 a
614 2355 803 2400 motione,
820 2356 972 2393 nullum
994 2356 1163 2393 aliorum
1183 2357 1355 2394 movebit
1375 2366 1501 2404 neque
1519 2356 1695 2393 movebi-

91 2403 179 2452 tur3
202 2401 295 2448 quia
313 2401 484 2448 primum
508 2405 568 2439 est
586 2412 708 2440 causa
726 2403 909 2440 movendi
928 2404 1114 2440 omnibus
1135 2404 1239 2440 aliis.
1262 2404 1336 2441 Sed
1355 2404 1389 2441 si
1411 2408 1504 2441 sunt
1536 2412 1696 2440 moven-

90 2449 144 2483 tia
165 2451 201 2483 et
216 2452 321 2485 mota
339 2458 408 2494 per
426 2449 604 2486 ordinem
635 2450 675 2486 in
696 2449 908 2494 infinitum,
931 2459 1011 2488 non
1030 2451 1103 2488 erit
1122 2450 1283 2498 aliquod
1313 2452 1484 2497 primum
1516 2459 1695 2494 movens,

91 2494 168 2546 sed·
181 2495 315 2547 omnia
337 2500 451 2532 erunt
469 2497 582 2543 quasi
604 2497 734 2534 media
752 2497 964 2534 moventia.
985 2499 1085 2545 Ergo
1106 2498 1259 2535 nullum
1277 2498 1446 2535 aliorum
1459 2498 1603 2544 poterit
1617 2505 1697 2534 mo-

91 2549 184 2584 veri,
199 2545 235 2593 et
255 2551 312 2578 sic
333 2543 432 2579 1111111
454 2544 675 2580 movebitur
693 2544 734 2580 in
755 2545 917 2582 mundo.

120 2588 263 2639 ·Tertia
281 2589 460 2634 probatio
481 2590 520 2626 in
536 2591 638 2626 idem
660 2591 772 2637 redit,
808 2592 885 2629 nisi
935 2594 1012 2630 uod
1047 2597 1105 2630 est
1126 2593 1264 2629 ordine
1295 2593 1572 2634 transmutato,
1592 2590 1690 2627 inci-

90 2634 234 2687 piendo
249 2635 401 2672 scilicet
416 2646 438 2672 a
452 2637 645 2688 superiori
661 2642 718 2682 ;et
736 2642 797 2676 est
810 2639 902 2676 talis
937 2640 1106 2688 Physic„
1120 2649 1209 2683 vni,
1227 2643 1319 2677 text.
1333 2639 1391 2685 35)
1407 2650 1416 2675 ε
1435 2638 1477 2675 Id
1492 2636 1596 2685 quod
1610 2645 1694 2674 mo-

90 2680 151 2732 vel
185 2683 651 2735 instrumentaliter„non
675 2689 802 2729 potest
821 2695 992 2732 movere,
1010 2687 1089 2725 nisi
1116 2688 1168 2725 sit
1186 2686 1349 2733 aliquid,
1365 2685 1471 2732 quod
1491 2684 1690 2730 principa-

90 2727 178 2780 liter
197 2732 363 2765 moveat.
386 2729 473 2781 Sed,
496 2739 527 2766 ει
554 2739 593 2765 111
614 2730 812 2769 infinitum
832 2734 1119 2778 procedaturin
1142 2733 1392 2771 moventibus
1407 2736 1444 2768 et
1461 2731 1592 2776 motis,
1613 2740 1694 2768 om·

90 2782 157 2811 nia
175 2779 290 2812 erunt
309 2784 421 2822 quasi
441 2777 791 2815 instrumentaliter
811 2781 1022 2826 moventia,
1042 2782 1136 2828 quia
1152 2783 1349 2827 ponentur
1368 2779 1472 2816 sicut
1490 2778 1692 2817 moventia

90 2825 218 2866 mota;
240 2822 338 2860 nihil
353 2826 482 2860 autem
503 2823 575 2860 erit
590 2823 691 2861 sicut
709 2825 924 2874 principale
940 2837 1104 2866 movens
1121 2840 1130 2873 ;
1150 2836 1244 2875 ergo
1262 2826 1364 2867 nibil
1384 2825 1618 2865 movebitur.
