1894 3223
177 154 240 189 180
766 163 771 167 ·
797 144 884 179 [ΑΒ.
914 144 960 187 11,
988 144 1087 179 CAP.
1116 143 1182 178 LX.

167 234 232 269 >est
262 227 527 274 intelligibilis
560 228 647 262 actu
668 224 765 271 (non
791 224 897 261 enim
928 224 987 261 sic
1009 227 1069 261 est
1100 233 1223 261 unum
1257 231 1348 260 cum
1368 221 1573 259 intellectu
1604 222 1646 258 in
1667 222 1787 267 actu),

172 277 241 315 sed
272 274 492 312 secundum
519 272 624 319 quod
655 275 715 308 est
740 281 764 308 a
792 271 1137 317 phantasmatibus
1168 271 1386 313 abstracta3
1415 269 1520 305 sicut
1539 277 1612 305 nec
1634 269 1788 314 species

171 322 319 361 coloris
339 324 397 357 est
418 323 578 357 sensata
592 319 631 354 in
651 322 739 355 actu
759 317 977 355 secundum
994 317 1100 364 quod
1121 317 1237 354 estin
1257 316 1400 362 lapide,
1416 316 1483 353 sed
1504 315 1635 352 solum
1650 324 1790 352 secun-

171 370 263 407 dum
286 367 391 414 quod
412 370 471 403 est
500 366 541 402 in
559 365 723 412 pupilla.
744 365 806 402 Sic
828 368 958 402 autem
977 364 1107 402 solum
1128 365 1383 401 continuatur
1401 362 1610 399 nobiscum
1634 363 1790 408 species

171 414 436 460 intelligibilis
463 412 684 450 secundum
714 412 820 458 quod
847 415 909 449 est
927 412 967 448 in
1000 411 1360 457 phantasmatibus,
1381 409 1600 447 secundum
1623 409 1790 455 positio-

171 471 262 499 nem
290 461 530 507 praedictam.
560 461 645 495 Non
674 458 797 505 igitur
819 458 1076 495 continuatur
1107 458 1317 495 nobiscum
1347 456 1566 494 secundum
1605 456 1709 502 quod
1732 459 1794 492 est

171 517 296 547 unum
329 516 418 544 cum
451 506 652 543 intellectu
687 505 872 551 possibili
902 509 944 542 ut
978 505 1103 541 forma
1133 505 1233 551 ejus.
1268 504 1391 550 Igitur
1422 512 1503 540 non
1533 505 1664 549 potest
1701 510 1791 539 esse

173 555 348 593 medium
369 563 447 601 quo
468 552 962 590 continueturintellectus
976 552 1184 597 possibilis
1204 551 1428 595 nobiscum,
1444 551 1551 597 quia,
1570 549 1792 587 secundum

173 601 280 649 quod
312 601 569 638 continuatur
599 608 691 636 cum
726 599 929 635 intellectu
950 598 1149 645 possibili,
1184 607 1265 635 non
1286 598 1542 635 continuatur
1565 597 1790 637 nobiscum,

176 658 249 685 nec
271 658 291 684 e
311 656 520 685 converso.

229 697 336 731 Patet
364 698 495 732 autem
527 703 617 732 eum
645 693 712 741 qui
735 693 838 730 hanc
861 692 1103 738 positionem
1130 691 1297 736 induxit,
1325 691 1636 738 aequivocatione
1659 690 1794 736 decep·

170 745 254 778 tum
276 742 415 779 fuisse.
433 742 594 779 Colores
613 741 719 778 enim
741 743 850 777 extra
868 739 1043 776 animam
1064 738 1499 784 existentes,praesente
1518 739 1681 781 lumine,
1699 740 1795 774 sunt

174 788 356 825 visibiles
389 792 492 832 actu,
522 792 564 825 ut
592 791 775 834 potentes
804 795 962 823 movere
994 786 1138 829 visum,
1174 794 1255 823 non
1287 789 1417 821 autem
1445 788 1488 821 ut
1507 788 1596 821 actu
1618 787 1792 828 sensata,

177 835 398 872 secundum
421 835 526 881 quod
547 838 642 872 sunt
661 843 785 872 unum
805 843 894 870 cum
916 842 1039 871 sensu
1056 833 1097 869 in
1119 835 1209 869 actu
1226 844 1234 876 ;
1254 835 1293 868 et
1315 832 1498 868 similiter
1519 831 1795 876 phantasmata

174 891 245 928 per
264 883 399 919 lumen
432 881 658 919 intellectus
680 881 835 928 agentis
856 880 955 917 fiunt
975 884 1063 917 actu
1085 879 1368 925 intelligibilia,
1401 882 1443 915 ut
1463 878 1619 924 possint
1637 886 1795 914 movere

173 929 419 966 intellectum
455 929 713 975 possibilem,
744 936 825 964 non
857 931 987 964 autem
1022 930 1063 964 ut
1097 927 1178 963 sint
1207 926 1408 963 intellecta
1433 930 1537 971 actu,
1573 924 1794 962 secundum

173 976 280 1022 quod
301 979 395 1013 sunt
414 985 539 1013 unum
560 985 651 1012 cum
672 975 875 1011 intellectu
894 974 1093 1020 possibili,
1116 974 1218 1010 facta
1239 974 1279 1009 in
1301 976 1406 1010 actu.

220 1025 320 1067 Item,
343 1022 409 1060 ubi
439 1023 639 1059 invenitur
659 1022 775 1059 altior
795 1022 972 1066 operatio
994 1021 1175 1064 viventis,
1198 1021 1251 1057 ibi
1283 1019 1620 1056 invenitur‘altior
1641 1020 1797 1065 species

172 1069 264 1106 vitae
295 1070 615 1115 correspondens
643 1069 702 1105 illi
735 1069 895 1105 actioni.
926 1071 968 1104 In
989 1068 1135 1114 plantis
1157 1068 1261 1104 enim
1292 1067 1492 1104 invenitur
1520 1067 1607 1104 sola
1625 1067 1727 1103 actio
1747 1065 1796 1103 ad

175 1117 436 1154 nutritionem
468 1117 684 1163 pertinens,
715 1116 756 1152 in
778 1116 1018 1152 animalibus
1040 1119 1169 1152 autem
1192 1115 1392 1151 invenitur
1411 1114 1528 1150 altior
1549 1114 1665 1157 actio,
1687 1113 1795 1150 scili-

174 1168 237 1201 cet
257 1164 404 1200 sentire
426 1167 464 1199 et
490 1163 639 1200 moveri
669 1163 887 1200 secundum
910 1162 1042 1199 locum
1063 1173 1072 1206 ;
1095 1161 1198 1198 unde
1218 1165 1255 1198 et
1276 1160 1423 1197 animal
1443 1160 1538 1196 vivit
1555 1161 1685 1196 altiori
1706 1169 1796 1205 spe-

170 1211 236 1248 cie
266 1210 368 1247 vitae.
403 1210 477 1246 Sed
519 1210 649 1247 adhuc
685 1210 725 1245 in
760 1209 921 1245 homine
951 1209 1151 1245 invenitur
1177 1208 1293 1244 altior
1313 1207 1489 1253 operatio
1507 1207 1691 1243 advitam
1716 1216 1799 1252 per·

175 1258 310 1294 tinens
331 1266 449 1304 quam
468 1257 509 1293 in
532 1257 709 1300 animali,
731 1257 884 1292 scilicet
900 1256 1133 1302 intelligere.
1163 1257 1261 1300 Ergo
1281 1255 1400 1291 homo
1435 1254 1594 1290 habebit
1614 1254 1796 1290 altiorem

176 1304 349 1350 speciem
384 1305 486 1340 vitae.
508 1304 583 1341 Sed
615 1304 694 1340 vita
718 1307 778 1339 est
814 1313 881 1348 per
912 1304 1100 1339 animam.
1123 1302 1288 1338 Habebit
1322 1302 1444 1347 igitur
1475 1301 1594 1338 homo
1616 1301 1798 1337 altiorem

177 1352 352 1388 animam
376 1361 455 1397 qua
492 1351 614 1393 vivit,
641 1359 758 1396 quam
792 1351 846 1386 sit
877 1350 1011 1386 anima
1043 1349 1261 1386 sensibilis.
1283 1349 1407 1385 Nulla.
1434 1351 1566 1384 autem
1595 1352 1656 1385 est
1681 1348 1798 1384 altior

176 1407 300 1481 1quam
324 1397 566 1450 intellectus.
588 1398 654 1434 Est
669 1397 790 1443 igitur
808 1397 1034 1434 intellectus
1050 1396 1184 1433 anima
1201 1396 1390 1437 hominis.
1408 1398 1445 1432 et
1464 1404 1533 1440 per
1547 1403 1799 1442 consequens

194 1454 306 1482 orma
329 1455 339 1480 1
371 1454 471 1481 sius.

223 1455 368 1536 Adhucp,
389 1490 497 1538 quod
517 1490 778 1538 consequitur
798 1490 846 1527 ad
861 1491 1131 1536 operationem
1155 1489 1325 1536 alicujus
1344 1489 1398 1526 rei
1422 1498 1503 1526 non
1538 1489 1704 1535 largitur
1727 1488 1799 1526 ali-

174 1539 241 1576 cui
274 1539 447 1584 speciem
466 1550 475 1583 ;
508 1538 602 1585 quia
632 1538 810 1583 operatio
832 1542 892 1574 est
910 1541 1022 1574 actus
1043 1537 1271 1581 secundus;
1293 1536 1421 1573 forma
1440 1540 1571 1573 autem
1595 1545 1663 1582 per
1681 1545 1801 1583 quam

175 1585 328 1632 aliquid
362 1586 478 1622 habet.
507 1584 681 1631 speciem
715 1589 776 1622 est
796 1588 908 1621 actus
928 1585 1095 1630 primus.
1120 1584 1218 1620 Unio
1250 1587 1381 1620 autem
1402 1583 1629 1620 intellectus
1667 1583 1797 1630 possi-

177 1632 272 1670 bilis
305 1631 353 1669 ad
385 1632 603 1675 hominem,
628 1632 849 1669 secundum
870 1632 1109 1677 positionem
1130 1630 1370 1679 praedictam,
1392 1630 1652 1677 consequitur
1671 1630 1799 1667 homi·

175 1680 242 1717 nis
278 1680 562 1725 operationem.
585 1678 644 1715 Fit
664 1679 769 1716 enim
791 1679 988 1715 mediante
1020 1679 1244 1725 phantasia,
1267 1686 1354 1724 quae
1375 1678 1596 1714 secundum
1618 1676 1800 1714 Philoso-

176 1726 301 1772 phum
335 1726 399 1772 (De
427 1728 563 1771 anima,
589 1734 631 1771 11,
661 1729 754 1763 text.
783 1734 927 1762 comni.
955 1728 1021 1762 160
1051 1729 1087 1762 et
1120 1725 1201 1771 161)
1233 1729 1294 1761 est
1322 1728 1455 1762 motus
1483 1726 1611 1761 sactus
1635 1733 1658 1761 a
1678 1733 1801 1761 sensu

178 1772 401 1810 secundum
422 1777 567 1810 actum.
590 1775 643 1809 Ex
662 1773 730 1810 tali
764 1772 886 1819 igitur
906 1772 1055 1809 unione
1083 1780 1164 1809 non
1184 1771 1443 1818 consequitur
1464 1772 1582 1809 homo
1604 1772 1795 1817 speciem.

180 1821 269 1856 Non
296 1820 417 1865 igitur
447 1819 577 1856 differt
607 1820 728 1856 homo
750 1820 883 1865 specie
903 1829 927 1857 a
958 1819 1087 1856 brutis
1124 1818 1365 1856 animalibus
1403 1827 1474 1865 per
1503 1819 1578 1855 hoc
1598 1818 1703 1865 quod
1742 1821 1802 1855 est

179 1866 426 1904 intellectum
448 1867 614 1903 habens.

229 1914 412 1958 Amplius.
436 1913 470 1950 si
493 1913 612 1950 homo
634 1912 807 1958 speciem
829 1911 994 1949 sortitur
1012 1921 1083 1958 per
1100 1912 1176 1949 hoc
1196 1912 1301 1959 quod
1329 1915 1389 1949 est
1407 1911 1616 1949 rationalis
1630 1914 1667 1949 et
1686 1912 1801 1948 intel-

180 1959 324 1996 lectum
346 1960 510 2001 habens,
531 1961 771 2006 quicumque
792 1963 853 1996 est
890 1960 931 1995 in
958 1960 1090 2005 specie
1113 1960 1285 1996 humana
1306 1963 1366 1996 est
1387 1959 1595 1996 rationalis
1634 1962 1672 1995 et
1689 1959 1801 1995 intel-

181 2006 324 2043 lectum
359 2007 523 2044 habens.
558 2007 632 2043 Sed
661 2016 772 2052 puer,
791 2006 906 2043 etiam
942 2010 1153 2052 antequam
1187 2016 1234 2042 ex
1267 2010 1378 2043 utero
1411 2006 1648 2053 egrediatur,
1671 2009 1732 2042 est
1759 2005 1801 2042 in

180 2054 311 2098 specie
334 2053 527 2097 humana3
550 2054 590 2089 in
611 2062 690 2100 quo
712 2057 842 2089 tamen
866 2053 1045 2089 nondum
1067 2057 1161 2089 sunt
1179 2054 1571 2100 phantasmata,quae
1589 2053 1670 2089 sint
1686 2052 1800 2089 intel-

181 2099 351 2151 ligibilia
378 2104 481 2137 actu.
515 2102 601 2137 Non
631 2104 691 2137 cst
723 2100 845 2146 igitur
877 2100 996 2137 homo
1029 2100 1275 2137 intellectum
1307 2100 1458 2137 habens
1490 2109 1560 2145 per
1599 2099 1673 2136 hoc
1694 2098 1801 2146 quod

180 2147 407 2198 intellectus
441 2147 696 2184 continuatur
728 2147 880 2184 homini
903 2147 1101 2184 mediante
1130 2147 1263 2193 specie
1293 2146 1549 2194 intelligibili,
1572 2146 1686 2193 cujus
1709 2146 1802 2184 sub-

175 2198 326 2239 jectum
348 2198 408 2231 est
425 2194 674 2241 phantasma.

853 2329 1022 2371 CAPUT
1049 2330 1130 2371 LX.

239 2446 341 2482 QUOD
361 2448 468 2477 HOMO
484 2448 564 2478 NON
580 2448 769 2479 SORTITUR
788 2449 951 2478 SPECIEM
970 2449 1044 2479 PER
1062 2448 1329 2479 INTELLEGTUM
1345 2447 1556 2482 PASSIVUM,
1581 2448 1653 2478 SED
1672 2447 1747 2477 PER

719 2507 986 2538 INTELLECTUM
1009 2508 1250 2538 POSSIBILEM.

227 2612 295 2663 llis
315 2617 444 2666 autem
466 2614 688 2652 rationibus
708 2615 903 2660 obviatur,
925 2615 1146 2652 secundum
1167 2615 1394 2661 praedictam
1411 2613 1666 2660 positionem.
1699 2613 1803 2650 Dicit

179 2665 287 2709 enim
319 2660 528 2706 praedictus
560 2662 780 2700 Averrhoes
812 2663 878 2708 (De
907 2664 1045 2707 anima,
1077 2670 1135 2707 111,
1157 2666 1250 2699 text.
1270 2669 1414 2698 comm.
1436 2663 1472 2704 5,
1493 2660 1528 2705 6)
1550 2659 1656 2706 quod
1678 2659 1799 2698 homo

183 2703 314 2756 differt
346 2707 476 2756 specie
499 2718 522 2759 a
549 2709 676 2746 brutis
696 2718 766 2755 per
786 2708 1031 2746 intellectum
1050 2717 1167 2756 quem
1185 2707 1418 2745 Aristoteles
1446 2710 1561 2743 vocat
1581 2706 1800 2752 passivum,

179 2759 249 2802 qui
279 2754 442 2803 estipsa
471 2763 531 2791 vis
556 2755 844 2801 cognoscivita,
867 2765 955 2802 quae
981 2759 1042 2793 est
1072 2756 1232 2801 propria
1262 2753 1453 2797 hominm,
1477 2752 1567 2789 loco
1586 2753 1701 2799 cujus
1721 2754 1802 2791 alia

178 2797 371 2850 animalia
394 2798 552 2851 ‘habe-nt
596 2802 808 2847 quamdam
849 2802 1185 2839 existimationem
1225 2799 1459 2838 naturalem.
1499 2799 1622 2846 Hujus
1667 2804 1799 2838 autem

180 2847 462 2898 CognOSCItlvae
482 2848 638 2898 virtutis
659 2853 719 2885 est
739 2848 984 2895 distinguere
1010 2848 1253 2885 intentiones
1278 2845 1544 2883 individuales
1573 2850 1612 2883 et
1639 2856 1799 2893 compa-

182 2898 268 2929 rare
288 2899 356 2929 eas
376 2891 425 2929 ad
442 2900 636 2939 invicem3
673 2894 778 2932 sicut
810 2895 1050 2939 intellectus,
1076 2894 1146 2942 qui
1179 2897 1242 2931 est
1271 2895 1479 2940 separatus
1518 2896 1558 2930 et
1575 2893 1794 2935 immixtus.
