1894 3223
119 125 188 160 342
699 118 787 153 me.
815 117 879 162 ιιι,
907 116 1007 154 cAr.
1033 116 1150 154 vat.

119 206 300 241 cessante
318 204 356 237 et
374 197 624 241 abscedente,
645 200 723 234 stat
742 206 844 242 opus
865 196 965 243 ejus,
989 197 1043 233 ita
1070 196 1243 234 mundus
1262 196 1325 234 vel
1341 196 1385 234 in
1399 195 1481 233 ictu
1501 194 1607 232 oculi
1629 198 1734 232 stare

119 249 264 296 poterit
284 247 317 283 si
334 246 369 282 ei
391 245 569 291 regimen
591 245 695 280 Deus
715 243 953 280 subtraxerit
979 257 1014 279 ».

168 297 240 331 Per
260 293 335 329 hoc
356 295 487 329 autem
507 290 729 328 excluditur
748 289 1011 337 quorumdam
1046 289 1292 337 loquentium
1317 289 1360 326 in
1394 289 1481 336 lege
1511 289 1738 325 Maurorum

121 340 282 388 positio,
312 339 380 385 qui
407 338 456 375 ad
489 337 565 375 hoc
584 337 690 385 quod
711 337 911 374 sustinere
930 341 1095 384 possent
1126 337 1318 373 mundum
1346 336 1415 373 Dei
1438 335 1743 373 conservatione

120 387 313 433 indigere,
354 388 574 431 posuerunt
611 393 752 422 omnes
787 383 936 421 formas
971 393 1061 421 esse
1097 383 1332 427 accidentia,
1370 386 1409 419 et
1444 382 1551 430 quod
1589 381 1742 432 nullum

122 433 308 471 accidens
329 431 444 469 durat
463 440 532 478 per
551 431 630 468 duo
650 431 853 475 instantia,
878 434 921 468 ut
940 430 999 468 sic
1019 439 1175 476 semper
1194 439 1324 467 rerum
1359 429 1543 467 formatio
1563 432 1671 466 esset
1702 436 1745 464 in

122 480 223 524 fieri,
252 479 368 526 quasi
399 488 464 516 res
492 487 572 515 non
605 477 802 524 indigeret
821 487 943 515 causa
962 480 1117 524 agente,
1139 477 1218 513 nisi
1249 476 1341 514 dum
1362 476 1484 514 estin
1513 475 1614 513 fieri.
1636 474 1745 512 Unde

122 526 246 572 aliqui
281 535 420 562 eorum
456 534 604 571 ponere
636 524 836 569 dicuntur,
863 524 969 571 quod
1005 532 1174 570 corpora
1206 523 1479 567 indivisibilia,
1516 532 1563 560 ex
1598 522 1745 569 quibus

124 581 265 610 omnes
287 572 532 610 substantias
550 572 686 609 dicunt
705 580 795 609 esse
815 570 1074 617 compositas,
1094 579 1182 617 quae
1202 570 1289 607 sola
1307 569 1526 607 secundum
1544 577 1612 606 eas
1629 568 1748 606 firmi·

125 624 245 657 tatem
266 619 425 663 habent,
447 622 618 665 possunt
637 617 686 656 ad
706 618 845 656 horam
865 618 1039 664 aliquam
1061 625 1278 662 remanere,
1301 617 1335 653 si
1352 618 1456 654 Deus
1476 625 1589 653 suam
1605 615 1747 662 guber·

128 667 330 703 nationem
352 665 471 704 rebus
491 665 743 703 subtraxerit.
772 666 948 709 Quorum
971 664 1088 701 etiam
1106 663 1267 711 quidam
1287 662 1423 701 dicunt
1439 662 1546 710 quod
1574 671 1638 699 res
1658 670 1748 713 esse

127 722 208 750 non
228 713 439 757 desineret,
461 713 540 750 nisi
558 714 663 750 Deus
682 712 722 748 in
745 711 833 758 ipsa
853 711 1041 749 accidens
1061 710 1280 748 decisionis
1300 713 1494 750 causaret.
1508 710 1601 753 Quae
1614 717 1750 747 omnia

126 763 233 806 patet
252 769 342 798 esse
362 759 546 798 absurda.
570 759 599 806 (Ι
617 762 732 806 part.‚
749 769 787 806 q.
808 767 889 804 ειν,
904 763 976 795 art.
1001 758 1049 805 ι.)

762 929 931 971 CAPUT
982 928 1123 969 LXVI:

247 1062 346 1095 QL‘OD
372 1061 481 1091 NIHIL
505 1060 583 1091 DAT
608 1060 701 1090 ESSE
726 1060 807 1090 NISI
833 1059 874 1089 IN
902 1059 1091 1094 QUANTUM
1115 1059 1207 1089 AGIT
1231 1058 1273 1088 m
1298 1059 1467 1089 VIRTUTE
1491 1058 1643 1088 DIVINA-

179 1184 232 1218 Ex
252 1182 327 1218 hoc
349 1185 479 1218 autem
499 1180 756 1218 manifestum
775 1183 850 1224 cst,
873 1179 978 1225 quod
1000 1179 1135 1217 omnia
1153 1178 1343 1216 inferiora
1365 1179 1522 1226 agentia
1552 1187 1631 1216 non
1662 1178 1755 1215 dant

132 1238 221 1266 esse
243 1229 321 1265 nisi
344 1229 383 1264 in
403 1231 595 1274 quantum
621 1230 746 1272 agunt
764 1227 805 1262 in
825 1226 967 1263 virtute
988 1225 1134 1262 divina.
1157 1226 1262 1263 Nihil
1289 1225 1395 1262 enim
1416 1226 1482 1263 dat
1500 1234 1591 1262 esse
1611 1225 1689 1262 nisi
1712 1225 1755 1261 in

131 1280 321 1322 quantum
344 1279 404 1311 est
423 1284 495 1311 ens
515 1277 618 1311 actu.
640 1275 744 1311 Deus
766 1278 895 1310 autem
919 1276 1128 1309 conservat
1145 1281 1208 1309 res
1225 1273 1267 1309 in
1290 1281 1380 1310 esse
1402 1282 1472 1318 per
1491 1281 1605 1309 suain
1625 1272 1754 1318 provi-

132 1323 325 1406 ᾱῗιιιιειᾶῐιᾶ
353 1325 396 1358 ut
426 1325 632 1358 ostensum
667 1323 728 1357 est
756 1320 859 1366 (cap.
884 1320 957 1366 65).
990 1321 1044 1355 Ex
1073 1319 1216 1357 virtute
1245 1319 1367 1366 igitur
1399 1319 1533 1356 divina
1561 1323 1621 1356 est
1650 1318 1756 1366 quod

131 1369 182 1407 ai
215 1369 253 1406 ui
330 1371 366 1404 et
386 1377 489 1405 esse.

177 1379 361 1460 ἓνηρῐίαε,
393 1414 554 1461 quando
589 1414 693 1450 enlm
727 1413 859 1459 aliqua
887 1412 1046 1459 agentia
1076 1412 1232 1449 diversa
1263 1411 1337 1449 sub
1370 1422 1450 1450 uno
1481 1416 1622 1460 agente
1653 1412 1756 1449 ordi-

134 1465 292 1506 nantur,
315 1470 480 1498 necesse
501 1464 562 1498 est
591 1460 698 1506 quod
725 1458 890 1496 effectus
915 1459 981 1506 qui
1004 1459 1051 1496 ab
1082 1459 1141 1496 eis
1169 1459 1434 1496 communiter
1453 1458 1510 1504 fit,
1539 1459 1592 1497 sit
1620 1467 1757 1496 eorum

134 1508 355 1546 secundum
376 1507 483 1554 quod
498 1507 741 1544 uniunturin
760 1505 1034 1558 participando
1050 1509 1201 1542 motum
1214 1509 1251 1543 et
1264 1506 1447 1543 virtutem
1461 1506 1573 1544 illius
1588 1506 1756 1553 agentis.

134 1558 219 1592 Non
243 1555 349 1592 enim
370 1555 486 1601 plura
515 1554 666 1592 faciunt
698 1562 835 1597 unum,
857 1554 936 1590 nlsi
954 1553 994 1590 in
1017 1557 1209 1600 quantum
1236 1562 1359 1590 unum
1389 1557 1496 1599 sunt,
1523 1554 1627 1591 sicut
1653 1556 1760 1599 patet

134 1602 240 1649 quod
274 1611 414 1639 omnes
448 1602 515 1649 qui
546 1605 641 1639 sunt
672 1601 712 1637 ln
734 1601 916 1637 exercitu
950 1603 1164 1646 operantur
1190 1599 1239 1637 ad
1264 1600 1470 1638 victoriam
1501 1600 1758 1644 causandam,

134 1658 252 1696 quain
271 1652 438 1686 causant
459 1648 678 1686 secundum
696 1647 801 1694 quod
825 1651 919 1685 sunt
935 1647 1008 1684 sub
1029 1647 1280 1684 ordinatione
1298 1647 1425 1690 ducis,
1441 1647 1554 1694 cujus
1575 1647 1759 1694 proprius

136 1696 300 1733 effectus
320 1696 486 1732 victoria
507 1699 579 1732 est.
597 1697 809 1733 ostensum
829 1698 890 1731 est
909 1698 1040 1731 autem
1054 1694 1096 1730 in
1110 1694 1238 1740 primo
1257 1693 1362 1741 (cap.
1384 1694 1441 1741 13)
1457 1694 1562 1742 quod
1589 1694 1760 1740 primum

137 1752 260 1790 agens
292 1746 352 1780 est
381 1744 499 1780 Deus.
534 1743 628 1780 Cum
661 1742 782 1788 igitur
802 1751 891 1779 esse
926 1741 978 1778 sit
997 1741 1223 1778 communis
1246 1740 1412 1779 effectus
1434 1742 1613 1779 omnium
1641 1749 1759 1788 agen-

135 1791 250 1834 tium,
283 1799 374 1826 nam
411 1798 529 1826 omno
569 1798 692 1836 agens
729 1789 823 1825 facit
860 1797 949 1825 esse
985 1792 1088 1832 actu,
1123 1791 1277 1834 oportet
1307 1788 1412 1835 quod
1442 1788 1548 1825 hunc
1576 1787 1759 1825 effectum

134 1836 368 1888 pro-ducant,
391 1836 432 1872 in
452 1840 644 1884 quantum
670 1836 907 1873 ordinantur
927 1834 1002 1873 sub
1019 1835 1148 1881 primo
1168 1838 1310 1883 agente
1330 1838 1369 1873 et
1386 1839 1510 1882 agunt
1539 1835 1582 1872 in
1617 1834 1760 1871 virtute

136 1892 279 1929 ipsius.

183 1930 326 1970 Adhuc,
349 1929 391 1965 in
409 1929 598 1967 omnibus
619 1928 752 1965 causis
771 1927 983 1974 agentibus
1014 1927 1224 1968 ordinatis,
1245 1928 1284 1965 id
1311 1928 1417 1975 quod
1436 1932 1497 1966 est
1515 1927 1698 1966 ultimum
1719 1928 1761 1964 in

137 1976 393 2023 generatione
411 1979 448 2012 et
468 1976 639 2021 primum
656 1975 696 2012 in
717 1975 952 2019 intentione,
975 1978 1036 2011 est
1066 1975 1252 2021 proprius
1266 1974 1432 2012 effectus
1451 1975 1568 2021 primi
1590 1975 1758 2020 agentis,

140 2024 245 2060 sicut
265 2023 392 2060 forma
427 2022 584 2067 domus,
626 2031 712 2068 quae
747 2025 807 2058 est
844 2021 1028 2068 proprius
1060 2020 1226 2059 effeetus
1261 2021 1526 2065 aedificatoris,
1562 2022 1761 2067 posterius

136 2070 317 2116 provenit
337 2079 455 2116 quam
476 2069 709 2115 praeparatio
729 2069 914 2112 cementi,
939 2071 976 2104 et
994 2068 1150 2113 lapidis,
1173 2073 1213 2107 et
1230 2068 1445 2115 lignorum,
1465 2078 1552 2115 quae
1575 2067 1675 2105 fiunt
1694 2077 1764 2114 per

139 2116 308 2154 artifices
330 2116 555 2160 inferiores,
575 2116 642 2162 qui
664 2115 836 2152 subsunt
856 2115 1100 2152 aedificatori.
1123 2116 1166 2152 In
1199 2116 1308 2153 omni
1344 2120 1474 2153 autem
1497 2116 1651 2152 actione
1673 2124 1763 2152 esse

139 2171 179 2200 311
215 2167 305 2201 actu
335 2167 396 2200 est
428 2163 698 2210 principaliter
731 2162 941 2206 intentum,
973 2166 1010 2198 et
1041 2161 1224 2200 ultimum
1244 2163 1284 2200 in
1304 2163 1573 2210 generatione.
1595 2164 1688 2198 Nam
1716 2170 1762 2199 eo

138 2209 275 2248 habito
295 2211 466 2257 quiescit
485 2209 641 2257 agentis
660 2209 764 2246 actio
788 2212 824 2246 et
843 2213 977 2246 motus
997 2209 1196 2255 patientis.
1220 2211 1287 2247 Est
1317 2210 1439 2257 igitur
1469 2218 1558 2247 esse
1577 2209 1762 2255 proprius

139 2256 304 2308 effectus
324 2257 439 2303 primi
461 2256 630 2303 agentis,
652 2256 807 2293 scilicet
838 2256 921 2295 Dei.
945 2257 990 2294 Et
1008 2256 1145 2294 omnia
1165 2266 1253 2304 quae
1274 2256 1368 2294 dant
1393 2265 1496 2302 esse,
1519 2257 1593 2294 lioc
1614 2255 1761 2293 habent

140 2312 182 2340 in
201 2308 392 2348 quantum
413 2307 536 2350 agunt
553 2304 594 2341 in
611 2304 754 2340 virtute
775 2303 857 2340 Dei.

185 2351 367 2397 Amplius,
388 2351 571 2388 ultimum
585 2350 627 2387 in
645 2350 822 2387 bonitate
840 2353 878 2386 et
895 2349 1138 2396 perfectione
1153 2350 1256 2388 inter
1274 2350 1378 2387 eain
1396 2359 1482 2397 quae
1500 2353 1764 2396 potestagens

141 2397 374 2442 secundum,
402 2401 464 2435 est
493 2396 593 2435 illud
625 2397 732 2444 quod
752 2400 883 2443 potest
911 2397 952 2433 in
981 2397 1124 2434 virtute
1145 2396 1302 2444 agentis
1318 2397 1450 2444 primi.
1471 2398 1568 2435 Nam
1590 2397 1762 2442 comple-

141 2448 317 2481 mentum
337 2445 494 2482 virtutis
512 2445 668 2491 agentis
685 2443 851 2481 secundi
873 2447 998 2491 estex
1017 2448 1158 2491 agente
1179 2444 1322 2490 primo.
1344 2444 1457 2488 Quod
1477 2448 1608 2482 autem
1628 2448 1687 2480 est
1722 2443 1763 2479 in

142 2491 330 2529 omnibus
360 2491 567 2529 effectibus
594 2490 945 2538 perfectissimum,
966 2494 1029 2528 est
1060 2499 1164 2528 esse.
1187 2490 1380 2535 Quaelibet
1408 2490 1514 2528 enim
1545 2494 1684 2528 natura
1703 2489 1763 2526 vel

140 2538 269 2588 forma
299 2538 500 2584 perficitur
531 2547 601 2584 per
632 2538 709 2576 hoc
738 2537 845 2584 quod
867 2542 928 2575 est
956 2541 1060 2584 actu,
1087 2541 1126 2575 et
1151 2541 1403 2585 comparatur
1422 2538 1471 2575 ad
1491 2546 1579 2575 esse
1597 2537 1638 2573 ιιι
1659 2540 1762 2579 actu,

145 2588 248 2620 sicut
274 2585 453 2630 potentia
484 2585 534 2623 ad
560 2588 691 2623 actum
721 2585 867 2631 ipsum.
901 2584 1026 2631 Igitur
1061 2593 1152 2623 esse
1181 2588 1243 2623 est
1272 2585 1378 2633 quod
1405 2585 1563 2632 agentia
1588 2582 1764 2620 secunda

146 2634 268 2676 agunt
284 2632 325 2667 in
345 2633 488 2670 virtute
506 2632 663 2680 agentis
682 2632 812 2678 primi.

190 2678 289 2717 item,
309 2678 529 2728 secundum
550 2679 731 2717 ordinem
750 2688 962 2716 causarum
981 2682 1042 2716 est
1061 2679 1159 2716 ordo
1179 2678 1404 2716 effectuum.
1427 2678 1600 2714 Primum
1633 2680 1762 2712 auten]

145 2732 184 2774 in
208 2724 394 2775 omnibus
413 2724 623 2765 effectibus
638 2731 818 2764 estesse.
841 2727 937 2763 Nam
959 2726 1095 2763 omnia
1115 2726 1194 2763 alia
1211 2729 1305 2763 sunt
1321 2725 1362 2762 in
1381 2732 1502 2762 causa
1528 2723 1762 2760 determina—

144 2773 274 2821 tiones
305 2771 446 2822 1psius.
470 2772 593 2818 Igitur
626 2781 717 2811 esse
749 2777 811 2810 est
844 2773 1030 2819 proprius
1059 2772 1224 2810 effeetus
1244 2771 1360 2819 primi
1381 2771 1550 2817 agentis,
1572 2774 1609 2806 et
1630 2771 1764 2807 onmia

146 2816 223 2853 alia
255 2821 377 2863 agunt
409 2826 542 2869 ipsum
573 2819 616 2855 in
646 2823 838 2866 quantum
859 2823 983 2867 agunt
1016 2820 1058 2857 in
1077 2820 1221 2858 virtute
1250 2817 1366 2864 primi
1386 2817 1556 2869 agentis.
1581 2817 1761 2854 Secunda

147 2867 276 2901 autem
315 2868 473 2911 agentia
503 2873 589 2911 quae
613 2869 707 2904 sunt
739 2865 853 2914 quasi
882 2866 1142 2913 particulares
1165 2869 1204 2904 et
1232 2864 1539 2904 determinantes
1566 2865 1763 2903 actionem
