1803 3223
76 99 187 135 XVIII
417 98 556 134 BERN.
583 97 740 132 MARIAE
767 96 828 130 DE
851 95 1018 131 RUBEIS
1043 94 1355 132 DISSERTATIO.

78 198 302 249 reliqz'onem
325 207 336 236 t
359 207 614 246 omnemque
634 194 847 233 revelatam
866 195 1122 235 inficiantur.
1141 195 1506 236 Luculentissimae
1526 195 1696 246 prodie-

80 266 179 301 runt
200 261 421 312 apologiae,
439 271 533 310 quae
553 258 693 297 nobile
714 263 1013 311 argumentum
1028 258 1208 310 eleganti
1228 259 1443 308 methodo,
1459 260 1698 302 eruditione

81 326 321 377 omnigena,
343 328 386 364 et
416 324 572 363 invicto
603 322 817 362 rationum
851 323 1002 362 robore
1024 326 1296 372 pertractant.
1313 322 1419 369 Quid
1439 323 1566 363 vero?
1586 323 1697 364 Nihil

80 390 227 439 utique
248 390 427 437 dictum,
448 388 562 438 quod
594 386 812 437 ingenium
843 387 1016 427 Thomae
1035 398 1122 426 non
1141 390 1238 426 ante
1257 388 1569 439 excogitaverit,
1590 400 1695 438 pau-

80 454 225 503 cisque
244 453 377 492 verbis
397 463 482 491 non
501 451 762 501 expresserit.

133 518 206 557 Rei
232 517 465 567 periculum
481 516 619 555 facere
639 518 828 566 praestat,
845 527 895 555 ex
910 527 1012 565 uno,
1030 526 1115 566 quo
1131 516 1182 555 de
1197 516 1373 568 agimus,
1388 528 1514 567 opere
1534 517 1700 557 selectis

75 581 354 630 *collectisque
389 580 666 619 documentis.
689 581 748 619 Ac
784 580 920 630 primo
955 581 1296 619 constituendum
1334 584 1496 620 naturas
1536 580 1699 620 lumine

79 657 165 685 non
198 656 343 683 omnes
372 655 491 694 posse
511 644 707 683 veritates
738 644 789 683 ad
822 645 955 683 Deum
991 645 1250 694 pertinentes
1279 645 1554 684 innotescere.
1577 643 1697 690 Quod

79 713 230 749 notum
251 713 601 759 compertumque
619 712 666 747 ut
682 709 765 755 fiat,
784 709 868 747 duo
885 712 985 748 sunt
1001 709 1053 747 ad
1068 720 1243 748 examen
1257 709 1466 748 vocanda:
1485 722 1504 745 u
1521 708 1627 754 Quid
1645 707 1699 746 sit

78 773 281 813 naturalis
301 773 424 822 ratio,
439 784 635 824 quaenam
656 773 748 824 ejus
767 774 874 813 vires
888 773 939 812 ἲ»
957 774 1031 812 Illa
1052 777 1127 822 est,
1151 774 1272 825 cujus
1293 774 1560 823 principium,
1583 772 1697 823 quod

71 838 207 878 etiam
227 839 374 877 lumen
395 838 632 888 appellatur
653 837 704 877 ab
723 838 828 885 aliis,
852 849 902 877 ex
920 838 1183 877 sensibilibus
1198 838 1445 884 desumitur,
1464 837 1700 885 creatisque

79 902 220 941 rebus.
245 903 347 941 Rem
366 906 549 941 creatam
564 902 645 941 hoc
664 902 758 941 loco
781 902 1006 952 praecipue,
1025 903 1290 952 maximeque
1309 902 1498 953 intelligo
1513 904 1698 941 creatam

79 966 215 1017 ipsam
239 971 424 1005 mentem
445 966 619 1017 ejusque
638 966 894 1014 affectiones,
910 978 1013 1016 quas
1033 967 1182 1006 intimo
1205 967 1351 1005 saltem
1374 978 1511 1014 sensu,
1531 969 1604 1004 aut
1624 975 1699 1015 per

82 1031 383 1071 conscientiam
405 1031 493 1070 sine
514 1031 658 1078 dubio,
673 1030 830 1070 viribus
849 1031 998 1069 nativis
1013 1031 1128 1070 novit
1148 1031 1333 1082 angelus,
1349 1031 1412 1070 vel
1427 1030 1566 1069 anima
1583 1041 1699 1079 sepa-

82 1100 189 1142 rata,
210 1096 274 1135 vel
293 1095 439 1144 homo,
461 1100 587 1145 atque
609 1095 738 1146 magis
754 1096 975 1145 minusque
992 1107 1182 1145 expressa
1201 1095 1424 1134 reflexione
1439 1105 1559 1134 nosse
1571 1094 1695 1133 valet.

81 1161 187 1200 Hinc
199 1161 380 1199 Thomas
400 1160 472 1208 ait,
489 1160 595 1199 libro
610 1171 638 1208 Ι,
654 1160 788 1210 capite
804 1160 843 1207 3,
855 1171 973 1198 num.
989 1161 1013 1198 2
1032 1172 1040 1198 :
1061 1159 1276 1211 «Angelus
1290 1171 1362 1209 per
1376 1169 1494 1198 suam
1510 1157 1698 1197 substan-

80 1224 184 1263 tiam
197 1239 238 1272 »,
253 1235 382 1275 quam
396 1224 526 1273 novit,
547 1224 621 1262 «in
636 1224 709 1263 Dei
724 1224 1007 1275 cognitionem
1023 1224 1192 1263 ducitur
1205 1223 1386 1262 naturali
1401 1222 1639 1274 cognitione
1651 1235 1696 1271 »;

83 1299 317 1337 eorumque
347 1288 542 1327 notitiam
574 1292 805 1337 comparat,
827 1299 923 1327 cum
959 1288 1109 1338 quibus
1137 1287 1430 1339 cognationem
1461 1286 1603 1334 habet,
1625 1288 1700 1325 aut

81 1352 346 1391 relationem.
369 1353 450 1390 Par
478 1356 539 1391 est
570 1353 721 1391 animae
756 1357 957 1402 separatae
994 1356 1038 1391 et
1067 1352 1248 1391 hominis
1269 1352 1403 1390 ratio:
1426 1362 1474 1390 ac
1495 1354 1698 1401 praeterea

83 1430 103 1453 (ι
125 1416 366 1455 intellectus
398 1416 531 1455 nostri
563 1417 796 1456 secundum
828 1417 1003 1456 modum
1037 1416 1253 1466 praesentis
1281 1415 1378 1454 vitae
1415 1414 1567 1465 (verbis
1602 1417 1700 1453 utor

78 1480 270 1531 ejusdem
301 1481 521 1530 Aquinatis
539 1481 634 1520 loco
666 1479 810 1531 citato)
831 1479 1015 1532 cognitio
1048 1480 1177 1519 etiam
1212 1491 1237 1518 a
1266 1490 1389 1518 sensu
1408 1478 1589 1529 incipit»
1608 1478 1700 1517 :vel

83 1559 104 1580 «
125 1555 175 1584 ex
195 1544 322 1583 rebus
342 1544 680 1595 sensibilibus(ut
694 1544 753 1583 ait
769 1543 904 1593 capite
919 1543 959 1595 8)
979 1543 1164 1583 humana
1184 1543 1292 1583 ratio
1313 1542 1564 1595 cognitionis
1587 1541 1698 1593 prin-

70 1608 238 1657 cipium
256 1608 403 1646 sumit.
427 1621 446 1644 »
470 1607 678 1647 Naturalis
705 1619 803 1659 ergo
823 1618 873 1646 ea
892 1610 957 1646 est
983 1608 1136 1647 mentis
1169 1612 1320 1648 creatae
1352 1607 1552 1658 cognitio,
1576 1606 1700 1658 cujus

81 1672 350 1721 principium,
372 1675 446 1710 aut
465 1672 609 1711 lumen
629 1683 679 1711 ex
696 1672 788 1721 ipsa
809 1675 950 1711 mente
971 1675 1111 1711 creata
1141 1672 1348 1722 rebusque
1369 1671 1585 1711 sensilibus
1597 1670 1701 1710 hau·

80 1736 202 1775 ritur.

132 1800 202 1839 His
213 1801 276 1839 vel
294 1800 501 1850 suiipsius,
516 1800 580 1839 vel
595 1810 735 1839 rerum
750 1799 1005 1838 sensibilium
1026 1799 1249 1839 fecundata
1264 1798 1602 1849 perceptionibus
1624 1801 1700 1838 aut

80 1864 184 1904 ideis
216 1868 356 1903 creata
394 1875 528 1913 mens,
551 1864 656 1903 vires
689 1865 818 1903 exerit
854 1864 978 1913 paulo
1000 1865 1271 1912 efficaciores,
1293 1865 1344 1904 ad
1382 1864 1482 1903 alias
1516 1864 1701 1914 aliasque

81 1929 384 1979 comparandas
423 1928 616 1968 notiones
649 1939 806 1976 rerum,
827 1939 921 1977 quae
961 1932 1059 1967 sunt
1093 1939 1307 1977 connexae,
1329 1928 1394 1968 vel
1431 1927 1602 1977 similes,
1634 1928 1701 1968 vel

80 1993 209 2032 etiam
223 1993 460 2041 contrariae‚
476 1992 705 2043 singulares
718 1996 760 2030 et
780 2002 1044 2040 communes,
1059 2004 1107 2032 ac
1127 1992 1256 2045 magis
1271 1992 1492 2042 minusque
1508 1992 1668 2043 amplas
1686 2005 1697 2041 ;

80 2057 208 2108 idque
228 2057 410 2096 efficitur
429 2056 653 2106 multiplici
670 2056 984 2106 quodammodo
1005 2056 1219 2106 facultate,
1242 2069 1337 2108 quae
1370 2058 1503 2105 adest,
1519 2056 1696 2107 amplia-

81 2122 195 2161 tione
216 2126 257 2161 et
276 2121 588 2170 imminutione,
608 2121 898 2160 transferendo
928 2124 970 2160 et
1003 2121 1380 2170 accommodando,
1401 2121 1698 2173 aggregatione

80 2189 124 2226 et
142 2185 438 2234 abstractione,
454 2185 768 2236 comparatione
787 2188 829 2224 et
843 2185 1080 2225 ratiocinio.
1096 2186 1157 2223 Ad
1173 2186 1310 2225 divina
1325 2196 1422 2225 cum
1444 2186 1694 2237 assurgitur,

79 2251 207 2291 ducta
226 2250 278 2289 ab
310 2250 527 2290 effectibus
552 2250 934 2301 argumentatione,
957 2250 1111 2300 duplex
1131 2251 1213 2289 alia
1242 2253 1393 2301 praesto
1415 2254 1479 2289 est
1505 2250 1694 2298 facultas,

79 2315 319 2365 affirmatio,
341 2318 384 2355 et
415 2316 594 2354 remotio
617 2328 628 2354 :
658 2326 839 2366 quarum
873 2315 1004 2354 altera
1022 2317 1108 2355 Deo
1129 2314 1397 2355 attribuimus
1418 2314 1697 2365 perfectiones

79 2389 242 2428 omnes,
264 2391 368 2429 quas
383 2380 517 2419 inesse
536 2379 739 2420 creaturis
774 2379 1157 2430 deprehendimus;
1178 2379 1388 2430 simulque
1414 2379 1586 2419 alterius
1615 2390 1696 2430 ope

80 2454 104 2482 a
134 2444 220 2483 Deo
253 2455 516 2483 removemus
547 2447 837 2484 creaturarum
868 2443 1223 2494 imperfectiones·
1245 2444 1350 2484 Rem
1378 2443 1487 2484 hanc
1506 2443 1696 2494 plerique

78 2506 259 2546 illustres
282 2507 517 2558 philosophi
538 2508 854 2560 diligentissime
885 2512 1185 2559 exsequuntur.
1206 2510 1266 2549 De
1282 2509 1407 2560 longo
1428 2509 1598 2558 latoque
1619 2507 1693 2546 ad·

80 2580 251 2610 monere
270 2574 456 2620 praestat,
472 2573 586 2621 quod
600 2573 769 2624 angelos
789 2573 900 2613 inter
912 2583 962 2613 ac
975 2573 1169 2613 homines
1195 2573 1418 2614 intercedit
1440 2572 1665 2612 discrimen
1680 2585 1692 2622 ;

78 2646 177 2674 nam
198 2634 284 2674 istis
303 2635 549 2685 imperfecta
570 2637 834 2678 ratiocinatio
850 2638 1058 2687 convenit,
1083 2649 1166 2689 qua
1186 2638 1238 2678 ab
1268 2637 1422 2689 ignotis
1443 2637 1495 2675 ad
1527 2636 1693 2676 notiora

79 2699 345 2749 procedimus
382 2712 392 2739 :
428 2699 654 2749 perfectior
690 2700 772 2740 illis
808 2703 1007 2742 asseritur
1042 2703 1255 2742 discursus
1272 2730 1284 2751 ,
1316 2710 1444 2751 quem
1481 2699 1692 2740 virtualem

78 2764 308 2814 appellant,
329 2763 486 2815 absque
512 2767 687 2805 actuum
715 2765 1043 2816 multiplicitate.
1079 2767 1132 2808 Et
1160 2765 1253 2806 haeo
1284 2764 1384 2805 satis
1414 2763 1591 2805 innuere
1609 2763 1690 2805 hoc

73 2827 187 2869 loco.
