<?xml version="1.0" encoding="UTF-8"?>
<!DOCTYPE html PUBLIC "-//W3C//DTD XHTML 1.0 Transitional//EN"
    "http://www.w3.org/TR/xhtml1/DTD/xhtml1-transitional.dtd">
<html xmlns="http://www.w3.org/1999/xhtml" xml:lang="en" lang="en">
 <head>
  <title>
</title>
<meta http-equiv="Content-Type" content="text/html;charset=utf-8" />
  <meta name='ocr-system' content='tesseract 3.04.00' />
  <meta name='ocr-capabilities' content='ocr_page ocr_carea ocr_par ocr_line ocrx_word'/>
</head>
<body>
  <div class='ocr_page' id='page_1' title='image "./deveritatecathol00thomuoft_0626.png"; bbox 0 0 1894 3223; ppageno 0'>
   <div class='ocr_carea' id='block_1_1' title="bbox 127 142 1142 189">
    <p class='ocr_par' dir='ltr' id='par_1_1' title="bbox 127 142 1142 189">
     <span class='ocr_line' id='line_1_1' title="bbox 127 142 1142 189; baseline -0.003 -3"><span class='ocrx_word' id='word_1_1' title='bbox 127 153 194 186; x_wconf 55' lang='lat'>556</span> <span class='ocrx_word' id='word_1_2' title='bbox 729 147 815 182; x_wconf 67' lang='grc' dir='ltr'><strong><em>[ΑΒ.</em></strong></span> <span class='ocrx_word' id='word_1_3' title='bbox 845 147 902 189; x_wconf 86' lang='lat' dir='ltr'>IV,</span> <span class='ocrx_word' id='word_1_4' title='bbox 931 147 1030 183; x_wconf 85' lang='lat' dir='ltr'>CAP.</span> <span class='ocrx_word' id='word_1_5' title='bbox 1056 142 1142 184; x_wconf 76' lang='lat' dir='ltr'>LV.v</span> 
     </span>
    </p>
   </div>
   <div class='ocr_carea' id='block_1_2' title="bbox 121 227 1753 2956">
    <p class='ocr_par' dir='ltr' id='par_1_2' title="bbox 125 227 1750 648">
     <span class='ocr_line' id='line_1_2' title="bbox 129 227 1749 277; baseline -0.001 -11"><span class='ocrx_word' id='word_1_6' title='bbox 129 233 248 266; x_wconf 81' lang='lat' dir='ltr'>Deum</span> <span class='ocrx_word' id='word_1_7' title='bbox 270 238 340 274; x_wconf 83' lang='lat' dir='ltr'>pro</span> <span class='ocrx_word' id='word_1_8' title='bbox 357 228 439 263; x_wconf 83' lang='lat' dir='ltr'>-sine</span> <span class='ocrx_word' id='word_1_9' title='bbox 457 230 495 263; x_wconf 89' lang='lat' dir='ltr'>et</span> <span class='ocrx_word' id='word_1_10' title='bbox 518 230 633 263; x_wconf 87' lang='lat' dir='ltr'>natus</span> <span class='ocrx_word' id='word_1_11' title='bbox 653 230 715 263; x_wconf 90' lang='lat' dir='ltr'>est</span> <span class='ocrx_word' id='word_1_12' title='bbox 734 228 768 263; x_wconf 91' lang='lat' dir='ltr'>ei</span> <span class='ocrx_word' id='word_1_13' title='bbox 792 237 859 272; x_wconf 93' lang='lat' dir='ltr'>per</span> <span class='ocrx_word' id='word_1_14' title='bbox 879 227 1123 264; x_wconf 87' lang='lat' dir='ltr'>intellectum</span> <span class='ocrx_word' id='word_1_15' title='bbox 1140 228 1270 274; x_wconf 91' lang='lat' dir='ltr'>uniri;</span> <span class='ocrx_word' id='word_1_16' title='bbox 1300 228 1418 277; x_wconf 82' lang='lat' dir='ltr'>cujus</span> <span class='ocrx_word' id='word_1_17' title='bbox 1437 229 1598 267; x_wconf 88' lang='lat' dir='ltr'>unionis</span> <span class='ocrx_word' id='word_1_18' title='bbox 1618 238 1749 266; x_wconf 80' lang='lat' dir='ltr'>exem-</span> 
     </span>
     <span class='ocr_line' id='line_1_3' title="bbox 126 273 1748 323; baseline 0 -11"><span class='ocrx_word' id='word_1_19' title='bbox 126 277 235 323; x_wconf 88' lang='lat' dir='ltr'>plum</span> <span class='ocrx_word' id='word_1_20' title='bbox 257 279 292 310; x_wconf 85' lang='lat' dir='ltr'>et</span> <span class='ocrx_word' id='word_1_21' title='bbox 314 275 595 310; x_wconf 74' lang='lat' dir='ltr'>documentum</span> <span class='ocrx_word' id='word_1_22' title='bbox 623 273 820 319; x_wconf 85' lang='lat' dir='ltr'>quoddam</span> <span class='ocrx_word' id='word_1_23' title='bbox 851 274 924 310; x_wconf 85' lang='lat' dir='ltr'>suit</span> <span class='ocrx_word' id='word_1_24' title='bbox 958 274 1050 310; x_wconf 89' lang='lat' dir='ltr'>unio</span> <span class='ocrx_word' id='word_1_25' title='bbox 1084 275 1152 311; x_wconf 85' lang='lat' dir='ltr'>Dei</span> <span class='ocrx_word' id='word_1_26' title='bbox 1185 275 1233 312; x_wconf 87' lang='lat' dir='ltr'>ad</span> <span class='ocrx_word' id='word_1_27' title='bbox 1269 276 1474 314; x_wconf 89' lang='lat' dir='ltr'>hominem</span> <span class='ocrx_word' id='word_1_28' title='bbox 1496 277 1537 312; x_wconf 89' lang='lat' dir='ltr'>in</span> <span class='ocrx_word' id='word_1_29' title='bbox 1563 284 1748 322; x_wconf 88' lang='lat' dir='ltr'>persona,</span> 
     </span>
     <span class='ocr_line' id='line_1_4' title="bbox 128 320 1750 367; baseline 0 -8"><span class='ocrx_word' id='word_1_30' title='bbox 128 325 281 359; x_wconf 82' lang='lat' dir='ltr'>servata</span> <span class='ocrx_word' id='word_1_31' title='bbox 303 325 433 356; x_wconf 85' lang='lat' dir='ltr'>tamen</span> <span class='ocrx_word' id='word_1_32' title='bbox 467 320 705 365; x_wconf 77' lang='lat' dir='ltr'>proprietate</span> <span class='ocrx_word' id='word_1_33' title='bbox 726 321 931 367; x_wconf 86' lang='lat' dir='ltr'>utriusque</span> <span class='ocrx_word' id='word_1_34' title='bbox 953 324 1117 364; x_wconf 77' lang='lat' dir='ltr'>naturae,</span> <span class='ocrx_word' id='word_1_35' title='bbox 1151 324 1195 358; x_wconf 88' lang='lat' dir='ltr'>ut</span> <span class='ocrx_word' id='word_1_36' title='bbox 1226 330 1299 358; x_wconf 89' lang='lat' dir='ltr'>nec</span> <span class='ocrx_word' id='word_1_37' title='bbox 1329 323 1571 361; x_wconf 84' lang='lat' dir='ltr'>excellentiae</span> <span class='ocrx_word' id='word_1_38' title='bbox 1608 323 1750 359; x_wconf 86' lang='lat' dir='ltr'>divinae</span> 
     </span>
     <span class='ocr_line' id='line_1_5' title="bbox 127 366 1750 417; baseline 0 -12"><span class='ocrx_word' id='word_1_39' title='bbox 127 373 276 405; x_wconf 76' lang='lat' dir='ltr'>naturae</span> <span class='ocrx_word' id='word_1_40' title='bbox 296 366 445 413; x_wconf 90' lang='lat' dir='ltr'>aliquid</span> <span class='ocrx_word' id='word_1_41' title='bbox 464 367 659 413; x_wconf 78' lang='lat' dir='ltr'>deperiret</span> <span class='ocrx_word' id='word_1_42' title='bbox 678 377 751 404; x_wconf 85' lang='lat' dir='ltr'>nec</span> <span class='ocrx_word' id='word_1_43' title='bbox 776 367 951 404; x_wconf 86' lang='lat' dir='ltr'>humana</span> <span class='ocrx_word' id='word_1_44' title='bbox 972 371 1111 404; x_wconf 88' lang='lat' dir='ltr'>natura</span> <span class='ocrx_word' id='word_1_45' title='bbox 1149 377 1219 413; x_wconf 89' lang='lat' dir='ltr'>per</span> <span class='ocrx_word' id='word_1_46' title='bbox 1248 369 1523 406; x_wconf 66' lang='lat' dir='ltr'>exaltationem</span> <span class='ocrx_word' id='word_1_47' title='bbox 1575 370 1750 417; x_wconf 82' lang='lat' dir='ltr'>aliquam</span> 
     </span>
     <span class='ocr_line' id='line_1_6' title="bbox 127 414 1748 463; baseline 0.001 -12"><span class='ocrx_word' id='word_1_48' title='bbox 127 420 237 451; x_wconf 80' lang='lat' dir='ltr'>extra</span> <span class='ocrx_word' id='word_1_49' title='bbox 256 415 448 451; x_wconf 89' lang='lat' dir='ltr'>terminos</span> <span class='ocrx_word' id='word_1_50' title='bbox 470 423 553 450; x_wconf 78' lang='lat' dir='ltr'>suae</span> <span class='ocrx_word' id='word_1_51' title='bbox 575 414 719 460; x_wconf 92' lang='lat' dir='ltr'>speciei</span> <span class='ocrx_word' id='word_1_52' title='bbox 741 414 973 451; x_wconf 78' lang='lat' dir='ltr'>traheretur.</span> <span class='ocrx_word' id='word_1_53' title='bbox 1009 415 1348 451; x_wconf 77' lang='lat' dir='ltr'>Considerandum</span> <span class='ocrx_word' id='word_1_54' title='bbox 1382 421 1443 453; x_wconf 91' lang='lat' dir='ltr'>est</span> <span class='ocrx_word' id='word_1_55' title='bbox 1478 418 1593 453; x_wconf 90' lang='lat' dir='ltr'>etiam</span> <span class='ocrx_word' id='word_1_56' title='bbox 1627 417 1748 463; x_wconf 85' lang='lat' dir='ltr'>quod,</span> 
     </span>
     <span class='ocr_line' id='line_1_7' title="bbox 126 461 1749 510; baseline 0.002 -13"><span class='ocrx_word' id='word_1_57' title='bbox 126 464 285 507; x_wconf 87' lang='lat' dir='ltr'>propter</span> <span class='ocrx_word' id='word_1_58' title='bbox 305 461 584 506; x_wconf 79' lang='lat' dir='ltr'>perfectionem</span> <span class='ocrx_word' id='word_1_59' title='bbox 607 464 644 498; x_wconf 92' lang='lat' dir='ltr'>et</span> <span class='ocrx_word' id='word_1_60' title='bbox 663 461 979 498; x_wconf 79' lang='lat' dir='ltr'>immobilitatem</span> <span class='ocrx_word' id='word_1_61' title='bbox 1012 462 1152 498; x_wconf 79' lang='lat' dir='ltr'>divinae</span> <span class='ocrx_word' id='word_1_62' title='bbox 1182 462 1386 507; x_wconf 84' lang='lat' dir='ltr'>bonitatis,</span> <span class='ocrx_word' id='word_1_63' title='bbox 1415 463 1514 500; x_wconf 89' lang='lat' dir='ltr'>nihil</span> <span class='ocrx_word' id='word_1_64' title='bbox 1545 463 1749 510; x_wconf 80' lang='lat' dir='ltr'>dignitatis</span> 
     </span>
     <span class='ocr_line' id='line_1_8' title="bbox 126 508 1749 557; baseline 0.001 -13"><span class='ocrx_word' id='word_1_65' title='bbox 126 511 206 545; x_wconf 90' lang='lat' dir='ltr'>Deo</span> <span class='ocrx_word' id='word_1_66' title='bbox 229 508 377 553; x_wconf 88' lang='lat' dir='ltr'>deperit</span> <span class='ocrx_word' id='word_1_67' title='bbox 395 518 441 544; x_wconf 79' lang='lat' dir='ltr'>ex</span> <span class='ocrx_word' id='word_1_68' title='bbox 456 508 531 544; x_wconf 88' lang='lat' dir='ltr'>hoe</span> <span class='ocrx_word' id='word_1_69' title='bbox 552 508 659 554; x_wconf 88' lang='lat' dir='ltr'>quod</span> <span class='ocrx_word' id='word_1_70' title='bbox 679 508 809 555; x_wconf 90' lang='lat' dir='ltr'>aliqua</span> <span class='ocrx_word' id='word_1_71' title='bbox 823 512 1003 545; x_wconf 86' lang='lat' dir='ltr'>creatura</span> <span class='ocrx_word' id='word_1_72' title='bbox 1017 512 1380 555; x_wconf 86' lang='lat' dir='ltr'>quantumcumque</span> <span class='ocrx_word' id='word_1_73' title='bbox 1396 510 1431 546; x_wconf 91' lang='lat' dir='ltr'>ei</span> <span class='ocrx_word' id='word_1_74' title='bbox 1444 512 1749 557; x_wconf 80' lang='lat' dir='ltr'>appropinquat,</span> 
     </span>
     <span class='ocr_line' id='line_1_9' title="bbox 126 555 1750 600; baseline 0.002 -9"><span class='ocrx_word' id='word_1_75' title='bbox 126 556 201 592; x_wconf 91' lang='lat' dir='ltr'>etsi</span> <span class='ocrx_word' id='word_1_76' title='bbox 223 555 298 591; x_wconf 86' lang='lat' dir='ltr'>hoc</span> <span class='ocrx_word' id='word_1_77' title='bbox 331 558 518 592; x_wconf 70' lang='lat' dir='ltr'>creaturae</span> <span class='ocrx_word' id='word_1_78' title='bbox 552 560 772 599; x_wconf 70' lang='lat' dir='ltr'>accrescat,</span> <span class='ocrx_word' id='word_1_79' title='bbox 804 555 862 592; x_wconf 85' lang='lat' dir='ltr'>sic</span> <span class='ocrx_word' id='word_1_80' title='bbox 896 556 999 592; x_wconf 90' lang='lat' dir='ltr'>enim</span> <span class='ocrx_word' id='word_1_81' title='bbox 1035 555 1134 600; x_wconf 91' lang='lat' dir='ltr'>ipsis</span> <span class='ocrx_word' id='word_1_82' title='bbox 1163 556 1353 592; x_wconf 81' lang='lat' dir='ltr'>creaturis</span> <span class='ocrx_word' id='word_1_83' title='bbox 1389 565 1503 593; x_wconf 89' lang='lat' dir='ltr'>suam</span> <span class='ocrx_word' id='word_1_84' title='bbox 1533 557 1750 594; x_wconf 81' lang='lat' dir='ltr'>bonitatem</span> 
     </span>
     <span class='ocr_line' id='line_1_10' title="bbox 125 602 1441 648; baseline -0.002 -9"><span class='ocrx_word' id='word_1_85' title='bbox 125 602 393 639; x_wconf 79' lang='lat' dir='ltr'>communicat</span> <span class='ocrx_word' id='word_1_86' title='bbox 414 602 520 648; x_wconf 88' lang='lat' dir='ltr'>quod</span> <span class='ocrx_word' id='word_1_87' title='bbox 541 611 588 638; x_wconf 83' lang='lat' dir='ltr'>ex</span> <span class='ocrx_word' id='word_1_88' title='bbox 608 602 684 639; x_wconf 87' lang='lat' dir='ltr'>hoc</span> <span class='ocrx_word' id='word_1_89' title='bbox 704 603 789 648; x_wconf 90' lang='lat' dir='ltr'>ipse</span> <span class='ocrx_word' id='word_1_90' title='bbox 808 603 962 639; x_wconf 91' lang='lat' dir='ltr'>nullum</span> <span class='ocrx_word' id='word_1_91' title='bbox 980 603 1126 648; x_wconf 88' lang='lat' dir='ltr'>patitur</span> <span class='ocrx_word' id='word_1_92' title='bbox 1147 602 1441 640; x_wconf 85' lang='lat' dir='ltr'>detrimentum.</span> 
     </span>
    </p>

    <p class='ocr_par' dir='ltr' id='par_1_3' title="bbox 124 649 1753 1024">
     <span class='ocr_line' id='line_1_11' title="bbox 175 649 1749 693; baseline 0.003 -9"><span class='ocrx_word' id='word_1_93' title='bbox 175 649 360 685; x_wconf 87' lang='lat' dir='ltr'>Similiter</span> <span class='ocrx_word' id='word_1_94' title='bbox 377 649 508 693; x_wconf 88' lang='lat' dir='ltr'>etiam,</span> <span class='ocrx_word' id='word_1_95' title='bbox 532 649 621 685; x_wconf 90' lang='lat' dir='ltr'>licet</span> <span class='ocrx_word' id='word_1_96' title='bbox 641 649 689 686; x_wconf 88' lang='lat' dir='ltr'>ad</span> <span class='ocrx_word' id='word_1_97' title='bbox 709 650 844 686; x_wconf 90' lang='lat' dir='ltr'>omnia</span> <span class='ocrx_word' id='word_1_98' title='bbox 877 650 1055 686; x_wconf 83' lang='lat' dir='ltr'>facienda</span> <span class='ocrx_word' id='word_1_99' title='bbox 1083 649 1150 686; x_wconf 90' lang='lat' dir='ltr'>Dei</span> <span class='ocrx_word' id='word_1_100' title='bbox 1180 649 1365 687; x_wconf 89' lang='lat' dir='ltr'>voluntas</span> <span class='ocrx_word' id='word_1_101' title='bbox 1399 649 1584 693; x_wconf 83' lang='lat' dir='ltr'>sufficiat,</span> <span class='ocrx_word' id='word_1_102' title='bbox 1617 655 1749 688; x_wconf 88' lang='lat' dir='ltr'>tamen</span> 
     </span>
     <span class='ocr_line' id='line_1_12' title="bbox 128 695 1750 744; baseline 0.001 -12"><span class='ocrx_word' id='word_1_103' title='bbox 128 695 258 733; x_wconf 82' lang='lat' dir='ltr'>divina</span> <span class='ocrx_word' id='word_1_104' title='bbox 280 696 475 742; x_wconf 87' lang='lat' dir='ltr'>sapientia</span> <span class='ocrx_word' id='word_1_105' title='bbox 495 696 615 743; x_wconf 77' lang='lat' dir='ltr'>exigit</span> <span class='ocrx_word' id='word_1_106' title='bbox 634 699 677 732; x_wconf 91' lang='lat' dir='ltr'>ut</span> <span class='ocrx_word' id='word_1_107' title='bbox 698 697 817 733; x_wconf 87' lang='lat' dir='ltr'>rebus</span> <span class='ocrx_word' id='word_1_108' title='bbox 837 697 1021 741; x_wconf 70' lang='lat' dir='ltr'>singulis,</span> <span class='ocrx_word' id='word_1_109' title='bbox 1042 696 1261 733; x_wconf 84' lang='lat' dir='ltr'>secundum</span> <span class='ocrx_word' id='word_1_110' title='bbox 1291 706 1426 734; x_wconf 89' lang='lat' dir='ltr'>earum</span> <span class='ocrx_word' id='word_1_111' title='bbox 1448 698 1750 744; x_wconf 79' lang='lat' dir='ltr'>congruentiam</span> 
     </span>
     <span class='ocr_line' id='line_1_13' title="bbox 125 743 1753 790; baseline 0.001 -11"><span class='ocrx_word' id='word_1_112' title='bbox 125 743 377 788; x_wconf 84' lang='lat' dir='ltr'>provideatur</span> <span class='ocrx_word' id='word_1_113' title='bbox 408 753 431 779; x_wconf 89' lang='lat' dir='ltr'>a</span> <span class='ocrx_word' id='word_1_114' title='bbox 451 744 549 787; x_wconf 88' lang='lat' dir='ltr'>Deo;</span> <span class='ocrx_word' id='word_1_115' title='bbox 587 743 706 780; x_wconf 90' lang='lat' dir='ltr'>rebus</span> <span class='ocrx_word' id='word_1_116' title='bbox 743 744 847 779; x_wconf 91' lang='lat' dir='ltr'>enim</span> <span class='ocrx_word' id='word_1_117' title='bbox 881 744 1051 790; x_wconf 76' lang='lat' dir='ltr'>singulis</span> <span class='ocrx_word' id='word_1_118' title='bbox 1079 743 1258 789; x_wconf 86' lang='lat' dir='ltr'>proprias</span> <span class='ocrx_word' id='word_1_119' title='bbox 1288 753 1431 781; x_wconf 84' lang='lat' dir='ltr'>causas</span> <span class='ocrx_word' id='word_1_120' title='bbox 1470 744 1753 781; x_wconf 89' lang='lat' dir='ltr'>convenienter</span> 
     </span>
     <span class='ocr_line' id='line_1_14' title="bbox 126 790 1751 836; baseline 0.001 -10"><span class='ocrx_word' id='word_1_121' title='bbox 126 790 312 826; x_wconf 86' lang='lat' dir='ltr'>instituit.</span> <span class='ocrx_word' id='word_1_122' title='bbox 341 790 461 833; x_wconf 87' lang='lat' dir='ltr'>Unde,</span> <span class='ocrx_word' id='word_1_123' title='bbox 484 790 575 826; x_wconf 90' lang='lat' dir='ltr'>licet</span> <span class='ocrx_word' id='word_1_124' title='bbox 595 791 699 827; x_wconf 90' lang='lat' dir='ltr'>Deus</span> <span class='ocrx_word' id='word_1_125' title='bbox 726 790 814 827; x_wconf 85' lang='lat' dir='ltr'>sola</span> <span class='ocrx_word' id='word_1_126' title='bbox 833 800 905 827; x_wconf 92' lang='lat' dir='ltr'>sua</span> <span class='ocrx_word' id='word_1_127' title='bbox 926 791 1126 827; x_wconf 73' lang='lat' dir='ltr'>voluntate</span> <span class='ocrx_word' id='word_1_128' title='bbox 1148 790 1302 827; x_wconf 76' lang='lat' dir='ltr'>efficere</span> <span class='ocrx_word' id='word_1_129' title='bbox 1322 791 1491 836; x_wconf 88' lang='lat' dir='ltr'>potuerit</span> <span class='ocrx_word' id='word_1_130' title='bbox 1511 791 1552 827; x_wconf 90' lang='lat' dir='ltr'>in</span> <span class='ocrx_word' id='word_1_131' title='bbox 1573 791 1751 828; x_wconf 88' lang='lat' dir='ltr'>humano</span> 
     </span>
     <span class='ocr_line' id='line_1_15' title="bbox 127 837 1751 883; baseline 0.002 -12"><span class='ocrx_word' id='word_1_132' title='bbox 127 847 271 883; x_wconf 74' lang='lat' dir='ltr'>genere</span> <span class='ocrx_word' id='word_1_133' title='bbox 298 846 436 873; x_wconf 86' lang='lat' dir='ltr'>omnes</span> <span class='ocrx_word' id='word_1_134' title='bbox 458 837 644 873; x_wconf 75' lang='lat' dir='ltr'>utilitates</span> <span class='ocrx_word' id='word_1_135' title='bbox 672 847 770 883; x_wconf 85' lang='lat' dir='ltr'>quas</span> <span class='ocrx_word' id='word_1_136' title='bbox 802 848 847 873; x_wconf 78' lang='lat' dir='ltr'>ex</span> <span class='ocrx_word' id='word_1_137' title='bbox 882 837 948 873; x_wconf 88' lang='lat' dir='ltr'>Dei</span> <span class='ocrx_word' id='word_1_138' title='bbox 982 838 1255 874; x_wconf 84' lang='lat' dir='ltr'>incarnatione</span> <span class='ocrx_word' id='word_1_139' title='bbox 1295 838 1463 876; x_wconf 86' lang='lat' dir='ltr'>dicimus</span> <span class='ocrx_word' id='word_1_140' title='bbox 1501 839 1751 883; x_wconf 83' lang='lat' dir='ltr'>provenisse,</span> 
     </span>
     <span class='ocr_line' id='line_1_16' title="bbox 128 884 1752 930; baseline 0.002 -11"><span class='ocrx_word' id='word_1_141' title='bbox 128 889 170 920; x_wconf 90' lang='lat' dir='ltr'>ut</span> <span class='ocrx_word' id='word_1_142' title='bbox 191 884 365 920; x_wconf 86' lang='lat' dir='ltr'>secunda</span> <span class='ocrx_word' id='word_1_143' title='bbox 386 885 485 920; x_wconf 87' lang='lat' dir='ltr'>ratio</span> <span class='ocrx_word' id='word_1_144' title='bbox 506 885 763 929; x_wconf 78' lang='lat' dir='ltr'>proponebat,</span> <span class='ocrx_word' id='word_1_145' title='bbox 786 888 919 921; x_wconf 85' lang='lat' dir='ltr'>tamen</span> <span class='ocrx_word' id='word_1_146' title='bbox 938 885 1182 930; x_wconf 77' lang='lat' dir='ltr'>congruebat</span> <span class='ocrx_word' id='word_1_147' title='bbox 1203 885 1387 921; x_wconf 80' lang='lat' dir='ltr'>humanae</span> <span class='ocrx_word' id='word_1_148' title='bbox 1420 887 1571 922; x_wconf 82' lang='lat' dir='ltr'>naturae</span> <span class='ocrx_word' id='word_1_149' title='bbox 1603 889 1646 922; x_wconf 88' lang='lat' dir='ltr'>ut</span> <span class='ocrx_word' id='word_1_150' title='bbox 1679 885 1752 922; x_wconf 87' lang='lat' dir='ltr'>hu-</span> 
     </span>
     <span class='ocr_line' id='line_1_17' title="bbox 124 931 1752 977; baseline 0.001 -10"><span class='ocrx_word' id='word_1_151' title='bbox 124 931 301 977; x_wconf 81' lang='lat' dir='ltr'>J&#39;usmodi</span> <span class='ocrx_word' id='word_1_152' title='bbox 323 931 511 967; x_wconf 83' lang='lat' dir='ltr'>utilitates</span> <span class='ocrx_word' id='word_1_153' title='bbox 535 931 817 968; x_wconf 87' lang='lat' dir='ltr'>inducerentur</span> <span class='ocrx_word' id='word_1_154' title='bbox 838 941 904 977; x_wconf 88' lang='lat' dir='ltr'>per</span> <span class='ocrx_word' id='word_1_155' title='bbox 925 933 1047 968; x_wconf 87' lang='lat' dir='ltr'>Deum</span> <span class='ocrx_word' id='word_1_156' title='bbox 1069 932 1269 968; x_wconf 90' lang='lat' dir='ltr'>hominem</span> <span class='ocrx_word' id='word_1_157' title='bbox 1301 933 1461 977; x_wconf 79' lang='lat' dir='ltr'>sactum,</span> <span class='ocrx_word' id='word_1_158' title='bbox 1480 932 1584 969; x_wconf 90' lang='lat' dir='ltr'>sicut</span> <span class='ocrx_word' id='word_1_159' title='bbox 1614 941 1661 969; x_wconf 85' lang='lat' dir='ltr'>ex</span> <span class='ocrx_word' id='word_1_160' title='bbox 1691 932 1752 968; x_wconf 89' lang='lat' dir='ltr'>in-</span> 
     </span>
     <span class='ocr_line' id='line_1_18' title="bbox 129 978 1294 1024; baseline -0.001 -10"><span class='ocrx_word' id='word_1_161' title='bbox 129 978 257 1015; x_wconf 87' lang='lat' dir='ltr'>ductis</span> <span class='ocrx_word' id='word_1_162' title='bbox 280 978 327 1024; x_wconf 86' lang='lat' dir='ltr'>(c.</span> <span class='ocrx_word' id='word_1_163' title='bbox 350 978 406 1023; x_wconf 63' lang='lat'>54)</span> <span class='ocrx_word' id='word_1_164' title='bbox 429 978 652 1015; x_wconf 84' lang='lat' dir='ltr'>rationibus</span> <span class='ocrx_word' id='word_1_165' title='bbox 673 979 923 1024; x_wconf 88' lang='lat' dir='ltr'>aliquatenus</span> <span class='ocrx_word' id='word_1_166' title='bbox 945 987 1131 1024; x_wconf 87' lang='lat' dir='ltr'>apparere</span> <span class='ocrx_word' id='word_1_167' title='bbox 1152 982 1294 1023; x_wconf 64' lang='lat' dir='ltr'>potest,</span> 
     </span>
    </p>

    <p class='ocr_par' dir='ltr' id='par_1_4' title="bbox 126 1025 1753 1447">
     <span class='ocr_line' id='line_1_19' title="bbox 174 1025 1753 1073; baseline 0.001 -13"><span class='ocrx_word' id='word_1_168' title='bbox 174 1025 227 1061; x_wconf 84' lang='lat' dir='ltr'>Ad</span> <span class='ocrx_word' id='word_1_169' title='bbox 246 1025 397 1061; x_wconf 84' lang='lat' dir='ltr'>tertiam</span> <span class='ocrx_word' id='word_1_170' title='bbox 420 1026 537 1061; x_wconf 86' lang='lat' dir='ltr'>etiam</span> <span class='ocrx_word' id='word_1_171' title='bbox 557 1026 750 1062; x_wconf 87' lang='lat' dir='ltr'>rationem</span> <span class='ocrx_word' id='word_1_172' title='bbox 773 1030 877 1071; x_wconf 85' lang='lat' dir='ltr'>patet</span> <span class='ocrx_word' id='word_1_173' title='bbox 897 1026 1122 1071; x_wconf 90' lang='lat' dir='ltr'>responsio.</span> <span class='ocrx_word' id='word_1_174' title='bbox 1148 1027 1271 1062; x_wconf 87' lang='lat' dir='ltr'>Homo</span> <span class='ocrx_word' id='word_1_175' title='bbox 1294 1026 1412 1070; x_wconf 90' lang='lat' dir='ltr'>enim,</span> <span class='ocrx_word' id='word_1_176' title='bbox 1434 1035 1556 1073; x_wconf 91' lang='lat' dir='ltr'>quum</span> <span class='ocrx_word' id='word_1_177' title='bbox 1578 1026 1631 1063; x_wconf 91' lang='lat' dir='ltr'>sit</span> <span class='ocrx_word' id='word_1_178' title='bbox 1661 1035 1753 1063; x_wconf 90' lang='lat' dir='ltr'>con-</span> 
     </span>
     <span class='ocr_line' id='line_1_20' title="bbox 127 1072 1751 1119; baseline 0.001 -10"><span class='ocrx_word' id='word_1_179' title='bbox 127 1073 291 1109; x_wconf 86' lang='lat' dir='ltr'>stitutus</span> <span class='ocrx_word' id='word_1_180' title='bbox 311 1082 357 1108; x_wconf 80' lang='lat' dir='ltr'>ex</span> <span class='ocrx_word' id='word_1_181' title='bbox 378 1072 571 1117; x_wconf 83' lang='lat' dir='ltr'>spirituali</span> <span class='ocrx_word' id='word_1_182' title='bbox 587 1077 623 1109; x_wconf 90' lang='lat' dir='ltr'>et</span> <span class='ocrx_word' id='word_1_183' title='bbox 641 1073 836 1118; x_wconf 87' lang='lat' dir='ltr'>corporali</span> <span class='ocrx_word' id='word_1_184' title='bbox 857 1077 1011 1117; x_wconf 86' lang='lat' dir='ltr'>natura,</span> <span class='ocrx_word' id='word_1_185' title='bbox 1028 1073 1141 1119; x_wconf 86' lang='lat' dir='ltr'>quasi</span> <span class='ocrx_word' id='word_1_186' title='bbox 1164 1073 1362 1119; x_wconf 84' lang='lat' dir='ltr'>quoddam</span> <span class='ocrx_word' id='word_1_187' title='bbox 1378 1073 1595 1110; x_wconf 86' lang='lat' dir='ltr'>confinium</span> <span class='ocrx_word' id='word_1_188' title='bbox 1609 1076 1751 1110; x_wconf 87' lang='lat' dir='ltr'>tenens</span> 
     </span>
     <span class='ocr_line' id='line_1_21' title="bbox 128 1119 1751 1166; baseline 0.001 -11"><span class='ocrx_word' id='word_1_189' title='bbox 128 1120 334 1165; x_wconf 85' lang='lat' dir='ltr'>utriusque</span> <span class='ocrx_word' id='word_1_190' title='bbox 355 1124 518 1163; x_wconf 62' lang='lat' dir='ltr'>natur‘ce,</span> <span class='ocrx_word' id='word_1_191' title='bbox 541 1120 589 1156; x_wconf 84' lang='lat' dir='ltr'>ad</span> <span class='ocrx_word' id='word_1_192' title='bbox 609 1123 730 1156; x_wconf 85' lang='lat' dir='ltr'>totam</span> <span class='ocrx_word' id='word_1_193' title='bbox 753 1122 971 1157; x_wconf 86' lang='lat' dir='ltr'>creaturam</span> <span class='ocrx_word' id='word_1_194' title='bbox 991 1120 1185 1165; x_wconf 88' lang='lat' dir='ltr'>pertinere</span> <span class='ocrx_word' id='word_1_195' title='bbox 1206 1121 1359 1156; x_wconf 86' lang='lat' dir='ltr'>videtur</span> <span class='ocrx_word' id='word_1_196' title='bbox 1385 1120 1488 1166; x_wconf 89' lang='lat' dir='ltr'>quod</span> <span class='ocrx_word' id='word_1_197' title='bbox 1520 1119 1561 1156; x_wconf 86' lang='lat' dir='ltr'>sit</span> <span class='ocrx_word' id='word_1_198' title='bbox 1588 1129 1658 1166; x_wconf 90' lang='lat' dir='ltr'>pro</span> <span class='ocrx_word' id='word_1_199' title='bbox 1681 1120 1751 1157; x_wconf 90' lang='lat' dir='ltr'>ho-</span> 
     </span>
     <span class='ocr_line' id='line_1_22' title="bbox 127 1166 1750 1212; baseline 0.001 -10"><span class='ocrx_word' id='word_1_200' title='bbox 127 1166 248 1202; x_wconf 87' lang='lat' dir='ltr'>minis</span> <span class='ocrx_word' id='word_1_201' title='bbox 268 1167 393 1203; x_wconf 87' lang='lat' dir='ltr'>salute</span> <span class='ocrx_word' id='word_1_202' title='bbox 411 1178 418 1210; x_wconf 85' lang='grc'>;</span> <span class='ocrx_word' id='word_1_203' title='bbox 439 1176 529 1203; x_wconf 87' lang='lat' dir='ltr'>nam</span> <span class='ocrx_word' id='word_1_204' title='bbox 549 1167 755 1203; x_wconf 83' lang='lat' dir='ltr'>inferiores</span> <span class='ocrx_word' id='word_1_205' title='bbox 776 1171 963 1204; x_wconf 74' lang='lat' dir='ltr'>creaturae</span> <span class='ocrx_word' id='word_1_206' title='bbox 976 1167 1204 1212; x_wconf 84' lang='lat' dir='ltr'>corporales</span> <span class='ocrx_word' id='word_1_207' title='bbox 1219 1167 1259 1203; x_wconf 93' lang='lat' dir='ltr'>in</span> <span class='ocrx_word' id='word_1_208' title='bbox 1282 1176 1397 1204; x_wconf 85' lang='lat' dir='ltr'>usum</span> <span class='ocrx_word' id='word_1_209' title='bbox 1414 1167 1587 1204; x_wconf 83' lang='lat' dir='ltr'>hominis</span> <span class='ocrx_word' id='word_1_210' title='bbox 1609 1167 1750 1204; x_wconf 85' lang='lat' dir='ltr'>cedere</span> 
     </span>
     <span class='ocr_line' id='line_1_23' title="bbox 126 1213 1750 1260; baseline 0.001 -11"><span class='ocrx_word' id='word_1_211' title='bbox 126 1213 309 1249; x_wconf 86' lang='lat' dir='ltr'>videntur</span> <span class='ocrx_word' id='word_1_212' title='bbox 335 1217 372 1249; x_wconf 89' lang='lat' dir='ltr'>et</span> <span class='ocrx_word' id='word_1_213' title='bbox 394 1214 427 1249; x_wconf 91' lang='lat' dir='ltr'>ei</span> <span class='ocrx_word' id='word_1_214' title='bbox 445 1214 737 1259; x_wconf 83' lang='lat' dir='ltr'>quodammodo</span> <span class='ocrx_word' id='word_1_215' title='bbox 760 1223 847 1250; x_wconf 88' lang='lat' dir='ltr'>esse</span> <span class='ocrx_word' id='word_1_216' title='bbox 869 1214 1080 1260; x_wconf 78' lang='lat' dir='ltr'>subjectae3</span> <span class='ocrx_word' id='word_1_217' title='bbox 1112 1215 1293 1260; x_wconf 87' lang='lat' dir='ltr'>superior</span> <span class='ocrx_word' id='word_1_218' title='bbox 1319 1218 1449 1250; x_wconf 88' lang='lat' dir='ltr'>autem</span> <span class='ocrx_word' id='word_1_219' title='bbox 1471 1218 1651 1250; x_wconf 86' lang='lat' dir='ltr'>creatura</span> <span class='ocrx_word' id='word_1_220' title='bbox 1672 1214 1750 1260; x_wconf 90' lang='lat' dir='ltr'>spi-</span> 
     </span>
     <span class='ocr_line' id='line_1_24' title="bbox 127 1260 1750 1307; baseline 0.001 -11"><span class='ocrx_word' id='word_1_221' title='bbox 127 1261 297 1304; x_wconf 86' lang='lat' dir='ltr'>ritualis,</span> <span class='ocrx_word' id='word_1_222' title='bbox 319 1260 469 1296; x_wconf 87' lang='lat' dir='ltr'>scilieet</span> <span class='ocrx_word' id='word_1_223' title='bbox 490 1261 682 1307; x_wconf 78' lang='lat' dir='ltr'>angelica,</span> <span class='ocrx_word' id='word_1_224' title='bbox 705 1270 915 1297; x_wconf 90' lang='lat' dir='ltr'>commune</span> <span class='ocrx_word' id='word_1_225' title='bbox 936 1261 1054 1297; x_wconf 89' lang='lat' dir='ltr'>habet</span> <span class='ocrx_word' id='word_1_226' title='bbox 1074 1271 1162 1298; x_wconf 87' lang='lat' dir='ltr'>cum</span> <span class='ocrx_word' id='word_1_227' title='bbox 1186 1261 1345 1298; x_wconf 90' lang='lat' dir='ltr'>homine</span> <span class='ocrx_word' id='word_1_228' title='bbox 1369 1261 1497 1297; x_wconf 90' lang='lat' dir='ltr'>ultimi</span> <span class='ocrx_word' id='word_1_229' title='bbox 1526 1260 1618 1298; x_wconf 87' lang='lat' dir='ltr'>finis</span> <span class='ocrx_word' id='word_1_230' title='bbox 1654 1270 1750 1298; x_wconf 88' lang='lat' dir='ltr'>con·</span> 
     </span>
     <span class='ocr_line' id='line_1_25' title="bbox 127 1307 1749 1354; baseline 0 -10"><span class='ocrx_word' id='word_1_231' title='bbox 127 1308 389 1351; x_wconf 80' lang='lat' dir='ltr'>secutionem,</span> <span class='ocrx_word' id='word_1_232' title='bbox 412 1311 454 1343; x_wconf 89' lang='lat' dir='ltr'>ut</span> <span class='ocrx_word' id='word_1_233' title='bbox 471 1317 517 1343; x_wconf 81' lang='lat' dir='ltr'>ex</span> <span class='ocrx_word' id='word_1_234' title='bbox 539 1308 810 1353; x_wconf 86' lang='lat' dir='ltr'>superioribus</span> <span class='ocrx_word' id='word_1_235' title='bbox 833 1312 937 1353; x_wconf 87' lang='lat' dir='ltr'>patet</span> <span class='ocrx_word' id='word_1_236' title='bbox 969 1308 1009 1353; x_wconf 90' lang='lat' dir='ltr'>(l.</span> <span class='ocrx_word' id='word_1_237' title='bbox 1037 1316 1095 1352; x_wconf 89' lang='lat'>111,</span> <span class='ocrx_word' id='word_1_238' title='bbox 1115 1318 1148 1344; x_wconf 91' lang='lat' dir='ltr'>c.</span> <span class='ocrx_word' id='word_1_239' title='bbox 1171 1311 1214 1344; x_wconf 71' lang='lat'>47</span> <span class='ocrx_word' id='word_1_240' title='bbox 1238 1311 1276 1345; x_wconf 88' lang='lat' dir='ltr'>et</span> <span class='ocrx_word' id='word_1_241' title='bbox 1295 1307 1410 1354; x_wconf 72' lang='lat' dir='ltr'>seq).</span> <span class='ocrx_word' id='word_1_242' title='bbox 1448 1309 1492 1344; x_wconf 86' lang='lat' dir='ltr'>Et</span> <span class='ocrx_word' id='word_1_243' title='bbox 1515 1309 1573 1345; x_wconf 87' lang='lat' dir='ltr'>sic</span> <span class='ocrx_word' id='word_1_244' title='bbox 1607 1317 1749 1344; x_wconf 88' lang='lat' dir='ltr'>conve-</span> 
     </span>
     <span class='ocr_line' id='line_1_26' title="bbox 131 1354 1750 1392; baseline 0.001 -3"><span class='ocrx_word' id='word_1_245' title='bbox 131 1354 246 1390; x_wconf 87' lang='lat' dir='ltr'>niens</span> <span class='ocrx_word' id='word_1_246' title='bbox 266 1354 419 1390; x_wconf 77' lang='lat' dir='ltr'>videtur</span> <span class='ocrx_word' id='word_1_247' title='bbox 433 1358 473 1390; x_wconf 90' lang='lat' dir='ltr'>ut</span> <span class='ocrx_word' id='word_1_248' title='bbox 490 1354 726 1392; x_wconf 78' lang='lat' dir='ltr'>universalis</span> <span class='ocrx_word' id='word_1_249' title='bbox 749 1355 924 1391; x_wconf 85' lang='lat' dir='ltr'>omnium</span> <span class='ocrx_word' id='word_1_250' title='bbox 946 1364 1068 1392; x_wconf 87' lang='lat' dir='ltr'>causa</span> <span class='ocrx_word' id='word_1_251' title='bbox 1087 1355 1196 1391; x_wconf 87' lang='lat' dir='ltr'>illam</span> <span class='ocrx_word' id='word_1_252' title='bbox 1231 1357 1451 1391; x_wconf 86' lang='lat' dir='ltr'>creaturam</span> <span class='ocrx_word' id='word_1_253' title='bbox 1483 1355 1525 1391; x_wconf 92' lang='lat' dir='ltr'>in</span> <span class='ocrx_word' id='word_1_254' title='bbox 1557 1355 1750 1392; x_wconf 87' lang='lat' dir='ltr'>unitatem</span> 
     </span>
     <span class='ocr_line' id='line_1_27' title="bbox 128 1401 1685 1447; baseline 0.001 -11"><span class='ocrx_word' id='word_1_255' title='bbox 128 1411 308 1446; x_wconf 65' lang='lat' dir='ltr'>personae</span> <span class='ocrx_word' id='word_1_256' title='bbox 331 1405 552 1437; x_wconf 86' lang='lat' dir='ltr'>assumeret</span> <span class='ocrx_word' id='word_1_257' title='bbox 571 1402 611 1437; x_wconf 94' lang='lat' dir='ltr'>in</span> <span class='ocrx_word' id='word_1_258' title='bbox 631 1412 708 1447; x_wconf 85' lang='lat' dir='ltr'>qua</span> <span class='ocrx_word' id='word_1_259' title='bbox 729 1402 855 1447; x_wconf 71' lang='lat' dir='ltr'>magis</span> <span class='ocrx_word' id='word_1_260' title='bbox 876 1402 1144 1438; x_wconf 86' lang='lat' dir='ltr'>communicat</span> <span class='ocrx_word' id='word_1_261' title='bbox 1163 1411 1251 1438; x_wconf 89' lang='lat' dir='ltr'>cum</span> <span class='ocrx_word' id='word_1_262' title='bbox 1275 1401 1462 1439; x_wconf 86' lang='lat' dir='ltr'>omnihus</span> <span class='ocrx_word' id='word_1_263' title='bbox 1481 1402 1685 1439; x_wconf 84' lang='lat' dir='ltr'>creaturis.</span> 
     </span>
    </p>

    <p class='ocr_par' dir='ltr' id='par_1_5' title="bbox 121 1448 1753 2956">
     <span class='ocr_line' id='line_1_28' title="bbox 175 1448 1749 1495; baseline 0.001 -12"><span class='ocrx_word' id='word_1_264' title='bbox 175 1448 512 1484; x_wconf 84' lang='lat' dir='ltr'>Considerandum</span> <span class='ocrx_word' id='word_1_265' title='bbox 527 1451 586 1484; x_wconf 90' lang='lat' dir='ltr'>est</span> <span class='ocrx_word' id='word_1_266' title='bbox 605 1449 722 1485; x_wconf 89' lang='lat' dir='ltr'>etiam</span> <span class='ocrx_word' id='word_1_267' title='bbox 738 1449 843 1495; x_wconf 87' lang='lat' dir='ltr'>quod</span> <span class='ocrx_word' id='word_1_268' title='bbox 857 1449 982 1485; x_wconf 89' lang='lat' dir='ltr'>solius</span> <span class='ocrx_word' id='word_1_269' title='bbox 998 1448 1204 1485; x_wconf 88' lang='lat' dir='ltr'>rationalis</span> <span class='ocrx_word' id='word_1_270' title='bbox 1222 1453 1372 1485; x_wconf 73' lang='lat' dir='ltr'>naturae</span> <span class='ocrx_word' id='word_1_271' title='bbox 1390 1452 1449 1485; x_wconf 92' lang='lat' dir='ltr'>est</span> <span class='ocrx_word' id='word_1_272' title='bbox 1462 1458 1530 1494; x_wconf 90' lang='lat' dir='ltr'>per</span> <span class='ocrx_word' id='word_1_273' title='bbox 1543 1457 1585 1485; x_wconf 90' lang='lat' dir='ltr'>se</span> <span class='ocrx_word' id='word_1_274' title='bbox 1605 1458 1721 1495; x_wconf 81' lang='lat' dir='ltr'>agere</span> <span class='ocrx_word' id='word_1_275' title='bbox 1738 1461 1749 1494; x_wconf 93' lang='lat'>;</span> 
     </span>
     <span class='ocr_line' id='line_1_29' title="bbox 127 1495 1752 1542; baseline 0.001 -12"><span class='ocrx_word' id='word_1_276' title='bbox 127 1499 315 1531; x_wconf 72' lang='lat' dir='ltr'>creaturae</span> <span class='ocrx_word' id='word_1_277' title='bbox 337 1495 441 1531; x_wconf 89' lang='lat' dir='ltr'>enim</span> <span class='ocrx_word' id='word_1_278' title='bbox 463 1495 713 1532; x_wconf 88' lang='lat' dir='ltr'>irrationales</span> <span class='ocrx_word' id='word_1_279' title='bbox 738 1496 865 1542; x_wconf 77' lang='lat' dir='ltr'>magis</span> <span class='ocrx_word' id='word_1_280' title='bbox 898 1499 1069 1542; x_wconf 78' lang='lat' dir='ltr'>aguntur</span> <span class='ocrx_word' id='word_1_281' title='bbox 1102 1496 1271 1532; x_wconf 86' lang='lat' dir='ltr'>naturali</span> <span class='ocrx_word' id='word_1_282' title='bbox 1300 1496 1450 1541; x_wconf 87' lang='lat' dir='ltr'>impetu</span> <span class='ocrx_word' id='word_1_283' title='bbox 1483 1505 1601 1542; x_wconf 88' lang='lat' dir='ltr'>quam</span> <span class='ocrx_word' id='word_1_284' title='bbox 1631 1499 1752 1542; x_wconf 81' lang='lat' dir='ltr'>agant</span> 
     </span>
     <span class='ocr_line' id='line_1_30' title="bbox 126 1542 1748 1590; baseline 0.001 -13"><span class='ocrx_word' id='word_1_285' title='bbox 126 1551 195 1586; x_wconf 91' lang='lat' dir='ltr'>per</span> <span class='ocrx_word' id='word_1_286' title='bbox 216 1542 369 1587; x_wconf 87' lang='lat' dir='ltr'>seipsas</span> <span class='ocrx_word' id='word_1_287' title='bbox 387 1554 394 1585; x_wconf 88' lang='grc'>;</span> <span class='ocrx_word' id='word_1_288' title='bbox 415 1542 518 1578; x_wconf 87' lang='lat' dir='ltr'>unde</span> <span class='ocrx_word' id='word_1_289' title='bbox 538 1543 663 1589; x_wconf 77' lang='lat' dir='ltr'>magis</span> <span class='ocrx_word' id='word_1_290' title='bbox 679 1545 772 1579; x_wconf 88' lang='lat' dir='ltr'>sunt</span> <span class='ocrx_word' id='word_1_291' title='bbox 802 1543 840 1578; x_wconf 89' lang='lat' dir='ltr'>in</span> <span class='ocrx_word' id='word_1_292' title='bbox 862 1543 1000 1579; x_wconf 90' lang='lat' dir='ltr'>ordine</span> <span class='ocrx_word' id='word_1_293' title='bbox 1018 1543 1380 1579; x_wconf 86' lang='lat' dir='ltr'>instrumentalium</span> <span class='ocrx_word' id='word_1_294' title='bbox 1401 1551 1612 1579; x_wconf 88' lang='lat' dir='ltr'>causarum</span> <span class='ocrx_word' id='word_1_295' title='bbox 1630 1552 1748 1590; x_wconf 86' lang='lat' dir='ltr'>quam</span> 
     </span>
     <span class='ocr_line' id='line_1_31' title="bbox 128 1589 1750 1636; baseline 0.001 -11"><span class='ocrx_word' id='word_1_296' title='bbox 128 1598 169 1625; x_wconf 88' lang='lat' dir='ltr'>se</span> <span class='ocrx_word' id='word_1_297' title='bbox 202 1589 372 1625; x_wconf 82' lang='lat' dir='ltr'>habeant</span> <span class='ocrx_word' id='word_1_298' title='bbox 404 1599 472 1634; x_wconf 90' lang='lat' dir='ltr'>per</span> <span class='ocrx_word' id='word_1_299' title='bbox 504 1589 665 1626; x_wconf 91' lang='lat' dir='ltr'>modum</span> <span class='ocrx_word' id='word_1_300' title='bbox 694 1590 923 1636; x_wconf 85' lang='lat' dir='ltr'>principalis</span> <span class='ocrx_word' id='word_1_301' title='bbox 960 1590 1128 1636; x_wconf 77' lang='lat' dir='ltr'>agentis.</span> <span class='ocrx_word' id='word_1_302' title='bbox 1160 1590 1483 1635; x_wconf 88' lang='lat' dir='ltr'>Assumptionem</span> <span class='ocrx_word' id='word_1_303' title='bbox 1505 1594 1636 1627; x_wconf 88' lang='lat' dir='ltr'>autem</span> <span class='ocrx_word' id='word_1_304' title='bbox 1656 1590 1750 1628; x_wconf 89' lang='lat' dir='ltr'>talis</span> 
     </span>
     <span class='ocr_line' id='line_1_32' title="bbox 126 1636 1748 1683; baseline 0.002 -12"><span class='ocrx_word' id='word_1_305' title='bbox 126 1640 315 1672; x_wconf 77' lang='lat' dir='ltr'>creaturae</span> <span class='ocrx_word' id='word_1_306' title='bbox 336 1646 359 1672; x_wconf 88' lang='lat' dir='ltr'>a</span> <span class='ocrx_word' id='word_1_307' title='bbox 379 1638 457 1672; x_wconf 91' lang='lat' dir='ltr'>Deo</span> <span class='ocrx_word' id='word_1_308' title='bbox 483 1636 657 1682; x_wconf 89' lang='lat' dir='ltr'>oportuit</span> <span class='ocrx_word' id='word_1_309' title='bbox 677 1645 766 1674; x_wconf 87' lang='lat' dir='ltr'>esse</span> <span class='ocrx_word' id='word_1_310' title='bbox 785 1646 871 1683; x_wconf 81' lang='lat' dir='ltr'>quae</span> <span class='ocrx_word' id='word_1_311' title='bbox 891 1646 960 1683; x_wconf 89' lang='lat' dir='ltr'>per</span> <span class='ocrx_word' id='word_1_312' title='bbox 995 1646 1037 1674; x_wconf 89' lang='lat' dir='ltr'>se</span> <span class='ocrx_word' id='word_1_313' title='bbox 1066 1646 1182 1683; x_wconf 79' lang='lat' dir='ltr'>agere</span> <span class='ocrx_word' id='word_1_314' title='bbox 1219 1640 1369 1683; x_wconf 88' lang='lat' dir='ltr'>posset,</span> <span class='ocrx_word' id='word_1_315' title='bbox 1401 1640 1590 1683; x_wconf 85' lang='lat' dir='ltr'>tanquam</span> <span class='ocrx_word' id='word_1_316' title='bbox 1625 1646 1748 1683; x_wconf 75' lang='lat' dir='ltr'>agens</span> 
     </span>
     <span class='ocr_line' id='line_1_33' title="bbox 126 1683 1749 1731; baseline 0.002 -13"><span class='ocrx_word' id='word_1_317' title='bbox 126 1683 366 1729; x_wconf 87' lang='lat' dir='ltr'>principale;</span> <span class='ocrx_word' id='word_1_318' title='bbox 389 1692 479 1719; x_wconf 89' lang='lat' dir='ltr'>nam</span> <span class='ocrx_word' id='word_1_319' title='bbox 497 1693 543 1721; x_wconf 87' lang='lat' dir='ltr'>ea</span> <span class='ocrx_word' id='word_1_320' title='bbox 562 1693 649 1730; x_wconf 84' lang='lat' dir='ltr'>quae</span> <span class='ocrx_word' id='word_1_321' title='bbox 670 1688 792 1731; x_wconf 80' lang='lat' dir='ltr'>agunt</span> <span class='ocrx_word' id='word_1_322' title='bbox 811 1684 912 1721; x_wconf 84' lang='lat' dir='ltr'>sicut</span> <span class='ocrx_word' id='word_1_323' title='bbox 931 1685 1195 1722; x_wconf 87' lang='lat' dir='ltr'>instrumenta</span> <span class='ocrx_word' id='word_1_324' title='bbox 1214 1687 1337 1731; x_wconf 82' lang='lat' dir='ltr'>agunt</span> <span class='ocrx_word' id='word_1_325' title='bbox 1365 1684 1407 1721; x_wconf 91' lang='lat' dir='ltr'>in</span> <span class='ocrx_word' id='word_1_326' title='bbox 1439 1687 1632 1731; x_wconf 86' lang='lat' dir='ltr'>quantum</span> <span class='ocrx_word' id='word_1_327' title='bbox 1653 1689 1749 1722; x_wconf 91' lang='lat' dir='ltr'>sunt</span> 
     </span>
     <span class='ocr_line' id='line_1_34' title="bbox 127 1730 1751 1780; baseline 0.002 -14"><span class='ocrx_word' id='word_1_328' title='bbox 127 1733 233 1767; x_wconf 89' lang='lat' dir='ltr'>mota</span> <span class='ocrx_word' id='word_1_329' title='bbox 248 1730 296 1767; x_wconf 86' lang='lat' dir='ltr'>ad</span> <span class='ocrx_word' id='word_1_330' title='bbox 316 1731 527 1777; x_wconf 79' lang='lat' dir='ltr'>agendum,</span> <span class='ocrx_word' id='word_1_331' title='bbox 549 1731 763 1777; x_wconf 86' lang='lat' dir='ltr'>principale</span> <span class='ocrx_word' id='word_1_332' title='bbox 784 1740 876 1769; x_wconf 83' lang='lat' dir='ltr'>vero</span> <span class='ocrx_word' id='word_1_333' title='bbox 897 1740 1022 1779; x_wconf 83' lang='lat' dir='ltr'>agens</span> <span class='ocrx_word' id='word_1_334' title='bbox 1042 1732 1174 1777; x_wconf 89' lang='lat' dir='ltr'>ipsum</span> <span class='ocrx_word' id='word_1_335' title='bbox 1192 1741 1262 1779; x_wconf 87' lang='lat' dir='ltr'>per</span> <span class='ocrx_word' id='word_1_336' title='bbox 1281 1741 1324 1769; x_wconf 87' lang='lat' dir='ltr'>se</span> <span class='ocrx_word' id='word_1_337' title='bbox 1345 1731 1445 1778; x_wconf 81' lang='lat' dir='ltr'>agit;</span> <span class='ocrx_word' id='word_1_338' title='bbox 1469 1731 1610 1778; x_wconf 89' lang='lat' dir='ltr'>siquid</span> <span class='ocrx_word' id='word_1_339' title='bbox 1630 1731 1751 1780; x_wconf 82' lang='lat' dir='ltr'>igitur</span> 
     </span>
     <span class='ocr_line' id='line_1_35' title="bbox 128 1777 1749 1825; baseline 0.002 -12"><span class='ocrx_word' id='word_1_340' title='bbox 128 1777 323 1823; x_wconf 80' lang='lat' dir='ltr'>agendum</span> <span class='ocrx_word' id='word_1_341' title='bbox 351 1777 424 1814; x_wconf 83' lang='lat' dir='ltr'>fuit</span> <span class='ocrx_word' id='word_1_342' title='bbox 442 1778 630 1815; x_wconf 88' lang='lat' dir='ltr'>divinitus</span> <span class='ocrx_word' id='word_1_343' title='bbox 650 1787 720 1824; x_wconf 91' lang='lat' dir='ltr'>per</span> <span class='ocrx_word' id='word_1_344' title='bbox 740 1778 910 1825; x_wconf 82' lang='lat' dir='ltr'>aliquam</span> <span class='ocrx_word' id='word_1_345' title='bbox 931 1778 1201 1816; x_wconf 89' lang='lat' dir='ltr'>irrationalem</span> <span class='ocrx_word' id='word_1_346' title='bbox 1234 1782 1468 1823; x_wconf 86' lang='lat' dir='ltr'>creaturam,</span> <span class='ocrx_word' id='word_1_347' title='bbox 1495 1778 1654 1823; x_wconf 82' lang='lat' dir='ltr'>sufficit,</span> <span class='ocrx_word' id='word_1_348' title='bbox 1687 1787 1749 1817; x_wconf 87' lang='lat' dir='ltr'>se·</span> 
     </span>
     <span class='ocr_line' id='line_1_36' title="bbox 128 1824 1747 1872; baseline 0.004 -13"><span class='ocrx_word' id='word_1_349' title='bbox 128 1824 300 1860; x_wconf 82' lang='lat' dir='ltr'>eundum</span> <span class='ocrx_word' id='word_1_350' title='bbox 321 1824 551 1871; x_wconf 90' lang='lat' dir='ltr'>hujusmodi</span> <span class='ocrx_word' id='word_1_351' title='bbox 573 1829 760 1863; x_wconf 79' lang='lat' dir='ltr'>creaturae</span> <span class='ocrx_word' id='word_1_352' title='bbox 781 1826 1064 1870; x_wconf 86' lang='lat' dir='ltr'>conditionem,</span> <span class='ocrx_word' id='word_1_353' title='bbox 1088 1826 1194 1872; x_wconf 88' lang='lat' dir='ltr'>quod</span> <span class='ocrx_word' id='word_1_354' title='bbox 1214 1827 1344 1864; x_wconf 90' lang='lat' dir='ltr'>solum</span> <span class='ocrx_word' id='word_1_355' title='bbox 1367 1829 1590 1863; x_wconf 87' lang='lat' dir='ltr'>moveretur</span> <span class='ocrx_word' id='word_1_356' title='bbox 1610 1835 1631 1864; x_wconf 91' lang='lat' dir='ltr'>a</span> <span class='ocrx_word' id='word_1_357' title='bbox 1652 1827 1747 1867; x_wconf 89' lang='lat' dir='ltr'>Deo,</span> 
     </span>
     <span class='ocr_line' id='line_1_37' title="bbox 129 1872 1749 1920; baseline 0.002 -14"><span class='ocrx_word' id='word_1_358' title='bbox 129 1880 208 1907; x_wconf 88' lang='lat' dir='ltr'>non</span> <span class='ocrx_word' id='word_1_359' title='bbox 231 1875 361 1908; x_wconf 89' lang='lat' dir='ltr'>autem</span> <span class='ocrx_word' id='word_1_360' title='bbox 383 1872 488 1917; x_wconf 87' lang='lat' dir='ltr'>quod</span> <span class='ocrx_word' id='word_1_361' title='bbox 512 1877 784 1910; x_wconf 87' lang='lat' dir='ltr'>assumeretur</span> <span class='ocrx_word' id='word_1_362' title='bbox 812 1873 854 1909; x_wconf 88' lang='lat' dir='ltr'>in</span> <span class='ocrx_word' id='word_1_363' title='bbox 885 1882 1058 1919; x_wconf 88' lang='lat' dir='ltr'>persona</span> <span class='ocrx_word' id='word_1_364' title='bbox 1086 1876 1129 1909; x_wconf 89' lang='lat' dir='ltr'>ut</span> <span class='ocrx_word' id='word_1_365' title='bbox 1162 1873 1331 1919; x_wconf 87' lang='lat' dir='ltr'>ipsamet</span> <span class='ocrx_word' id='word_1_366' title='bbox 1362 1877 1508 1920; x_wconf 81' lang='lat' dir='ltr'>ageret,</span> <span class='ocrx_word' id='word_1_367' title='bbox 1544 1873 1637 1920; x_wconf 89' lang='lat' dir='ltr'>quia</span> <span class='ocrx_word' id='word_1_368' title='bbox 1672 1873 1749 1910; x_wconf 89' lang='lat' dir='ltr'>hoc</span> 
     </span>
     <span class='ocr_line' id='line_1_38' title="bbox 128 1918 1746 1965; baseline 0.002 -12"><span class='ocrx_word' id='word_1_369' title='bbox 128 1918 212 1962; x_wconf 81' lang='lat' dir='ltr'>ejus</span> <span class='ocrx_word' id='word_1_370' title='bbox 234 1918 427 1955; x_wconf 86' lang='lat' dir='ltr'>naturalis</span> <span class='ocrx_word' id='word_1_371' title='bbox 446 1919 621 1956; x_wconf 89' lang='lat' dir='ltr'>conditio</span> <span class='ocrx_word' id='word_1_372' title='bbox 642 1928 721 1956; x_wconf 88' lang='lat' dir='ltr'>non</span> <span class='ocrx_word' id='word_1_373' title='bbox 744 1920 896 1965; x_wconf 87' lang='lat' dir='ltr'>recipit,</span> <span class='ocrx_word' id='word_1_374' title='bbox 914 1920 983 1957; x_wconf 85' lang='lat' dir='ltr'>sed</span> <span class='ocrx_word' id='word_1_375' title='bbox 1004 1920 1135 1957; x_wconf 90' lang='lat' dir='ltr'>solum</span> <span class='ocrx_word' id='word_1_376' title='bbox 1156 1920 1333 1957; x_wconf 89' lang='lat' dir='ltr'>conditio</span> <span class='ocrx_word' id='word_1_377' title='bbox 1354 1919 1562 1957; x_wconf 87' lang='lat' dir='ltr'>rationalis</span> <span class='ocrx_word' id='word_1_378' title='bbox 1583 1923 1746 1957; x_wconf 73' lang='lat' dir='ltr'>naturae.</span> 
     </span>
     <span class='ocr_line' id='line_1_39' title="bbox 126 1965 1749 2014; baseline 0.002 -14"><span class='ocrx_word' id='word_1_379' title='bbox 126 1966 210 2001; x_wconf 87' lang='lat' dir='ltr'>Non</span> <span class='ocrx_word' id='word_1_380' title='bbox 230 1965 351 2012; x_wconf 81' lang='lat' dir='ltr'>igitur</span> <span class='ocrx_word' id='word_1_381' title='bbox 371 1965 443 2002; x_wconf 85' lang='lat' dir='ltr'>fuit</span> <span class='ocrx_word' id='word_1_382' title='bbox 468 1966 712 2003; x_wconf 87' lang='lat' dir='ltr'>conveniens</span> <span class='ocrx_word' id='word_1_383' title='bbox 741 1967 847 2013; x_wconf 89' lang='lat' dir='ltr'>quod</span> <span class='ocrx_word' id='word_1_384' title='bbox 886 1968 991 2004; x_wconf 90' lang='lat' dir='ltr'>Deus</span> <span class='ocrx_word' id='word_1_385' title='bbox 1018 1966 1189 2014; x_wconf 87' lang='lat' dir='ltr'>aliquam</span> <span class='ocrx_word' id='word_1_386' title='bbox 1222 1967 1492 2004; x_wconf 87' lang='lat' dir='ltr'>irrationalem</span> <span class='ocrx_word' id='word_1_387' title='bbox 1527 1970 1749 2004; x_wconf 88' lang='lat' dir='ltr'>creaturam</span> 
     </span>
     <span class='ocr_line' id='line_1_40' title="bbox 128 2012 1749 2061; baseline 0.002 -14"><span class='ocrx_word' id='word_1_388' title='bbox 128 2015 364 2056; x_wconf 88' lang='lat' dir='ltr'>assumeret,</span> <span class='ocrx_word' id='word_1_389' title='bbox 387 2012 457 2059; x_wconf 87' lang='lat' dir='ltr'>sed</span> <span class='ocrx_word' id='word_1_390' title='bbox 474 2013 722 2058; x_wconf 87' lang='lat' dir='ltr'>rationalem,</span> <span class='ocrx_word' id='word_1_391' title='bbox 739 2013 890 2050; x_wconf 91' lang='lat' dir='ltr'>scilicet</span> <span class='ocrx_word' id='word_1_392' title='bbox 909 2013 1127 2060; x_wconf 82' lang='lat' dir='ltr'>angelicam</span> <span class='ocrx_word' id='word_1_393' title='bbox 1144 2013 1206 2050; x_wconf 86' lang='lat' dir='ltr'>vel</span> <span class='ocrx_word' id='word_1_394' title='bbox 1236 2015 1464 2051; x_wconf 85' lang='lat' dir='ltr'>humanam.</span> <span class='ocrx_word' id='word_1_395' title='bbox 1498 2014 1542 2050; x_wconf 86' lang='lat' dir='ltr'>Et</span> <span class='ocrx_word' id='word_1_396' title='bbox 1570 2015 1749 2061; x_wconf 82' lang='lat' dir='ltr'>quamvis</span> 
     </span>
     <span class='ocr_line' id='line_1_41' title="bbox 127 2059 1753 2107; baseline 0.002 -13"><span class='ocrx_word' id='word_1_397' title='bbox 127 2059 306 2104; x_wconf 80' lang='lat' dir='ltr'>angelica</span> <span class='ocrx_word' id='word_1_398' title='bbox 324 2062 478 2103; x_wconf 87' lang='lat' dir='ltr'>natura,</span> <span class='ocrx_word' id='word_1_399' title='bbox 500 2062 691 2107; x_wconf 88' lang='lat' dir='ltr'>quantum</span> <span class='ocrx_word' id='word_1_400' title='bbox 712 2060 760 2097; x_wconf 89' lang='lat' dir='ltr'>ad</span> <span class='ocrx_word' id='word_1_401' title='bbox 781 2061 983 2098; x_wconf 87' lang='lat' dir='ltr'>naturales</span> <span class='ocrx_word' id='word_1_402' title='bbox 1003 2061 1276 2107; x_wconf 87' lang='lat' dir='ltr'>proprietates,</span> <span class='ocrx_word' id='word_1_403' title='bbox 1298 2061 1521 2098; x_wconf 88' lang='lat' dir='ltr'>inveniatur</span> <span class='ocrx_word' id='word_1_404' title='bbox 1553 2061 1753 2098; x_wconf 78' lang='lat' dir='ltr'>excellen-</span> 
     </span>
     <span class='ocr_line' id='line_1_42' title="bbox 126 2105 1751 2155; baseline 0.003 -14"><span class='ocrx_word' id='word_1_405' title='bbox 126 2105 203 2142; x_wconf 88' lang='lat' dir='ltr'>tior</span> <span class='ocrx_word' id='word_1_406' title='bbox 224 2115 340 2152; x_wconf 86' lang='lat' dir='ltr'>quam</span> <span class='ocrx_word' id='word_1_407' title='bbox 362 2106 536 2144; x_wconf 87' lang='lat' dir='ltr'>humana</span> <span class='ocrx_word' id='word_1_408' title='bbox 562 2111 717 2152; x_wconf 88' lang='lat' dir='ltr'>natura,</span> <span class='ocrx_word' id='word_1_409' title='bbox 741 2110 783 2145; x_wconf 89' lang='lat' dir='ltr'>ut</span> <span class='ocrx_word' id='word_1_410' title='bbox 813 2112 954 2155; x_wconf 86' lang='lat' dir='ltr'>quarta</span> <span class='ocrx_word' id='word_1_411' title='bbox 985 2108 1083 2145; x_wconf 89' lang='lat' dir='ltr'>ratio</span> <span class='ocrx_word' id='word_1_412' title='bbox 1113 2108 1372 2154; x_wconf 82' lang='lat' dir='ltr'>proponebat,</span> <span class='ocrx_word' id='word_1_413' title='bbox 1409 2112 1543 2146; x_wconf 90' lang='lat' dir='ltr'>tamen</span> <span class='ocrx_word' id='word_1_414' title='bbox 1576 2109 1751 2146; x_wconf 88' lang='lat' dir='ltr'>humana</span> 
     </span>
     <span class='ocr_line' id='line_1_43' title="bbox 126 2153 1748 2202; baseline 0.004 -14"><span class='ocrx_word' id='word_1_415' title='bbox 126 2153 413 2199; x_wconf 79' lang='lat' dir='ltr'>congruentius</span> <span class='ocrx_word' id='word_1_416' title='bbox 434 2154 508 2190; x_wconf 87' lang='lat' dir='ltr'>fuit</span> <span class='ocrx_word' id='word_1_417' title='bbox 527 2158 733 2200; x_wconf 87' lang='lat' dir='ltr'>assumpta</span> <span class='ocrx_word' id='word_1_418' title='bbox 764 2166 773 2191; x_wconf 80' lang='lat' dir='ltr'><em>z</em></span> <span class='ocrx_word' id='word_1_419' title='bbox 811 2174 857 2182; x_wconf 91' lang='lat'><em>-</em></span> <span class='ocrx_word' id='word_1_420' title='bbox 880 2155 1010 2192; x_wconf 90' lang='lat' dir='ltr'>Primo</span> <span class='ocrx_word' id='word_1_421' title='bbox 1046 2155 1218 2202; x_wconf 88' lang='lat' dir='ltr'>quidem,</span> <span class='ocrx_word' id='word_1_422' title='bbox 1253 2156 1348 2202; x_wconf 87' lang='lat' dir='ltr'>quia</span> <span class='ocrx_word' id='word_1_423' title='bbox 1384 2155 1427 2192; x_wconf 91' lang='lat' dir='ltr'>in</span> <span class='ocrx_word' id='word_1_424' title='bbox 1462 2155 1624 2194; x_wconf 90' lang='lat' dir='ltr'>homine</span> <span class='ocrx_word' id='word_1_425' title='bbox 1658 2165 1748 2202; x_wconf 87' lang='lat' dir='ltr'>pec·</span> 
     </span>
     <span class='ocr_line' id='line_1_44' title="bbox 126 2200 1751 2250; baseline 0.003 -15"><span class='ocrx_word' id='word_1_426' title='bbox 126 2203 255 2250; x_wconf 85' lang='lat' dir='ltr'>catum</span> <span class='ocrx_word' id='word_1_427' title='bbox 278 2200 471 2245; x_wconf 79' lang='lat' dir='ltr'>expiabile</span> <span class='ocrx_word' id='word_1_428' title='bbox 487 2210 575 2238; x_wconf 88' lang='lat' dir='ltr'>esse</span> <span class='ocrx_word' id='word_1_429' title='bbox 595 2205 738 2247; x_wconf 80' lang='lat' dir='ltr'>potest,</span> <span class='ocrx_word' id='word_1_430' title='bbox 756 2211 802 2239; x_wconf 93' lang='lat' dir='ltr'>eo</span> <span class='ocrx_word' id='word_1_431' title='bbox 827 2202 933 2248; x_wconf 89' lang='lat' dir='ltr'>quod</span> <span class='ocrx_word' id='word_1_432' title='bbox 957 2202 1043 2248; x_wconf 78' lang='lat' dir='ltr'>eJ&#39;us</span> <span class='ocrx_word' id='word_1_433' title='bbox 1070 2203 1211 2240; x_wconf 87' lang='lat' dir='ltr'>electio</span> <span class='ocrx_word' id='word_1_434' title='bbox 1238 2212 1319 2240; x_wconf 88' lang='lat' dir='ltr'>non</span> <span class='ocrx_word' id='word_1_435' title='bbox 1343 2202 1601 2240; x_wconf 84' lang='lat' dir='ltr'>immobiliter</span> <span class='ocrx_word' id='word_1_436' title='bbox 1626 2202 1751 2241; x_wconf 84' lang='lat' dir='ltr'>fertur</span> 
     </span>
     <span class='ocr_line' id='line_1_45' title="bbox 123 2247 1749 2295; baseline 0.004 -13"><span class='ocrx_word' id='word_1_437' title='bbox 123 2255 164 2282; x_wconf 84' lang='lat' dir='ltr'>in</span> <span class='ocrx_word' id='word_1_438' title='bbox 186 2247 348 2293; x_wconf 86' lang='lat' dir='ltr'>aliquid,</span> <span class='ocrx_word' id='word_1_439' title='bbox 372 2248 441 2284; x_wconf 90' lang='lat' dir='ltr'>sed</span> <span class='ocrx_word' id='word_1_440' title='bbox 477 2257 498 2284; x_wconf 90' lang='lat' dir='ltr'>a</span> <span class='ocrx_word' id='word_1_441' title='bbox 527 2249 634 2285; x_wconf 91' lang='lat' dir='ltr'>bono</span> <span class='ocrx_word' id='word_1_442' title='bbox 659 2253 789 2294; x_wconf 88' lang='lat' dir='ltr'>potest</span> <span class='ocrx_word' id='word_1_443' title='bbox 817 2250 985 2295; x_wconf 86' lang='lat' dir='ltr'>perverti</span> <span class='ocrx_word' id='word_1_444' title='bbox 1017 2250 1058 2286; x_wconf 89' lang='lat' dir='ltr'>in</span> <span class='ocrx_word' id='word_1_445' title='bbox 1094 2251 1241 2287; x_wconf 88' lang='lat' dir='ltr'>malum</span> <span class='ocrx_word' id='word_1_446' title='bbox 1279 2254 1318 2288; x_wconf 92' lang='lat' dir='ltr'>et</span> <span class='ocrx_word' id='word_1_447' title='bbox 1350 2260 1373 2288; x_wconf 88' lang='lat' dir='ltr'>a</span> <span class='ocrx_word' id='word_1_448' title='bbox 1397 2251 1503 2287; x_wconf 90' lang='lat' dir='ltr'>malo</span> <span class='ocrx_word' id='word_1_449' title='bbox 1539 2250 1672 2288; x_wconf 88' lang='lat' dir='ltr'>reduci</span> <span class='ocrx_word' id='word_1_450' title='bbox 1705 2251 1749 2288; x_wconf 88' lang='lat' dir='ltr'>in</span> 
     </span>
     <span class='ocr_line' id='line_1_46' title="bbox 124 2293 1748 2344; baseline 0.004 -15"><span class='ocrx_word' id='word_1_451' title='bbox 124 2293 288 2339; x_wconf 88' lang='lat' dir='ltr'>bonum,</span> <span class='ocrx_word' id='word_1_452' title='bbox 310 2295 414 2331; x_wconf 88' lang='lat' dir='ltr'>sieut</span> <span class='ocrx_word' id='word_1_453' title='bbox 433 2296 550 2332; x_wconf 89' lang='lat' dir='ltr'>etiam</span> <span class='ocrx_word' id='word_1_454' title='bbox 582 2296 623 2332; x_wconf 91' lang='lat' dir='ltr'>in</span> <span class='ocrx_word' id='word_1_455' title='bbox 646 2296 820 2333; x_wconf 86' lang='lat' dir='ltr'>hominis</span> <span class='ocrx_word' id='word_1_456' title='bbox 856 2297 1010 2334; x_wconf 89' lang='lat' dir='ltr'>ratione</span> <span class='ocrx_word' id='word_1_457' title='bbox 1030 2297 1240 2344; x_wconf 78' lang='lat' dir='ltr'>contingit,</span> <span class='ocrx_word' id='word_1_458' title='bbox 1271 2306 1372 2344; x_wconf 77' lang='lat' dir='ltr'>quae,</span> <span class='ocrx_word' id='word_1_459' title='bbox 1406 2297 1498 2344; x_wconf 87' lang='lat' dir='ltr'>quia</span> <span class='ocrx_word' id='word_1_460' title='bbox 1536 2307 1583 2334; x_wconf 83' lang='lat' dir='ltr'>ex</span> <span class='ocrx_word' id='word_1_461' title='bbox 1619 2298 1748 2335; x_wconf 90' lang='lat' dir='ltr'>sensi-</span> 
     </span>
     <span class='ocr_line' id='line_1_47' title="bbox 123 2340 1748 2391; baseline 0.004 -15"><span class='ocrx_word' id='word_1_462' title='bbox 123 2340 272 2378; x_wconf 83' lang='lat' dir='ltr'>bilibus</span> <span class='ocrx_word' id='word_1_463' title='bbox 309 2345 346 2378; x_wconf 91' lang='lat' dir='ltr'>et</span> <span class='ocrx_word' id='word_1_464' title='bbox 374 2351 442 2387; x_wconf 87' lang='lat' dir='ltr'>per</span> <span class='ocrx_word' id='word_1_465' title='bbox 470 2343 586 2389; x_wconf 80' lang='lat' dir='ltr'>signa</span> <span class='ocrx_word' id='word_1_466' title='bbox 607 2343 787 2389; x_wconf 82' lang='lat' dir='ltr'>quaedam</span> <span class='ocrx_word' id='word_1_467' title='bbox 815 2344 968 2391; x_wconf 79' lang='lat' dir='ltr'>colligit</span> <span class='ocrx_word' id='word_1_468' title='bbox 996 2344 1215 2389; x_wconf 83' lang='lat' dir='ltr'>veritatem,</span> <span class='ocrx_word' id='word_1_469' title='bbox 1240 2344 1344 2381; x_wconf 88' lang='lat' dir='ltr'>viam</span> <span class='ocrx_word' id='word_1_470' title='bbox 1371 2344 1488 2381; x_wconf 89' lang='lat' dir='ltr'>habet</span> <span class='ocrx_word' id='word_1_471' title='bbox 1521 2345 1569 2381; x_wconf 90' lang='lat' dir='ltr'>ad</span> <span class='ocrx_word' id='word_1_472' title='bbox 1598 2348 1748 2382; x_wconf 86' lang='lat' dir='ltr'>utrum-</span> 
     </span>
     <span class='ocr_line' id='line_1_48' title="bbox 126 2389 1747 2438; baseline 0.003 -14"><span class='ocrx_word' id='word_1_473' title='bbox 126 2397 200 2434; x_wconf 87' lang='lat' dir='ltr'>que</span> <span class='ocrx_word' id='word_1_474' title='bbox 221 2389 508 2434; x_wconf 88' lang='lat' dir='ltr'>oppositorum.</span> <span class='ocrx_word' id='word_1_475' title='bbox 519 2390 694 2437; x_wconf 74' lang='lat' dir='ltr'>Angelus</span> <span class='ocrx_word' id='word_1_476' title='bbox 709 2393 854 2436; x_wconf 89' lang='lat' dir='ltr'>autem,</span> <span class='ocrx_word' id='word_1_477' title='bbox 866 2391 970 2428; x_wconf 88' lang='lat' dir='ltr'>sicut</span> <span class='ocrx_word' id='word_1_478' title='bbox 985 2391 1101 2428; x_wconf 90' lang='lat' dir='ltr'>habet</span> <span class='ocrx_word' id='word_1_479' title='bbox 1116 2391 1358 2429; x_wconf 89' lang='lat' dir='ltr'>immobilem</span> <span class='ocrx_word' id='word_1_480' title='bbox 1374 2391 1747 2438; x_wconf 84' lang='lat' dir='ltr'>apprehensionem,</span> 
     </span>
     <span class='ocr_line' id='line_1_49' title="bbox 125 2436 1749 2486; baseline 0.003 -15"><span class='ocrx_word' id='word_1_481' title='bbox 125 2436 215 2486; x_wconf 75' lang='lat' dir='ltr'>quia</span> <span class='ocrx_word' id='word_1_482' title='bbox 245 2445 313 2481; x_wconf 88' lang='lat' dir='ltr'>per</span> <span class='ocrx_word' id='word_1_483' title='bbox 349 2437 570 2482; x_wconf 90' lang='lat' dir='ltr'>simplicem</span> <span class='ocrx_word' id='word_1_484' title='bbox 606 2437 851 2475; x_wconf 87' lang='lat' dir='ltr'>intellectum</span> <span class='ocrx_word' id='word_1_485' title='bbox 876 2438 1133 2475; x_wconf 88' lang='lat' dir='ltr'>immobiliter</span> <span class='ocrx_word' id='word_1_486' title='bbox 1159 2439 1380 2486; x_wconf 80' lang='lat' dir='ltr'>cognoscit,</span> <span class='ocrx_word' id='word_1_487' title='bbox 1417 2439 1473 2476; x_wconf 87' lang='lat' dir='ltr'>ita</span> <span class='ocrx_word' id='word_1_488' title='bbox 1492 2439 1610 2476; x_wconf 90' lang='lat' dir='ltr'>etiam</span> <span class='ocrx_word' id='word_1_489' title='bbox 1631 2439 1749 2477; x_wconf 86' lang='lat' dir='ltr'>habet</span> 
     </span>
     <span class='ocr_line' id='line_1_50' title="bbox 123 2483 1749 2531; baseline 0.004 -13"><span class='ocrx_word' id='word_1_490' title='bbox 123 2483 365 2520; x_wconf 84' lang='lat' dir='ltr'>immobilem</span> <span class='ocrx_word' id='word_1_491' title='bbox 388 2483 643 2529; x_wconf 86' lang='lat' dir='ltr'>electionem;</span> <span class='ocrx_word' id='word_1_492' title='bbox 664 2485 768 2521; x_wconf 92' lang='lat' dir='ltr'>unde</span> <span class='ocrx_word' id='word_1_493' title='bbox 789 2485 850 2522; x_wconf 89' lang='lat' dir='ltr'>vel</span> <span class='ocrx_word' id='word_1_494' title='bbox 872 2485 913 2522; x_wconf 89' lang='lat' dir='ltr'>in</span> <span class='ocrx_word' id='word_1_495' title='bbox 934 2486 1082 2522; x_wconf 89' lang='lat' dir='ltr'>malum</span> <span class='ocrx_word' id='word_1_496' title='bbox 1098 2486 1263 2523; x_wconf 91' lang='lat' dir='ltr'>omnino</span> <span class='ocrx_word' id='word_1_497' title='bbox 1286 2495 1366 2523; x_wconf 89' lang='lat' dir='ltr'>non</span> <span class='ocrx_word' id='word_1_498' title='bbox 1391 2485 1527 2531; x_wconf 87' lang='lat' dir='ltr'>fertur,</span> <span class='ocrx_word' id='word_1_499' title='bbox 1550 2485 1625 2531; x_wconf 84' lang='lat' dir='ltr'>vel,</span> <span class='ocrx_word' id='word_1_500' title='bbox 1645 2486 1680 2524; x_wconf 90' lang='lat' dir='ltr'>si</span> <span class='ocrx_word' id='word_1_501' title='bbox 1705 2486 1749 2524; x_wconf 89' lang='lat' dir='ltr'>in</span> 
     </span>
     <span class='ocr_line' id='line_1_51' title="bbox 125 2529 1747 2579; baseline 0.004 -14"><span class='ocrx_word' id='word_1_502' title='bbox 125 2529 272 2566; x_wconf 87' lang='lat' dir='ltr'>malum</span> <span class='ocrx_word' id='word_1_503' title='bbox 294 2530 454 2575; x_wconf 86' lang='lat' dir='ltr'>feratur,</span> <span class='ocrx_word' id='word_1_504' title='bbox 475 2531 730 2569; x_wconf 86' lang='lat' dir='ltr'>immobiliter</span> <span class='ocrx_word' id='word_1_505' title='bbox 746 2532 868 2569; x_wconf 86' lang='lat' dir='ltr'>fertur</span> <span class='ocrx_word' id='word_1_506' title='bbox 882 2545 889 2577; x_wconf 91' lang='grc'>;</span> <span class='ocrx_word' id='word_1_507' title='bbox 903 2533 1008 2569; x_wconf 90' lang='lat' dir='ltr'>unde</span> <span class='ocrx_word' id='word_1_508' title='bbox 1027 2532 1113 2579; x_wconf 77' lang='lat' dir='ltr'>ers</span> <span class='ocrx_word' id='word_1_509' title='bbox 1132 2535 1336 2578; x_wconf 88' lang='lat' dir='ltr'>peccatum</span> <span class='ocrx_word' id='word_1_510' title='bbox 1350 2533 1544 2579; x_wconf 79' lang='lat' dir='ltr'>expiabile</span> <span class='ocrx_word' id='word_1_511' title='bbox 1559 2542 1747 2571; x_wconf 86' lang='lat' dir='ltr'>essenon</span> 
     </span>
     <span class='ocr_line' id='line_1_52' title="bbox 122 2577 1746 2627; baseline 0.004 -15"><span class='ocrx_word' id='word_1_512' title='bbox 122 2580 263 2620; x_wconf 85' lang='lat' dir='ltr'>potest.</span> <span class='ocrx_word' id='word_1_513' title='bbox 282 2577 409 2620; x_wconf 82' lang='lat' dir='ltr'>Quum</span> <span class='ocrx_word' id='word_1_514' title='bbox 429 2578 548 2625; x_wconf 80' lang='lat' dir='ltr'>igitur</span> <span class='ocrx_word' id='word_1_515' title='bbox 571 2579 770 2625; x_wconf 71' lang='lat' dir='ltr'>praecipua</span> <span class='ocrx_word' id='word_1_516' title='bbox 789 2588 911 2617; x_wconf 87' lang='lat' dir='ltr'>eausa</span> <span class='ocrx_word' id='word_1_517' title='bbox 923 2580 1104 2617; x_wconf 83' lang='lat' dir='ltr'>videatur</span> <span class='ocrx_word' id='word_1_518' title='bbox 1119 2580 1258 2617; x_wconf 67' lang='lat' dir='ltr'>divinae</span> <span class='ocrx_word' id='word_1_519' title='bbox 1278 2580 1565 2617; x_wconf 89' lang='lat' dir='ltr'>incarnationis</span> <span class='ocrx_word' id='word_1_520' title='bbox 1577 2581 1746 2627; x_wconf 82' lang='lat' dir='ltr'>expiatio</span> 
     </span>
     <span class='ocr_line' id='line_1_53' title="bbox 123 2626 1745 2675; baseline 0.004 -17"><span class='ocrx_word' id='word_1_521' title='bbox 123 2627 389 2669; x_wconf 87' lang='lat' dir='ltr'>peccatorum,</span> <span class='ocrx_word' id='word_1_522' title='bbox 406 2629 448 2661; x_wconf 90' lang='lat' dir='ltr'>ut</span> <span class='ocrx_word' id='word_1_523' title='bbox 468 2635 516 2662; x_wconf 87' lang='lat' dir='ltr'>ex</span> <span class='ocrx_word' id='word_1_524' title='bbox 533 2626 741 2671; x_wconf 89' lang='lat' dir='ltr'>Scripturis</span> <span class='ocrx_word' id='word_1_525' title='bbox 755 2626 900 2664; x_wconf 85' lang='lat' dir='ltr'>divinis</span> <span class='ocrx_word' id='word_1_526' title='bbox 915 2627 1117 2672; x_wconf 88' lang='lat' dir='ltr'>docemur,</span> <span class='ocrx_word' id='word_1_527' title='bbox 1140 2628 1427 2675; x_wconf 82' lang='lat' dir='ltr'>congruentius</span> <span class='ocrx_word' id='word_1_528' title='bbox 1440 2628 1514 2664; x_wconf 86' lang='lat' dir='ltr'>fuit</span> <span class='ocrx_word' id='word_1_529' title='bbox 1530 2628 1745 2665; x_wconf 88' lang='lat' dir='ltr'>humanam</span> 
     </span>
     <span class='ocr_line' id='line_1_54' title="bbox 123 2672 1744 2722; baseline 0.004 -18"><span class='ocrx_word' id='word_1_530' title='bbox 123 2672 303 2706; x_wconf 86' lang='lat' dir='ltr'>naturam</span> <span class='ocrx_word' id='word_1_531' title='bbox 327 2681 442 2718; x_wconf 84' lang='lat' dir='ltr'>quam</span> <span class='ocrx_word' id='word_1_532' title='bbox 480 2673 700 2719; x_wconf 78' lang='lat' dir='ltr'>angelicam</span> <span class='ocrx_word' id='word_1_533' title='bbox 740 2674 891 2711; x_wconf 87' lang='lat' dir='ltr'>assumi</span> <span class='ocrx_word' id='word_1_534' title='bbox 930 2683 954 2711; x_wconf 91' lang='lat' dir='ltr'>a</span> <span class='ocrx_word' id='word_1_535' title='bbox 983 2676 1076 2711; x_wconf 91' lang='lat' dir='ltr'>Deo.</span> <span class='ocrx_word' id='word_1_536' title='bbox 1101 2675 1359 2719; x_wconf 83' lang='lat' dir='ltr'>—Secundo,</span> <span class='ocrx_word' id='word_1_537' title='bbox 1394 2675 1489 2722; x_wconf 89' lang='lat' dir='ltr'>quia</span> <span class='ocrx_word' id='word_1_538' title='bbox 1523 2674 1744 2721; x_wconf 89' lang='lat' dir='ltr'>assumptio</span> 
     </span>
     <span class='ocr_line' id='line_1_55' title="bbox 124 2720 1741 2768; baseline 0.004 -17"><span class='ocrx_word' id='word_1_539' title='bbox 124 2720 311 2768; x_wconf 58' lang='lat' dir='ltr'>creaturae</span> <span class='ocrx_word' id='word_1_540' title='bbox 334 2728 356 2754; x_wconf 90' lang='lat' dir='ltr'>a</span> <span class='ocrx_word' id='word_1_541' title='bbox 375 2720 455 2756; x_wconf 92' lang='lat' dir='ltr'>Deo</span> <span class='ocrx_word' id='word_1_542' title='bbox 477 2722 538 2756; x_wconf 88' lang='lat' dir='ltr'>est</span> <span class='ocrx_word' id='word_1_543' title='bbox 559 2720 599 2756; x_wconf 91' lang='lat' dir='ltr'>in</span> <span class='ocrx_word' id='word_1_544' title='bbox 620 2729 805 2766; x_wconf 84' lang='lat' dir='ltr'>persona,</span> <span class='ocrx_word' id='word_1_545' title='bbox 827 2730 907 2757; x_wconf 91' lang='lat' dir='ltr'>non</span> <span class='ocrx_word' id='word_1_546' title='bbox 932 2721 970 2757; x_wconf 92' lang='lat' dir='ltr'>in</span> <span class='ocrx_word' id='word_1_547' title='bbox 1001 2725 1155 2766; x_wconf 89' lang='lat' dir='ltr'>natura,</span> <span class='ocrx_word' id='word_1_548' title='bbox 1179 2725 1222 2758; x_wconf 90' lang='lat' dir='ltr'>ut</span> <span class='ocrx_word' id='word_1_549' title='bbox 1255 2732 1303 2759; x_wconf 83' lang='lat' dir='ltr'>ex</span> <span class='ocrx_word' id='word_1_550' title='bbox 1330 2721 1603 2768; x_wconf 88' lang='lat' dir='ltr'>superioribus</span> <span class='ocrx_word' id='word_1_551' title='bbox 1622 2724 1741 2768; x_wconf 87' lang='lat' dir='ltr'>patet.</span> 
     </span>
     <span class='ocr_line' id='line_1_56' title="bbox 124 2763 1744 2816; baseline 0.005 -19"><span class='ocrx_word' id='word_1_552' title='bbox 124 2763 565 2815; x_wconf 67' lang='lat' dir='ltr'>Convementiusigitur</span> <span class='ocrx_word' id='word_1_553' title='bbox 585 2770 790 2813; x_wconf 87' lang='lat' dir='ltr'>assumpta</span> <span class='ocrx_word' id='word_1_554' title='bbox 809 2771 870 2804; x_wconf 87' lang='lat' dir='ltr'>est</span> <span class='ocrx_word' id='word_1_555' title='bbox 890 2768 1064 2806; x_wconf 84' lang='lat' dir='ltr'>hominis</span> <span class='ocrx_word' id='word_1_556' title='bbox 1097 2771 1239 2806; x_wconf 87' lang='lat' dir='ltr'>natura</span> <span class='ocrx_word' id='word_1_557' title='bbox 1269 2778 1388 2815; x_wconf 91' lang='lat' dir='ltr'>quam</span> <span class='ocrx_word' id='word_1_558' title='bbox 1419 2768 1612 2816; x_wconf 84' lang='lat' dir='ltr'>angelica,</span> <span class='ocrx_word' id='word_1_559' title='bbox 1651 2768 1744 2815; x_wconf 86' lang='lat' dir='ltr'>quia</span> 
     </span>
     <span class='ocr_line' id='line_1_57' title="bbox 121 2808 1743 2862; baseline 0.005 -18"><span class='ocrx_word' id='word_1_560' title='bbox 121 2818 161 2846; x_wconf 87' lang='lat' dir='ltr'>in</span> <span class='ocrx_word' id='word_1_561' title='bbox 179 2808 338 2862; x_wconf 84' lang='lat' dir='ltr'>homine</span> <span class='ocrx_word' id='word_1_562' title='bbox 360 2812 464 2848; x_wconf 90' lang='lat' dir='ltr'>aliud</span> <span class='ocrx_word' id='word_1_563' title='bbox 483 2816 543 2850; x_wconf 88' lang='lat' dir='ltr'>est</span> <span class='ocrx_word' id='word_1_564' title='bbox 563 2818 703 2851; x_wconf 85' lang='lat' dir='ltr'>natura</span> <span class='ocrx_word' id='word_1_565' title='bbox 724 2818 761 2851; x_wconf 89' lang='lat' dir='ltr'>et</span> <span class='ocrx_word' id='word_1_566' title='bbox 782 2814 886 2852; x_wconf 89' lang='lat' dir='ltr'>aliud</span> <span class='ocrx_word' id='word_1_567' title='bbox 908 2824 1093 2861; x_wconf 87' lang='lat' dir='ltr'>persona,</span> <span class='ocrx_word' id='word_1_568' title='bbox 1115 2825 1237 2862; x_wconf 86' lang='lat' dir='ltr'>quum</span> <span class='ocrx_word' id='word_1_569' title='bbox 1254 2817 1306 2853; x_wconf 89' lang='lat' dir='ltr'>sit</span> <span class='ocrx_word' id='word_1_570' title='bbox 1320 2826 1367 2853; x_wconf 79' lang='lat' dir='ltr'>ex</span> <span class='ocrx_word' id='word_1_571' title='bbox 1378 2815 1544 2852; x_wconf 85' lang='lat' dir='ltr'>materia</span> <span class='ocrx_word' id='word_1_572' title='bbox 1557 2818 1594 2851; x_wconf 88' lang='lat' dir='ltr'>et</span> <span class='ocrx_word' id='word_1_573' title='bbox 1614 2813 1743 2852; x_wconf 83' lang='lat' dir='ltr'>forma</span> 
     </span>
     <span class='ocr_line' id='line_1_58' title="bbox 123 2861 1744 2909; baseline 0.005 -17"><span class='ocrx_word' id='word_1_574' title='bbox 123 2861 389 2903; x_wconf 83' lang='lat' dir='ltr'>compositus;</span> <span class='ocrx_word' id='word_1_575' title='bbox 413 2867 492 2895; x_wconf 89' lang='lat' dir='ltr'>non</span> <span class='ocrx_word' id='word_1_576' title='bbox 515 2864 645 2896; x_wconf 89' lang='lat' dir='ltr'>autem</span> <span class='ocrx_word' id='word_1_577' title='bbox 666 2861 704 2897; x_wconf 93' lang='lat' dir='ltr'>in</span> <span class='ocrx_word' id='word_1_578' title='bbox 728 2862 885 2908; x_wconf 81' lang='lat' dir='ltr'>angelo,</span> <span class='ocrx_word' id='word_1_579' title='bbox 907 2862 973 2908; x_wconf 87' lang='lat' dir='ltr'>qui</span> <span class='ocrx_word' id='word_1_580' title='bbox 1000 2862 1272 2899; x_wconf 87' lang='lat' dir='ltr'>immaterialis</span> <span class='ocrx_word' id='word_1_581' title='bbox 1295 2867 1369 2899; x_wconf 90' lang='lat' dir='ltr'>est.</span> <span class='ocrx_word' id='word_1_582' title='bbox 1397 2881 1441 2888; x_wconf 89' lang='lat'>—-</span> <span class='ocrx_word' id='word_1_583' title='bbox 1472 2861 1614 2907; x_wconf 87' lang='lat' dir='ltr'>Tertio,</span> <span class='ocrx_word' id='word_1_584' title='bbox 1648 2862 1744 2909; x_wconf 85' lang='lat' dir='ltr'>quia</span> 
     </span>
     <span class='ocr_line' id='line_1_59' title="bbox 122 2904 1739 2956; baseline 0.006 -17"><span class='ocrx_word' id='word_1_585' title='bbox 122 2904 304 2950; x_wconf 65' lang='lat' dir='ltr'>angelus,</span> <span class='ocrx_word' id='word_1_586' title='bbox 328 2905 547 2943; x_wconf 88' lang='lat' dir='ltr'>secundum</span> <span class='ocrx_word' id='word_1_587' title='bbox 568 2908 845 2953; x_wconf 81' lang='lat' dir='ltr'>proprietatem</span> <span class='ocrx_word' id='word_1_588' title='bbox 872 2917 954 2946; x_wconf 77' lang='lat' dir='ltr'>suae</span> <span class='ocrx_word' id='word_1_589' title='bbox 975 2913 1138 2950; x_wconf 63' lang='lat' dir='ltr'>naturae,</span> <span class='ocrx_word' id='word_1_590' title='bbox 1160 2909 1422 2956; x_wconf 89' lang='lat' dir='ltr'>propinquior</span> <span class='ocrx_word' id='word_1_591' title='bbox 1440 2912 1523 2945; x_wconf 89' lang='lat' dir='ltr'>erat</span> <span class='ocrx_word' id='word_1_592' title='bbox 1547 2908 1596 2946; x_wconf 89' lang='lat' dir='ltr'>ad</span> <span class='ocrx_word' id='word_1_593' title='bbox 1617 2909 1739 2949; x_wconf 87' lang='lat' dir='ltr'>Deum</span> 
     </span>
    </p>
   </div>
   <div class='ocr_carea' id='block_1_3' title="bbox 1850 0 1894 233">
    <p class='ocr_par' dir='ltr' id='par_1_6' title="bbox 1850 0 1894 233">
     <span class='ocr_line' id='line_1_60' title="bbox 1850 0 1894 233; textangle 90"><span class='ocrx_word' id='word_1_594' title='bbox 1850 0 1894 233; x_wconf 54' lang='grc' dir='ltr'>.;..,-.-ὲιωΜ</span> 
     </span>
    </p>
   </div>
  </div>
 </body>
</html>
