1894 3223
770 117 856 154 ΗΒ.
884 117 943 161 IV,
972 117 1071 153 CAP.
1100 117 1128 154 1.
1687 120 1753 154 487

176 199 218 237 Si
239 199 360 247 igitur
383 199 480 245 ipsae
515 199 585 235 vite
614 198 840 244 imperfecte
862 202 1160 244 cognoscuntur
1180 208 1203 236 a
1222 198 1354 244 nohis,
1375 199 1576 246 quomodo
1596 208 1666 245 per
1693 209 1760 236 eas

132 246 182 285 ad
203 247 372 293 perfecte
399 245 723 292 cognoscendum
756 245 930 291 ipsarum
953 247 1104 282 viarum
1126 246 1359 292 principium
1389 247 1604 292 poterimus
1628 256 1762 292 perve-

133 294 232 338 nire,
262 292 365 340 qnod
401 293 486 328 sine
522 292 773 338 proportione
795 293 947 330 excedit
966 294 1050 329 vias
1078 293 1317 338 praedictas?
1337 294 1473 330 Etiam.
1497 294 1527 330 si
1548 294 1633 330 vias
1654 294 1762 339 ipsas

133 348 447 388 cognoceremus
470 340 653 385 perfecte,
675 339 851 376 nondum
884 344 1012 377 tamen
1035 340 1208 386 perlecta
1238 340 1422 386 principii
1450 341 1625 387 cognitio
1647 340 1762 378 nobis

131 387 306 425 adesset.

180 433 282 478 Quia
300 433 421 481 igitur
441 433 583 470 debilis
603 436 687 470 erat
716 433 782 470 Dei
811 433 987 480 cognitio
1008 433 1055 469 ad
1077 442 1193 480 quarn
1217 434 1336 471 homo
1358 444 1426 480 per
1446 435 1531 471 vias
1549 435 1761 480 prcedictas

133 480 391 518 intellectuali
413 480 583 526 quodam
605 480 718 527 quasi
739 480 883 516 intuitu
905 480 1127 527 pertingere
1147 484 1313 525 poterat,
1343 491 1387 517 ex
1422 482 1761 527 superabundanti

135 527 322 572 bonitate,
355 530 397 564 ut
435 527 584 564 firmior
614 530 719 564 esset
748 527 920 564 hominis
942 526 988 563 de
1024 529 1100 563 Deo
1135 528 1324 574 cognitio,
1349 529 1528 575 quiedam
1551 529 1596 565 de
1629 530 1762 575 seipso

136 573 366 612 hominibus
387 575 584 618 revelavit,
605 584 690 621 quse
711 574 953 611 intellectum
978 574 1194 610 humanum
1214 575 1406 611 excedunt
1423 588 1432 616 3
1450 576 1486 611 in
1507 586 1584 622 qua
1602 577 1762 622 quidem

135 621 376 659 revelatione
409 622 628 658 secundum
656 620 954 669 congruentiam
986 620 1161 657 hominis
1196 622 1356 668 quidam
1385 623 1482 659 ordo
1505 624 1696 667 servatur,
1721 627 1763 660 ut

163 668 324 705 aulatim
348 668 395 752 ge
417 668 646 715 imperfecto
668 670 798 706 veniat
816 668 863 705 ad
885 667 1115 714 perfectum,
1138 668 1240 705 sicut
1259 668 1300 705 in
1321 669 1474 706 caeterss
1495 670 1612 707 rebus
1636 670 1762 707 mobi-

155 716 343 753 ibusacci
376 716 418 753 it.

183 763 315 800 Primo
346 763 466 810 igitur
486 763 542 800 sic
564 763 715 800 homini
750 763 973 799 revelantur
1010 766 1051 798 ut
1078 765 1209 799 tamen
1248 772 1328 800 non
1358 764 1654 811 intelligantur,
1694 764 1764 802 sed

136 810 268 847 solum
291 810 405 857 quasi
433 810 566 847 audita
584 810 806 851 credantur,
827 810 920 856 quia
948 809 1173 846 intellectus
1201 809 1391 855 hominis,
1416 812 1633 848 secundum
1658 812 1763 848 hunc

139 861 283 894 statum
323 866 401 904 quo
439 857 697 894 sensibilibus
725 862 784 895 est
818 865 1036 899 connexus,
1060 856 1107 892 ad
1138 866 1182 893 ea
1205 857 1394 895 intuenda
1413 868 1498 905 quae
1519 868 1658 895 omnes
1678 867 1765 904 pro-

143 904 347 950 portiones
381 913 524 942 sensus
562 904 753 941 excedunt
791 904 954 941 omnino
994 903 1137 939 elevari
1178 913 1257 940 non
1303 910 1457 950 potest;
1492 906 1575 949 sed,
1621 915 1709 942 eum
1742 914 1764 942 a

138 950 391 988 sensibilium
421 952 669 988 connexione
692 952 807 988 suerit
825 952 1026 994 liberatus,
1056 954 1149 987 tunc
1178 951 1394 989 elevabitur
1415 953 1462 989 ad
1485 963 1529 990 ea
1550 963 1637 1000 quse
1660 962 1763 990 reve-

140 998 271 1035 lantur
293 998 495 1034 intuenda.

186 1046 251 1082 Est
270 1045 391 1091 igitur
413 1046 554 1090 triplex
575 1045 750 1091 cognitio
773 1045 946 1081 hominis
963 1045 1008 1080 de
1028 1046 1183 1083 divinis.
1208 1047 1378 1089 Quarum
1400 1048 1524 1092 prima
1546 1051 1606 1083 est
1627 1056 1765 1083 secun-

138 1091 232 1128 dum
248 1092 353 1137 quod
375 1092 491 1128 bomo
511 1093 679 1128 naturali
704 1092 849 1128 lumine
872 1091 1036 1129 rationis
1055 1102 1123 1138 per
1136 1097 1337 1130 creaturas
1357 1094 1395 1129 in
1414 1095 1478 1130 Dei
1495 1095 1763 1141 cognitionem

138 1138 341 1183 ascendit3
371 1139 546 1175 secunda
573 1144 633 1175 est
661 1143 775 1183 prout
804 1139 935 1174 divina
966 1140 1122 1183 veritas,
1148 1140 1388 1176 intellectum
1413 1142 1629 1177 humanum
1651 1150 1764 1177 exce-

138 1186 253 1230 dens,
271 1194 340 1231 per
359 1185 520 1222 modum
542 1186 796 1222 revelationis
819 1186 858 1221 in
882 1194 955 1222 nos
973 1186 1190 1231 descendit,
1221 1196 1300 1222 non
1322 1191 1451 1223 tamen
1473 1188 1585 1233 quasi
1603 1188 1764 1224 demon-

138 1235 262 1270 strata
282 1231 330 1269 ad
351 1232 576 1276 videndum,
599 1233 668 1269 sed
690 1232 802 1279 quasi
824 1241 1006 1269 sermone
1029 1233 1179 1278 prolata
1199 1233 1246 1270 ad
1266 1234 1505 1270 credendum
1529 1247 1536 1278 ;
1570 1236 1682 1271 tertia
1705 1238 1764 1271 est

140 1279 357 1363 secunddum
381 1279 486 1326 quod
507 1288 619 1317 mens
644 1280 818 1316 humana
835 1280 1010 1316 elevatur
1030 1280 1077 1317 ad
1103 1290 1147 1317 ea
1165 1290 1252 1327 quae
1282 1285 1376 1318 sunt
1404 1282 1571 1318 revelata
1593 1282 1764 1327 perfecte

141 1327 275 1363 intuen
308 1336 343 1363 a.

188 1375 295 1411 Hanc
313 1373 435 1421 igitur
455 1374 646 1420 triplicem
669 1374 937 1421 cognitionem
957 1374 1028 1411 ,lob
1048 1375 1085 1411 in
1107 1375 1238 1412 verbis
1266 1376 1482 1421 propositis
1507 1376 1697 1413 insinuat.
1719 1395 1765 1403 —

142 1421 255 1464 Quod
273 1422 379 1458 enim
403 1420 498 1458 dicit
518 1434 525 1457 :
544 1422 727 1465 Eccedzaec
746 1432 789 1456 (ἀ)
803 1425 911 1466 parte
936 1422 1032 1457 dicta
1052 1426 1137 1458 sunt
1155 1424 1299 1458 viarum
1319 1424 1409 1468 ejus,
1432 1424 1478 1459 ad
1499 1424 1605 1460 illam
1628 1423 1764 1470 cogni-

141 1468 288 1505 tionem
308 1467 475 1513 pertinet
496 1477 573 1514 qua
606 1477 674 1513 per
704 1468 807 1504 viam
837 1473 1103 1505 creaturarum
1142 1470 1182 1505 in
1219 1471 1285 1506 Dei
1323 1471 1590 1517 cognitionem
1631 1474 1766 1507 noster

142 1514 366 1552 intellectus
388 1515 576 1551 ascendit.
600 1517 642 1551 Et
660 1515 748 1561 quia
770 1515 843 1552 has
870 1515 952 1551 vias
971 1516 1196 1561 imperfecte
1230 1517 1525 1563 cognoscimus,
1560 1521 1663 1554 recte
1698 1517 1765 1554 ad-

139 1561 271 1608 junxit
290 1572 334 1597 ea:
350 1566 480 1607 purte‚·
502 1572 545 1597 ατ
561 1565 667 1607 purte
686 1564 780 1597 enim
799 1564 1051 1606 coquosc-imus,
1068 1563 1390 1608 sicutApostolus
1410 1564 1514 1600 dicit.
1529 1564 1559 1610 (I
1573 1565 1763 1609 Cor.,X111‚

142 1608 194 1655 9.)
211 1628 258 1634 —
277 1608 389 1652 Quod
410 1618 503 1645 vero
525 1609 657 1645 subdit
678 1621 686 1644 :
710 1611 755 1644 Et
775 1620 883 1654 quum
901 1611 966 1644 vim
985 1620 1140 1654 parram
1161 1611 1295 1645 stillam
1325 1613 1497 1646 scm-tonis
1527 1611 1605 1656 ejzcs
1639 1612 1763 1646 (tudie-

143 1657 270 1696 m‘mus,
293 1655 340 1692 ad
360 1656 575 1692 secundam
605 1656 872 1703 cognitionem
904 1657 1082 1702 pertinet,
1116 1661 1233 1702 prout
1266 1658 1395 1694 divina
1420 1658 1533 1695 nobis
1570 1659 1766 1695 credenda

144 1712 214 1750 per
232 1703 394 1739 modum
413 1703 624 1739 locutionis
648 1704 894 1747 revelatum-3
920 1704 1006 1748 fides
1042 1704 1159 1748 enim,
1196 1707 1239 1741 ut
1272 1705 1423 1748 dicitur,
1454 1708 1513 1741 est
1542 1716 1585 1741 eoe
1619 1706 1762 1744 αωίῖειι,

145 1749 293 1785 auditus
305 1753 427 1784 autem
456 1760 522 1794 per
552 1751 697 1785 verbum
725 1750 876 1791 Christi,
898 1751 944 1786 de
972 1760 1050 1797 quo
1083 1751 1203 1787 etiam,
1229 1751 1395 1789 dicitur:
1430 1753 1623 1798 Sanctificu
1644 1763 1709 1789 ρον
1727 1754 1766 1788 in

143 1798 306 1832 veritate.
323 1797 444 1832 Sermo
464 1802 545 1832 taus
564 1799 698 1832 veritus
719 1800 782 1832 est.
804 1798 963 1843 (Joawz.,
998 1806 1096 1842 ΠΗ,
1131 1798 1202 1845 17.)
1227 1799 1286 1836 Sic
1318 1799 1448 1845 igitur,
1480 1800 1570 1846 quia
1597 1800 1766 1837 revelata

143 1843 288 1880 veritas
308 1843 354 1880 de
373 1843 514 1880 divinis
543 1852 623 1880 non
650 1844 831 1886 videnda,
853 1844 921 1881 sed
943 1845 1137 1881 credenda
1163 1847 1409 1891 proponitur,
1436 1850 1537 1883 recte
1563 1846 1652 1888 dicit
1699 1857 1763 1881 αιι-

144 1890 332 1926 dierimus.
354 1890 451 1934 Quia
472 1899 563 1927 vero
585 1890 668 1927 haec
684 1891 911 1937 imperfecta
931 1891 1104 1937 cognitio
1128 1892 1253 1928 effluit
1278 1893 1325 1929 ab
1344 1894 1411 1930 illa
1430 1894 1601 1938 perfecta
1621 1894 1763 1946 cogni-

143 1937 251 1974 tione
271 1947 350 1984 qua
369 1937 499 1974 divina
518 1938 661 1974 veritas
680 1938 721 1973 in
741 1938 872 1983 seipsa
892 1938 1055 1981 videtur,
1081 1939 1174 1975 dum
1194 1949 1217 1976 a
1247 1941 1326 1976 Deo
1348 1941 1475 1981 nobis,
1500 1941 1764 1977 mediantibus

144 1984 314 2031 angelis,
333 1985 539 2025 revelatur,
562 1984 628 2031 qui
648 1984 779 2020 vident
799 1984 938 2022 faciem
964 1986 1102 2027 Patris,
1126 1989 1228 2023 recte
1262 1987 1442 2024 nominat
1468 1987 1625 2030 stillam3
1660 1988 1764 2024 unde

144 2033 184 2069 et
203 2031 342 2068 dicitur
360 2043 368 2068 :
389 2033 432 2067 In
453 2032 510 2067 die
533 2032 612 2076 illa,
633 2033 824 2067 stillabunt
843 2035 974 2068 montes
994 2033 1231 2069 dulcedinem.
1252 2034 1367 2080 (Joel.,
1388 2044 1446 2079 111,
1466 2034 1537 2082 18.)
1559 2035 1647 2080 Sed,
1673 2035 1765 2081 quia

145 2086 227 2115 non
247 2078 381 2115 omnia
397 2079 585 2125 mysteria
604 2087 690 2125 quae
710 2079 750 2115 in
764 2078 891 2125 prima
910 2079 1069 2116 veritate
1092 2080 1177 2117 uisa
1199 2081 1331 2128 angeli
1357 2084 1394 2118 et
1419 2081 1483 2118 alii
1497 2082 1599 2119 beati
1621 2091 1766 2129 cogno«

147 2126 277 2170 scunt,
298 2124 369 2161 sed
399 2125 578 2171 quaedam
607 2134 734 2171 pauca
762 2125 877 2163 nobis
915 2127 1152 2171 revelantur,
1179 2128 1382 2175 signanter
1409 2129 1557 2166 addidit
1576 2140 1762 2175 parvam.-

147 2171 287 2209 dicitur
307 2171 411 2208 enim
432 2183 441 2208 ε
465 2171 550 2215 Quis
566 2173 814 2217 magnificabit
827 2183 905 2208 eum
923 2175 1015 2208 sicut
1035 2176 1087 2209 est
1106 2174 1149 2209 ab
1170 2176 1275 2211 initio
1287 2177 1305 2210 P
1322 2176 1442 2212 Multa
1458 2175 1668 2212 abscondita
1680 2178 1766 2212 sunt

140 2218 289 2264 ,majora
308 2218 365 2254 his
376 2230 390 2262 ‚-
406 2228 527 2263 pauca
542 2220 637 2254 enim
653 2219 812 2255 vidimus
831 2229 975 2264 operum
994 2220 1071 2265 ejus
1091 2220 1230 2266 (Eucti,
1258 2230 1367 2267 xmn,
1389 2225 1447 2266 35,
1471 2223 1529 2270 36)
1547 2235 1555 2267 ;
1579 2225 1616 2259 et
1635 2223 1764 2260 Domi-

147 2274 225 2302 nus
243 2263 446 2312 discipulis
467 2265 582 2302 dicit:
604 2267 719 2301 Multa
738 2267 847 2302 habeo
865 2267 963 2302 vobis
981 2267 1118 2308 dicere,-
1149 2269 1212 2304 sed
1229 2279 1299 2304 non
1313 2271 1463 2314 potestis
1480 2273 1627 2315 portare
1646 2270 1762 2305 modo.

148 2311 306 2358 (sonum,
326 2319 412 2356 xw,
433 2311 505 2359 12.)
533 2313 620 2349 Haec
641 2312 756 2350 etiam
774 2322 900 2358 pauca
919 2322 1006 2360 quae
1026 2314 1141 2351 nobis
1176 2315 1400 2353 revelantur
1420 2316 1493 2353 sub
1527 2316 1764 2363 quibusdam

147 2358 469 2397 similitudinibus
495 2361 533 2396 et
561 2359 867 2397 obscuritatibus
894 2360 1105 2397 verborum
1134 2362 1249 2399 nobis
1281 2365 1570 2408 proponuntur,
1593 2366 1635 2399 ut
1653 2363 1701 2400 ad
1719 2372 1782 2400 ea*

147 2414 306 2453 quoque
322 2405 512 2452 capienda
530 2406 606 2444 soli
625 2406 794 2444 studiosi
811 2407 1053 2453 perveniant,
1075 2407 1140 2444 alii
1157 2417 1250 2446 vero
1269 2409 1382 2456 quasi
1400 2410 1555 2447 occulta
1574 2419 1764 2446 veneren-

145 2454 212 2490 tur
229 2456 268 2489 et
285 2452 478 2490 increduli
494 2453 667 2490 lacerare
685 2462 766 2491 non
785 2453 960 2500 possint3
985 2455 1090 2492 unde
1105 2454 1420 2502 dicitApostolus
1442 2468 1451 2493 :
1475 2457 1645 2493 Videmus
1665 2467 1762 2493 nunc

143 2509 212 2546 per
229 2499 411 2546 speculum
429 2501 470 2535 in
485 2501 685 2545 aenigmate.
709 2501 741 2548 (Ι
759 2501 853 2546 Gor„
882 2509 968 2545 xm,
992 2501 1074 2548 12);
1097 2501 1300 2549 signanter
1314 2501 1434 2550 igitur
1451 2503 1598 2541 addidit
1623 2505 1701 2549 vz‘oe,
1724 2506 1767 2541 ut

147 2544 360 2584 difficultas
378 2546 667 2584 ostenderetur.
688 2567 735 2574 —-
753 2547 864 2592 Quod
885 2556 977 2584 vero
1002 2548 1175 2585 subdidit
1194 2561 1202 2586 :
1228 2549 1314 2593 Quis
1332 2552 1465 2596 poterit
1483 2552 1767 2587 tonitruumma-

146 2591 352 2639 mitudinis
370 2593 471 2630 illius
490 2594 659 2630 intueri?
674 2594 722 2631 ad
735 2594 889 2631 tertiam
909 2594 1176 2647 cognitionem
1188 2596 1367 2642 pertinet,
1387 2607 1464 2644 qua
1477 2597 1603 2644 prima
1621 2598 1765 2635 veritas

146 2643 425 2688 cognoscetur,
446 2649 529 2678 non
543 2640 646 2678 sicut
661 2641 820 2686 credita,
839 2641 909 2678 sed
938 2645 1040 2678 sicut
1059 2641 1143 2679 visa
1164 2654 1173 2679 ε
1199 2643 1408 2681 Videbimus
1437 2646 1531 2681 enim
1560 2655 1639 2681 eum
1658 2647 1767 2682 sicuti

146 2690 212 2732 est,
237 2689 280 2724 ut
299 2687 440 2725 dicitur
457 2687 619 2734 (Joann.,
639 2695 697 2733 111,
717 2687 773 2735 2);
791 2688 896 2725 unde
916 2688 1007 2725 dicit
1034 2690 1182 2725 intueri.
1218 2691 1296 2728 Nec
1319 2690 1465 2744 aliquid
1497 2692 1696 2730 modicum
1718 2693 1765 2730 de

147 2733 289 2771 divinis
304 2734 502 2782 mysteriis
518 2734 767 2780 percipietur,
788 2735 857 2772 sed
875 2734 962 2781 ipsa
982 2735 1168 2782 majestas
1200 2736 1330 2776 divina
1359 2738 1552 2776 Videbitur
1576 2742 1614 2776 et
1633 2740 1763 2776 omnis

145 2780 344 2818 honorum
365 2782 552 2828 perfectio
570 2793 578 2826 ;
601 2781 705 2818 unde
726 2782 916 2819 Dominus
937 2782 985 2819 ad
1005 2784 1166 2830 Moysen
1186 2783 1282 2821 dixit
1301 2796 1310 2822 :
1342 2786 1417 2830 qu
1448 2787 1633 2822 ostendam
1664 2796 1765 2822 omne

148 2827 522 2876 bonumtibiffloeod„
552 2836 694 2871 xxxin,
725 2828 806 2875 19);
833 2832 938 2866 recte
969 2838 1063 2877 ergo
1095 2830 1184 2867 dicit
1206 2832 1488 2876 maqnitudinis.
1516 2834 1603 2870 Non
1633 2836 1764 2870 autem

141 2877 390 2921 ,proponetur
413 2876 556 2914 veritas
585 2875 735 2913 homini
765 2875 962 2923 aliquibus
986 2876 1246 2916 velaminibus
1277 2879 1486 2926 occultata,
1509 2881 1578 2918 sed
1600 2880 1764 2917 omnino
