1894 3223
170 151 238 187 380
781 141 867 178 Liss.
895 141 960 186 ΙΙΙ,
988 140 1089 177 CAP.
1115 140 1202 178 XCI.

172 230 219 268 ad
243 236 338 265 suas
360 223 606 263 substantias
625 225 665 260 et
685 222 864 260 actiones
893 221 1038 259 cadunt
1067 221 1141 259 sub
1170 221 1310 259 ordine
1342 220 1485 258 divinae
1517 219 1785 266 providentiae,

170 276 294 314 mutto
316 272 444 319 magis
465 269 700 309 substantiae
718 268 1022 306 intellectuales.

217 322 406 364 Psaetereca
427 327 474 355 ea
494 326 582 365 quae
603 319 697 354 sunt
716 315 870 367 propin·
890 315 1002 353 uiora
1021 314 1106 360 fini,
1127 314 1257 363 magis
1274 314 1421 366 cadunt
1451 314 1526 351 sub
1556 313 1694 351 ordine
1721 314 1788 360 qui

172 372 229 405 est
253 366 301 404 ad
321 365 455 410 finem,
474 373 583 409 nam,
604 363 663 401 eis
683 362 872 400 medianti
904 371 965 407 us,
981 362 1098 400 etiam
1114 361 1194 399 alia
1204 360 1437 399 ordinantur
1450 361 1491 398 in
1506 360 1638 397 finem.
1659 361 1788 398 Actio-

172 424 241 451 nes
286 416 414 450 autem
455 410 768 449 substantiarum
805 408 1134 447 intellectualium
1171 408 1435 455 propinquius
1472 408 1707 445 ordinantur
1747 408 1790 444 in

172 463 295 498 Deum
317 459 421 497 sicut
438 457 480 495 in
501 457 635 502 finem,
657 465 775 504 quam
797 456 976 494 actiones
1001 455 1168 494 aliarum
1189 463 1334 500 rerum,
1354 454 1458 492 sicut
1477 464 1596 501 supra
1612 454 1710 500 (cap.
1730 455 1789 500 50)

173 511 379 545 ostensum
401 509 474 542 est.
504 504 628 551 Magis
657 503 779 550 igitur
804 503 950 540 cadunt
981 503 1160 540 actiones
1193 501 1518 539 intellectualium
1552 501 1791 538 substantia-

172 564 259 592 rum
282 553 355 591 sub
376 552 514 590 ordine
532 550 788 598 providentiae
808 559 887 597 qua
907 551 1011 587 Deus
1031 548 1167 586 omnia
1185 548 1225 585 in
1257 548 1435 595 seipsum
1465 548 1635 592 ordinat,
1671 556 1790 594 quam

173 601 351 639 actiones
375 599 542 637 aliarum
562 606 707 635 rerum.

220 648 364 691 Adhuc,
387 645 622 693 gubernatio
642 643 898 690 providentiae
919 652 965 679 ex
984 651 1118 678 amore
1139 641 1273 678 divino
1295 642 1483 687 procedit,
1506 651 1584 689 quo
1605 644 1710 679 Deus
1727 651 1790 679 res

173 703 256 733 ase
278 697 430 731 creatas
468 695 573 729 amat
603 692 642 728 in
672 691 747 728 hoc
769 690 876 727 enim
908 689 1107 736 praecipue
1138 689 1325 725 consistit
1355 697 1479 732 amor,
1511 689 1617 736 quod
1651 697 1791 726 amans

174 745 304 779 amato
323 740 472 778 bonum
493 739 600 776 velit.
620 739 777 783 Quanto
798 745 892 783 ergo
914 738 1017 773 Deus
1047 736 1180 782 aliqua
1212 735 1341 782 magis
1373 739 1490 775 amat,
1520 739 1630 772 tanto
1661 736 1792 782 magis

174 788 247 825 sub
270 787 355 834 ejus
375 785 622 833 providentia
640 785 797 822 cadunt.
823 785 904 820 Hoc
935 786 1066 820 autem
1097 783 1216 820 etiarn
1249 791 1363 819 sacra
1396 782 1599 826 Scriptura.
1616 781 1731 819 docet
1751 782 1793 818 in

173 836 236 872 Ps.
258 843 387 879 cxmv,
407 836 467 877 20,
488 833 627 870 dicens
648 843 657 868 :
680 831 842 870 Custodit
859 832 1033 867 Dominus
1051 839 1168 866 omnes
1187 829 1375 874 diliqentes
1393 839 1441 865 se.
1465 830 1508 865 Et
1527 829 1645 865 etiam
1665 828 1792 866 Philo-

175 881 327 928 sophus
345 880 463 917 tradit
482 880 522 916 in
545 878 699 916 decimo
716 879 800 915 Eth.
824 877 924 924 (cap.
942 885 981 921 Χ,
1000 877 1088 914 lect.
1110 877 1146 923 3)
1167 875 1319 921 dicens,
1349 875 1455 922 quod
1492 876 1597 913 Deus
1623 875 1793 912 maxime

177 931 285 966 curat
305 928 351 964 de
370 927 434 964 his
455 926 522 974 qui
544 925 714 972 diligunt
745 924 1003 967 intellectum,
1033 927 1222 970 tanquam
1251 922 1300 960 de
1321 923 1407 960 suis
1439 922 1593 960 amicis.
1626 923 1681 959 Ex
1714 931 1793 968 quo

177 974 469 1012 etiamhabetur
480 973 586 1020 quod
600 972 770 1010 maxime
785 971 1029 1009 substantias
1044 970 1331 1008 intellectuales
1346 973 1463 1007 amat.
1481 969 1558 1007 Sub
1574 968 1659 1015 ejus
1673 968 1796 1015 igitur

175 1021 423 1069 previdentia
441 1020 588 1057 cadunt
607 1028 744 1056 eorum
763 1019 986 1056 voluntates
1005 1020 1043 1054 et
1062 1017 1294 1054 electiones.

222 1069 404 1114 Amplius,
426 1067 532 1105 bona
551 1066 742 1104 interiora
761 1065 937 1103 hominis
958 1074 1045 1112 quae
1065 1074 1113 1101 ex
1132 1064 1334 1101 voluntate
1353 1067 1391 1100 et
1421 1062 1615 1100 electione
1647 1062 1793 1109 depen-

176 1115 269 1153 dent
305 1118 398 1152 sunt
426 1114 555 1161 magis
573 1113 734 1160 propria
754 1112 906 1149 homini
941 1121 1058 1158 quam
1090 1110 1160 1148 illa
1188 1120 1276 1157 quae
1308 1113 1417 1147 extra
1448 1110 1580 1156 ipsum
1613 1114 1720 1153 sunt,
1752 1113 1794 1146 ut

177 1161 334 1207 adeptio
356 1161 597 1204 divitiarum,
617 1160 676 1196 vel
698 1160 732 1197 si
753 1159 850 1206 quid
872 1158 979 1196 aliud
1000 1161 1061 1195 est
1079 1157 1322 1205 hujusmodi,
1346 1156 1453 1193 Unde
1480 1166 1549 1202 per
1569 1156 1652 1193 haec
1673 1156 1795 1194 homo

177 1208 322 1247 dicitur
342 1217 430 1245 esse
449 1207 594 1251 bonus,
615 1216 695 1244 non
717 1210 847 1243 autem
875 1215 943 1251 per
972 1205 1053 1242 illa.
1076 1205 1115 1241 Si
1151 1204 1272 1250 igitur
1301 1203 1515 1241 electiones
1551 1202 1733 1240 humanae
1758 1206 1794 1239 et

175 1255 393 1293 voluntatis
413 1258 547 1292 motus
566 1262 647 1291 non
669 1253 814 1290 cadunt
835 1252 908 1290 sub
924 1252 1055 1289 divina
1069 1250 1330 1298 providentia,
1347 1250 1416 1287 sed
1432 1250 1561 1287 solum
1579 1250 1794 1287 exteriores

176 1305 407 1350 proventus,
428 1301 562 1339 verius
581 1301 656 1338 erit
674 1300 780 1348 quod
802 1308 864 1337 res
883 1299 1066 1336 humanae
1099 1298 1180 1335 sint
1206 1301 1316 1335 extra
1351 1296 1639 1343 providentiam
1675 1306 1794 1343 quam

177 1348 283 1396 quod
298 1348 553 1395 providentiae
572 1347 742 1384 subsint.
762 1345 874 1390 Quod
891 1345 1048 1392 quidem
1065 1355 1109 1382 ex
1121 1353 1294 1391 persona
1305 1343 1667 1390 blasphemantium
1684 1344 1796 1381 indu-

178 1397 293 1440 citur,
314 1395 399 1440 Job,
423 1403 520 1436 XXII,
545 1397 587 1431 14
610 1406 619 1430 :
639 1394 743 1431 Circa
769 1393 935 1429 cardines
968 1393 1046 1428 coeli
1073 1391 1313 1438 perambulat,
1335 1400 1398 1427 nec
1422 1393 1548 1427 nostra
1577 1391 1792 1427 considerat.

178 1447 213 1479 et
239 1443 390 1486 Ezech.,
411 1450 464 1486 lx,
484 1443 505 1478 9
527 1452 536 1478 :
558 1441 758 1485 Dereliquit
782 1441 952 1476 Dominus
967 1442 1112 1480 terram,
1129 1441 1162 1474 et
1173 1438 1347 1474 Dominus
1363 1447 1435 1474 non
1445 1437 1557 1473 videt.
1574 1438 1618 1474 Et
1636 1437 1793 1482 Thren.‚

176 1498 233 1532 ΙΙΙ,
258 1491 299 1525 37
324 1500 332 1525 ε
356 1487 442 1532 Quis
459 1490 509 1524 est
528 1489 592 1533 qui
608 1487 705 1523 dixit
723 1489 763 1522 ut
781 1488 879 1533 fieret
896 1487 1046 1522 Domino
1065 1496 1137 1522 non
1151 1485 1299 1530 ,iubente
1318 1485 1337 1520 P

224 1535 413 1572 Videntur
430 1537 561 1572 autem
581 1534 760 1581 quaedam
783 1534 824 1570 in
845 1542 958 1570 sacra
989 1532 1169 1570 doctrina
1196 1530 1415 1569 secundum
1450 1531 1677 1577 praedictam
1711 1540 1796 1568 sen-

176 1583 341 1620 tentiam
360 1590 516 1619 sonare.
537 1581 687 1619 Dicitur
707 1581 826 1625 enim,
850 1580 982 1625 Eccli.,
1002 1588 1071 1626 xv,
1093 1582 1163 1617 14:
1186 1581 1280 1616 Deus
1301 1578 1345 1614 ab
1361 1579 1467 1614 initio
1483 1579 1668 1615 constituit
1687 1578 1796 1614 homi-

177 1640 269 1670 nem,
293 1632 326 1666 et
343 1630 491 1675 reliquit
508 1628 612 1665 illu-m
630 1629 670 1664 in
684 1638 794 1664 manu
813 1628 1041 1664 consiliisai.
1076 1628 1120 1663 Et
1150 1625 1267 1670 infra,
1303 1629 1360 1671 17,
1394 1627 1436 1662 18
1469 1637 1478 1661 :
1508 1626 1701 1671 Proposuit
1730 1625 1798 1661 tibi

177 1687 309 1722 acicam
329 1678 361 1712 et
380 1677 510 1721 ionem,
535 1675 584 1712 ad
602 1676 698 1722 quod
715 1675 868 1712 volueris
888 1675 1032 1720 porriqe
1046 1683 1195 1710 manum
1214 1675 1338 1716 taam,·
1363 1674 1447 1708 ante
1477 1672 1653 1710 hominem
1669 1673 1748 1708 vita
1764 1675 1799 1708 et

176 1734 284 1764 mors,
309 1723 437 1760 bonum
456 1725 489 1759 et
511 1722 659 1764 malum,
690 1722 787 1769 quod
808 1722 991 1767 placuerit
1023 1722 1069 1765 ei,
1096 1721 1247 1757 dabitur
1264 1720 1334 1757 illi.
1371 1721 1415 1756 Et
1437 1720 1564 1765 Deut.‚
1599 1727 1696 1764 XXX,
1719 1722 1761 1757 15
1785 1731 1794 1753 :

179 1769 374 1807 Considera
389 1769 479 1816 quid
496 1769 602 1806 hodie
614 1771 865 1816 proposuerim
883 1770 923 1805 in
950 1771 1140 1814 conspecta
1157 1770 1230 1810 tuo,
1248 1768 1362 1803 vitam
1392 1769 1427 1803 et
1457 1767 1599 1811 bonum,
1619 1769 1653 1802 et
1673 1776 1691 1801 e
1719 1776 1799 1802 con-

176 1827 276 1853 verso
291 1819 437 1853 mortem
456 1819 489 1853 et
505 1817 653 1854 matum.

227 1865 315 1900 Haec
335 1866 466 1900 autem
485 1863 604 1901 verba
629 1862 678 1900 ad
710 1862 787 1900 hoc
818 1862 1062 1899 inducuntur
1080 1864 1123 1897 ut
1154 1860 1339 1897 homines
1371 1868 1460 1897 esse
1494 1859 1608 1896 liberi
1645 1859 1795 1896 arbitrii

179 1910 452 1955 ostendantur,
474 1918 555 1947 non
575 1913 619 1947 ut
641 1918 778 1947 eorum
799 1908 1014 1946 electiones
1029 1917 1052 1944 a
1071 1907 1204 1944 divina
1226 1906 1471 1952 providentia
1498 1906 1794 1943 subtrahantur.

178 1959 221 1993 Et
243 1957 427 1993 similiter
446 1957 551 2004 quod
573 1956 785 2003 Gregorius
805 1958 1008 2002 Nyssenus
1029 1954 1124 1991 dicit
1144 1954 1182 1990 in
1206 1953 1307 1990 libro
1327 1962 1443 2000 quem
1458 1953 1504 1989 de
1521 1952 1597 1990 line
1620 1953 1796 1990 hominis

178 2003 282 2047 fecit,
308 2003 413 2050 quod
436 2017 454 2036 κ
474 2003 721 2049 providentia
740 2006 800 2040 est
820 2011 955 2039 eorum
978 2011 1064 2048 quae
1084 2009 1165 2037 non
1186 2003 1281 2038 sunt
1309 2000 1351 2036 in
1384 1999 1514 2043 nobis,
1549 2009 1630 2037 non
1666 2004 1796 2037 autem

179 2059 316 2087 eorum
337 2059 424 2097 quae
449 2050 598 2087 suntin
619 2049 736 2086 nobis
756 2063 791 2095 »‚
811 2053 848 2086 et
869 2049 1002 2096 (quod)
1026 2050 1295 2085 Damascenus
1317 2056 1406 2084 eum
1428 2055 1615 2093 sequens,
1642 2046 1737 2084 dicit
1757 2047 1798 2084 in

179 2097 355 2134 secundo
378 2097 479 2134 libro
498 2098 550 2133 De
568 2097 662 2133 orth.
682 2096 764 2133 Fid.
787 2095 886 2143 (cap.
921 2095 979 2142 30)
1010 2095 1115 2142 quod
1138 2107 1157 2127 «
1178 2104 1225 2131 ea
1241 2103 1328 2141 quae
1362 2097 1456 2131 sunt
1478 2094 1520 2129 in
1548 2093 1665 2130 nobis
1693 2095 1798 2131 Deus

177 2143 404 2190 praenoscit,
430 2143 500 2181 sed
531 2152 612 2180 non
641 2143 958 2190 praedeterminat
977 2156 1012 2187 »‚
1036 2141 1268 2188 exponenda
1289 2144 1394 2185 sunt,
1417 2141 1471 2177 ita
1493 2143 1534 2177 ut
1554 2140 1799 2187 intelligatur

179 2200 224 2228 ea
246 2200 332 2238 ouae
366 2193 460 2228 sunt
479 2190 520 2228 in
540 2190 658 2229 nobis
687 2190 828 2228 divinae
849 2189 1105 2236 providentiae
1130 2188 1450 2226 determinationi
1476 2196 1557 2224 non
1588 2196 1675 2225 esse
1705 2187 1798 2226 sub·

175 2238 290 2284 jecta,
314 2237 428 2286 quasi
450 2237 497 2276 ab
518 2247 564 2275 ea
583 2237 861 2276 necessitatem
881 2236 1127 2283 accipientia.
1150 2235 1180 2282 (Ι
1198 2239 1312 2282 part„
1334 2245 1371 2282 q.
1392 2242 1458 2279 xx,
1481 2239 1539 2271 art
1558 2237 1580 2271 2
1601 2234 1649 2272 ad
1669 2234 1720 2280 4.)

838 2382 1005 2424 CAPUT
1040 2381 1141 2424 XCI.

344 2505 525 2539 QUOMODO
550 2505 621 2534 RES
646 2504 821 2534 HUMANAE
846 2504 898 2532 AD
926 2502 1160 2533 SUPERIORES
1185 2502 1331 2532 CAUSAS
1358 2502 1628 2531 REDUGANTL‘R.

178 2657 187 2664 ἱ
226 2614 278 2649 Ex
307 2612 369 2649 his
406 2621 500 2659 ergo
531 2623 618 2659 quae
650 2622 770 2659 supra
803 2616 967 2650 ostensa
997 2617 1104 2657 sunt,
1135 2611 1323 2658 colligere
1348 2619 1564 2657 possumus
1597 2610 1796 2655 quomodo

180 2667 351 2707 utun-„tna
369 2659 417 2696 ad
439 2660 665 2706 superiores
686 2669 829 2697 causas
850 2660 1106 2704 reducuntur,
1129 2662 1168 2696 et
1190 2667 1270 2695 non
1291 2662 1464 2704 aguntur
1494 2656 1670 2693 fortuito.
1699 2658 1728 2693 Ν
1735 2666 1794 2693 am

178 2707 392 2757 electiones
414 2709 451 2742 ot
474 2707 722 2744 voluntatum
745 2710 877 2744 motus
906 2707 1132 2744 immediate
1153 2715 1176 2743 a
1195 2706 1274 2742 Deo
1300 2704 1589 2750 disponuntur;
1620 2704 1796 2750 cognitio

177 2758 268 2786 vero
293 2761 466 2790 numana
483 2753 531 2790 ad
552 2753 795 2792 intellectum
817 2754 1020 2800 pertinens
1041 2763 1064 2791 a
1088 2755 1167 2790 Deo
1202 2751 1470 2789 mediantibus
1503 2749 1655 2795 angelis
1691 2750 1795 2788 ordi-

180 2802 316 2848 natur3
340 2807 385 2849 ea
405 2808 495 2836 vero
520 2809 605 2846 quae
624 2801 671 2838 ad
693 2801 915 2847 corporalia
946 2801 1157 2847 pertinent,
1181 2799 1262 2836 sive
1284 2797 1580 2837 sintinteriora,
1616 2797 1698 2834 sive
1731 2807 1795 2834 ex-

178 2848 336 2894 tenura,
359 2853 399 2880 in
420 2853 537 2896 usum
558 2847 733 2884 hominis
756 2848 967 2893 venientia,
990 2858 1012 2885 a
1032 2849 1111 2885 Dco
1134 2844 1398 2884 mediantibus
1429 2844 1582 2891 angelis
1604 2848 1641 2881 et
1661 2844 1796 2882 coeles-

177 2890 283 2927 tibus
306 2891 539 2937 corporibus
558 2892 852 2938 dispensantur.
