<?xml version="1.0" encoding="UTF-8"?>
<!DOCTYPE html PUBLIC "-//W3C//DTD XHTML 1.0 Transitional//EN"
    "http://www.w3.org/TR/xhtml1/DTD/xhtml1-transitional.dtd">
<html xmlns="http://www.w3.org/1999/xhtml" xml:lang="en" lang="en">
 <head>
  <title>
</title>
<meta http-equiv="Content-Type" content="text/html;charset=utf-8" />
  <meta name='ocr-system' content='tesseract 3.04.00' />
  <meta name='ocr-capabilities' content='ocr_page ocr_carea ocr_par ocr_line ocrx_word'/>
</head>
<body>
  <div class='ocr_page' id='page_1' title='image "./deveritatecathol00thomuoft_0144.png"; bbox 0 0 1894 3223; ppageno 0'>
   <div class='ocr_carea' id='block_1_1' title="bbox 161 94 1143 141">
    <p class='ocr_par' dir='ltr' id='par_1_1' title="bbox 161 94 1143 141">
     <span class='ocr_line' id='line_1_1' title="bbox 161 94 1143 141; baseline -0.012 0"><span class='ocrx_word' id='word_1_1' title='bbox 161 104 230 141; x_wconf 76' lang='lat'>104</span> <span class='ocrx_word' id='word_1_2' title='bbox 803 96 891 131; x_wconf 89' lang='lat' dir='ltr'>LIB.</span> <span class='ocrx_word' id='word_1_3' title='bbox 919 95 948 138; x_wconf 94' lang='lat' dir='ltr'>I,</span> <span class='ocrx_word' id='word_1_4' title='bbox 976 94 1076 130; x_wconf 87' lang='lat' dir='ltr'>CAP.</span> <span class='ocrx_word' id='word_1_5' title='bbox 1104 95 1143 130; x_wconf 88' lang='lat' dir='ltr'>C.</span> 
     </span>
    </p>
   </div>
   <div class='ocr_carea' id='block_1_2' title="bbox 162 172 1782 361">
    <p class='ocr_par' dir='ltr' id='par_1_2' title="bbox 162 172 1782 272">
     <span class='ocr_line' id='line_1_2' title="bbox 162 172 1782 228; baseline -0.007 -7"><span class='ocrx_word' id='word_1_6' title='bbox 162 185 268 221; x_wconf 89' lang='lat' dir='ltr'>Deus</span> <span class='ocrx_word' id='word_1_7' title='bbox 289 181 411 228; x_wconf 89' lang='lat' dir='ltr'>igitur</span> <span class='ocrx_word' id='word_1_8' title='bbox 428 188 558 226; x_wconf 89' lang='lat' dir='ltr'>neque</span> <span class='ocrx_word' id='word_1_9' title='bbox 578 175 726 221; x_wconf 80' lang='lat' dir='ltr'>incepit</span> <span class='ocrx_word' id='word_1_10' title='bbox 743 175 888 219; x_wconf 85' lang='lat' dir='ltr'>vivere,</span> <span class='ocrx_word' id='word_1_11' title='bbox 911 183 1039 221; x_wconf 88' lang='lat' dir='ltr'>neque</span> <span class='ocrx_word' id='word_1_12' title='bbox 1059 173 1214 211; x_wconf 79' lang='lat' dir='ltr'>desinet</span> <span class='ocrx_word' id='word_1_13' title='bbox 1232 173 1377 218; x_wconf 89' lang='lat' dir='ltr'>vivere,</span> <span class='ocrx_word' id='word_1_14' title='bbox 1405 182 1533 219; x_wconf 89' lang='lat' dir='ltr'>neque</span> <span class='ocrx_word' id='word_1_15' title='bbox 1554 172 1593 209; x_wconf 92' lang='lat' dir='ltr'>in</span> <span class='ocrx_word' id='word_1_16' title='bbox 1613 172 1782 210; x_wconf 79' lang='lat' dir='ltr'>vivendo</span> 
     </span>
     <span class='ocr_line' id='line_1_3' title="bbox 162 221 1356 272; baseline -0.01 -4"><span class='ocrx_word' id='word_1_17' title='bbox 162 228 461 268; x_wconf 81' lang='lat' dir='ltr'>successionem</span> <span class='ocrx_word' id='word_1_18' title='bbox 481 225 640 272; x_wconf 89' lang='lat' dir='ltr'>patitur.</span> <span class='ocrx_word' id='word_1_19' title='bbox 662 225 729 259; x_wconf 86' lang='lat' dir='ltr'>Est</span> <span class='ocrx_word' id='word_1_20' title='bbox 747 221 870 268; x_wconf 89' lang='lat' dir='ltr'>igitur</span> <span class='ocrx_word' id='word_1_21' title='bbox 889 221 975 267; x_wconf 79' lang='lat' dir='ltr'>ers</span> <span class='ocrx_word' id='word_1_22' title='bbox 994 221 1074 258; x_wconf 88' lang='lat' dir='ltr'>vita</span> <span class='ocrx_word' id='word_1_23' title='bbox 1104 221 1356 266; x_wconf 89' lang='lat' dir='ltr'>sempiterna.</span> 
     </span>
    </p>

    <p class='ocr_par' dir='ltr' id='par_1_3' title="bbox 163 268 1782 361">
     <span class='ocr_line' id='line_1_4' title="bbox 210 268 1782 320; baseline -0.008 -7"><span class='ocrx_word' id='word_1_24' title='bbox 210 276 308 313; x_wconf 90' lang='lat' dir='ltr'>Hinc</span> <span class='ocrx_word' id='word_1_25' title='bbox 326 278 387 311; x_wconf 89' lang='lat' dir='ltr'>est</span> <span class='ocrx_word' id='word_1_26' title='bbox 405 273 510 320; x_wconf 90' lang='lat' dir='ltr'>quod</span> <span class='ocrx_word' id='word_1_27' title='bbox 529 271 686 313; x_wconf 88' lang='lat' dir='ltr'>dicitur,</span> <span class='ocrx_word' id='word_1_28' title='bbox 710 270 838 312; x_wconf 91' lang='lat' dir='ltr'>Deut.‚</span> <span class='ocrx_word' id='word_1_29' title='bbox 856 276 978 308; x_wconf 82' lang='grc' dir='ltr'><strong>ΧΧΧΠ,</strong></span> <span class='ocrx_word' id='word_1_30' title='bbox 1000 271 1046 305; x_wconf 80' lang='lat'>40</span> <span class='ocrx_word' id='word_1_31' title='bbox 1070 279 1079 305; x_wconf 92' lang='lat'>:</span> <span class='ocrx_word' id='word_1_32' title='bbox 1104 269 1195 304; x_wconf 76' lang='lat' dir='ltr'>Vivo</span> <span class='ocrx_word' id='word_1_33' title='bbox 1219 277 1281 313; x_wconf 70' lang='lat' dir='ltr'>eqo</span> <span class='ocrx_word' id='word_1_34' title='bbox 1297 269 1336 303; x_wconf 77' lang='lat' dir='ltr'>in</span> <span class='ocrx_word' id='word_1_35' title='bbox 1352 269 1542 311; x_wconf 64' lang='lat' dir='ltr'>aeternum</span> <span class='ocrx_word' id='word_1_36' title='bbox 1562 270 1600 304; x_wconf 90' lang='lat' dir='ltr'>et</span> <span class='ocrx_word' id='word_1_37' title='bbox 1619 268 1635 305; x_wconf 93' lang='lat'>1</span> <span class='ocrx_word' id='word_1_38' title='bbox 1653 268 1782 313; x_wconf 84' lang='lat' dir='ltr'>Joan.,</span> 
     </span>
     <span class='ocr_line' id='line_1_5' title="bbox 163 316 1759 361; baseline -0.013 1"><span class='ocrx_word' id='word_1_39' title='bbox 163 332 206 361; x_wconf 84' lang='lat' dir='ltr'>V.</span> <span class='ocrx_word' id='word_1_40' title='bbox 232 325 279 360; x_wconf 83' lang='lat'>20</span> <span class='ocrx_word' id='word_1_41' title='bbox 299 333 308 360; x_wconf 72' lang='grc' dir='ltr'>ε</span> <span class='ocrx_word' id='word_1_42' title='bbox 326 323 394 358; x_wconf 83' lang='lat' dir='ltr'>Hic</span> <span class='ocrx_word' id='word_1_43' title='bbox 413 323 465 356; x_wconf 79' lang='lat' dir='ltr'>est</span> <span class='ocrx_word' id='word_1_44' title='bbox 481 326 586 354; x_wconf 61' lang='lat' dir='ltr'>vertis</span> <span class='ocrx_word' id='word_1_45' title='bbox 603 318 711 357; x_wconf 80' lang='lat' dir='ltr'>Deus,</span> <span class='ocrx_word' id='word_1_46' title='bbox 735 318 768 351; x_wconf 84' lang='lat' dir='ltr'>et</span> <span class='ocrx_word' id='word_1_47' title='bbox 785 316 864 351; x_wconf 78' lang='lat' dir='ltr'>vita</span> <span class='ocrx_word' id='word_1_48' title='bbox 884 317 1031 352; x_wconf 61' lang='lat' dir='ltr'>aeterna.</span> <span class='ocrx_word' id='word_1_49' title='bbox 1752 323 1759 325; x_wconf 33' lang='lat'><em>⁴</em></span> 
     </span>
    </p>
   </div>
   <div class='ocr_carea' id='block_1_3' title="bbox 723 455 1225 614">
    <p class='ocr_par' dir='ltr' id='par_1_4' title="bbox 723 455 1225 614">
     <span class='ocr_line' id='line_1_6' title="bbox 845 455 1095 502; baseline -0.004 0"><span class='ocrx_word' id='word_1_50' title='bbox 845 460 1013 502; x_wconf 87' lang='lat' dir='ltr'><strong>CAPUT</strong></span> <span class='ocrx_word' id='word_1_51' title='bbox 1051 455 1095 501; x_wconf 54' lang='lat' dir='ltr'>G:</span> 
     </span>
     <span class='ocr_line' id='line_1_7' title="bbox 723 578 1225 614; baseline -0.002 -6"><span class='ocrx_word' id='word_1_52' title='bbox 723 579 825 614; x_wconf 82' lang='lat' dir='ltr'>ouon</span> <span class='ocrx_word' id='word_1_53' title='bbox 844 579 944 608; x_wconf 73' lang='lat' dir='ltr'>nnus</span> <span class='ocrx_word' id='word_1_54' title='bbox 968 579 1041 607; x_wconf 83' lang='lat' dir='ltr'>EST</span> <span class='ocrx_word' id='word_1_55' title='bbox 1065 578 1225 608; x_wconf 79' lang='lat' dir='ltr'>BEATUS.</span> 
     </span>
    </p>
   </div>
   <div class='ocr_carea' id='block_1_4' title="bbox 162 686 1793 2898">
    <p class='ocr_par' dir='ltr' id='par_1_5' title="bbox 163 686 1793 1016">
     <span class='ocr_line' id='line_1_8' title="bbox 211 686 1790 735; baseline -0.004 -5"><span class='ocrx_word' id='word_1_56' title='bbox 211 694 346 730; x_wconf 81' lang='lat' dir='ltr'>Restat</span> <span class='ocrx_word' id='word_1_57' title='bbox 378 693 510 728; x_wconf 87' lang='lat' dir='ltr'>autem</span> <span class='ocrx_word' id='word_1_58' title='bbox 542 699 590 726; x_wconf 86' lang='lat' dir='ltr'>ex</span> <span class='ocrx_word' id='word_1_59' title='bbox 619 687 840 735; x_wconf 71' lang='lat' dir='ltr'>praemissis</span> <span class='ocrx_word' id='word_1_60' title='bbox 869 686 1078 724; x_wconf 81' lang='lat' dir='ltr'>ostendere</span> <span class='ocrx_word' id='word_1_61' title='bbox 1108 688 1229 723; x_wconf 90' lang='lat' dir='ltr'>Deum</span> <span class='ocrx_word' id='word_1_62' title='bbox 1259 694 1347 724; x_wconf 89' lang='lat' dir='ltr'>esse</span> <span class='ocrx_word' id='word_1_63' title='bbox 1374 686 1547 724; x_wconf 86' lang='lat' dir='ltr'>beatum.</span> <span class='ocrx_word' id='word_1_64' title='bbox 1571 686 1790 733; x_wconf 83' lang='lat' dir='ltr'>cujuslibet</span> 
     </span>
     <span class='ocr_line' id='line_1_9' title="bbox 168 733 1793 780; baseline -0.004 -4"><span class='ocrx_word' id='word_1_65' title='bbox 168 740 276 777; x_wconf 89' lang='lat' dir='ltr'>enim</span> <span class='ocrx_word' id='word_1_66' title='bbox 303 736 586 775; x_wconf 89' lang='lat' dir='ltr'>intellectualis</span> <span class='ocrx_word' id='word_1_67' title='bbox 619 738 770 772; x_wconf 80' lang='lat' dir='ltr'>naturae</span> <span class='ocrx_word' id='word_1_68' title='bbox 800 733 1003 780; x_wconf 88' lang='lat' dir='ltr'>proprium</span> <span class='ocrx_word' id='word_1_69' title='bbox 1035 733 1184 770; x_wconf 90' lang='lat' dir='ltr'>bonum</span> <span class='ocrx_word' id='word_1_70' title='bbox 1219 737 1280 770; x_wconf 90' lang='lat' dir='ltr'>est</span> <span class='ocrx_word' id='word_1_71' title='bbox 1306 733 1522 770; x_wconf 78' lang='lat' dir='ltr'>beatitudo.</span> <span class='ocrx_word' id='word_1_72' title='bbox 1544 734 1639 770; x_wconf 89' lang='lat' dir='ltr'>Cum</span> <span class='ocrx_word' id='word_1_73' title='bbox 1670 734 1793 780; x_wconf 86' lang='lat' dir='ltr'>igitur</span> 
     </span>
     <span class='ocr_line' id='line_1_10' title="bbox 166 779 1791 830; baseline -0.004 -7"><span class='ocrx_word' id='word_1_74' title='bbox 166 790 273 824; x_wconf 88' lang='lat' dir='ltr'>Deus</span> <span class='ocrx_word' id='word_1_75' title='bbox 293 786 346 822; x_wconf 90' lang='lat' dir='ltr'>sit</span> <span class='ocrx_word' id='word_1_76' title='bbox 365 784 609 830; x_wconf 88' lang='lat' dir='ltr'>intelligens,</span> <span class='ocrx_word' id='word_1_77' title='bbox 627 791 744 819; x_wconf 89' lang='lat' dir='ltr'>suum</span> <span class='ocrx_word' id='word_1_78' title='bbox 778 781 981 827; x_wconf 86' lang='lat' dir='ltr'>proprium</span> <span class='ocrx_word' id='word_1_79' title='bbox 1013 780 1163 817; x_wconf 88' lang='lat' dir='ltr'>bonum</span> <span class='ocrx_word' id='word_1_80' title='bbox 1196 780 1270 817; x_wconf 90' lang='lat' dir='ltr'>erit</span> <span class='ocrx_word' id='word_1_81' title='bbox 1300 779 1517 817; x_wconf 80' lang='lat' dir='ltr'>beatitudo.</span> <span class='ocrx_word' id='word_1_82' title='bbox 1538 782 1626 817; x_wconf 91' lang='lat' dir='ltr'>Non</span> <span class='ocrx_word' id='word_1_83' title='bbox 1660 785 1791 817; x_wconf 88' lang='lat' dir='ltr'>autem</span> 
     </span>
     <span class='ocr_line' id='line_1_11' title="bbox 166 826 1791 879; baseline -0.004 -9"><span class='ocrx_word' id='word_1_84' title='bbox 166 835 419 879; x_wconf 89' lang='lat' dir='ltr'>comparatur</span> <span class='ocrx_word' id='word_1_85' title='bbox 436 830 485 867; x_wconf 92' lang='lat' dir='ltr'>ad</span> <span class='ocrx_word' id='word_1_86' title='bbox 505 829 708 876; x_wconf 89' lang='lat' dir='ltr'>proprium</span> <span class='ocrx_word' id='word_1_87' title='bbox 729 829 893 872; x_wconf 86' lang='lat' dir='ltr'>bonum,</span> <span class='ocrx_word' id='word_1_88' title='bbox 916 828 1020 864; x_wconf 88' lang='lat' dir='ltr'>sicut</span> <span class='ocrx_word' id='word_1_89' title='bbox 1039 827 1143 874; x_wconf 88' lang='lat' dir='ltr'>quod</span> <span class='ocrx_word' id='word_1_90' title='bbox 1165 826 1206 863; x_wconf 92' lang='lat' dir='ltr'>in</span> <span class='ocrx_word' id='word_1_91' title='bbox 1226 827 1429 873; x_wconf 89' lang='lat' dir='ltr'>proprium</span> <span class='ocrx_word' id='word_1_92' title='bbox 1448 827 1598 864; x_wconf 90' lang='lat' dir='ltr'>bonum</span> <span class='ocrx_word' id='word_1_93' title='bbox 1614 827 1791 864; x_wconf 89' lang='lat' dir='ltr'>nondum</span> 
     </span>
     <span class='ocr_line' id='line_1_12' title="bbox 163 873 1790 923; baseline -0.005 -5"><span class='ocrx_word' id='word_1_94' title='bbox 163 880 341 918; x_wconf 85' lang='lat' dir='ltr'>habitum</span> <span class='ocrx_word' id='word_1_95' title='bbox 361 878 487 915; x_wconf 88' lang='lat' dir='ltr'>tendit</span> <span class='ocrx_word' id='word_1_96' title='bbox 507 877 598 923; x_wconf 88' lang='lat' dir='ltr'>(hoc</span> <span class='ocrx_word' id='word_1_97' title='bbox 615 876 720 912; x_wconf 90' lang='lat' dir='ltr'>enim</span> <span class='ocrx_word' id='word_1_98' title='bbox 742 879 803 912; x_wconf 91' lang='lat' dir='ltr'>est</span> <span class='ocrx_word' id='word_1_99' title='bbox 831 878 980 912; x_wconf 86' lang='lat' dir='ltr'>naturae</span> <span class='ocrx_word' id='word_1_100' title='bbox 1011 874 1186 919; x_wconf 88' lang='lat' dir='ltr'>mobilis,</span> <span class='ocrx_word' id='word_1_101' title='bbox 1208 875 1258 919; x_wconf 65' lang='lat' dir='ltr'>et}</span> <span class='ocrx_word' id='word_1_102' title='bbox 1273 873 1314 910; x_wconf 90' lang='lat' dir='ltr'>in</span> <span class='ocrx_word' id='word_1_103' title='bbox 1347 875 1524 920; x_wconf 90' lang='lat' dir='ltr'>potentia</span> <span class='ocrx_word' id='word_1_104' title='bbox 1553 874 1790 921; x_wconf 81' lang='lat' dir='ltr'>existentis),</span> 
     </span>
     <span class='ocr_line' id='line_1_13' title="bbox 163 921 1792 971; baseline -0.004 -7"><span class='ocrx_word' id='word_1_105' title='bbox 163 927 233 965; x_wconf 87' lang='lat' dir='ltr'>sed</span> <span class='ocrx_word' id='word_1_106' title='bbox 267 927 370 964; x_wconf 90' lang='lat' dir='ltr'>sicut</span> <span class='ocrx_word' id='word_1_107' title='bbox 399 923 505 971; x_wconf 87' lang='lat' dir='ltr'>quod</span> <span class='ocrx_word' id='word_1_108' title='bbox 533 923 735 970; x_wconf 87' lang='lat' dir='ltr'>proprium</span> <span class='ocrx_word' id='word_1_109' title='bbox 768 923 917 959; x_wconf 86' lang='lat' dir='ltr'>bonum</span> <span class='ocrx_word' id='word_1_110' title='bbox 947 922 1028 968; x_wconf 89' lang='lat' dir='ltr'>jam</span> <span class='ocrx_word' id='word_1_111' title='bbox 1058 922 1223 958; x_wconf 88' lang='lat' dir='ltr'>obtinet.</span> <span class='ocrx_word' id='word_1_112' title='bbox 1247 921 1370 967; x_wconf 83' lang='lat' dir='ltr'>Igitur</span> <span class='ocrx_word' id='word_1_113' title='bbox 1394 921 1680 958; x_wconf 89' lang='lat' dir='ltr'>beatitudinem</span> <span class='ocrx_word' id='word_1_114' title='bbox 1709 930 1792 959; x_wconf 90' lang='lat' dir='ltr'>non</span> 
     </span>
     <span class='ocr_line' id='line_1_14' title="bbox 166 968 1559 1016; baseline -0.004 -5"><span class='ocrx_word' id='word_1_115' title='bbox 166 974 299 1011; x_wconf 90' lang='lat' dir='ltr'>solum</span> <span class='ocrx_word' id='word_1_116' title='bbox 321 972 532 1016; x_wconf 76' lang='lat' dir='ltr'>desiderat,</span> <span class='ocrx_word' id='word_1_117' title='bbox 550 971 654 1007; x_wconf 88' lang='lat' dir='ltr'>sicut</span> <span class='ocrx_word' id='word_1_118' title='bbox 674 973 711 1006; x_wconf 89' lang='lat' dir='ltr'>et</span> <span class='ocrx_word' id='word_1_119' title='bbox 731 978 819 1013; x_wconf 87' lang='lat' dir='ltr'>nos,</span> <span class='ocrx_word' id='word_1_120' title='bbox 843 969 912 1006; x_wconf 88' lang='lat' dir='ltr'>sed</span> <span class='ocrx_word' id='word_1_121' title='bbox 931 978 976 1005; x_wconf 92' lang='lat' dir='ltr'>ea</span> <span class='ocrx_word' id='word_1_122' title='bbox 998 969 1152 1005; x_wconf 76' lang='lat' dir='ltr'>fruitur.</span> <span class='ocrx_word' id='word_1_123' title='bbox 1176 970 1243 1005; x_wconf 89' lang='lat' dir='ltr'>Est</span> <span class='ocrx_word' id='word_1_124' title='bbox 1262 968 1384 1015; x_wconf 88' lang='lat' dir='ltr'>igitur</span> <span class='ocrx_word' id='word_1_125' title='bbox 1403 968 1559 1006; x_wconf 88' lang='lat' dir='ltr'>beatus.</span> 
     </span>
    </p>

    <p class='ocr_par' dir='ltr' id='par_1_6' title="bbox 162 1015 1792 2088">
     <span class='ocr_line' id='line_1_15' title="bbox 209 1015 1786 1065; baseline -0.003 -9"><span class='ocrx_word' id='word_1_126' title='bbox 209 1021 393 1065; x_wconf 74' lang='lat' dir='ltr'>Amplius,</span> <span class='ocrx_word' id='word_1_127' title='bbox 420 1018 518 1054; x_wconf 89' lang='lat' dir='ltr'>illud</span> <span class='ocrx_word' id='word_1_128' title='bbox 555 1021 616 1054; x_wconf 91' lang='lat' dir='ltr'>est</span> <span class='ocrx_word' id='word_1_129' title='bbox 651 1017 821 1053; x_wconf 80' lang='lat' dir='ltr'>maxime</span> <span class='ocrx_word' id='word_1_130' title='bbox 865 1016 1130 1052; x_wconf 88' lang='lat' dir='ltr'>desideratum</span> <span class='ocrx_word' id='word_1_131' title='bbox 1163 1016 1223 1052; x_wconf 88' lang='lat' dir='ltr'>vel</span> <span class='ocrx_word' id='word_1_132' title='bbox 1252 1015 1417 1052; x_wconf 88' lang='lat' dir='ltr'>volitum</span> <span class='ocrx_word' id='word_1_133' title='bbox 1446 1016 1494 1052; x_wconf 89' lang='lat' dir='ltr'>ab</span> <span class='ocrx_word' id='word_1_134' title='bbox 1526 1015 1786 1053; x_wconf 81' lang='lat' dir='ltr'>intellectuali</span> 
     </span>
     <span class='ocr_line' id='line_1_16' title="bbox 164 1062 1788 1113; baseline -0.004 -8"><span class='ocrx_word' id='word_1_135' title='bbox 164 1072 318 1111; x_wconf 88' lang='lat' dir='ltr'>natura,</span> <span class='ocrx_word' id='word_1_136' title='bbox 337 1065 442 1113; x_wconf 88' lang='lat' dir='ltr'>quod</span> <span class='ocrx_word' id='word_1_137' title='bbox 464 1068 524 1102; x_wconf 89' lang='lat' dir='ltr'>est</span> <span class='ocrx_word' id='word_1_138' title='bbox 542 1064 877 1110; x_wconf 86' lang='lat' dir='ltr'>perfectissimum</span> <span class='ocrx_word' id='word_1_139' title='bbox 898 1063 938 1098; x_wconf 92' lang='lat' dir='ltr'>in</span> <span class='ocrx_word' id='word_1_140' title='bbox 959 1063 1068 1109; x_wconf 87' lang='lat' dir='ltr'>ipsa:</span> <span class='ocrx_word' id='word_1_141' title='bbox 1091 1066 1128 1099; x_wconf 92' lang='lat' dir='ltr'>et</span> <span class='ocrx_word' id='word_1_142' title='bbox 1144 1062 1220 1100; x_wconf 90' lang='lat' dir='ltr'>hoc</span> <span class='ocrx_word' id='word_1_143' title='bbox 1257 1065 1318 1099; x_wconf 93' lang='lat' dir='ltr'>est</span> <span class='ocrx_word' id='word_1_144' title='bbox 1348 1062 1434 1109; x_wconf 87' lang='lat' dir='ltr'>ejus</span> <span class='ocrx_word' id='word_1_145' title='bbox 1463 1062 1679 1100; x_wconf 87' lang='lat' dir='ltr'>beatitudo.</span> <span class='ocrx_word' id='word_1_146' title='bbox 1701 1065 1788 1099; x_wconf 91' lang='lat' dir='ltr'>Per-</span> 
     </span>
     <span class='ocr_line' id='line_1_17' title="bbox 165 1108 1786 1156; baseline -0.004 -4"><span class='ocrx_word' id='word_1_147' title='bbox 165 1114 431 1152; x_wconf 87' lang='lat' dir='ltr'>fectissimum</span> <span class='ocrx_word' id='word_1_148' title='bbox 454 1114 585 1148; x_wconf 85' lang='lat' dir='ltr'>autem</span> <span class='ocrx_word' id='word_1_149' title='bbox 608 1111 648 1147; x_wconf 90' lang='lat' dir='ltr'>in</span> <span class='ocrx_word' id='word_1_150' title='bbox 671 1119 913 1156; x_wconf 85' lang='lat' dir='ltr'>unoquoque</span> <span class='ocrx_word' id='word_1_151' title='bbox 945 1114 1006 1147; x_wconf 88' lang='lat' dir='ltr'>est</span> <span class='ocrx_word' id='word_1_152' title='bbox 1036 1109 1213 1155; x_wconf 88' lang='lat' dir='ltr'>operatio</span> <span class='ocrx_word' id='word_1_153' title='bbox 1244 1108 1536 1155; x_wconf 86' lang='lat' dir='ltr'>perfectissima</span> <span class='ocrx_word' id='word_1_154' title='bbox 1567 1110 1672 1155; x_wconf 90' lang='lat' dir='ltr'>ejus;</span> <span class='ocrx_word' id='word_1_155' title='bbox 1695 1118 1786 1146; x_wconf 83' lang='lat' dir='ltr'>nain</span> 
     </span>
     <span class='ocr_line' id='line_1_18' title="bbox 164 1156 1787 1208; baseline -0.002 -10"><span class='ocrx_word' id='word_1_156' title='bbox 164 1160 345 1208; x_wconf 88' lang='lat' dir='ltr'>potentia</span> <span class='ocrx_word' id='word_1_157' title='bbox 363 1164 400 1196; x_wconf 91' lang='lat' dir='ltr'>et</span> <span class='ocrx_word' id='word_1_158' title='bbox 420 1158 580 1195; x_wconf 88' lang='lat' dir='ltr'>habitus</span> <span class='ocrx_word' id='word_1_159' title='bbox 612 1167 681 1203; x_wconf 89' lang='lat' dir='ltr'>per</span> <span class='ocrx_word' id='word_1_160' title='bbox 703 1158 975 1203; x_wconf 82' lang='lat' dir='ltr'>operationem</span> <span class='ocrx_word' id='word_1_161' title='bbox 1011 1157 1288 1203; x_wconf 81' lang='lat' dir='ltr'>perficiuntur3</span> <span class='ocrx_word' id='word_1_162' title='bbox 1312 1157 1417 1193; x_wconf 89' lang='lat' dir='ltr'>unde</span> <span class='ocrx_word' id='word_1_163' title='bbox 1449 1161 1487 1193; x_wconf 91' lang='lat' dir='ltr'>et</span> <span class='ocrx_word' id='word_1_164' title='bbox 1516 1156 1787 1202; x_wconf 86' lang='lat' dir='ltr'>Philosophus</span> 
     </span>
     <span class='ocr_line' id='line_1_19' title="bbox 165 1203 1787 1252; baseline -0.002 -7"><span class='ocrx_word' id='word_1_165' title='bbox 165 1209 262 1245; x_wconf 91' lang='lat' dir='ltr'>dicit</span> <span class='ocrx_word' id='word_1_166' title='bbox 282 1207 509 1244; x_wconf 83' lang='lat' dir='ltr'>felicitatem</span> <span class='ocrx_word' id='word_1_167' title='bbox 530 1213 620 1242; x_wconf 89' lang='lat' dir='ltr'>esse</span> <span class='ocrx_word' id='word_1_168' title='bbox 639 1205 851 1252; x_wconf 79' lang='lat' dir='ltr'>perfectam</span> <span class='ocrx_word' id='word_1_169' title='bbox 874 1205 1158 1250; x_wconf 85' lang='lat' dir='ltr'>operationem.</span> <span class='ocrx_word' id='word_1_170' title='bbox 1180 1203 1372 1240; x_wconf 80' lang='lat' dir='ltr'>perfectio</span> <span class='ocrx_word' id='word_1_171' title='bbox 1393 1208 1523 1240; x_wconf 87' lang='lat' dir='ltr'>autem</span> <span class='ocrx_word' id='word_1_172' title='bbox 1542 1203 1787 1249; x_wconf 88' lang='lat' dir='ltr'>operationis</span> 
     </span>
     <span class='ocr_line' id='line_1_20' title="bbox 165 1250 1789 1301; baseline -0.002 -9"><span class='ocrx_word' id='word_1_173' title='bbox 165 1254 360 1301; x_wconf 85' lang='lat' dir='ltr'>dependet</span> <span class='ocrx_word' id='word_1_174' title='bbox 379 1262 427 1290; x_wconf 84' lang='lat' dir='ltr'>ex</span> <span class='ocrx_word' id='word_1_175' title='bbox 446 1256 629 1299; x_wconf 91' lang='lat' dir='ltr'>quatuor.</span> <span class='ocrx_word' id='word_1_176' title='bbox 650 1253 784 1292; x_wconf 74' lang='lat' dir='ltr'>Primo,</span> <span class='ocrx_word' id='word_1_177' title='bbox 799 1261 846 1287; x_wconf 81' lang='lat' dir='ltr'>ex</span> <span class='ocrx_word' id='word_1_178' title='bbox 865 1260 939 1288; x_wconf 91' lang='lat' dir='ltr'>suo</span> <span class='ocrx_word' id='word_1_179' title='bbox 961 1260 1119 1298; x_wconf 85' lang='lat' dir='ltr'>genere,</span> <span class='ocrx_word' id='word_1_180' title='bbox 1142 1254 1184 1287; x_wconf 90' lang='lat' dir='ltr'>ut</span> <span class='ocrx_word' id='word_1_181' title='bbox 1199 1250 1256 1287; x_wconf 87' lang='lat' dir='ltr'>sie</span> <span class='ocrx_word' id='word_1_182' title='bbox 1277 1250 1330 1288; x_wconf 90' lang='lat' dir='ltr'>sit</span> <span class='ocrx_word' id='word_1_183' title='bbox 1345 1259 1513 1288; x_wconf 89' lang='lat' dir='ltr'>manens</span> <span class='ocrx_word' id='word_1_184' title='bbox 1532 1250 1574 1287; x_wconf 93' lang='lat' dir='ltr'>in</span> <span class='ocrx_word' id='word_1_185' title='bbox 1595 1251 1684 1297; x_wconf 89' lang='lat' dir='ltr'>ipso</span> <span class='ocrx_word' id='word_1_186' title='bbox 1699 1260 1789 1297; x_wconf 89' lang='lat' dir='ltr'>ope-</span> 
     </span>
     <span class='ocr_line' id='line_1_21' title="bbox 163 1297 1789 1346; baseline -0.004 -7"><span class='ocrx_word' id='word_1_187' title='bbox 163 1305 299 1346; x_wconf 89' lang='lat' dir='ltr'>rante;</span> <span class='ocrx_word' id='word_1_188' title='bbox 331 1300 420 1337; x_wconf 88' lang='lat' dir='ltr'>dico</span> <span class='ocrx_word' id='word_1_189' title='bbox 450 1303 581 1336; x_wconf 88' lang='lat' dir='ltr'>autem</span> <span class='ocrx_word' id='word_1_190' title='bbox 613 1299 883 1344; x_wconf 85' lang='lat' dir='ltr'>operationem</span> <span class='ocrx_word' id='word_1_191' title='bbox 913 1298 953 1334; x_wconf 91' lang='lat' dir='ltr'>in</span> <span class='ocrx_word' id='word_1_192' title='bbox 986 1298 1073 1343; x_wconf 89' lang='lat' dir='ltr'>ipso</span> <span class='ocrx_word' id='word_1_193' title='bbox 1106 1302 1345 1342; x_wconf 86' lang='lat' dir='ltr'>manentem,</span> <span class='ocrx_word' id='word_1_194' title='bbox 1380 1308 1448 1344; x_wconf 87' lang='lat' dir='ltr'>per</span> <span class='ocrx_word' id='word_1_195' title='bbox 1479 1307 1597 1345; x_wconf 88' lang='lat' dir='ltr'>quam</span> <span class='ocrx_word' id='word_1_196' title='bbox 1631 1307 1711 1335; x_wconf 90' lang='lat' dir='ltr'>non</span> <span class='ocrx_word' id='word_1_197' title='bbox 1745 1297 1789 1334; x_wconf 87' lang='lat' dir='ltr'>fit</span> 
     </span>
     <span class='ocr_line' id='line_1_22' title="bbox 166 1345 1787 1394; baseline -0.002 -9"><span class='ocrx_word' id='word_1_198' title='bbox 166 1348 275 1386; x_wconf 89' lang='lat' dir='ltr'>aliud</span> <span class='ocrx_word' id='word_1_199' title='bbox 295 1351 436 1394; x_wconf 82' lang='lat' dir='ltr'>praeter</span> <span class='ocrx_word' id='word_1_200' title='bbox 454 1347 583 1392; x_wconf 84' lang='lat' dir='ltr'>ipsam</span> <span class='ocrx_word' id='word_1_201' title='bbox 604 1346 888 1391; x_wconf 86' lang='lat' dir='ltr'>operationem,</span> <span class='ocrx_word' id='word_1_202' title='bbox 911 1345 1013 1382; x_wconf 86' lang='lat' dir='ltr'>sicut</span> <span class='ocrx_word' id='word_1_203' title='bbox 1036 1345 1167 1381; x_wconf 87' lang='lat' dir='ltr'>videre</span> <span class='ocrx_word' id='word_1_204' title='bbox 1186 1349 1222 1381; x_wconf 87' lang='lat' dir='ltr'>et</span> <span class='ocrx_word' id='word_1_205' title='bbox 1242 1345 1391 1382; x_wconf 86' lang='lat' dir='ltr'>audire.</span> <span class='ocrx_word' id='word_1_206' title='bbox 1415 1345 1648 1391; x_wconf 86' lang='lat' dir='ltr'>Hujusmodi</span> <span class='ocrx_word' id='word_1_207' title='bbox 1681 1345 1787 1381; x_wconf 89' lang='lat' dir='ltr'>enim</span> 
     </span>
     <span class='ocr_line' id='line_1_23' title="bbox 163 1392 1787 1441; baseline -0.004 -8"><span class='ocrx_word' id='word_1_208' title='bbox 163 1399 259 1433; x_wconf 89' lang='lat' dir='ltr'>sunt</span> <span class='ocrx_word' id='word_1_209' title='bbox 277 1393 541 1441; x_wconf 83' lang='lat' dir='ltr'>perfectiones</span> <span class='ocrx_word' id='word_1_210' title='bbox 566 1401 702 1430; x_wconf 89' lang='lat' dir='ltr'>eorum</span> <span class='ocrx_word' id='word_1_211' title='bbox 725 1401 894 1439; x_wconf 89' lang='lat' dir='ltr'>quorum</span> <span class='ocrx_word' id='word_1_212' title='bbox 914 1395 1008 1429; x_wconf 89' lang='lat' dir='ltr'>sunt</span> <span class='ocrx_word' id='word_1_213' title='bbox 1026 1392 1292 1437; x_wconf 86' lang='lat' dir='ltr'>operationes,</span> <span class='ocrx_word' id='word_1_214' title='bbox 1317 1395 1353 1428; x_wconf 89' lang='lat' dir='ltr'>et</span> <span class='ocrx_word' id='word_1_215' title='bbox 1373 1396 1545 1437; x_wconf 89' lang='lat' dir='ltr'>possunt</span> <span class='ocrx_word' id='word_1_216' title='bbox 1577 1401 1665 1429; x_wconf 88' lang='lat' dir='ltr'>esse</span> <span class='ocrx_word' id='word_1_217' title='bbox 1695 1392 1787 1429; x_wconf 88' lang='lat' dir='ltr'>ulti-</span> 
     </span>
     <span class='ocr_line' id='line_1_24' title="bbox 164 1438 1787 1488; baseline -0.002 -8"><span class='ocrx_word' id='word_1_218' title='bbox 164 1451 254 1484; x_wconf 84' lang='lat' dir='ltr'>mae,</span> <span class='ocrx_word' id='word_1_219' title='bbox 274 1441 369 1488; x_wconf 86' lang='lat' dir='ltr'>quia</span> <span class='ocrx_word' id='word_1_220' title='bbox 387 1449 469 1477; x_wconf 88' lang='lat' dir='ltr'>non</span> <span class='ocrx_word' id='word_1_221' title='bbox 489 1439 724 1478; x_wconf 87' lang='lat' dir='ltr'>ordinantur</span> <span class='ocrx_word' id='word_1_222' title='bbox 744 1439 792 1476; x_wconf 89' lang='lat' dir='ltr'>ad</span> <span class='ocrx_word' id='word_1_223' title='bbox 807 1439 967 1485; x_wconf 83' lang='lat' dir='ltr'>aliquod</span> <span class='ocrx_word' id='word_1_224' title='bbox 984 1439 1144 1483; x_wconf 88' lang='lat' dir='ltr'>factum,</span> <span class='ocrx_word' id='word_1_225' title='bbox 1161 1439 1265 1485; x_wconf 90' lang='lat' dir='ltr'>quod</span> <span class='ocrx_word' id='word_1_226' title='bbox 1283 1439 1335 1476; x_wconf 91' lang='lat' dir='ltr'>sit</span> <span class='ocrx_word' id='word_1_227' title='bbox 1352 1438 1445 1476; x_wconf 87' lang='lat' dir='ltr'>finis</span> <span class='ocrx_word' id='word_1_228' title='bbox 1463 1451 1471 1483; x_wconf 91' lang='grc'>;</span> <span class='ocrx_word' id='word_1_229' title='bbox 1500 1439 1676 1484; x_wconf 88' lang='lat' dir='ltr'>operatio</span> <span class='ocrx_word' id='word_1_230' title='bbox 1694 1448 1787 1476; x_wconf 87' lang='lat' dir='ltr'>vero</span> 
     </span>
     <span class='ocr_line' id='line_1_25' title="bbox 162 1486 1790 1534; baseline -0.002 -8"><span class='ocrx_word' id='word_1_231' title='bbox 162 1490 224 1526; x_wconf 92' lang='lat' dir='ltr'>vel</span> <span class='ocrx_word' id='word_1_232' title='bbox 246 1488 349 1526; x_wconf 89' lang='lat' dir='ltr'>actio</span> <span class='ocrx_word' id='word_1_233' title='bbox 370 1497 417 1524; x_wconf 81' lang='lat' dir='ltr'>ex</span> <span class='ocrx_word' id='word_1_234' title='bbox 436 1496 513 1534; x_wconf 91' lang='lat' dir='ltr'>qua</span> <span class='ocrx_word' id='word_1_235' title='bbox 536 1486 717 1534; x_wconf 89' lang='lat' dir='ltr'>sequitur</span> <span class='ocrx_word' id='word_1_236' title='bbox 748 1486 897 1532; x_wconf 87' lang='lat' dir='ltr'>aliquid</span> <span class='ocrx_word' id='word_1_237' title='bbox 920 1489 1049 1522; x_wconf 80' lang='lat' dir='ltr'>actum</span> <span class='ocrx_word' id='word_1_238' title='bbox 1071 1489 1212 1531; x_wconf 82' lang='lat' dir='ltr'>praeter</span> <span class='ocrx_word' id='word_1_239' title='bbox 1241 1486 1384 1532; x_wconf 88' lang='lat' dir='ltr'>ipsam,</span> <span class='ocrx_word' id='word_1_240' title='bbox 1407 1490 1468 1523; x_wconf 88' lang='lat' dir='ltr'>est</span> <span class='ocrx_word' id='word_1_241' title='bbox 1485 1486 1674 1532; x_wconf 86' lang='lat' dir='ltr'>perfectio</span> <span class='ocrx_word' id='word_1_242' title='bbox 1701 1495 1790 1532; x_wconf 90' lang='lat' dir='ltr'>ope-</span> 
     </span>
     <span class='ocr_line' id='line_1_26' title="bbox 164 1532 1787 1580; baseline -0.002 -7"><span class='ocrx_word' id='word_1_243' title='bbox 164 1536 255 1580; x_wconf 89' lang='lat' dir='ltr'>rati,</span> <span class='ocrx_word' id='word_1_244' title='bbox 277 1544 357 1572; x_wconf 90' lang='lat' dir='ltr'>non</span> <span class='ocrx_word' id='word_1_245' title='bbox 379 1534 594 1580; x_wconf 88' lang='lat' dir='ltr'>operantis,</span> <span class='ocrx_word' id='word_1_246' title='bbox 617 1536 656 1570; x_wconf 91' lang='lat' dir='ltr'>et</span> <span class='ocrx_word' id='word_1_247' title='bbox 672 1537 923 1580; x_wconf 84' lang='lat' dir='ltr'>comparatur</span> <span class='ocrx_word' id='word_1_248' title='bbox 943 1533 989 1569; x_wconf 88' lang='lat' dir='ltr'>ad</span> <span class='ocrx_word' id='word_1_249' title='bbox 1012 1533 1143 1579; x_wconf 88' lang='lat' dir='ltr'>ipsum</span> <span class='ocrx_word' id='word_1_250' title='bbox 1165 1533 1270 1570; x_wconf 88' lang='lat' dir='ltr'>sicut</span> <span class='ocrx_word' id='word_1_251' title='bbox 1288 1532 1336 1570; x_wconf 90' lang='lat' dir='ltr'>ad</span> <span class='ocrx_word' id='word_1_252' title='bbox 1357 1532 1490 1570; x_wconf 88' lang='lat' dir='ltr'>finem.</span> <span class='ocrx_word' id='word_1_253' title='bbox 1513 1535 1557 1569; x_wconf 90' lang='lat' dir='ltr'>Et</span> <span class='ocrx_word' id='word_1_254' title='bbox 1574 1533 1663 1570; x_wconf 89' lang='lat' dir='ltr'>ideo</span> <span class='ocrx_word' id='word_1_255' title='bbox 1694 1533 1787 1570; x_wconf 89' lang='lat' dir='ltr'>talis</span> 
     </span>
     <span class='ocr_line' id='line_1_27' title="bbox 165 1579 1788 1628; baseline -0.002 -8"><span class='ocrx_word' id='word_1_256' title='bbox 165 1582 343 1628; x_wconf 89' lang='lat' dir='ltr'>operatio</span> <span class='ocrx_word' id='word_1_257' title='bbox 369 1580 651 1618; x_wconf 82' lang='lat' dir='ltr'>intellectualis</span> <span class='ocrx_word' id='word_1_258' title='bbox 672 1589 753 1618; x_wconf 87' lang='lat' dir='ltr'>non</span> <span class='ocrx_word' id='word_1_259' title='bbox 773 1584 833 1617; x_wconf 86' lang='lat' dir='ltr'>est</span> <span class='ocrx_word' id='word_1_260' title='bbox 851 1580 1067 1624; x_wconf 87' lang='lat' dir='ltr'>beatitud0‚</span> <span class='ocrx_word' id='word_1_261' title='bbox 1089 1580 1171 1616; x_wconf 90' lang='lat' dir='ltr'>sive</span> <span class='ocrx_word' id='word_1_262' title='bbox 1190 1579 1371 1617; x_wconf 85' lang='lat' dir='ltr'>felicitas.</span> <span class='ocrx_word' id='word_1_263' title='bbox 1393 1580 1568 1620; x_wconf 78' lang='lat' dir='ltr'>Secundo.</span> <span class='ocrx_word' id='word_1_264' title='bbox 1598 1590 1646 1617; x_wconf 81' lang='lat' dir='ltr'>ex</span> <span class='ocrx_word' id='word_1_265' title='bbox 1680 1580 1788 1626; x_wconf 89' lang='lat' dir='ltr'>prin·</span> 
     </span>
     <span class='ocr_line' id='line_1_28' title="bbox 164 1627 1788 1676; baseline -0.002 -9"><span class='ocrx_word' id='word_1_266' title='bbox 164 1630 271 1676; x_wconf 88' lang='lat' dir='ltr'>cipio</span> <span class='ocrx_word' id='word_1_267' title='bbox 292 1628 551 1675; x_wconf 85' lang='lat' dir='ltr'>operationis,</span> <span class='ocrx_word' id='word_1_268' title='bbox 567 1630 611 1665; x_wconf 92' lang='lat' dir='ltr'>ut</span> <span class='ocrx_word' id='word_1_269' title='bbox 629 1627 682 1664; x_wconf 91' lang='lat' dir='ltr'>sit</span> <span class='ocrx_word' id='word_1_270' title='bbox 701 1627 907 1665; x_wconf 83' lang='lat' dir='ltr'>altissimae</span> <span class='ocrx_word' id='word_1_271' title='bbox 924 1627 1123 1674; x_wconf 83' lang='lat' dir='ltr'>potentiae.</span> <span class='ocrx_word' id='word_1_272' title='bbox 1148 1627 1254 1664; x_wconf 86' lang='lat' dir='ltr'>Unde</span> <span class='ocrx_word' id='word_1_273' title='bbox 1276 1627 1495 1664; x_wconf 88' lang='lat' dir='ltr'>secundum</span> <span class='ocrx_word' id='word_1_274' title='bbox 1517 1627 1788 1674; x_wconf 86' lang='lat' dir='ltr'>operationem</span> 
     </span>
     <span class='ocr_line' id='line_1_29' title="bbox 165 1674 1788 1721; baseline -0.001 -7"><span class='ocrx_word' id='word_1_275' title='bbox 165 1685 327 1721; x_wconf 89' lang='lat' dir='ltr'>sensus,</span> <span class='ocrx_word' id='word_1_276' title='bbox 350 1684 431 1713; x_wconf 91' lang='lat' dir='ltr'>non</span> <span class='ocrx_word' id='word_1_277' title='bbox 453 1679 514 1712; x_wconf 91' lang='lat' dir='ltr'>est</span> <span class='ocrx_word' id='word_1_278' title='bbox 532 1675 573 1711; x_wconf 93' lang='lat' dir='ltr'>in</span> <span class='ocrx_word' id='word_1_279' title='bbox 597 1674 715 1712; x_wconf 89' lang='lat' dir='ltr'>nobis</span> <span class='ocrx_word' id='word_1_280' title='bbox 730 1674 915 1719; x_wconf 82' lang='lat' dir='ltr'>felicitas,</span> <span class='ocrx_word' id='word_1_281' title='bbox 937 1674 1007 1712; x_wconf 89' lang='lat' dir='ltr'>sed</span> <span class='ocrx_word' id='word_1_282' title='bbox 1024 1674 1245 1711; x_wconf 90' lang='lat' dir='ltr'>secundum</span> <span class='ocrx_word' id='word_1_283' title='bbox 1266 1674 1538 1721; x_wconf 90' lang='lat' dir='ltr'>operationem</span> <span class='ocrx_word' id='word_1_284' title='bbox 1561 1675 1788 1712; x_wconf 85' lang='lat' dir='ltr'>intellectus</span> 
     </span>
     <span class='ocr_line' id='line_1_30' title="bbox 163 1721 1790 1770; baseline -0.001 -9"><span class='ocrx_word' id='word_1_285' title='bbox 163 1727 278 1770; x_wconf 88' lang='lat' dir='ltr'>etper</span> <span class='ocrx_word' id='word_1_286' title='bbox 291 1722 467 1760; x_wconf 90' lang='lat' dir='ltr'>habitum</span> <span class='ocrx_word' id='word_1_287' title='bbox 478 1721 653 1768; x_wconf 86' lang='lat' dir='ltr'>perfecti.</span> <span class='ocrx_word' id='word_1_288' title='bbox 672 1723 801 1762; x_wconf 76' lang='lat' dir='ltr'>Tertio,</span> <span class='ocrx_word' id='word_1_289' title='bbox 823 1731 871 1758; x_wconf 86' lang='lat' dir='ltr'>ex</span> <span class='ocrx_word' id='word_1_290' title='bbox 887 1721 1132 1767; x_wconf 88' lang='lat' dir='ltr'>operationis</span> <span class='ocrx_word' id='word_1_291' title='bbox 1152 1721 1320 1768; x_wconf 89' lang='lat' dir='ltr'>objecto,</span> <span class='ocrx_word' id='word_1_292' title='bbox 1343 1725 1381 1758; x_wconf 90' lang='lat' dir='ltr'>et</span> <span class='ocrx_word' id='word_1_293' title='bbox 1393 1725 1552 1768; x_wconf 88' lang='lat' dir='ltr'>propter</span> <span class='ocrx_word' id='word_1_294' title='bbox 1565 1722 1642 1759; x_wconf 89' lang='lat' dir='ltr'>hoc</span> <span class='ocrx_word' id='word_1_295' title='bbox 1659 1722 1701 1759; x_wconf 93' lang='lat' dir='ltr'>in</span> <span class='ocrx_word' id='word_1_296' title='bbox 1721 1730 1790 1760; x_wconf 91' lang='lat' dir='ltr'>no-</span> 
     </span>
     <span class='ocr_line' id='line_1_31' title="bbox 162 1768 1789 1815; baseline -0.001 -7"><span class='ocrx_word' id='word_1_297' title='bbox 162 1770 227 1808; x_wconf 90' lang='lat' dir='ltr'>bis</span> <span class='ocrx_word' id='word_1_298' title='bbox 239 1770 380 1807; x_wconf 87' lang='lat' dir='ltr'>ultima</span> <span class='ocrx_word' id='word_1_299' title='bbox 395 1769 565 1806; x_wconf 89' lang='lat' dir='ltr'>felicitas</span> <span class='ocrx_word' id='word_1_300' title='bbox 576 1769 684 1805; x_wconf 89' lang='lat' dir='ltr'>estin</span> <span class='ocrx_word' id='word_1_301' title='bbox 694 1768 952 1815; x_wconf 89' lang='lat' dir='ltr'>intelligendo</span> <span class='ocrx_word' id='word_1_302' title='bbox 964 1769 1205 1806; x_wconf 89' lang='lat' dir='ltr'>altissimum</span> <span class='ocrx_word' id='word_1_303' title='bbox 1220 1768 1483 1815; x_wconf 81' lang='lat' dir='ltr'>intelligibile.</span> <span class='ocrx_word' id='word_1_304' title='bbox 1494 1769 1641 1812; x_wconf 78' lang='lat' dir='ltr'>Quarto,</span> <span class='ocrx_word' id='word_1_305' title='bbox 1652 1779 1699 1806; x_wconf 85' lang='lat' dir='ltr'>ex</span> <span class='ocrx_word' id='word_1_306' title='bbox 1710 1769 1789 1806; x_wconf 91' lang='lat' dir='ltr'>sor-</span> 
     </span>
     <span class='ocr_line' id='line_1_32' title="bbox 164 1815 1788 1862; baseline -0.001 -7"><span class='ocrx_word' id='word_1_307' title='bbox 164 1825 230 1855; x_wconf 89' lang='lat' dir='ltr'>ma</span> <span class='ocrx_word' id='word_1_308' title='bbox 241 1816 499 1862; x_wconf 87' lang='lat' dir='ltr'>operationis,</span> <span class='ocrx_word' id='word_1_309' title='bbox 511 1819 554 1852; x_wconf 90' lang='lat' dir='ltr'>ut</span> <span class='ocrx_word' id='word_1_310' title='bbox 571 1815 723 1852; x_wconf 89' lang='lat' dir='ltr'>scilicet</span> <span class='ocrx_word' id='word_1_311' title='bbox 734 1815 1452 1861; x_wconf 84' lang='lat' dir='ltr'>perfecte‚faciliter,etdelectabiliter</span> <span class='ocrx_word' id='word_1_312' title='bbox 1463 1820 1660 1862; x_wconf 87' lang='lat' dir='ltr'>operetur.</span> <span class='ocrx_word' id='word_1_313' title='bbox 1683 1817 1788 1853; x_wconf 91' lang='lat' dir='ltr'>Talis</span> 
     </span>
     <span class='ocr_line' id='line_1_33' title="bbox 166 1862 1790 1909; baseline -0.001 -8"><span class='ocrx_word' id='word_1_314' title='bbox 166 1867 299 1902; x_wconf 88' lang='lat' dir='ltr'>autem</span> <span class='ocrx_word' id='word_1_315' title='bbox 329 1866 390 1900; x_wconf 88' lang='lat' dir='ltr'>est</span> <span class='ocrx_word' id='word_1_316' title='bbox 409 1863 477 1899; x_wconf 92' lang='lat' dir='ltr'>Dei</span> <span class='ocrx_word' id='word_1_317' title='bbox 499 1862 690 1908; x_wconf 89' lang='lat' dir='ltr'>operatio,</span> <span class='ocrx_word' id='word_1_318' title='bbox 710 1871 800 1899; x_wconf 90' lang='lat' dir='ltr'>cum</span> <span class='ocrx_word' id='word_1_319' title='bbox 822 1863 874 1899; x_wconf 90' lang='lat' dir='ltr'>sit</span> <span class='ocrx_word' id='word_1_320' title='bbox 893 1862 1122 1909; x_wconf 87' lang='lat' dir='ltr'>intelligens</span> <span class='ocrx_word' id='word_1_321' title='bbox 1143 1866 1179 1899; x_wconf 86' lang='lat' dir='ltr'>et</span> <span class='ocrx_word' id='word_1_322' title='bbox 1209 1871 1308 1900; x_wconf 87' lang='lat' dir='ltr'>suus</span> <span class='ocrx_word' id='word_1_323' title='bbox 1338 1862 1562 1900; x_wconf 85' lang='lat' dir='ltr'>intellectus</span> <span class='ocrx_word' id='word_1_324' title='bbox 1592 1863 1790 1901; x_wconf 87' lang='lat' dir='ltr'>altissima</span> 
     </span>
     <span class='ocr_line' id='line_1_34' title="bbox 162 1909 1787 1956; baseline -0.001 -8"><span class='ocrx_word' id='word_1_325' title='bbox 162 1911 353 1948; x_wconf 89' lang='lat' dir='ltr'>virtutum</span> <span class='ocrx_word' id='word_1_326' title='bbox 368 1910 435 1955; x_wconf 86' lang='lat' dir='ltr'>sit,</span> <span class='ocrx_word' id='word_1_327' title='bbox 456 1918 530 1947; x_wconf 87' lang='lat' dir='ltr'>nec</span> <span class='ocrx_word' id='word_1_328' title='bbox 552 1909 706 1956; x_wconf 84' lang='lat' dir='ltr'>indiget</span> <span class='ocrx_word' id='word_1_329' title='bbox 724 1909 861 1946; x_wconf 88' lang='lat' dir='ltr'>habitu</span> <span class='ocrx_word' id='word_1_330' title='bbox 876 1909 1117 1955; x_wconf 85' lang='lat' dir='ltr'>perficiente,</span> <span class='ocrx_word' id='word_1_331' title='bbox 1138 1909 1232 1956; x_wconf 89' lang='lat' dir='ltr'>quia</span> <span class='ocrx_word' id='word_1_332' title='bbox 1257 1910 1298 1946; x_wconf 93' lang='lat' dir='ltr'>in</span> <span class='ocrx_word' id='word_1_333' title='bbox 1323 1909 1458 1956; x_wconf 88' lang='lat' dir='ltr'>seipso</span> <span class='ocrx_word' id='word_1_334' title='bbox 1487 1909 1686 1956; x_wconf 91' lang='lat' dir='ltr'>perfectus</span> <span class='ocrx_word' id='word_1_335' title='bbox 1714 1914 1787 1955; x_wconf 90' lang='lat' dir='ltr'>est,</span> 
     </span>
     <span class='ocr_line' id='line_1_35' title="bbox 163 1955 1792 2004; baseline -0.001 -9"><span class='ocrx_word' id='word_1_336' title='bbox 163 1961 347 2003; x_wconf 84' lang='lat' dir='ltr'>utsupra</span> <span class='ocrx_word' id='word_1_337' title='bbox 377 1956 477 2003; x_wconf 87' lang='lat' dir='ltr'>(cap.</span> <span class='ocrx_word' id='word_1_338' title='bbox 498 1955 559 2003; x_wconf 81' lang='lat'>28)</span> <span class='ocrx_word' id='word_1_339' title='bbox 589 1960 795 1994; x_wconf 85' lang='lat' dir='ltr'>ostensum</span> <span class='ocrx_word' id='word_1_340' title='bbox 827 1960 900 1994; x_wconf 87' lang='lat' dir='ltr'>est.</span> <span class='ocrx_word' id='word_1_341' title='bbox 923 1958 1009 2003; x_wconf 89' lang='lat' dir='ltr'>lpse</span> <span class='ocrx_word' id='word_1_342' title='bbox 1042 1960 1172 1994; x_wconf 87' lang='lat' dir='ltr'>autem</span> <span class='ocrx_word' id='word_1_343' title='bbox 1203 1957 1381 2002; x_wconf 89' lang='lat' dir='ltr'>seipsum</span> <span class='ocrx_word' id='word_1_344' title='bbox 1412 1956 1612 2004; x_wconf 86' lang='lat' dir='ltr'>inteiligit,</span> <span class='ocrx_word' id='word_1_345' title='bbox 1632 1957 1699 2004; x_wconf 91' lang='lat' dir='ltr'>qui</span> <span class='ocrx_word' id='word_1_346' title='bbox 1730 1961 1792 1995; x_wconf 87' lang='lat' dir='ltr'>est</span> 
     </span>
     <span class='ocr_line' id='line_1_36' title="bbox 167 2002 1790 2087; baseline -0.001 -44"><span class='ocrx_word' id='word_1_347' title='bbox 167 2012 369 2043; x_wconf 86' lang='lat' dir='ltr'>summurn</span> <span class='ocrx_word' id='word_1_348' title='bbox 388 2002 702 2087; x_wconf 53' lang='lat' dir='ltr'>intelligibilium</span> <span class='ocrx_word' id='word_1_349' title='bbox 722 2003 908 2049; x_wconf 86' lang='lat' dir='ltr'>perfecte,</span> <span class='ocrx_word' id='word_1_350' title='bbox 930 2003 1080 2051; x_wconf 79' lang='lat' dir='ltr'>absque</span> <span class='ocrx_word' id='word_1_351' title='bbox 1098 2004 1206 2040; x_wconf 89' lang='lat' dir='ltr'>omni</span> <span class='ocrx_word' id='word_1_352' title='bbox 1227 2003 1459 2041; x_wconf 86' lang='lat' dir='ltr'>difficultate</span> <span class='ocrx_word' id='word_1_353' title='bbox 1489 2006 1528 2040; x_wconf 90' lang='lat' dir='ltr'>et</span> <span class='ocrx_word' id='word_1_354' title='bbox 1546 2003 1790 2041; x_wconf 88' lang='lat' dir='ltr'>delectabili-</span> 
     </span>
     <span class='ocr_line' id='line_1_37' title="bbox 162 2053 610 2088; baseline -0.002 0"><span class='ocrx_word' id='word_1_355' title='bbox 162 2054 235 2088; x_wconf 85' lang='lat' dir='ltr'>ter.</span> <span class='ocrx_word' id='word_1_356' title='bbox 258 2053 326 2088; x_wconf 90' lang='lat' dir='ltr'>Est</span> <span class='ocrx_word' id='word_1_357' title='bbox 343 2059 384 2087; x_wconf 89' lang='lat' dir='ltr'>er</span> <span class='ocrx_word' id='word_1_358' title='bbox 414 2059 438 2088; x_wconf 91' lang='grc'><strong>0</strong></span> <span class='ocrx_word' id='word_1_359' title='bbox 482 2054 610 2087; x_wconf 86' lang='lat' dir='ltr'>eatus.</span> 
     </span>
    </p>

    <p class='ocr_par' dir='ltr' id='par_1_7' title="bbox 162 2060 1792 2426">
     <span class='ocr_line' id='line_1_38' title="bbox 210 2060 1791 2145; baseline 0.001 -11"><span class='ocrx_word' id='word_1_360' title='bbox 210 2098 355 2137; x_wconf 82' lang='lat' dir='ltr'>Adhuc,</span> <span class='ocrx_word' id='word_1_361' title='bbox 367 2060 729 2143; x_wconf 60' lang='lat' dir='ltr'>p{1·beatitudinem</span> <span class='ocrx_word' id='word_1_362' title='bbox 746 2097 987 2136; x_wconf 85' lang='lat' dir='ltr'>desiderium</span> <span class='ocrx_word' id='word_1_363' title='bbox 1006 2107 1124 2136; x_wconf 90' lang='lat' dir='ltr'>omne</span> <span class='ocrx_word' id='word_1_364' title='bbox 1145 2098 1356 2145; x_wconf 86' lang='lat' dir='ltr'>quietatur,</span> <span class='ocrx_word' id='word_1_365' title='bbox 1367 2098 1475 2145; x_wconf 84' lang='lat' dir='ltr'>quia,</span> <span class='ocrx_word' id='word_1_366' title='bbox 1490 2098 1693 2144; x_wconf 67' lang='lat' dir='ltr'>cambita,</span> <span class='ocrx_word' id='word_1_367' title='bbox 1709 2107 1791 2136; x_wconf 90' lang='lat' dir='ltr'>non</span> 
     </span>
     <span class='ocr_line' id='line_1_39' title="bbox 163 2144 1790 2192; baseline 0.002 -11"><span class='ocrx_word' id='word_1_368' title='bbox 163 2147 288 2181; x_wconf 87' lang='lat' dir='ltr'>restat</span> <span class='ocrx_word' id='word_1_369' title='bbox 308 2144 415 2181; x_wconf 89' lang='lat' dir='ltr'>aliud</span> <span class='ocrx_word' id='word_1_370' title='bbox 435 2144 756 2190; x_wconf 87' lang='lat' dir='ltr'>desiderandum,</span> <span class='ocrx_word' id='word_1_371' title='bbox 778 2154 868 2182; x_wconf 89' lang='lat' dir='ltr'>cum</span> <span class='ocrx_word' id='word_1_372' title='bbox 889 2146 942 2183; x_wconf 92' lang='lat' dir='ltr'>sit</span> <span class='ocrx_word' id='word_1_373' title='bbox 962 2145 1126 2183; x_wconf 88' lang='lat' dir='ltr'>ultimus</span> <span class='ocrx_word' id='word_1_374' title='bbox 1146 2146 1254 2183; x_wconf 90' lang='lat' dir='ltr'>finis.</span> <span class='ocrx_word' id='word_1_375' title='bbox 1277 2146 1438 2192; x_wconf 89' lang='lat' dir='ltr'>Oportet</span> <span class='ocrx_word' id='word_1_376' title='bbox 1456 2146 1579 2192; x_wconf 88' lang='lat' dir='ltr'>igitur</span> <span class='ocrx_word' id='word_1_377' title='bbox 1598 2155 1687 2184; x_wconf 90' lang='lat' dir='ltr'>eum</span> <span class='ocrx_word' id='word_1_378' title='bbox 1701 2155 1790 2184; x_wconf 89' lang='lat' dir='ltr'>esse</span> 
     </span>
     <span class='ocr_line' id='line_1_40' title="bbox 164 2190 1791 2239; baseline 0.001 -11"><span class='ocrx_word' id='word_1_379' title='bbox 164 2191 325 2228; x_wconf 87' lang='lat' dir='ltr'>beatum</span> <span class='ocrx_word' id='word_1_380' title='bbox 346 2190 413 2237; x_wconf 89' lang='lat' dir='ltr'>qui</span> <span class='ocrx_word' id='word_1_381' title='bbox 431 2191 630 2237; x_wconf 88' lang='lat' dir='ltr'>perfectus</span> <span class='ocrx_word' id='word_1_382' title='bbox 650 2195 724 2237; x_wconf 89' lang='lat' dir='ltr'>est,</span> <span class='ocrx_word' id='word_1_383' title='bbox 743 2196 935 2239; x_wconf 87' lang='lat' dir='ltr'>quantum</span> <span class='ocrx_word' id='word_1_384' title='bbox 955 2193 1004 2229; x_wconf 91' lang='lat' dir='ltr'>ad</span> <span class='ocrx_word' id='word_1_385' title='bbox 1025 2193 1160 2230; x_wconf 90' lang='lat' dir='ltr'>omnia</span> <span class='ocrx_word' id='word_1_386' title='bbox 1179 2201 1268 2239; x_wconf 86' lang='lat' dir='ltr'>quae</span> <span class='ocrx_word' id='word_1_387' title='bbox 1283 2192 1508 2230; x_wconf 88' lang='lat' dir='ltr'>desiderare</span> <span class='ocrx_word' id='word_1_388' title='bbox 1521 2196 1666 2239; x_wconf 87' lang='lat' dir='ltr'>potest.</span> <span class='ocrx_word' id='word_1_389' title='bbox 1681 2193 1791 2230; x_wconf 91' lang='lat' dir='ltr'>Unde</span> 
     </span>
     <span class='ocr_line' id='line_1_41' title="bbox 163 2237 1792 2286; baseline 0.002 -12"><span class='ocrx_word' id='word_1_390' title='bbox 163 2239 328 2275; x_wconf 87' lang='lat' dir='ltr'>Boetius</span> <span class='ocrx_word' id='word_1_391' title='bbox 346 2237 442 2275; x_wconf 88' lang='lat' dir='ltr'>dicit</span> <span class='ocrx_word' id='word_1_392' title='bbox 460 2237 529 2285; x_wconf 89' lang='lat' dir='ltr'>(De</span> <span class='ocrx_word' id='word_1_393' title='bbox 549 2246 677 2283; x_wconf 70' lang='lat' dir='ltr'>cons„</span> <span class='ocrx_word' id='word_1_394' title='bbox 698 2238 724 2275; x_wconf 91' lang='lat' dir='ltr'>l.</span> <span class='ocrx_word' id='word_1_395' title='bbox 744 2247 803 2283; x_wconf 92' lang='lat'>111,</span> <span class='ocrx_word' id='word_1_396' title='bbox 824 2239 877 2286; x_wconf 81' lang='lat'>2),</span> <span class='ocrx_word' id='word_1_397' title='bbox 899 2239 1005 2286; x_wconf 86' lang='lat' dir='ltr'>quod</span> <span class='ocrx_word' id='word_1_398' title='bbox 1025 2239 1227 2277; x_wconf 87' lang='lat' dir='ltr'>beatitudo</span> <span class='ocrx_word' id='word_1_399' title='bbox 1240 2243 1301 2277; x_wconf 87' lang='lat' dir='ltr'>est</span> <span class='ocrx_word' id='word_1_400' title='bbox 1320 2242 1450 2276; x_wconf 87' lang='lat' dir='ltr'>status</span> <span class='ocrx_word' id='word_1_401' title='bbox 1469 2240 1649 2277; x_wconf 88' lang='lat' dir='ltr'>omnium</span> <span class='ocrx_word' id='word_1_402' title='bbox 1669 2239 1792 2277; x_wconf 87' lang='lat' dir='ltr'>bono-</span> 
     </span>
     <span class='ocr_line' id='line_1_42' title="bbox 163 2284 1790 2334; baseline 0.001 -13"><span class='ocrx_word' id='word_1_403' title='bbox 163 2293 253 2322; x_wconf 83' lang='lat' dir='ltr'>rum</span> <span class='ocrx_word' id='word_1_404' title='bbox 275 2284 585 2331; x_wconf 83' lang='lat' dir='ltr'>congregatione</span> <span class='ocrx_word' id='word_1_405' title='bbox 604 2285 802 2330; x_wconf 88' lang='lat' dir='ltr'>perfectus</span> <span class='ocrx_word' id='word_1_406' title='bbox 819 2297 828 2330; x_wconf 85' lang='lat'>3</span> <span class='ocrx_word' id='word_1_407' title='bbox 852 2288 922 2323; x_wconf 90' lang='lat' dir='ltr'>sed</span> <span class='ocrx_word' id='word_1_408' title='bbox 942 2287 1034 2324; x_wconf 86' lang='lat' dir='ltr'>talis</span> <span class='ocrx_word' id='word_1_409' title='bbox 1052 2290 1113 2323; x_wconf 89' lang='lat' dir='ltr'>est</span> <span class='ocrx_word' id='word_1_410' title='bbox 1131 2286 1264 2323; x_wconf 88' lang='lat' dir='ltr'>divina</span> <span class='ocrx_word' id='word_1_411' title='bbox 1283 2286 1485 2332; x_wconf 83' lang='lat' dir='ltr'>perfectio,</span> <span class='ocrx_word' id='word_1_412' title='bbox 1508 2296 1597 2334; x_wconf 83' lang='lat' dir='ltr'>quae</span> <span class='ocrx_word' id='word_1_413' title='bbox 1629 2295 1790 2324; x_wconf 86' lang='lat' dir='ltr'>ornnem</span> 
     </span>
     <span class='ocr_line' id='line_1_43' title="bbox 165 2331 1790 2384; baseline 0.002 -16"><span class='ocrx_word' id='word_1_414' title='bbox 165 2331 450 2377; x_wconf 87' lang='lat' dir='ltr'>perfectionem</span> <span class='ocrx_word' id='word_1_415' title='bbox 470 2331 510 2368; x_wconf 88' lang='lat' dir='ltr'>in</span> <span class='ocrx_word' id='word_1_416' title='bbox 530 2331 700 2384; x_wconf 77' lang='lat' dir='ltr'>quadam</span> <span class='ocrx_word' id='word_1_417' title='bbox 722 2332 976 2378; x_wconf 90' lang='lat' dir='ltr'>simplicitate</span> <span class='ocrx_word' id='word_1_418' title='bbox 997 2333 1310 2379; x_wconf 85' lang='lat' dir='ltr'>comprehendit,</span> <span class='ocrx_word' id='word_1_419' title='bbox 1332 2336 1507 2380; x_wconf 87' lang='lat' dir='ltr'>utsupra</span> <span class='ocrx_word' id='word_1_420' title='bbox 1517 2335 1669 2380; x_wconf 83' lang='lat' dir='ltr'>(cap.28</span> <span class='ocrx_word' id='word_1_421' title='bbox 1686 2334 1790 2380; x_wconf 84' lang='lat' dir='ltr'>et54)</span> 
     </span>
     <span class='ocr_line' id='line_1_44' title="bbox 162 2379 1081 2426; baseline 0.001 -10"><span class='ocrx_word' id='word_1_422' title='bbox 162 2381 372 2416; x_wconf 90' lang='lat' dir='ltr'>ostensum</span> <span class='ocrx_word' id='word_1_423' title='bbox 393 2381 467 2415; x_wconf 90' lang='lat' dir='ltr'>est.</span> <span class='ocrx_word' id='word_1_424' title='bbox 488 2379 577 2424; x_wconf 90' lang='lat' dir='ltr'>Ipse</span> <span class='ocrx_word' id='word_1_425' title='bbox 594 2382 717 2426; x_wconf 90' lang='lat' dir='ltr'>1g1tur</span> <span class='ocrx_word' id='word_1_426' title='bbox 737 2383 799 2416; x_wconf 89' lang='lat' dir='ltr'>est</span> <span class='ocrx_word' id='word_1_427' title='bbox 817 2389 907 2417; x_wconf 89' lang='lat' dir='ltr'>vere</span> <span class='ocrx_word' id='word_1_428' title='bbox 926 2380 1081 2418; x_wconf 89' lang='lat' dir='ltr'>beatus.</span> 
     </span>
    </p>

    <p class='ocr_par' dir='ltr' id='par_1_8' title="bbox 162 2424 1792 2742">
     <span class='ocr_line' id='line_1_45' title="bbox 208 2424 1789 2477; baseline 0.001 -16"><span class='ocrx_word' id='word_1_429' title='bbox 208 2427 311 2477; x_wconf 66' lang='lat' dir='ltr'>item,</span> <span class='ocrx_word' id='word_1_430' title='bbox 330 2424 520 2477; x_wconf 85' lang='lat' dir='ltr'>quamdiu</span> <span class='ocrx_word' id='word_1_431' title='bbox 541 2425 660 2463; x_wconf 87' lang='lat' dir='ltr'>alicui</span> <span class='ocrx_word' id='word_1_432' title='bbox 692 2426 804 2464; x_wconf 89' lang='lat' dir='ltr'>deest</span> <span class='ocrx_word' id='word_1_433' title='bbox 832 2426 982 2474; x_wconf 87' lang='lat' dir='ltr'>aliquid</span> <span class='ocrx_word' id='word_1_434' title='bbox 1014 2437 1094 2474; x_wconf 90' lang='lat' dir='ltr'>quo</span> <span class='ocrx_word' id='word_1_435' title='bbox 1125 2427 1316 2475; x_wconf 85' lang='lat' dir='ltr'>indigeat,</span> <span class='ocrx_word' id='word_1_436' title='bbox 1335 2427 1513 2465; x_wconf 89' lang='lat' dir='ltr'>nondum</span> <span class='ocrx_word' id='word_1_437' title='bbox 1542 2427 1683 2466; x_wconf 88' lang='lat' dir='ltr'>beatus</span> <span class='ocrx_word' id='word_1_438' title='bbox 1715 2432 1789 2472; x_wconf 90' lang='lat' dir='ltr'>est,</span> 
     </span>
     <span class='ocr_line' id='line_1_46' title="bbox 163 2471 1790 2525; baseline 0.001 -17"><span class='ocrx_word' id='word_1_439' title='bbox 163 2481 258 2524; x_wconf 82' lang='lat' dir='ltr'>quia</span> <span class='ocrx_word' id='word_1_440' title='bbox 278 2481 366 2519; x_wconf 72' lang='lat' dir='ltr'>ejus</span> <span class='ocrx_word' id='word_1_441' title='bbox 383 2471 623 2525; x_wconf 81' lang='lat' dir='ltr'>deslderium</span> <span class='ocrx_word' id='word_1_442' title='bbox 644 2473 822 2511; x_wconf 90' lang='lat' dir='ltr'>nondum</span> <span class='ocrx_word' id='word_1_443' title='bbox 843 2478 904 2511; x_wconf 91' lang='lat' dir='ltr'>est</span> <span class='ocrx_word' id='word_1_444' title='bbox 922 2473 1157 2521; x_wconf 88' lang='lat' dir='ltr'>quietatum.</span> <span class='ocrx_word' id='word_1_445' title='bbox 1180 2474 1427 2522; x_wconf 83' lang='lat' dir='ltr'>Quicumque</span> <span class='ocrx_word' id='word_1_446' title='bbox 1447 2475 1571 2521; x_wconf 88' lang='lat' dir='ltr'>igitur</span> <span class='ocrx_word' id='word_1_447' title='bbox 1589 2475 1665 2512; x_wconf 90' lang='lat' dir='ltr'>sibi</span> <span class='ocrx_word' id='word_1_448' title='bbox 1678 2473 1790 2511; x_wconf 83' lang='lat' dir='ltr'>suffi-</span> 
     </span>
     <span class='ocr_line' id='line_1_47' title="bbox 163 2518 1792 2567; baseline 0.001 -12"><span class='ocrx_word' id='word_1_449' title='bbox 163 2528 275 2556; x_wconf 86' lang='lat' dir='ltr'>ciens</span> <span class='ocrx_word' id='word_1_450' title='bbox 313 2521 387 2564; x_wconf 89' lang='lat' dir='ltr'>est,</span> <span class='ocrx_word' id='word_1_451' title='bbox 417 2518 529 2556; x_wconf 90' lang='lat' dir='ltr'>nullo</span> <span class='ocrx_word' id='word_1_452' title='bbox 556 2519 759 2567; x_wconf 78' lang='lat' dir='ltr'>indigens,</span> <span class='ocrx_word' id='word_1_453' title='bbox 780 2521 848 2557; x_wconf 88' lang='lat' dir='ltr'>ille</span> <span class='ocrx_word' id='word_1_454' title='bbox 881 2521 1023 2559; x_wconf 88' lang='lat' dir='ltr'>beatus</span> <span class='ocrx_word' id='word_1_455' title='bbox 1052 2526 1125 2560; x_wconf 89' lang='lat' dir='ltr'>est.</span> <span class='ocrx_word' id='word_1_456' title='bbox 1150 2522 1366 2560; x_wconf 85' lang='lat' dir='ltr'>ostensum</span> <span class='ocrx_word' id='word_1_457' title='bbox 1403 2526 1535 2559; x_wconf 85' lang='lat' dir='ltr'>autem</span> <span class='ocrx_word' id='word_1_458' title='bbox 1573 2524 1636 2559; x_wconf 86' lang='lat' dir='ltr'>est</span> <span class='ocrx_word' id='word_1_459' title='bbox 1669 2529 1792 2567; x_wconf 88' lang='lat' dir='ltr'>supra</span> 
     </span>
     <span class='ocr_line' id='line_1_48' title="bbox 163 2564 1790 2615; baseline 0.001 -14"><span class='ocrx_word' id='word_1_460' title='bbox 163 2564 264 2611; x_wconf 89' lang='lat' dir='ltr'>(cap.</span> <span class='ocrx_word' id='word_1_461' title='bbox 286 2565 362 2612; x_wconf 83' lang='lat'>81),</span> <span class='ocrx_word' id='word_1_462' title='bbox 382 2566 489 2612; x_wconf 90' lang='lat' dir='ltr'>quod</span> <span class='ocrx_word' id='word_1_463' title='bbox 509 2567 614 2604; x_wconf 89' lang='lat' dir='ltr'>Deus</span> <span class='ocrx_word' id='word_1_464' title='bbox 634 2575 717 2604; x_wconf 91' lang='lat' dir='ltr'>non</span> <span class='ocrx_word' id='word_1_465' title='bbox 735 2567 888 2615; x_wconf 86' lang='lat' dir='ltr'>indiget</span> <span class='ocrx_word' id='word_1_466' title='bbox 908 2569 1012 2610; x_wconf 85' lang='lat' dir='ltr'>aliis,</span> <span class='ocrx_word' id='word_1_467' title='bbox 1034 2578 1125 2607; x_wconf 90' lang='lat' dir='ltr'>cum</span> <span class='ocrx_word' id='word_1_468' title='bbox 1145 2579 1169 2606; x_wconf 90' lang='lat' dir='ltr'>a</span> <span class='ocrx_word' id='word_1_469' title='bbox 1182 2569 1294 2607; x_wconf 90' lang='lat' dir='ltr'>nullo</span> <span class='ocrx_word' id='word_1_470' title='bbox 1314 2568 1498 2606; x_wconf 86' lang='lat' dir='ltr'>exteriori</span> <span class='ocrx_word' id='word_1_471' title='bbox 1512 2577 1586 2606; x_wconf 89' lang='lat' dir='ltr'>sua</span> <span class='ocrx_word' id='word_1_472' title='bbox 1598 2567 1790 2614; x_wconf 85' lang='lat' dir='ltr'>perfectio</span> 
     </span>
     <span class='ocr_line' id='line_1_49' title="bbox 162 2611 1792 2666; baseline 0.001 -18"><span class='ocrx_word' id='word_1_473' title='bbox 162 2611 394 2657; x_wconf 87' lang='lat' dir='ltr'>dependeat,</span> <span class='ocrx_word' id='word_1_474' title='bbox 416 2620 489 2649; x_wconf 92' lang='lat' dir='ltr'>nec</span> <span class='ocrx_word' id='word_1_475' title='bbox 517 2613 699 2666; x_wconf 36' lang='lat' dir='ltr'>alia-vult</span> <span class='ocrx_word' id='word_1_476' title='bbox 725 2620 886 2660; x_wconf 88' lang='lat' dir='ltr'>propter</span> <span class='ocrx_word' id='word_1_477' title='bbox 921 2625 979 2661; x_wconf 89' lang='lat' dir='ltr'>se,</span> <span class='ocrx_word' id='word_1_478' title='bbox 1000 2616 1104 2654; x_wconf 92' lang='lat' dir='ltr'>sicut</span> <span class='ocrx_word' id='word_1_479' title='bbox 1123 2619 1283 2663; x_wconf 86' lang='lat' dir='ltr'>propter</span> <span class='ocrx_word' id='word_1_480' title='bbox 1308 2615 1442 2656; x_wconf 86' lang='lat' dir='ltr'>finem,</span> <span class='ocrx_word' id='word_1_481' title='bbox 1464 2614 1579 2661; x_wconf 88' lang='lat' dir='ltr'>quasi</span> <span class='ocrx_word' id='word_1_482' title='bbox 1610 2614 1670 2652; x_wconf 91' lang='lat' dir='ltr'>eis</span> <span class='ocrx_word' id='word_1_483' title='bbox 1690 2613 1792 2651; x_wconf 88' lang='lat' dir='ltr'>indi-</span> 
     </span>
     <span class='ocr_line' id='line_1_50' title="bbox 162 2658 1790 2742; baseline 0.002 -48"><span class='ocrx_word' id='word_1_484' title='bbox 162 2661 266 2742; x_wconf 41' lang='lat' dir='ltr'>lgjeat,</span> <span class='ocrx_word' id='word_1_485' title='bbox 288 2658 359 2695; x_wconf 86' lang='lat' dir='ltr'>secl</span> <span class='ocrx_word' id='word_1_486' title='bbox 389 2658 519 2697; x_wconf 89' lang='lat' dir='ltr'>solum</span> <span class='ocrx_word' id='word_1_487' title='bbox 549 2668 644 2706; x_wconf 83' lang='lat' dir='ltr'>quia</span> <span class='ocrx_word' id='word_1_488' title='bbox 670 2660 747 2699; x_wconf 88' lang='lat' dir='ltr'>hoc</span> <span class='ocrx_word' id='word_1_489' title='bbox 779 2665 842 2699; x_wconf 91' lang='lat' dir='ltr'>est</span> <span class='ocrx_word' id='word_1_490' title='bbox 878 2663 1122 2701; x_wconf 86' lang='lat' dir='ltr'>conveniens</span> <span class='ocrx_word' id='word_1_491' title='bbox 1145 2672 1229 2701; x_wconf 85' lang='lat' dir='ltr'>suae</span> <span class='ocrx_word' id='word_1_492' title='bbox 1251 2662 1434 2702; x_wconf 85' lang='lat' dir='ltr'>bonitati.</span> <span class='ocrx_word' id='word_1_493' title='bbox 1454 2662 1521 2700; x_wconf 85' lang='lat' dir='ltr'>Est</span> <span class='ocrx_word' id='word_1_494' title='bbox 1547 2660 1670 2708; x_wconf 89' lang='lat' dir='ltr'>igitur</span> <span class='ocrx_word' id='word_1_495' title='bbox 1702 2661 1790 2707; x_wconf 88' lang='lat' dir='ltr'>ipse</span> 
     </span>
    </p>

    <p class='ocr_par' dir='ltr' id='par_1_9' title="bbox 191 2713 318 2742">
     <span class='ocr_line' id='line_1_51' title="bbox 191 2713 318 2742; baseline 0.008 -1"><span class='ocrx_word' id='word_1_496' title='bbox 191 2713 235 2742; x_wconf 89' lang='lat' dir='ltr'>ea</span> <span class='ocrx_word' id='word_1_497' title='bbox 255 2713 318 2742; x_wconf 89' lang='lat' dir='ltr'>us.</span> 
     </span>
    </p>

    <p class='ocr_par' dir='ltr' id='par_1_10' title="bbox 164 2752 1790 2882">
     <span class='ocr_line' id='line_1_52' title="bbox 208 2752 1790 2804; baseline -0.003 -8"><span class='ocrx_word' id='word_1_498' title='bbox 208 2752 400 2804; x_wconf 56' lang='lat' dir='ltr'>Praeferech</span> <span class='ocrx_word' id='word_1_499' title='bbox 422 2754 630 2804; x_wconf 42' lang='lat' dir='ltr'>ostensum</span> <span class='ocrx_word' id='word_1_500' title='bbox 651 2757 712 2791; x_wconf 87' lang='lat' dir='ltr'>est</span> <span class='ocrx_word' id='word_1_501' title='bbox 731 2763 854 2801; x_wconf 85' lang='lat' dir='ltr'>supra</span> <span class='ocrx_word' id='word_1_502' title='bbox 873 2755 974 2803; x_wconf 84' lang='lat' dir='ltr'>(cap.</span> <span class='ocrx_word' id='word_1_503' title='bbox 997 2757 1057 2804; x_wconf 73' lang='lat'>84)</span> <span class='ocrx_word' id='word_1_504' title='bbox 1078 2758 1183 2804; x_wconf 87' lang='lat' dir='ltr'>quod</span> <span class='ocrx_word' id='word_1_505' title='bbox 1204 2758 1309 2794; x_wconf 88' lang='lat' dir='ltr'>Deus</span> <span class='ocrx_word' id='word_1_506' title='bbox 1325 2762 1407 2793; x_wconf 89' lang='lat' dir='ltr'>non</span> <span class='ocrx_word' id='word_1_507' title='bbox 1426 2757 1558 2802; x_wconf 85' lang='lat' dir='ltr'>potest</span> <span class='ocrx_word' id='word_1_508' title='bbox 1587 2754 1689 2793; x_wconf 87' lang='lat' dir='ltr'>velle</span> <span class='ocrx_word' id='word_1_509' title='bbox 1718 2754 1790 2792; x_wconf 90' lang='lat' dir='ltr'>ali·</span> 
     </span>
     <span class='ocr_line' id='line_1_53' title="bbox 164 2798 1790 2882; baseline 0.002 -47"><span class='ocrx_word' id='word_1_510' title='bbox 164 2798 551 2882; x_wconf 57' lang='lat' dir='ltr'>guodlmposslbile.</span> <span class='ocrx_word' id='word_1_511' title='bbox 571 2801 824 2851; x_wconf 72' lang='lat' dir='ltr'>impossibile</span> <span class='ocrx_word' id='word_1_512' title='bbox 843 2807 904 2840; x_wconf 86' lang='lat' dir='ltr'>est</span> <span class='ocrx_word' id='word_1_513' title='bbox 926 2807 1057 2841; x_wconf 88' lang='lat' dir='ltr'>autem</span> <span class='ocrx_word' id='word_1_514' title='bbox 1079 2805 1114 2841; x_wconf 92' lang='lat' dir='ltr'>ei</span> <span class='ocrx_word' id='word_1_515' title='bbox 1143 2803 1291 2851; x_wconf 87' lang='lat' dir='ltr'>aliquid</span> <span class='ocrx_word' id='word_1_516' title='bbox 1328 2802 1514 2841; x_wconf 86' lang='lat' dir='ltr'>advenire</span> <span class='ocrx_word' id='word_1_517' title='bbox 1551 2801 1657 2849; x_wconf 90' lang='lat' dir='ltr'>quod</span> <span class='ocrx_word' id='word_1_518' title='bbox 1690 2810 1790 2839; x_wconf 83' lang='lat' dir='ltr'>non-</span> 
     </span>
    </p>

    <p class='ocr_par' dir='ltr' id='par_1_11' title="bbox 194 2844 1791 2898">
     <span class='ocr_line' id='line_1_54' title="bbox 194 2844 1791 2898; baseline 0.003 -15"><span class='ocrx_word' id='word_1_519' title='bbox 194 2853 259 2884; x_wconf 90' lang='lat' dir='ltr'>um</span> <span class='ocrx_word' id='word_1_520' title='bbox 279 2844 436 2892; x_wconf 82' lang='lat' dir='ltr'>habeat,</span> <span class='ocrx_word' id='word_1_521' title='bbox 457 2853 547 2895; x_wconf 79' lang='lat' dir='ltr'>cum</span> <span class='ocrx_word' id='word_1_522' title='bbox 568 2855 655 2893; x_wconf 78' lang='lat' dir='ltr'>ipse</span> <span class='ocrx_word' id='word_1_523' title='bbox 675 2848 786 2886; x_wconf 88' lang='lat' dir='ltr'>nullo</span> <span class='ocrx_word' id='word_1_524' title='bbox 807 2849 928 2888; x_wconf 90' lang='lat' dir='ltr'>modo</span> <span class='ocrx_word' id='word_1_525' title='bbox 949 2851 1002 2888; x_wconf 88' lang='lat' dir='ltr'>sit</span> <span class='ocrx_word' id='word_1_526' title='bbox 1021 2851 1062 2888; x_wconf 89' lang='lat' dir='ltr'>in</span> <span class='ocrx_word' id='word_1_527' title='bbox 1082 2852 1274 2898; x_wconf 86' lang='lat' dir='ltr'>potentia,</span> <span class='ocrx_word' id='word_1_528' title='bbox 1295 2853 1339 2891; x_wconf 87' lang='lat' dir='ltr'>ut</span> <span class='ocrx_word' id='word_1_529' title='bbox 1351 2853 1559 2889; x_wconf 86' lang='lat' dir='ltr'>ostensum</span> <span class='ocrx_word' id='word_1_530' title='bbox 1575 2853 1647 2888; x_wconf 86' lang='lat' dir='ltr'>est.</span> <span class='ocrx_word' id='word_1_531' title='bbox 1666 2849 1791 2897; x_wconf 86' lang='lat' dir='ltr'>Igitur</span> 
     </span>
    </p>
   </div>
  </div>
 </body>
</html>
