1838 3227
0 0 141 80 amba
163 63 165 69 ·
224 34 230 41 ²

32 92 39 102 ί
55 100 63 106 -

419 131 555 192 BERN,
583 155 740 192 MAsslAE
768 155 827 191 DE
852 155 1017 192 RUBEIS
1044 155 1355 192 DISSERTATIO.
1621 158 1698 194 xlx

125 254 233 296 Illud
248 258 311 295 est
325 254 559 294 firmissime
572 254 822 303 tenendum,
838 254 1074 294 naturalem
1087 258 1325 295 creatarum
1346 254 1555 294 mentium
1577 254 1693 294 illam

70 331 162 362 esse
183 319 485 371 cognitionem,
501 318 623 370 cujus
644 319 914 369 principium,
932 322 1006 358 aut
1023 319 1182 368 lumen,
1203 319 1383 358 sumitur
1394 330 1444 358 ex
1464 319 1562 369 ipsis
1584 330 1696 358 crea-

71 384 125 425 tis
155 384 366 424 mentibus
403 384 468 424 vel
501 395 553 424 ex
586 383 711 424 rebus
743 382 1039 423 sensibilibus:
1063 384 1253 434 adeoque
1284 383 1520 422 naturalem
1552 394 1695 423 rerum

72 449 250 488 aliarum
271 459 320 488 ac
339 448 414 488 Dei
435 448 636 489 creatoris
665 448 950 500 cognitionem
973 459 1263 488 commensum
1280 448 1434 488 habere
1451 459 1548 487 cum
1570 448 1695 488 rebus

71 513 170 564 ipsis
189 513 354 562 creatis,
379 524 428 552 ex
448 512 601 563 quibus
621 512 810 551 nativum
843 512 986 552 lumen
1007 512 1213 552 hauritur.
1239 514 1340 552 Rem
1374 513 1416 551 in
1439 513 1695 553 ‘hominibus

71 578 267 628 explanat
279 581 448 617 sanctus
462 577 660 625 Thomas,
679 581 794 627 parte
810 577 841 626 I,
855 588 1101 627 q11.Lx„x;x1v,
1117 579 1239 624 art.7,
1258 577 1307 616 ad
1324 578 1374 616 3:
1397 591 1414 613 «
1428 578 1693 626 Incorporea,

70 641 278 693 inquiens,
300 653 481 693 quorum
510 653 594 681 non
616 645 713 680 sunt
747 641 1056 691 phantasmata,
1078 645 1391 692 cognoscuntur
1411 653 1434 680 a
1464 641 1584 681 nobis
1619 653 1693 692 per

71 706 435 756 comparationem
473 706 524 745 ad
558 717 734 756 corpora
771 706 996 754 sensibilia,
1027 716 1210 755 quorum
1247 708 1344 743 sunt
1383 705 1693 754 phantasmata.

71 771 189 812 Sicut
208 771 427 812 veritatem
441 770 553 822 (quae
567 782 652 810 non
673 774 734 810 est
753 770 972 821 sensibilis)
994 769 1268 820 intelligimus
1292 780 1342 808 cx
1360 770 1693 809 consideratione

72 836 132 876 rei
151 835 387 888 (sensibilis)
403 836 513 875 circa
544 847 671 886 quam
687 835 905 874 veritatem
930 834 1211 884 speculamur.
1229 835 1360 873 Deum
1378 838 1520 873 autem
1538 845 1695 885 eogno-

73 899 243 948 scimus,
266 903 313 938 ut
346 899 568 949 Dionysius
599 898 715 947 dicit,
739 902 786 937 ut
806 909 990 947 causam,
1014 910 1087 948 per
1117 910 1334 938 excessum
1355 898 1494 949 (supra
1515 910 1579 938 res
1601 910 1694 937 cor-

73 975 236 1014 poreas,
254 967 297 1004 et
315 965 544 1011 sensibiles,
565 967 692 1014 atque
712 961 905 1014 creatas),
927 966 969 1002 et
996 974 1069 1013 per
1088 963 1369 1002 remotionem
1388 962 1691 1013 (imperfectio-

72 1039 192 1075 num,
227 1038 321 1078 quae
354 1027 478 1067 rebus
507 1026 734 1077 corporeis,
767 1029 809 1065 et
841 1026 1115 1074 sensibilibus,
1137 1032 1179 1068 et
1208 1028 1359 1068 creatis
1390 1027 1562 1079 insunt).
1585 1028 1695 1067 Alias

71 1092 199 1132 etiam
220 1091 489 1142 incorporeas
509 1091 764 1130 substantias
784 1091 826 1129 in
847 1094 958 1130 statu
979 1092 1195 1141 praesentis
1217 1092 1312 1132 vitae
1333 1103 1586 1144 cognoscere
1608 1102 1694 1131 non

72 1167 294 1206 possumus
313 1185 323 1205 ‚
358 1155 435 1195 nisi
475 1167 548 1206 per
585 1156 890 1205 remotionem,
925 1155 990 1195 vel
1021 1156 1205 1207 aliquam
1241 1157 1602 1207 comparationem
1640 1157 1692 1196 ad

71 1221 309 1272 corporalia
332 1234 370 1260 n.
404 1220 533 1261 Breve
572 1221 876 1261 documentum
911 1219 1039 1260 habes
1060 1251 1070 1269 ,
1110 1222 1223 1271 quod
1262 1221 1464 1270 exemplis
1501 1221 1694 1271 aptisque

72 1285 213 1325 anima
231 1284 490 1325 versionibus
521 1285 824 1335 amplificatum
846 1286 889 1323 in
906 1285 1133 1325 latissimos
1159 1287 1357 1338 redegere
1379 1289 1536 1326 tractus
1555 1285 1693 1336 philo-

72 1349 206 1400 sophi.
1486 1358 1491 1362 ·

126 1417 231 1456 Cum
250 1416 342 1456 haec
360 1417 412 1456 sit
431 1416 633 1456 naturalis
654 1415 760 1455 ratio
782 1415 933 1455 mentis
961 1416 1167 1467 cujusque
1188 1420 1357 1464 creatae,
1376 1416 1465 1467 Jam
1485 1416 1596 1456 facili
1616 1427 1693 1456 ne-

73 1481 186 1534 gotio
209 1481 391 1532 expediri
414 1481 544 1521 altera
564 1480 741 1532 quaestio
757 1483 909 1530 potest,
923 1491 1018 1530 quae
1033 1481 1205 1520 rationis
1219 1482 1421 1521 naturalis
1434 1482 1541 1521 vires
1559 1481 1693 1521 inves-

73 1545 194 1597 tigat,
216 1555 314 1585 cum
354 1544 464 1584 circa
500 1546 652 1592 Deum,
673 1555 722 1583 ac
754 1555 802 1584 ea
822 1555 917 1594 quae
950 1545 1023 1584 Dei
1061 1549 1161 1584 sunt
1187 1550 1388 1586 versatur.
1410 1546 1694 1592 Quaestionem

74 1608 234 1649 dirimit
270 1609 312 1648 in
352 1609 523 1648 homine
561 1608 601 1648 S.
623 1608 821 1657 Thomas,
843 1609 978 1658 capite
998 1609 1038 1657 3,
1061 1609 1189 1649 citato
1214 1622 1224 1648 :
1250 1613 1269 1647 ὰ
1302 1611 1543 1650 Intellectus
1562 1610 1694 1651 nostri

73 1674 306 1714 secundum
324 1675 498 1714 modum
519 1673 740 1724 praesentis
758 1673 870 1722 vitae,
894 1674 1100 1723 inquiens,
1124 1674 1307 1726 cognitio
1328 1689 1351 1713 a
1372 1686 1493 1714 sensu
1513 1674 1662 1725 incipit
1680 1686 1692 1714 :

73 1741 116 1778 et
134 1738 227 1777 ideo
247 1737 388 1790 (Deus)
409 1742 451 1778 et
470 1750 519 1777 ea
541 1743 637 1789 quae
657 1738 698 1776 in
721 1749 890 1776 sensum
910 1749 995 1777 non
1015 1738 1173 1777 cadunt
1197 1750 1282 1778 non
1309 1743 1485 1789 possunt
1504 1739 1692 1779 humano

72 1801 294 1842 intellectu
314 1802 420 1853 capi,
439 1803 520 1842 nisi
549 1806 756 1853 quatenus
775 1814 826 1842 ex
860 1803 1047 1842 sensibus
1076 1814 1223 1843 eorum
1256 1804 1441 1856 cognitio
1461 1804 1690 1855 colligitur.

71 1865 289 1906 Sensibilia
308 1870 450 1906 autem
472 1867 524 1906 ad
543 1865 626 1906 hoc
644 1867 798 1906 ducere
814 1867 1076 1906 intellectum
1107 1872 1299 1909 nostrum
1322 1880 1407 1909 non
1436 1874 1624 1920 possunt,
1646 1873 1694 1908 ut

71 1930 115 1970 in
149 1931 208 1971 eis
227 1931 365 1971 divina
396 1931 627 1972 substantia
642 1931 834 1971 videatur
862 1931 964 1982 quid
985 1931 1053 1981 sit,
1076 1943 1172 1972 cum
1196 1933 1278 1973 sint
1305 1934 1477 1974 effectus
1494 1934 1692 1974 virtutem

73 2006 208 2036 causae
238 2007 325 2036 non
362 1996 646 2047 adaequantes.
674 1996 852 2035 Ducitur
887 1999 1031 2036 tamen
1067 2008 1117 2036 ex
1155 1998 1418 2038 sensibilibus
1454 1999 1694 2040 intellectus

71 2063 213 2100 noster
232 2060 277 2100 in
297 2060 479 2100 divinam
499 2060 802 2112 cognitionem,
824 2064 873 2099 ut
889 2065 1116 2112 cognoscat
1136 2063 1188 2102 de
1205 2063 1293 2102 Deo
1313 2064 1427 2114 quod
1448 2066 1526 2113 est,
1547 2066 1590 2103 et
1610 2064 1693 2104 alia

72 2122 318 2176 hujusmodi
339 2136 434 2176 quae
455 2129 623 2175 oportet
639 2124 812 2164 attribui
834 2125 970 2174 primo
990 2125 1196 2176 principio
1215 2142 1254 2166 υ.
1272 2128 1472 2179 Angelica
1492 2129 1694 2170 naturalis

72 2188 256 2240 cognitio
276 2189 351 2228 Dei
371 2189 597 2240 perfectior
614 2192 676 2229 est
699 2201 709 2228 ε
731 2193 775 2228 at
796 2200 934 2239 neque
952 2190 1040 2240 ipsa
1061 2191 1243 2241 penitius
1261 2192 1536 2242 introspicere
1553 2194 1691 2234 Deum

70 2257 222 2304 potest.
244 2254 417 2293 Thomae
458 2254 601 2303 accipe
633 2254 759 2294 verba
796 2254 952 2295 ibidem
977 2268 987 2294 :
1011 2270 1032 2291 «
1060 2257 1280 2308 Cognoscit
1311 2258 1483 2308 quidem
1521 2260 1694 2310 angelus

68 2315 205 2357 Deum
224 2328 274 2357 ex
287 2317 482 2358 nobiliori
500 2318 669 2367 effectu,
685 2330 815 2369 quarn
830 2320 959 2360 homo
977 2334 987 2360 :
1004 2325 1163 2372 quanto
1179 2322 1268 2372 ipsa
1288 2322 1519 2362 substantia
1537 2324 1690 2375 angeli,

70 2392 145 2432 per
165 2393 293 2433 quam
312 2383 356 2421 in
374 2383 449 2423 Dei
470 2383 754 2435 cognitionem
772 2384 943 2424 ducitur
961 2386 1143 2425 naturali
1164 2387 1419 2438 cognitione,
1442 2391 1504 2427 est
1525 2388 1692 2439 dignior

69 2446 196 2486 rebus
212 2446 476 2487 sensibilibus
495 2458 546 2488 ac
562 2448 689 2488 etiam
710 2449 799 2498 ipsa
816 2449 972 2497 anima,
991 2462 1063 2500 per
1076 2461 1205 2500 quam
1224 2451 1465 2490 intellectus
1480 2451 1693 2493 humanus

68 2510 113 2550 in
140 2511 215 2551 Dei
246 2511 544 2562 cognotionem
573 2513 834 2554 ascendit...
860 2515 953 2554 Non
973 2519 1115 2554 autem
1144 2516 1324 2555 naturali
1355 2517 1594 2568 cognitione
1614 2529 1689 2557 an-

69 2575 187 2627 gelus
216 2575 268 2615 de
288 2577 376 2616 Deo
396 2577 612 2627 cognoscit
632 2577 733 2628 quid
764 2583 852 2625 est;
877 2580 975 2629 quia
994 2582 1036 2618 et
1066 2580 1153 2629 ipsa
1173 2580 1404 2620 substantia
1442 2582 1595 2633 angeli,
1616 2594 1692 2633 per

68 2640 258 2693 quamin
288 2641 363 2681 Dei
395 2641 680 2693 cognitionem
712 2643 897 2691 ducitur,
913 2654 999 2683 non
1031 2647 1094 2684 est
1122 2644 1296 2685 effectus
1323 2645 1521 2686 virtutem
1552 2657 1691 2687 causae

68 2706 294 2756 adaequans
315 2720 354 2746 ».
378 2706 658 2747 Certissimam
689 2706 842 2746 thesim
873 2707 917 2746 in
946 2709 1093 2759 angelo
1112 2712 1155 2749 et
1173 2710 1217 2749 in
1236 2710 1408 2750 homine
1435 2711 1527 2750 aliis
1556 2711 1691 2752 verbis

34 2775 39 2780 ’
66 2769 249 2809 Thomas
266 2771 463 2817 illustrat,
484 2772 635 2811 eodem
654 2771 698 2811 in
718 2771 840 2821 libro,
857 2772 992 2823 capite
1006 2774 1031 2812 8
1049 2786 1059 2812 z
1081 2775 1194 2813 «Res
1214 2775 1385 2825 quidem
1400 2776 1614 2815 sensibiles
1627 2775 1689 2827 (et

21 2882 24 2883 ⁷
69 2833 254 2887 creatae),
275 2846 326 2874 ex
345 2835 500 2886 quibus
519 2835 706 2876 humana
724 2837 785 2889 (et
804 2836 884 2876 alia
913 2841 1055 2877 creata
1085 2840 1366 2889 quaecunque)
1393 2840 1500 2880 ratio
1534 2840 1688 2890 princi-

67 2897 186 2948 pium
204 2899 351 2950 sumit,
367 2899 548 2951 aliquale
564 2900 786 2952 vestigium
806 2901 851 2941 in
866 2912 910 2942 se
929 2901 1079 2945 divinae
1099 2902 1346 2943 imitationis
1365 2904 1563 2953 retinent,
1580 2903 1691 2943 vide-
