<?xml version="1.0" encoding="UTF-8"?>
<!DOCTYPE html PUBLIC "-//W3C//DTD XHTML 1.0 Transitional//EN"
    "http://www.w3.org/TR/xhtml1/DTD/xhtml1-transitional.dtd">
<html xmlns="http://www.w3.org/1999/xhtml" xml:lang="en" lang="en">
 <head>
  <title>
</title>
<meta http-equiv="Content-Type" content="text/html;charset=utf-8" />
  <meta name='ocr-system' content='tesseract 3.04.00' />
  <meta name='ocr-capabilities' content='ocr_page ocr_carea ocr_par ocr_line ocrx_word'/>
</head>
<body>
  <div class='ocr_page' id='page_1' title='image "./deveritatecathol00thomuoft_0380.png"; bbox 0 0 1894 3223; ppageno 0'>
   <div class='ocr_carea' id='block_1_1' title="bbox 130 131 1166 176">
    <p class='ocr_par' dir='ltr' id='par_1_1' title="bbox 130 131 1166 176">
     <span class='ocr_line' id='line_1_1' title="bbox 130 131 1166 176; baseline -0.009 0"><span class='ocrx_word' id='word_1_1' title='bbox 130 139 203 176; x_wconf 75' lang='lat'>340</span> <span class='ocrx_word' id='word_1_2' title='bbox 732 132 820 168; x_wconf 86' lang='lat' dir='ltr'><strong>LIB.</strong></span> <span class='ocrx_word' id='word_1_3' title='bbox 846 132 911 175; x_wconf 85' lang='grc' dir='ltr'>ΠΙ,</span> <span class='ocrx_word' id='word_1_4' title='bbox 939 131 1039 168; x_wconf 77' lang='lat' dir='ltr'>CAP.</span> <span class='ocrx_word' id='word_1_5' title='bbox 1068 131 1166 168; x_wconf 80' lang='lat' dir='ltr'><strong>LXV.</strong></span> 
     </span>
    </p>
   </div>
   <div class='ocr_carea' id='block_1_2' title="bbox 133 210 1755 1480">
    <p class='ocr_par' dir='ltr' id='par_1_2' title="bbox 134 210 1750 592">
     <span class='ocr_line' id='line_1_2' title="bbox 181 210 1750 263; baseline -0.002 -10"><span class='ocrx_word' id='word_1_6' title='bbox 181 219 365 263; x_wconf 64' lang='lat' dir='ltr'>Ampium,</span> <span class='ocrx_word' id='word_1_7' title='bbox 384 212 916 260; x_wconf 84' lang='lat' dir='ltr'>unumquodqueintendens</span> <span class='ocrx_word' id='word_1_8' title='bbox 928 211 1101 259; x_wconf 79' lang='lat' dir='ltr'>aliquem</span> <span class='ocrx_word' id='word_1_9' title='bbox 1112 210 1233 250; x_wconf 83' lang='lat' dir='ltr'>finem</span> <span class='ocrx_word' id='word_1_10' title='bbox 1248 212 1377 259; x_wconf 85' lang='lat' dir='ltr'>magis</span> <span class='ocrx_word' id='word_1_11' title='bbox 1391 214 1502 249; x_wconf 88' lang='lat' dir='ltr'>curat</span> <span class='ocrx_word' id='word_1_12' title='bbox 1519 211 1565 249; x_wconf 89' lang='lat' dir='ltr'>de</span> <span class='ocrx_word' id='word_1_13' title='bbox 1580 220 1626 248; x_wconf 91' lang='lat' dir='ltr'>eo</span> <span class='ocrx_word' id='word_1_14' title='bbox 1643 211 1750 258; x_wconf 83' lang='lat' dir='ltr'>quod</span> 
     </span>
     <span class='ocr_line' id='line_1_3' title="bbox 137 258 1747 310; baseline -0.002 -9"><span class='ocrx_word' id='word_1_15' title='bbox 137 270 195 303; x_wconf 91' lang='lat' dir='ltr'>est</span> <span class='ocrx_word' id='word_1_16' title='bbox 215 261 476 310; x_wconf 82' lang='lat' dir='ltr'>propinquius</span> <span class='ocrx_word' id='word_1_17' title='bbox 495 259 562 296; x_wconf 86' lang='lat' dir='ltr'>fini</span> <span class='ocrx_word' id='word_1_18' title='bbox 584 259 739 303; x_wconf 86' lang='lat' dir='ltr'>ultimo,</span> <span class='ocrx_word' id='word_1_19' title='bbox 760 259 854 305; x_wconf 83' lang='lat' dir='ltr'>quia</span> <span class='ocrx_word' id='word_1_20' title='bbox 880 258 958 296; x_wconf 89' lang='lat' dir='ltr'>hoc</span> <span class='ocrx_word' id='word_1_21' title='bbox 995 262 1054 296; x_wconf 90' lang='lat' dir='ltr'>est</span> <span class='ocrx_word' id='word_1_22' title='bbox 1092 259 1210 297; x_wconf 90' lang='lat' dir='ltr'>etiam</span> <span class='ocrx_word' id='word_1_23' title='bbox 1243 258 1337 297; x_wconf 84' lang='lat' dir='ltr'>finis</span> <span class='ocrx_word' id='word_1_24' title='bbox 1371 258 1552 296; x_wconf 87' lang='lat' dir='ltr'>aliorum.</span> <span class='ocrx_word' id='word_1_25' title='bbox 1578 258 1747 297; x_wconf 87' lang='lat' dir='ltr'>Ultimus</span> 
     </span>
     <span class='ocr_line' id='line_1_4' title="bbox 134 305 1748 353; baseline -0.002 -5"><span class='ocrx_word' id='word_1_26' title='bbox 134 314 265 349; x_wconf 86' lang='lat' dir='ltr'>autem</span> <span class='ocrx_word' id='word_1_27' title='bbox 286 309 378 345; x_wconf 86' lang='lat' dir='ltr'>finis</span> <span class='ocrx_word' id='word_1_28' title='bbox 400 307 542 344; x_wconf 86' lang='lat' dir='ltr'>divinae</span> <span class='ocrx_word' id='word_1_29' title='bbox 559 306 776 343; x_wconf 86' lang='lat' dir='ltr'>voluntatis</span> <span class='ocrx_word' id='word_1_30' title='bbox 797 309 856 342; x_wconf 88' lang='lat' dir='ltr'>est</span> <span class='ocrx_word' id='word_1_31' title='bbox 871 305 1030 343; x_wconf 90' lang='lat' dir='ltr'>bonitas</span> <span class='ocrx_word' id='word_1_32' title='bbox 1050 305 1193 351; x_wconf 89' lang='lat' dir='ltr'>ipsius,</span> <span class='ocrx_word' id='word_1_33' title='bbox 1213 306 1278 344; x_wconf 90' lang='lat' dir='ltr'>cui</span> <span class='ocrx_word' id='word_1_34' title='bbox 1298 306 1684 353; x_wconf 83' lang='lat' dir='ltr'>propinquissimum</span> <span class='ocrx_word' id='word_1_35' title='bbox 1705 306 1748 344; x_wconf 86' lang='lat' dir='ltr'>in</span> 
     </span>
     <span class='ocr_line' id='line_1_5' title="bbox 136 352 1748 400; baseline -0.002 -6"><span class='ocrx_word' id='word_1_36' title='bbox 136 357 253 396; x_wconf 87' lang='lat' dir='ltr'>rebus</span> <span class='ocrx_word' id='word_1_37' title='bbox 274 355 416 392; x_wconf 87' lang='lat' dir='ltr'>creatis</span> <span class='ocrx_word' id='word_1_38' title='bbox 438 357 497 391; x_wconf 84' lang='lat' dir='ltr'>est</span> <span class='ocrx_word' id='word_1_39' title='bbox 516 354 663 391; x_wconf 88' lang='lat' dir='ltr'>bonum</span> <span class='ocrx_word' id='word_1_40' title='bbox 686 352 839 389; x_wconf 86' lang='lat' dir='ltr'>ordinis</span> <span class='ocrx_word' id='word_1_41' title='bbox 856 353 978 390; x_wconf 88' lang='lat' dir='ltr'>totius</span> <span class='ocrx_word' id='word_1_42' title='bbox 1001 353 1193 394; x_wconf 83' lang='lat' dir='ltr'>universi,</span> <span class='ocrx_word' id='word_1_43' title='bbox 1212 361 1302 390; x_wconf 91' lang='lat' dir='ltr'>cum</span> <span class='ocrx_word' id='word_1_44' title='bbox 1323 352 1372 391; x_wconf 89' lang='lat' dir='ltr'>ad</span> <span class='ocrx_word' id='word_1_45' title='bbox 1389 353 1522 400; x_wconf 86' lang='lat' dir='ltr'>ipsum</span> <span class='ocrx_word' id='word_1_46' title='bbox 1543 353 1748 391; x_wconf 80' lang='lat' dir='ltr'>ordinetur</span> 
     </span>
     <span class='ocr_line' id='line_1_6' title="bbox 137 399 1746 446; baseline -0.002 -5"><span class='ocrx_word' id='word_1_47' title='bbox 137 404 238 442; x_wconf 90' lang='lat' dir='ltr'>sicut</span> <span class='ocrx_word' id='word_1_48' title='bbox 258 401 306 439; x_wconf 89' lang='lat' dir='ltr'>ad</span> <span class='ocrx_word' id='word_1_49' title='bbox 325 400 444 438; x_wconf 89' lang='lat' dir='ltr'>finem</span> <span class='ocrx_word' id='word_1_50' title='bbox 465 409 581 437; x_wconf 89' lang='lat' dir='ltr'>omne</span> <span class='ocrx_word' id='word_1_51' title='bbox 600 399 836 446; x_wconf 80' lang='lat' dir='ltr'>particulare</span> <span class='ocrx_word' id='word_1_52' title='bbox 856 399 1004 437; x_wconf 86' lang='lat' dir='ltr'>bonum</span> <span class='ocrx_word' id='word_1_53' title='bbox 1023 399 1141 446; x_wconf 80' lang='lat' dir='ltr'>hujus</span> <span class='ocrx_word' id='word_1_54' title='bbox 1161 399 1222 437; x_wconf 86' lang='lat' dir='ltr'>vel</span> <span class='ocrx_word' id='word_1_55' title='bbox 1240 399 1351 438; x_wconf 88' lang='lat' dir='ltr'>illius</span> <span class='ocrx_word' id='word_1_56' title='bbox 1380 399 1451 443; x_wconf 90' lang='lat' dir='ltr'>rei,</span> <span class='ocrx_word' id='word_1_57' title='bbox 1472 399 1576 437; x_wconf 88' lang='lat' dir='ltr'>sicut</span> <span class='ocrx_word' id='word_1_58' title='bbox 1611 399 1746 438; x_wconf 85' lang='lat' dir='ltr'>minus</span> 
     </span>
     <span class='ocr_line' id='line_1_7' title="bbox 135 445 1748 497; baseline -0.001 -10"><span class='ocrx_word' id='word_1_59' title='bbox 135 450 352 497; x_wconf 84' lang='lat' dir='ltr'>perfectum</span> <span class='ocrx_word' id='word_1_60' title='bbox 372 448 577 485; x_wconf 90' lang='lat' dir='ltr'>ordinatur</span> <span class='ocrx_word' id='word_1_61' title='bbox 589 446 643 496; x_wconf 50' lang='lat' dir='ltr'>⁴ad</span> <span class='ocrx_word' id='word_1_62' title='bbox 659 446 700 484; x_wconf 89' lang='lat' dir='ltr'>id</span> <span class='ocrx_word' id='word_1_63' title='bbox 719 446 824 493; x_wconf 87' lang='lat' dir='ltr'>quod</span> <span class='ocrx_word' id='word_1_64' title='bbox 841 450 901 483; x_wconf 88' lang='lat' dir='ltr'>est</span> <span class='ocrx_word' id='word_1_65' title='bbox 918 446 1144 492; x_wconf 86' lang='lat' dir='ltr'>perfectius.</span> <span class='ocrx_word' id='word_1_66' title='bbox 1161 446 1269 484; x_wconf 87' lang='lat' dir='ltr'>Unde</span> <span class='ocrx_word' id='word_1_67' title='bbox 1290 445 1523 494; x_wconf 86' lang='lat' dir='ltr'>etquaelibet</span> <span class='ocrx_word' id='word_1_68' title='bbox 1538 455 1628 493; x_wconf 87' lang='lat' dir='ltr'>pars</span> <span class='ocrx_word' id='word_1_69' title='bbox 1642 447 1748 485; x_wconf 81' lang='lat' dir='ltr'>inve·</span> 
     </span>
     <span class='ocr_line' id='line_1_8' title="bbox 137 492 1747 541; baseline -0.002 -7"><span class='ocrx_word' id='word_1_70' title='bbox 137 497 244 534; x_wconf 92' lang='lat' dir='ltr'>nitur</span> <span class='ocrx_word' id='word_1_71' title='bbox 264 505 351 533; x_wconf 89' lang='lat' dir='ltr'>esse</span> <span class='ocrx_word' id='word_1_72' title='bbox 369 498 528 541; x_wconf 89' lang='lat' dir='ltr'>propter</span> <span class='ocrx_word' id='word_1_73' title='bbox 544 501 661 531; x_wconf 88' lang='lat' dir='ltr'>suum</span> <span class='ocrx_word' id='word_1_74' title='bbox 687 496 827 530; x_wconf 88' lang='lat' dir='ltr'>totum.</span> <span class='ocrx_word' id='word_1_75' title='bbox 849 492 890 530; x_wconf 87' lang='lat' dir='ltr'>Id</span> <span class='ocrx_word' id='word_1_76' title='bbox 915 493 1038 540; x_wconf 82' lang='lat' dir='ltr'>igitur</span> <span class='ocrx_word' id='word_1_77' title='bbox 1071 492 1177 541; x_wconf 87' lang='lat' dir='ltr'>quod</span> <span class='ocrx_word' id='word_1_78' title='bbox 1211 493 1380 531; x_wconf 80' lang='lat' dir='ltr'><strong>maxime</strong></span> <span class='ocrx_word' id='word_1_79' title='bbox 1415 496 1526 531; x_wconf 88' lang='lat' dir='ltr'>curat</span> <span class='ocrx_word' id='word_1_80' title='bbox 1562 495 1666 530; x_wconf 90' lang='lat' dir='ltr'>Deus</span> <span class='ocrx_word' id='word_1_81' title='bbox 1703 493 1747 531; x_wconf 89' lang='lat' dir='ltr'>in</span> 
     </span>
     <span class='ocr_line' id='line_1_9' title="bbox 136 539 1487 592; baseline -0.002 -11"><span class='ocrx_word' id='word_1_82' title='bbox 136 543 255 581; x_wconf 86' lang='lat' dir='ltr'>rebus</span> <span class='ocrx_word' id='word_1_83' title='bbox 275 542 432 585; x_wconf 88' lang='lat' dir='ltr'>creatis,</span> <span class='ocrx_word' id='word_1_84' title='bbox 455 545 514 579; x_wconf 89' lang='lat' dir='ltr'>est</span> <span class='ocrx_word' id='word_1_85' title='bbox 535 540 632 579; x_wconf 90' lang='lat' dir='ltr'>ordo</span> <span class='ocrx_word' id='word_1_86' title='bbox 650 540 840 578; x_wconf 85' lang='lat' dir='ltr'>universi.</span> <span class='ocrx_word' id='word_1_87' title='bbox 862 541 929 577; x_wconf 89' lang='lat' dir='ltr'>Est</span> <span class='ocrx_word' id='word_1_88' title='bbox 947 539 1068 586; x_wconf 81' lang='lat' dir='ltr'>igitur</span> <span class='ocrx_word' id='word_1_89' title='bbox 1084 539 1326 592; x_wconf 78' lang='lat' dir='ltr'>gubernator</span> <span class='ocrx_word' id='word_1_90' title='bbox 1344 540 1487 587; x_wconf 88' lang='lat' dir='ltr'>ipsius.</span> 
     </span>
    </p>

    <p class='ocr_par' dir='ltr' id='par_1_3' title="bbox 135 586 1754 1058">
     <span class='ocr_line' id='line_1_10' title="bbox 181 586 1749 636; baseline -0.001 -9"><span class='ocrx_word' id='word_1_91' title='bbox 181 591 281 634; x_wconf 75' lang='lat' dir='ltr'>Item,</span> <span class='ocrx_word' id='word_1_92' title='bbox 303 589 488 636; x_wconf 87' lang='lat' dir='ltr'>quaelibet</span> <span class='ocrx_word' id='word_1_93' title='bbox 506 597 570 626; x_wconf 91' lang='lat' dir='ltr'>res</span> <span class='ocrx_word' id='word_1_94' title='bbox 590 591 721 625; x_wconf 85' lang='lat' dir='ltr'>creata</span> <span class='ocrx_word' id='word_1_95' title='bbox 741 587 998 634; x_wconf 80' lang='lat' dir='ltr'>consequitur</span> <span class='ocrx_word' id='word_1_96' title='bbox 1011 595 1126 625; x_wconf 87' lang='lat' dir='ltr'>suam</span> <span class='ocrx_word' id='word_1_97' title='bbox 1145 586 1326 624; x_wconf 83' lang='lat' dir='ltr'>ultimam</span> <span class='ocrx_word' id='word_1_98' title='bbox 1362 587 1643 634; x_wconf 78' lang='lat' dir='ltr'>perfectionem</span> <span class='ocrx_word' id='word_1_99' title='bbox 1678 596 1749 634; x_wconf 87' lang='lat' dir='ltr'>per</span> 
     </span>
     <span class='ocr_line' id='line_1_11' title="bbox 136 633 1749 683; baseline -0.002 -8"><span class='ocrx_word' id='word_1_100' title='bbox 136 637 407 683; x_wconf 80' lang='lat' dir='ltr'>operationem</span> <span class='ocrx_word' id='word_1_101' title='bbox 425 635 637 682; x_wconf 84' lang='lat' dir='ltr'>propriam.</span> <span class='ocrx_word' id='word_1_102' title='bbox 657 636 754 671; x_wconf 88' lang='lat' dir='ltr'>Nam</span> <span class='ocrx_word' id='word_1_103' title='bbox 777 637 931 680; x_wconf 86' lang='lat' dir='ltr'>oportet</span> <span class='ocrx_word' id='word_1_104' title='bbox 949 633 1055 681; x_wconf 85' lang='lat' dir='ltr'>quod</span> <span class='ocrx_word' id='word_1_105' title='bbox 1076 633 1240 671; x_wconf 87' lang='lat' dir='ltr'>ultimus</span> <span class='ocrx_word' id='word_1_106' title='bbox 1272 633 1366 672; x_wconf 83' lang='lat' dir='ltr'>finis</span> <span class='ocrx_word' id='word_1_107' title='bbox 1397 637 1436 671; x_wconf 91' lang='lat' dir='ltr'>et</span> <span class='ocrx_word' id='word_1_108' title='bbox 1463 634 1652 680; x_wconf 83' lang='lat' dir='ltr'>perfectio</span> <span class='ocrx_word' id='word_1_109' title='bbox 1691 634 1749 673; x_wconf 89' lang='lat' dir='ltr'>rei</span> 
     </span>
     <span class='ocr_line' id='line_1_12' title="bbox 137 679 1749 730; baseline -0.002 -8"><span class='ocrx_word' id='word_1_110' title='bbox 137 685 189 722; x_wconf 88' lang='lat' dir='ltr'>sit</span> <span class='ocrx_word' id='word_1_111' title='bbox 202 683 263 721; x_wconf 85' lang='lat' dir='ltr'>vel</span> <span class='ocrx_word' id='word_1_112' title='bbox 281 684 367 730; x_wconf 90' lang='lat' dir='ltr'>ipsa</span> <span class='ocrx_word' id='word_1_113' title='bbox 385 683 577 729; x_wconf 87' lang='lat' dir='ltr'>operatio,</span> <span class='ocrx_word' id='word_1_114' title='bbox 597 682 658 718; x_wconf 83' lang='lat' dir='ltr'>vei</span> <span class='ocrx_word' id='word_1_115' title='bbox 677 681 919 727; x_wconf 79' lang='lat' dir='ltr'>operationis</span> <span class='ocrx_word' id='word_1_116' title='bbox 939 680 1147 722; x_wconf 84' lang='lat' dir='ltr'>terminus,</span> <span class='ocrx_word' id='word_1_117' title='bbox 1170 685 1237 717; x_wconf 89' lang='lat' dir='ltr'>aut</span> <span class='ocrx_word' id='word_1_118' title='bbox 1257 679 1438 719; x_wconf 84' lang='lat' dir='ltr'>effectus.</span> <span class='ocrx_word' id='word_1_119' title='bbox 1471 682 1612 720; x_wconf 87' lang='lat' dir='ltr'>Forma</span> <span class='ocrx_word' id='word_1_120' title='bbox 1640 690 1749 727; x_wconf 77' lang='lat' dir='ltr'>vero,</span> 
     </span>
     <span class='ocr_line' id='line_1_13' title="bbox 135 727 1753 777; baseline -0.002 -9"><span class='ocrx_word' id='word_1_121' title='bbox 135 730 356 769; x_wconf 89' lang='lat' dir='ltr'>secundum</span> <span class='ocrx_word' id='word_1_122' title='bbox 375 739 493 777; x_wconf 85' lang='lat' dir='ltr'>quam</span> <span class='ocrx_word' id='word_1_123' title='bbox 512 737 575 766; x_wconf 89' lang='lat' dir='ltr'>res</span> <span class='ocrx_word' id='word_1_124' title='bbox 596 732 669 773; x_wconf 88' lang='lat' dir='ltr'>est,</span> <span class='ocrx_word' id='word_1_125' title='bbox 691 731 751 765; x_wconf 86' lang='lat' dir='ltr'>est</span> <span class='ocrx_word' id='word_1_126' title='bbox 770 727 958 775; x_wconf 80' lang='lat' dir='ltr'>perfectio</span> <span class='ocrx_word' id='word_1_127' title='bbox 972 727 1112 774; x_wconf 87' lang='lat' dir='ltr'>prima,</span> <span class='ocrx_word' id='word_1_128' title='bbox 1132 730 1176 764; x_wconf 83' lang='lat' dir='ltr'>ut</span> <span class='ocrx_word' id='word_1_129' title='bbox 1194 727 1351 774; x_wconf 88' lang='lat' dir='ltr'>patetin</span> <span class='ocrx_word' id='word_1_130' title='bbox 1367 727 1543 765; x_wconf 91' lang='lat' dir='ltr'>secundo</span> <span class='ocrx_word' id='word_1_131' title='bbox 1560 730 1611 764; x_wconf 80' lang='lat' dir='ltr'>De</span> <span class='ocrx_word' id='word_1_132' title='bbox 1627 730 1753 765; x_wconf 80' lang='lat' dir='ltr'>anima</span> 
     </span>
     <span class='ocr_line' id='line_1_14' title="bbox 138 774 1751 827; baseline -0.001 -13"><span class='ocrx_word' id='word_1_133' title='bbox 138 779 244 824; x_wconf 74' lang='lat' dir='ltr'>(text.</span> <span class='ocrx_word' id='word_1_134' title='bbox 267 786 410 814; x_wconf 90' lang='lat' dir='ltr'>comm.</span> <span class='ocrx_word' id='word_1_135' title='bbox 430 777 481 823; x_wconf 80' lang='lat'>4).</span> <span class='ocrx_word' id='word_1_136' title='bbox 503 775 607 813; x_wconf 90' lang='lat' dir='ltr'>Ordo</span> <span class='ocrx_word' id='word_1_137' title='bbox 634 779 765 813; x_wconf 90' lang='lat' dir='ltr'>autem</span> <span class='ocrx_word' id='word_1_138' title='bbox 794 784 926 813; x_wconf 90' lang='lat' dir='ltr'>rerum</span> <span class='ocrx_word' id='word_1_139' title='bbox 957 778 1176 812; x_wconf 86' lang='lat' dir='ltr'>creatarum</span> <span class='ocrx_word' id='word_1_140' title='bbox 1204 774 1425 827; x_wconf 80' lang='lat' dir='ltr'>secundum</span> <span class='ocrx_word' id='word_1_141' title='bbox 1453 774 1751 813; x_wconf 82' lang='lat' dir='ltr'>distinctionem</span> 
     </span>
     <span class='ocr_line' id='line_1_15' title="bbox 136 821 1754 870; baseline -0.001 -9"><span class='ocrx_word' id='word_1_142' title='bbox 136 828 366 862; x_wconf 90' lang='lat' dir='ltr'>naturarum</span> <span class='ocrx_word' id='word_1_143' title='bbox 385 827 422 860; x_wconf 91' lang='lat' dir='ltr'>et</span> <span class='ocrx_word' id='word_1_144' title='bbox 442 823 636 870; x_wconf 81' lang='lat' dir='ltr'>graduum</span> <span class='ocrx_word' id='word_1_145' title='bbox 666 823 858 869; x_wconf 85' lang='lat' dir='ltr'>ipsarum,</span> <span class='ocrx_word' id='word_1_146' title='bbox 886 821 1065 868; x_wconf 86' lang='lat' dir='ltr'>procedit</span> <span class='ocrx_word' id='word_1_147' title='bbox 1086 831 1132 859; x_wconf 78' lang='lat' dir='ltr'>ex</span> <span class='ocrx_word' id='word_1_148' title='bbox 1169 821 1304 859; x_wconf 85' lang='lat' dir='ltr'>divina</span> <span class='ocrx_word' id='word_1_149' title='bbox 1334 822 1543 868; x_wconf 85' lang='lat' dir='ltr'>sapientia,</span> <span class='ocrx_word' id='word_1_150' title='bbox 1576 822 1680 859; x_wconf 89' lang='lat' dir='ltr'>sicut</span> <span class='ocrx_word' id='word_1_151' title='bbox 1708 822 1754 860; x_wconf 85' lang='lat' dir='ltr'>in</span> 
     </span>
     <span class='ocr_line' id='line_1_16' title="bbox 137 868 1752 917; baseline -0.001 -9"><span class='ocrx_word' id='word_1_152' title='bbox 137 871 312 909; x_wconf 88' lang='lat' dir='ltr'>secundo</span> <span class='ocrx_word' id='word_1_153' title='bbox 333 870 431 916; x_wconf 88' lang='lat' dir='ltr'>(cap.</span> <span class='ocrx_word' id='word_1_154' title='bbox 450 870 512 917; x_wconf 80' lang='lat'>24)</span> <span class='ocrx_word' id='word_1_155' title='bbox 531 873 590 907; x_wconf 88' lang='lat' dir='ltr'>est</span> <span class='ocrx_word' id='word_1_156' title='bbox 610 873 830 907; x_wconf 87' lang='lat' dir='ltr'>ostensum.</span> <span class='ocrx_word' id='word_1_157' title='bbox 849 870 950 916; x_wconf 84' lang='lat' dir='ltr'>Ergo</span> <span class='ocrx_word' id='word_1_158' title='bbox 975 872 1012 906; x_wconf 90' lang='lat' dir='ltr'>et</span> <span class='ocrx_word' id='word_1_159' title='bbox 1029 868 1128 906; x_wconf 91' lang='lat' dir='ltr'>ordo</span> <span class='ocrx_word' id='word_1_160' title='bbox 1149 868 1426 916; x_wconf 85' lang='lat' dir='ltr'>operationum</span> <span class='ocrx_word' id='word_1_161' title='bbox 1461 877 1529 914; x_wconf 91' lang='lat' dir='ltr'>per</span> <span class='ocrx_word' id='word_1_162' title='bbox 1558 877 1657 916; x_wconf 89' lang='lat' dir='ltr'>quas</span> <span class='ocrx_word' id='word_1_163' title='bbox 1685 876 1752 907; x_wconf 87' lang='lat' dir='ltr'>res</span> 
     </span>
     <span class='ocr_line' id='line_1_17' title="bbox 136 915 1751 964; baseline -0.001 -9"><span class='ocrx_word' id='word_1_164' title='bbox 136 922 277 955; x_wconf 78' lang='lat' dir='ltr'>creatae</span> <span class='ocrx_word' id='word_1_165' title='bbox 296 919 424 964; x_wconf 82' lang='lat' dir='ltr'>magis</span> <span class='ocrx_word' id='word_1_166' title='bbox 446 917 762 964; x_wconf 86' lang='lat' dir='ltr'>appropinquant</span> <span class='ocrx_word' id='word_1_167' title='bbox 783 916 831 954; x_wconf 87' lang='lat' dir='ltr'>ad</span> <span class='ocrx_word' id='word_1_168' title='bbox 849 916 1032 954; x_wconf 88' lang='lat' dir='ltr'>ultimum</span> <span class='ocrx_word' id='word_1_169' title='bbox 1050 915 1185 954; x_wconf 88' lang='lat' dir='ltr'>finem.</span> <span class='ocrx_word' id='word_1_170' title='bbox 1209 915 1400 953; x_wconf 80' lang='lat' dir='ltr'>ordinare</span> <span class='ocrx_word' id='word_1_171' title='bbox 1422 918 1553 953; x_wconf 88' lang='lat' dir='ltr'>autem</span> <span class='ocrx_word' id='word_1_172' title='bbox 1572 915 1751 954; x_wconf 85' lang='lat' dir='ltr'>actiones</span> 
     </span>
     <span class='ocr_line' id='line_1_18' title="bbox 137 962 1750 1012; baseline -0.001 -10"><span class='ocrx_word' id='word_1_173' title='bbox 137 965 358 1012; x_wconf 84' lang='lat' dir='ltr'>aliquarum</span> <span class='ocrx_word' id='word_1_174' title='bbox 377 973 508 1001; x_wconf 88' lang='lat' dir='ltr'>rerum</span> <span class='ocrx_word' id='word_1_175' title='bbox 527 964 576 1001; x_wconf 87' lang='lat' dir='ltr'>ad</span> <span class='ocrx_word' id='word_1_176' title='bbox 602 963 722 1005; x_wconf 84' lang='lat' dir='ltr'>finem</span> <span class='ocrx_word' id='word_1_177' title='bbox 752 967 813 1001; x_wconf 88' lang='lat' dir='ltr'>est</span> <span class='ocrx_word' id='word_1_178' title='bbox 833 963 1053 1010; x_wconf 79' lang='lat' dir='ltr'>gubernare</span> <span class='ocrx_word' id='word_1_179' title='bbox 1068 962 1193 1009; x_wconf 88' lang='lat' dir='ltr'>ipsas.</span> <span class='ocrx_word' id='word_1_180' title='bbox 1214 963 1320 1000; x_wconf 89' lang='lat' dir='ltr'>Deus</span> <span class='ocrx_word' id='word_1_181' title='bbox 1341 962 1463 1009; x_wconf 85' lang='lat' dir='ltr'>igitur</span> <span class='ocrx_word' id='word_1_182' title='bbox 1493 971 1562 1009; x_wconf 88' lang='lat' dir='ltr'>per</span> <span class='ocrx_word' id='word_1_183' title='bbox 1583 971 1666 1000; x_wconf 84' lang='lat' dir='ltr'>suae</span> <span class='ocrx_word' id='word_1_184' title='bbox 1687 970 1750 1000; x_wconf 89' lang='lat' dir='ltr'>sa-</span> 
     </span>
     <span class='ocr_line' id='line_1_19' title="bbox 136 1009 1540 1058; baseline -0.001 -10"><span class='ocrx_word' id='word_1_185' title='bbox 136 1012 293 1058; x_wconf 64' lang='lat' dir='ltr'>pientiae</span> <span class='ocrx_word' id='word_1_186' title='bbox 312 1011 599 1058; x_wconf 88' lang='lat' dir='ltr'>providentiam</span> <span class='ocrx_word' id='word_1_187' title='bbox 621 1011 740 1048; x_wconf 87' lang='lat' dir='ltr'>rebus</span> <span class='ocrx_word' id='word_1_188' title='bbox 761 1010 1090 1058; x_wconf 83' lang='lat' dir='ltr'>gubernationem</span> <span class='ocrx_word' id='word_1_189' title='bbox 1111 1012 1148 1046; x_wconf 92' lang='lat' dir='ltr'>et</span> <span class='ocrx_word' id='word_1_190' title='bbox 1165 1009 1344 1057; x_wconf 87' lang='lat' dir='ltr'>regimen</span> <span class='ocrx_word' id='word_1_191' title='bbox 1365 1011 1540 1056; x_wconf 84' lang='lat' dir='ltr'>praestat.</span> 
     </span>
    </p>

    <p class='ocr_par' dir='ltr' id='par_1_4' title="bbox 133 1055 1754 1337">
     <span class='ocr_line' id='line_1_20' title="bbox 185 1055 1751 1105; baseline -0.001 -10"><span class='ocrx_word' id='word_1_192' title='bbox 185 1059 284 1096; x_wconf 89' lang='lat' dir='ltr'>Hinc</span> <span class='ocrx_word' id='word_1_193' title='bbox 316 1061 376 1096; x_wconf 91' lang='lat' dir='ltr'>est</span> <span class='ocrx_word' id='word_1_194' title='bbox 396 1058 498 1105; x_wconf 84' lang='lat' dir='ltr'>quod</span> <span class='ocrx_word' id='word_1_195' title='bbox 520 1067 633 1095; x_wconf 85' lang='lat' dir='ltr'>sacra</span> <span class='ocrx_word' id='word_1_196' title='bbox 649 1058 850 1104; x_wconf 84' lang='lat' dir='ltr'>Scriptura</span> <span class='ocrx_word' id='word_1_197' title='bbox 870 1059 992 1095; x_wconf 88' lang='lat' dir='ltr'>Deum</span> <span class='ocrx_word' id='word_1_198' title='bbox 1022 1057 1235 1094; x_wconf 90' lang='lat' dir='ltr'>Dominum</span> <span class='ocrx_word' id='word_1_199' title='bbox 1255 1060 1294 1094; x_wconf 88' lang='lat' dir='ltr'>et</span> <span class='ocrx_word' id='word_1_200' title='bbox 1310 1065 1444 1103; x_wconf 84' lang='lat' dir='ltr'>regem</span> <span class='ocrx_word' id='word_1_201' title='bbox 1463 1055 1669 1103; x_wconf 87' lang='lat' dir='ltr'>profitetur</span> <span class='ocrx_word' id='word_1_202' title='bbox 1688 1065 1751 1094; x_wconf 88' lang='lat' dir='ltr'>se-</span> 
     </span>
     <span class='ocr_line' id='line_1_21' title="bbox 138 1102 1753 1150; baseline -0.002 -8"><span class='ocrx_word' id='word_1_203' title='bbox 138 1106 312 1143; x_wconf 86' lang='lat' dir='ltr'>cundum</span> <span class='ocrx_word' id='word_1_204' title='bbox 328 1102 429 1143; x_wconf 86' lang='lat' dir='ltr'>illud</span> <span class='ocrx_word' id='word_1_205' title='bbox 448 1106 513 1143; x_wconf 90' lang='grc' dir='ltr'>Ρε.</span> <span class='ocrx_word' id='word_1_206' title='bbox 546 1113 648 1150; x_wconf 77' lang='lat' dir='ltr'>xcix,</span> <span class='ocrx_word' id='word_1_207' title='bbox 668 1108 689 1141; x_wconf 87' lang='lat'><strong>3</strong></span> <span class='ocrx_word' id='word_1_208' title='bbox 713 1117 720 1141; x_wconf 94' lang='lat'><strong>:</strong></span> <span class='ocrx_word' id='word_1_209' title='bbox 741 1106 916 1141; x_wconf 78' lang='lat' dir='ltr'>Dominus</span> <span class='ocrx_word' id='word_1_210' title='bbox 946 1105 1023 1150; x_wconf 77' lang='lat' dir='ltr'>ipse</span> <span class='ocrx_word' id='word_1_211' title='bbox 1051 1107 1102 1140; x_wconf 77' lang='lat' dir='ltr'>est</span> <span class='ocrx_word' id='word_1_212' title='bbox 1127 1106 1236 1141; x_wconf 78' lang='lat' dir='ltr'>Deus.</span> <span class='ocrx_word' id='word_1_213' title='bbox 1271 1105 1317 1141; x_wconf 87' lang='lat' dir='ltr'>Et</span> <span class='ocrx_word' id='word_1_214' title='bbox 1349 1103 1458 1148; x_wconf 90' lang='lat' dir='ltr'>item,</span> <span class='ocrx_word' id='word_1_215' title='bbox 1475 1110 1581 1147; x_wconf 73' lang='lat' dir='ltr'>XLVI,</span> <span class='ocrx_word' id='word_1_216' title='bbox 1604 1105 1623 1141; x_wconf 85' lang='lat'>8</span> <span class='ocrx_word' id='word_1_217' title='bbox 1646 1114 1654 1139; x_wconf 93' lang='lat'><strong>:</strong></span> <span class='ocrx_word' id='word_1_218' title='bbox 1675 1104 1753 1140; x_wconf 68' lang='lat' dir='ltr'>Rex</span> 
     </span>
     <span class='ocr_line' id='line_1_22' title="bbox 133 1149 1752 1202; baseline -0.001 -14"><span class='ocrx_word' id='word_1_219' title='bbox 133 1153 249 1188; x_wconf 79' lang='lat' dir='ltr'>omnis</span> <span class='ocrx_word' id='word_1_220' title='bbox 267 1155 371 1189; x_wconf 78' lang='lat' dir='ltr'>terrae</span> <span class='ocrx_word' id='word_1_221' title='bbox 388 1154 492 1189; x_wconf 80' lang='lat' dir='ltr'>Deus.</span> <span class='ocrx_word' id='word_1_222' title='bbox 512 1152 630 1199; x_wconf 82' lang='lat' dir='ltr'>Regis</span> <span class='ocrx_word' id='word_1_223' title='bbox 652 1151 756 1188; x_wconf 90' lang='lat' dir='ltr'>enim</span> <span class='ocrx_word' id='word_1_224' title='bbox 779 1154 816 1188; x_wconf 88' lang='lat' dir='ltr'>et</span> <span class='ocrx_word' id='word_1_225' title='bbox 836 1150 986 1189; x_wconf 85' lang='lat' dir='ltr'>domini</span> <span class='ocrx_word' id='word_1_226' title='bbox 1007 1154 1068 1188; x_wconf 89' lang='lat' dir='ltr'>est</span> <span class='ocrx_word' id='word_1_227' title='bbox 1084 1159 1160 1188; x_wconf 89' lang='lat' dir='ltr'>suo</span> <span class='ocrx_word' id='word_1_228' title='bbox 1179 1150 1348 1196; x_wconf 89' lang='lat' dir='ltr'>imperio</span> <span class='ocrx_word' id='word_1_229' title='bbox 1370 1158 1509 1202; x_wconf 80' lang='lat' dir='ltr'>regere</span> <span class='ocrx_word' id='word_1_230' title='bbox 1540 1154 1576 1187; x_wconf 88' lang='lat' dir='ltr'>et</span> <span class='ocrx_word' id='word_1_231' title='bbox 1608 1149 1752 1196; x_wconf 78' lang='lat' dir='ltr'>guber-</span> 
     </span>
     <span class='ocr_line' id='line_1_23' title="bbox 139 1196 1751 1244; baseline -0.001 -8"><span class='ocrx_word' id='word_1_232' title='bbox 139 1208 233 1236; x_wconf 87' lang='lat' dir='ltr'>nare</span> <span class='ocrx_word' id='word_1_233' title='bbox 255 1199 470 1244; x_wconf 86' lang='lat' dir='ltr'>subjectos.</span> <span class='ocrx_word' id='word_1_234' title='bbox 491 1198 601 1236; x_wconf 84' lang='lat' dir='ltr'>Unde</span> <span class='ocrx_word' id='word_1_235' title='bbox 621 1202 659 1235; x_wconf 89' lang='lat' dir='ltr'>et</span> <span class='ocrx_word' id='word_1_236' title='bbox 674 1206 805 1236; x_wconf 87' lang='lat' dir='ltr'>rerum</span> <span class='ocrx_word' id='word_1_237' title='bbox 827 1206 988 1236; x_wconf 88' lang='lat' dir='ltr'>cursum</span> <span class='ocrx_word' id='word_1_238' title='bbox 1010 1206 1126 1236; x_wconf 87' lang='lat' dir='ltr'>sacra</span> <span class='ocrx_word' id='word_1_239' title='bbox 1154 1197 1356 1244; x_wconf 85' lang='lat' dir='ltr'>Scriptura</span> <span class='ocrx_word' id='word_1_240' title='bbox 1386 1196 1519 1234; x_wconf 81' lang='lat' dir='ltr'>divino</span> <span class='ocrx_word' id='word_1_241' title='bbox 1552 1199 1751 1244; x_wconf 81' lang='lat' dir='ltr'>praecepto</span> 
     </span>
     <span class='ocr_line' id='line_1_24' title="bbox 138 1242 1754 1291; baseline -0.002 -8"><span class='ocrx_word' id='word_1_242' title='bbox 138 1246 312 1290; x_wconf 82' lang='lat' dir='ltr'>ascribit,</span> <span class='ocrx_word' id='word_1_243' title='bbox 331 1246 416 1290; x_wconf 82' lang='lat' dir='ltr'>Job,</span> <span class='ocrx_word' id='word_1_244' title='bbox 437 1253 490 1290; x_wconf 80' lang='lat' dir='ltr'>rx,</span> <span class='ocrx_word' id='word_1_245' title='bbox 508 1249 530 1282; x_wconf 89' lang='lat'>7</span> <span class='ocrx_word' id='word_1_246' title='bbox 556 1257 563 1281; x_wconf 90' lang='lat'>:</span> <span class='ocrx_word' id='word_1_247' title='bbox 580 1245 649 1289; x_wconf 70' lang='lat' dir='ltr'>Qut</span> <span class='ocrx_word' id='word_1_248' title='bbox 662 1246 830 1291; x_wconf 67' lang='lat' dir='ltr'>praecipit</span> <span class='ocrx_word' id='word_1_249' title='bbox 844 1245 911 1281; x_wconf 79' lang='lat' dir='ltr'>solz·</span> <span class='ocrx_word' id='word_1_250' title='bbox 923 1247 956 1280; x_wconf 81' lang='lat' dir='ltr'>et</span> <span class='ocrx_word' id='word_1_251' title='bbox 973 1254 1045 1281; x_wconf 75' lang='lat' dir='ltr'>non</span> <span class='ocrx_word' id='word_1_252' title='bbox 1063 1245 1192 1290; x_wconf 79' lang='lat' dir='ltr'>oritur,</span> <span class='ocrx_word' id='word_1_253' title='bbox 1213 1247 1247 1282; x_wconf 84' lang='lat' dir='ltr'>et</span> <span class='ocrx_word' id='word_1_254' title='bbox 1265 1244 1386 1281; x_wconf 83' lang='lat' dir='ltr'>stellas</span> <span class='ocrx_word' id='word_1_255' title='bbox 1407 1243 1544 1280; x_wconf 77' lang='lat' dir='ltr'>claudit</span> <span class='ocrx_word' id='word_1_256' title='bbox 1565 1244 1670 1290; x_wconf 77' lang='lat' dir='ltr'>quasi</span> <span class='ocrx_word' id='word_1_257' title='bbox 1687 1242 1754 1280; x_wconf 80' lang='lat' dir='ltr'>sub</span> 
     </span>
     <span class='ocr_line' id='line_1_25' title="bbox 136 1291 1474 1337; baseline -0.003 -8"><span class='ocrx_word' id='word_1_258' title='bbox 136 1294 336 1337; x_wconf 68' lang='lat' dir='ltr'>siynaculo.</span> <span class='ocrx_word' id='word_1_259' title='bbox 365 1295 408 1330; x_wconf 87' lang='lat' dir='ltr'>Et</span> <span class='ocrx_word' id='word_1_260' title='bbox 430 1294 493 1330; x_wconf 85' lang='grc' dir='ltr'>Ρε.</span> <span class='ocrx_word' id='word_1_261' title='bbox 518 1293 959 1337; x_wconf 62' lang='lat' dir='ltr'>extrunsszpioeceptum</span> <span class='ocrx_word' id='word_1_262' title='bbox 977 1293 1112 1337; x_wconf 80' lang='lat' dir='ltr'>posuit,</span> <span class='ocrx_word' id='word_1_263' title='bbox 1134 1293 1168 1327; x_wconf 82' lang='lat' dir='ltr'>et</span> <span class='ocrx_word' id='word_1_264' title='bbox 1184 1301 1257 1329; x_wconf 81' lang='lat' dir='ltr'>non</span> <span class='ocrx_word' id='word_1_265' title='bbox 1271 1291 1474 1337; x_wconf 68' lang='lat' dir='ltr'>praeteribit</span> 
     </span>
    </p>

    <p class='ocr_par' dir='ltr' id='par_1_5' title="bbox 136 1336 1755 1480">
     <span class='ocr_line' id='line_1_26' title="bbox 184 1336 1754 1386; baseline -0.001 -10"><span class='ocrx_word' id='word_1_266' title='bbox 184 1341 257 1376; x_wconf 88' lang='lat' dir='ltr'>Per</span> <span class='ocrx_word' id='word_1_267' title='bbox 275 1340 351 1377; x_wconf 90' lang='lat' dir='ltr'>hoc</span> <span class='ocrx_word' id='word_1_268' title='bbox 374 1342 504 1377; x_wconf 88' lang='lat' dir='ltr'>autem</span> <span class='ocrx_word' id='word_1_269' title='bbox 526 1339 747 1376; x_wconf 80' lang='lat' dir='ltr'>excluditur</span> <span class='ocrx_word' id='word_1_270' title='bbox 765 1347 874 1376; x_wconf 90' lang='lat' dir='ltr'>error</span> <span class='ocrx_word' id='word_1_271' title='bbox 903 1340 1157 1386; x_wconf 85' lang='lat' dir='ltr'>antiquorum</span> <span class='ocrx_word' id='word_1_272' title='bbox 1187 1338 1430 1376; x_wconf 77' lang='lat' dir='ltr'>naturalium</span> <span class='ocrx_word' id='word_1_273' title='bbox 1461 1337 1531 1383; x_wconf 76' lang='lat' dir='ltr'>qui</span> <span class='ocrx_word' id='word_1_274' title='bbox 1568 1336 1754 1376; x_wconf 82' lang='lat' dir='ltr'>dicebant</span> 
     </span>
     <span class='ocr_line' id='line_1_27' title="bbox 136 1383 1755 1432; baseline -0.001 -8"><span class='ocrx_word' id='word_1_275' title='bbox 136 1386 273 1424; x_wconf 88' lang='lat' dir='ltr'>omnia</span> <span class='ocrx_word' id='word_1_276' title='bbox 293 1395 341 1424; x_wconf 83' lang='lat' dir='ltr'>ex</span> <span class='ocrx_word' id='word_1_277' title='bbox 360 1385 598 1424; x_wconf 82' lang='lat' dir='ltr'>necessitate</span> <span class='ocrx_word' id='word_1_278' title='bbox 618 1385 792 1423; x_wconf 84' lang='lat' dir='ltr'>materiae</span> <span class='ocrx_word' id='word_1_279' title='bbox 808 1385 1032 1432; x_wconf 83' lang='lat' dir='ltr'>provenire,</span> <span class='ocrx_word' id='word_1_280' title='bbox 1048 1394 1095 1422; x_wconf 79' lang='lat' dir='ltr'>ex</span> <span class='ocrx_word' id='word_1_281' title='bbox 1108 1392 1187 1432; x_wconf 84' lang='lat' dir='ltr'>quo</span> <span class='ocrx_word' id='word_1_282' title='bbox 1206 1383 1445 1432; x_wconf 81' lang='lat' dir='ltr'>sequebatur</span> <span class='ocrx_word' id='word_1_283' title='bbox 1462 1384 1598 1421; x_wconf 88' lang='lat' dir='ltr'>omnia</span> <span class='ocrx_word' id='word_1_284' title='bbox 1617 1393 1640 1422; x_wconf 85' lang='lat' dir='ltr'>a</span> <span class='ocrx_word' id='word_1_285' title='bbox 1656 1393 1755 1423; x_wconf 83' lang='lat' dir='ltr'>casu</span> 
     </span>
     <span class='ocr_line' id='line_1_28' title="bbox 139 1431 1708 1480; baseline -0.001 -10"><span class='ocrx_word' id='word_1_286' title='bbox 139 1432 333 1478; x_wconf 87' lang='lat' dir='ltr'>accidere,</span> <span class='ocrx_word' id='word_1_287' title='bbox 359 1436 398 1470; x_wconf 92' lang='lat' dir='ltr'>et</span> <span class='ocrx_word' id='word_1_288' title='bbox 418 1441 499 1471; x_wconf 89' lang='lat' dir='ltr'>non</span> <span class='ocrx_word' id='word_1_289' title='bbox 517 1442 563 1470; x_wconf 80' lang='lat' dir='ltr'>ex</span> <span class='ocrx_word' id='word_1_290' title='bbox 584 1432 719 1480; x_wconf 89' lang='lat' dir='ltr'>aliquo</span> <span class='ocrx_word' id='word_1_291' title='bbox 737 1432 995 1480; x_wconf 77' lang='lat' dir='ltr'>providentiae</span> <span class='ocrx_word' id='word_1_292' title='bbox 1016 1432 1168 1470; x_wconf 87' lang='lat' dir='ltr'>ordine.</span> <span class='ocrx_word' id='word_1_293' title='bbox 1189 1431 1219 1478; x_wconf 80' lang='lat'>(1</span> <span class='ocrx_word' id='word_1_294' title='bbox 1238 1434 1356 1478; x_wconf 79' lang='lat' dir='ltr'>part..</span> <span class='ocrx_word' id='word_1_295' title='bbox 1379 1441 1417 1479; x_wconf 85' lang='lat' dir='ltr'>q.</span> <span class='ocrx_word' id='word_1_296' title='bbox 1436 1438 1534 1476; x_wconf 75' lang='lat' dir='ltr'>xm,</span> <span class='ocrx_word' id='word_1_297' title='bbox 1563 1434 1635 1468; x_wconf 90' lang='lat' dir='ltr'>art.</span> <span class='ocrx_word' id='word_1_298' title='bbox 1654 1431 1708 1478; x_wconf 79' lang='lat'>2.)</span> 
     </span>
    </p>
   </div>
   <div class='ocr_carea' id='block_1_3' title="bbox 788 1577 1101 1620">
    <p class='ocr_par' dir='ltr' id='par_1_6' title="bbox 788 1577 1101 1620">
     <span class='ocr_line' id='line_1_29' title="bbox 788 1577 1101 1620; baseline -0.006 0"><span class='ocrx_word' id='word_1_299' title='bbox 788 1578 956 1620; x_wconf 85' lang='lat' dir='ltr'><strong>CAPUT</strong></span> <span class='ocrx_word' id='word_1_300' title='bbox 986 1577 1101 1620; x_wconf 82' lang='lat' dir='ltr'><strong>LXV.</strong></span> 
     </span>
    </p>
   </div>
   <div class='ocr_carea' id='block_1_4' title="bbox 559 1696 1323 1732">
    <p class='ocr_par' dir='ltr' id='par_1_7' title="bbox 559 1696 1323 1732">
     <span class='ocr_line' id='line_1_30' title="bbox 559 1696 1323 1732; baseline 0.001 -5"><span class='ocrx_word' id='word_1_301' title='bbox 559 1697 659 1732; x_wconf 84' lang='lat' dir='ltr'><strong>QUOD</strong></span> <span class='ocrx_word' id='word_1_302' title='bbox 683 1697 784 1728; x_wconf 83' lang='lat' dir='ltr'>DEUS</span> <span class='ocrx_word' id='word_1_303' title='bbox 806 1696 1039 1728; x_wconf 75' lang='lat' dir='ltr'>GONSERVAT</span> <span class='ocrx_word' id='word_1_304' title='bbox 1061 1697 1133 1728; x_wconf 72' lang='lat' dir='ltr'>RES</span> <span class='ocrx_word' id='word_1_305' title='bbox 1151 1697 1194 1728; x_wconf 68' lang='lat' dir='ltr'>{R</span> <span class='ocrx_word' id='word_1_306' title='bbox 1217 1698 1323 1728; x_wconf 74' lang='lat' dir='ltr'><strong>ESSE.</strong></span> 
     </span>
    </p>
   </div>
   <div class='ocr_carea' id='block_1_5' title="bbox 127 1805 1756 2934">
    <p class='ocr_par' dir='ltr' id='par_1_8' title="bbox 132 1805 1756 2227">
     <span class='ocr_line' id='line_1_31' title="bbox 180 1805 1756 1854; baseline 0.001 -11"><span class='ocrx_word' id='word_1_307' title='bbox 180 1806 237 1843; x_wconf 79' lang='lat' dir='ltr'>Ex</span> <span class='ocrx_word' id='word_1_308' title='bbox 254 1814 303 1844; x_wconf 90' lang='lat' dir='ltr'>eo</span> <span class='ocrx_word' id='word_1_309' title='bbox 324 1809 455 1844; x_wconf 86' lang='lat' dir='ltr'>autem</span> <span class='ocrx_word' id='word_1_310' title='bbox 477 1805 584 1854; x_wconf 86' lang='lat' dir='ltr'>quod</span> <span class='ocrx_word' id='word_1_311' title='bbox 601 1807 711 1845; x_wconf 86' lang='lat' dir='ltr'>Deus</span> <span class='ocrx_word' id='word_1_312' title='bbox 731 1815 795 1844; x_wconf 89' lang='lat' dir='ltr'>res</span> <span class='ocrx_word' id='word_1_313' title='bbox 813 1815 886 1845; x_wconf 86' lang='lat' dir='ltr'>sua</span> <span class='ocrx_word' id='word_1_314' title='bbox 906 1805 1154 1854; x_wconf 81' lang='lat' dir='ltr'>providentia</span> <span class='ocrx_word' id='word_1_315' title='bbox 1174 1806 1293 1854; x_wconf 82' lang='lat' dir='ltr'>regit,</span> <span class='ocrx_word' id='word_1_316' title='bbox 1306 1806 1489 1854; x_wconf 81' lang='lat' dir='ltr'>sequitur</span> <span class='ocrx_word' id='word_1_317' title='bbox 1507 1806 1614 1854; x_wconf 88' lang='lat' dir='ltr'>quod</span> <span class='ocrx_word' id='word_1_318' title='bbox 1631 1815 1695 1844; x_wconf 88' lang='lat' dir='ltr'>res</span> <span class='ocrx_word' id='word_1_319' title='bbox 1712 1806 1756 1845; x_wconf 85' lang='lat' dir='ltr'>in</span> 
     </span>
     <span class='ocr_line' id='line_1_32' title="bbox 132 1852 1755 1900; baseline 0 -9"><span class='ocrx_word' id='word_1_320' title='bbox 132 1861 226 1891; x_wconf 84' lang='lat' dir='ltr'>esse</span> <span class='ocrx_word' id='word_1_321' title='bbox 246 1857 466 1890; x_wconf 85' lang='lat' dir='ltr'>conservet.</span> <span class='ocrx_word' id='word_1_322' title='bbox 488 1852 542 1890; x_wconf 78' lang='lat' dir='ltr'>Ad</span> <span class='ocrx_word' id='word_1_323' title='bbox 562 1853 895 1900; x_wconf 83' lang='lat' dir='ltr'>gubernationem</span> <span class='ocrx_word' id='word_1_324' title='bbox 920 1853 1025 1891; x_wconf 90' lang='lat' dir='ltr'>enim</span> <span class='ocrx_word' id='word_1_325' title='bbox 1045 1853 1272 1900; x_wconf 85' lang='lat' dir='ltr'>aliquorum</span> <span class='ocrx_word' id='word_1_326' title='bbox 1303 1853 1475 1900; x_wconf 76' lang='lat' dir='ltr'>pertinet</span> <span class='ocrx_word' id='word_1_327' title='bbox 1514 1861 1631 1891; x_wconf 89' lang='lat' dir='ltr'>omne</span> <span class='ocrx_word' id='word_1_328' title='bbox 1652 1852 1755 1891; x_wconf 86' lang='lat' dir='ltr'>iilud</span> 
     </span>
     <span class='ocr_line' id='line_1_33' title="bbox 135 1899 1752 1947; baseline 0.001 -11"><span class='ocrx_word' id='word_1_329' title='bbox 135 1909 205 1946; x_wconf 86' lang='lat' dir='ltr'>per</span> <span class='ocrx_word' id='word_1_330' title='bbox 226 1899 331 1946; x_wconf 87' lang='lat' dir='ltr'>quod</span> <span class='ocrx_word' id='word_1_331' title='bbox 353 1907 469 1936; x_wconf 87' lang='lat' dir='ltr'>suum</span> <span class='ocrx_word' id='word_1_332' title='bbox 489 1899 608 1937; x_wconf 83' lang='lat' dir='ltr'>finem</span> <span class='ocrx_word' id='word_1_333' title='bbox 629 1904 942 1947; x_wconf 83' lang='lat' dir='ltr'>consequuntur.</span> <span class='ocrx_word' id='word_1_334' title='bbox 963 1900 1188 1937; x_wconf 84' lang='lat' dir='ltr'>Secundum</span> <span class='ocrx_word' id='word_1_335' title='bbox 1209 1900 1285 1937; x_wconf 87' lang='lat' dir='ltr'>hoc</span> <span class='ocrx_word' id='word_1_336' title='bbox 1306 1900 1412 1937; x_wconf 89' lang='lat' dir='ltr'>enim</span> <span class='ocrx_word' id='word_1_337' title='bbox 1428 1900 1560 1947; x_wconf 88' lang='lat' dir='ltr'>aliqua</span> <span class='ocrx_word' id='word_1_338' title='bbox 1573 1899 1672 1946; x_wconf 83' lang='lat' dir='ltr'>regi,</span> <span class='ocrx_word' id='word_1_339' title='bbox 1690 1900 1752 1938; x_wconf 77' lang='lat' dir='ltr'>vei</span> 
     </span>
     <span class='ocr_line' id='line_1_34' title="bbox 134 1946 1754 1994; baseline 0 -10"><span class='ocrx_word' id='word_1_340' title='bbox 134 1946 349 1994; x_wconf 83' lang='lat' dir='ltr'>gubernari</span> <span class='ocrx_word' id='word_1_341' title='bbox 369 1946 566 1991; x_wconf 84' lang='lat' dir='ltr'>dicuntur,</span> <span class='ocrx_word' id='word_1_342' title='bbox 590 1946 696 1992; x_wconf 83' lang='lat' dir='ltr'>quod</span> <span class='ocrx_word' id='word_1_343' title='bbox 717 1947 952 1984; x_wconf 82' lang='lat' dir='ltr'>ordinantur</span> <span class='ocrx_word' id='word_1_344' title='bbox 966 1946 1010 1984; x_wconf 88' lang='lat' dir='ltr'>in</span> <span class='ocrx_word' id='word_1_345' title='bbox 1031 1946 1166 1984; x_wconf 85' lang='lat' dir='ltr'>finem.</span> <span class='ocrx_word' id='word_1_346' title='bbox 1186 1948 1232 1984; x_wconf 85' lang='lat' dir='ltr'>In</span> <span class='ocrx_word' id='word_1_347' title='bbox 1252 1946 1370 1984; x_wconf 81' lang='lat' dir='ltr'>finem</span> <span class='ocrx_word' id='word_1_348' title='bbox 1407 1951 1539 1984; x_wconf 90' lang='lat' dir='ltr'>autem</span> <span class='ocrx_word' id='word_1_349' title='bbox 1569 1946 1754 1985; x_wconf 84' lang='lat' dir='ltr'>ultimum</span> 
     </span>
     <span class='ocr_line' id='line_1_35' title="bbox 133 1992 1754 2040; baseline 0.002 -11"><span class='ocrx_word' id='word_1_350' title='bbox 133 2002 252 2040; x_wconf 81' lang='lat' dir='ltr'>quem</span> <span class='ocrx_word' id='word_1_351' title='bbox 268 1994 372 2030; x_wconf 86' lang='lat' dir='ltr'>Deus</span> <span class='ocrx_word' id='word_1_352' title='bbox 390 1993 571 2037; x_wconf 85' lang='lat' dir='ltr'>intendit,</span> <span class='ocrx_word' id='word_1_353' title='bbox 590 1992 745 2030; x_wconf 87' lang='lat' dir='ltr'>scilicet</span> <span class='ocrx_word' id='word_1_354' title='bbox 762 1993 978 2030; x_wconf 84' lang='lat' dir='ltr'>bonitatem</span> <span class='ocrx_word' id='word_1_355' title='bbox 996 1992 1185 2038; x_wconf 86' lang='lat' dir='ltr'>divinam,</span> <span class='ocrx_word' id='word_1_356' title='bbox 1196 1993 1431 2032; x_wconf 86' lang='lat' dir='ltr'>ordinantur</span> <span class='ocrx_word' id='word_1_357' title='bbox 1448 2003 1511 2032; x_wconf 90' lang='lat' dir='ltr'>res</span> <span class='ocrx_word' id='word_1_358' title='bbox 1526 2002 1607 2031; x_wconf 90' lang='lat' dir='ltr'>non</span> <span class='ocrx_word' id='word_1_359' title='bbox 1622 1994 1754 2032; x_wconf 83' lang='lat' dir='ltr'>solum</span> 
     </span>
     <span class='ocr_line' id='line_1_36' title="bbox 133 2040 1753 2088; baseline 0.002 -12"><span class='ocrx_word' id='word_1_360' title='bbox 133 2048 205 2086; x_wconf 89' lang='lat' dir='ltr'>per</span> <span class='ocrx_word' id='word_1_361' title='bbox 223 2040 299 2077; x_wconf 89' lang='lat' dir='ltr'>hoc</span> <span class='ocrx_word' id='word_1_362' title='bbox 320 2040 423 2086; x_wconf 87' lang='lat' dir='ltr'>quod</span> <span class='ocrx_word' id='word_1_363' title='bbox 447 2043 673 2086; x_wconf 81' lang='lat' dir='ltr'>operantur,</span> <span class='ocrx_word' id='word_1_364' title='bbox 693 2040 763 2077; x_wconf 91' lang='lat' dir='ltr'>sed</span> <span class='ocrx_word' id='word_1_365' title='bbox 784 2041 899 2077; x_wconf 90' lang='lat' dir='ltr'>etiam</span> <span class='ocrx_word' id='word_1_366' title='bbox 920 2050 990 2086; x_wconf 90' lang='lat' dir='ltr'>per</span> <span class='ocrx_word' id='word_1_367' title='bbox 1009 2041 1086 2078; x_wconf 86' lang='lat' dir='ltr'>hoc</span> <span class='ocrx_word' id='word_1_368' title='bbox 1104 2040 1210 2088; x_wconf 86' lang='lat' dir='ltr'>quod</span> <span class='ocrx_word' id='word_1_369' title='bbox 1231 2044 1338 2085; x_wconf 88' lang='lat' dir='ltr'>sunt,</span> <span class='ocrx_word' id='word_1_370' title='bbox 1357 2041 1450 2088; x_wconf 90' lang='lat' dir='ltr'>quia</span> <span class='ocrx_word' id='word_1_371' title='bbox 1483 2041 1526 2078; x_wconf 92' lang='lat' dir='ltr'>in</span> <span class='ocrx_word' id='word_1_372' title='bbox 1562 2044 1753 2088; x_wconf 86' lang='lat' dir='ltr'>quantum</span> 
     </span>
     <span class='ocr_line' id='line_1_37' title="bbox 133 2086 1756 2135; baseline 0.002 -12"><span class='ocrx_word' id='word_1_373' title='bbox 133 2090 242 2131; x_wconf 89' lang='lat' dir='ltr'>sunt,</span> <span class='ocrx_word' id='word_1_374' title='bbox 266 2086 405 2124; x_wconf 85' lang='lat' dir='ltr'>divinae</span> <span class='ocrx_word' id='word_1_375' title='bbox 441 2086 629 2124; x_wconf 83' lang='lat' dir='ltr'>bonitatis</span> <span class='ocrx_word' id='word_1_376' title='bbox 661 2087 966 2124; x_wconf 86' lang='lat' dir='ltr'>similitudinem</span> <span class='ocrx_word' id='word_1_377' title='bbox 1002 2090 1158 2134; x_wconf 81' lang='lat' dir='ltr'>gerunt,</span> <span class='ocrx_word' id='word_1_378' title='bbox 1190 2087 1298 2135; x_wconf 83' lang='lat' dir='ltr'>quod</span> <span class='ocrx_word' id='word_1_379' title='bbox 1328 2091 1388 2125; x_wconf 84' lang='lat' dir='ltr'>est</span> <span class='ocrx_word' id='word_1_380' title='bbox 1421 2087 1515 2125; x_wconf 83' lang='lat' dir='ltr'>finis</span> <span class='ocrx_word' id='word_1_381' title='bbox 1545 2096 1692 2132; x_wconf 90' lang='lat' dir='ltr'>rerum,</span> <span class='ocrx_word' id='word_1_382' title='bbox 1711 2090 1756 2126; x_wconf 85' lang='lat' dir='ltr'>ut</span> 
     </span>
     <span class='ocr_line' id='line_1_38' title="bbox 132 2133 1752 2185; baseline 0.001 -14"><span class='ocrx_word' id='word_1_383' title='bbox 132 2141 256 2185; x_wconf 76' lang='lat' dir='ltr'>supra</span> <span class='ocrx_word' id='word_1_384' title='bbox 273 2137 479 2171; x_wconf 89' lang='lat' dir='ltr'>ostensum</span> <span class='ocrx_word' id='word_1_385' title='bbox 498 2137 560 2171; x_wconf 86' lang='lat' dir='ltr'>est</span> <span class='ocrx_word' id='word_1_386' title='bbox 578 2133 679 2181; x_wconf 88' lang='lat' dir='ltr'>(cap.</span> <span class='ocrx_word' id='word_1_387' title='bbox 703 2137 745 2171; x_wconf 81' lang='lat'>19</span> <span class='ocrx_word' id='word_1_388' title='bbox 768 2138 805 2171; x_wconf 88' lang='lat' dir='ltr'>et</span> <span class='ocrx_word' id='word_1_389' title='bbox 821 2135 895 2181; x_wconf 77' lang='lat'>20).</span> <span class='ocrx_word' id='word_1_390' title='bbox 917 2134 972 2172; x_wconf 86' lang='lat' dir='ltr'>Ad</span> <span class='ocrx_word' id='word_1_391' title='bbox 992 2134 1167 2172; x_wconf 85' lang='lat' dir='ltr'>divinam</span> <span class='ocrx_word' id='word_1_392' title='bbox 1186 2134 1311 2182; x_wconf 85' lang='lat' dir='ltr'>igitur</span> <span class='ocrx_word' id='word_1_393' title='bbox 1336 2134 1627 2182; x_wconf 88' lang='lat' dir='ltr'>providentiam</span> <span class='ocrx_word' id='word_1_394' title='bbox 1665 2144 1752 2181; x_wconf 84' lang='lat' dir='ltr'>per·</span> 
     </span>
     <span class='ocr_line' id='line_1_39' title="bbox 133 2180 932 2227; baseline 0.004 -11"><span class='ocrx_word' id='word_1_395' title='bbox 133 2183 233 2217; x_wconf 84' lang='lat' dir='ltr'>tinet</span> <span class='ocrx_word' id='word_1_396' title='bbox 251 2180 357 2227; x_wconf 88' lang='lat' dir='ltr'>quod</span> <span class='ocrx_word' id='word_1_397' title='bbox 377 2190 440 2217; x_wconf 89' lang='lat' dir='ltr'>res</span> <span class='ocrx_word' id='word_1_398' title='bbox 462 2184 748 2218; x_wconf 80' lang='lat' dir='ltr'>conserventur</span> <span class='ocrx_word' id='word_1_399' title='bbox 767 2181 808 2218; x_wconf 90' lang='lat' dir='ltr'>in</span> <span class='ocrx_word' id='word_1_400' title='bbox 830 2190 932 2219; x_wconf 75' lang='lat' dir='ltr'>esse,</span> 
     </span>
    </p>

    <p class='ocr_par' dir='ltr' id='par_1_9' title="bbox 131 2227 1755 2454">
     <span class='ocr_line' id='line_1_40' title="bbox 179 2227 1751 2276; baseline 0.003 -12"><span class='ocrx_word' id='word_1_401' title='bbox 179 2228 278 2268; x_wconf 75' lang='lat' dir='ltr'>item,</span> <span class='ocrx_word' id='word_1_402' title='bbox 302 2231 454 2274; x_wconf 83' lang='lat' dir='ltr'>oportet</span> <span class='ocrx_word' id='word_1_403' title='bbox 473 2227 579 2274; x_wconf 87' lang='lat' dir='ltr'>quod</span> <span class='ocrx_word' id='word_1_404' title='bbox 598 2227 701 2265; x_wconf 89' lang='lat' dir='ltr'>idem</span> <span class='ocrx_word' id='word_1_405' title='bbox 734 2228 786 2265; x_wconf 88' lang='lat' dir='ltr'>sit</span> <span class='ocrx_word' id='word_1_406' title='bbox 805 2237 927 2266; x_wconf 86' lang='lat' dir='ltr'>causa</span> <span class='ocrx_word' id='word_1_407' title='bbox 962 2228 1035 2274; x_wconf 89' lang='lat' dir='ltr'>rei,</span> <span class='ocrx_word' id='word_1_408' title='bbox 1057 2231 1096 2266; x_wconf 90' lang='lat' dir='ltr'>et</span> <span class='ocrx_word' id='word_1_409' title='bbox 1133 2228 1452 2267; x_wconf 85' lang='lat' dir='ltr'>conservationis</span> <span class='ocrx_word' id='word_1_410' title='bbox 1489 2229 1630 2276; x_wconf 87' lang='lat' dir='ltr'>ipsius.</span> <span class='ocrx_word' id='word_1_411' title='bbox 1652 2230 1751 2268; x_wconf 86' lang='lat' dir='ltr'>Nam</span> 
     </span>
     <span class='ocr_line' id='line_1_41' title="bbox 131 2274 1755 2322; baseline 0.001 -10"><span class='ocrx_word' id='word_1_412' title='bbox 131 2275 382 2312; x_wconf 85' lang='lat' dir='ltr'>conservatio</span> <span class='ocrx_word' id='word_1_413' title='bbox 399 2274 456 2312; x_wconf 89' lang='lat' dir='ltr'>rei</span> <span class='ocrx_word' id='word_1_414' title='bbox 479 2283 559 2312; x_wconf 89' lang='lat' dir='ltr'>non</span> <span class='ocrx_word' id='word_1_415' title='bbox 576 2278 637 2312; x_wconf 90' lang='lat' dir='ltr'>est</span> <span class='ocrx_word' id='word_1_416' title='bbox 655 2275 734 2312; x_wconf 90' lang='lat' dir='ltr'>nisi</span> <span class='ocrx_word' id='word_1_417' title='bbox 755 2275 1002 2314; x_wconf 86' lang='lat' dir='ltr'>continuatio</span> <span class='ocrx_word' id='word_1_418' title='bbox 1023 2284 1113 2313; x_wconf 88' lang='lat' dir='ltr'>esse</span> <span class='ocrx_word' id='word_1_419' title='bbox 1130 2275 1275 2322; x_wconf 87' lang='lat' dir='ltr'>ipsius.</span> <span class='ocrx_word' id='word_1_420' title='bbox 1298 2276 1513 2314; x_wconf 87' lang='lat' dir='ltr'>ostensum</span> <span class='ocrx_word' id='word_1_421' title='bbox 1535 2281 1665 2314; x_wconf 87' lang='lat' dir='ltr'>autem</span> <span class='ocrx_word' id='word_1_422' title='bbox 1693 2280 1755 2314; x_wconf 86' lang='lat' dir='ltr'>est</span> 
     </span>
     <span class='ocr_line' id='line_1_42' title="bbox 133 2321 1750 2369; baseline 0.001 -11"><span class='ocrx_word' id='word_1_423' title='bbox 133 2329 253 2367; x_wconf 89' lang='lat' dir='ltr'>supra</span> <span class='ocrx_word' id='word_1_424' title='bbox 273 2321 354 2368; x_wconf 88' lang='lat' dir='ltr'>(lib.</span> <span class='ocrx_word' id='word_1_425' title='bbox 374 2330 417 2367; x_wconf 76' lang='grc' dir='ltr'>Π,</span> <span class='ocrx_word' id='word_1_426' title='bbox 440 2331 524 2367; x_wconf 85' lang='lat' dir='ltr'>cap.</span> <span class='ocrx_word' id='word_1_427' title='bbox 544 2324 589 2359; x_wconf 80' lang='lat'>23</span> <span class='ocrx_word' id='word_1_428' title='bbox 612 2326 649 2359; x_wconf 92' lang='lat' dir='ltr'>et</span> <span class='ocrx_word' id='word_1_429' title='bbox 666 2322 742 2369; x_wconf 76' lang='lat'><strong>24),</strong></span> <span class='ocrx_word' id='word_1_430' title='bbox 764 2322 869 2369; x_wconf 83' lang='lat' dir='ltr'>quod</span> <span class='ocrx_word' id='word_1_431' title='bbox 905 2323 1009 2360; x_wconf 86' lang='lat' dir='ltr'>Deus</span> <span class='ocrx_word' id='word_1_432' title='bbox 1029 2332 1100 2369; x_wconf 88' lang='lat' dir='ltr'>per</span> <span class='ocrx_word' id='word_1_433' title='bbox 1129 2331 1248 2361; x_wconf 87' lang='lat' dir='ltr'>suum</span> <span class='ocrx_word' id='word_1_434' title='bbox 1268 2323 1515 2361; x_wconf 88' lang='lat' dir='ltr'>intellectum</span> <span class='ocrx_word' id='word_1_435' title='bbox 1543 2326 1581 2361; x_wconf 90' lang='lat' dir='ltr'>et</span> <span class='ocrx_word' id='word_1_436' title='bbox 1609 2323 1750 2361; x_wconf 79' lang='lat' dir='ltr'>volun-</span> 
     </span>
     <span class='ocr_line' id='line_1_43' title="bbox 134 2369 1754 2417; baseline 0.001 -13"><span class='ocrx_word' id='word_1_437' title='bbox 134 2371 251 2404; x_wconf 86' lang='lat' dir='ltr'>tatem</span> <span class='ocrx_word' id='word_1_438' title='bbox 272 2372 331 2406; x_wconf 88' lang='lat' dir='ltr'>est</span> <span class='ocrx_word' id='word_1_439' title='bbox 351 2377 471 2406; x_wconf 88' lang='lat' dir='ltr'>causa</span> <span class='ocrx_word' id='word_1_440' title='bbox 491 2369 650 2406; x_wconf 87' lang='lat' dir='ltr'>essendi</span> <span class='ocrx_word' id='word_1_441' title='bbox 673 2370 860 2407; x_wconf 90' lang='lat' dir='ltr'>omnibus</span> <span class='ocrx_word' id='word_1_442' title='bbox 884 2369 1018 2407; x_wconf 87' lang='lat' dir='ltr'>rebus.</span> <span class='ocrx_word' id='word_1_443' title='bbox 1040 2370 1164 2417; x_wconf 83' lang='lat' dir='ltr'>Igitur</span> <span class='ocrx_word' id='word_1_444' title='bbox 1183 2379 1253 2417; x_wconf 90' lang='lat' dir='ltr'>per</span> <span class='ocrx_word' id='word_1_445' title='bbox 1275 2378 1397 2408; x_wconf 88' lang='lat' dir='ltr'>suum</span> <span class='ocrx_word' id='word_1_446' title='bbox 1434 2370 1678 2408; x_wconf 83' lang='lat' dir='ltr'>intellectum</span> <span class='ocrx_word' id='word_1_447' title='bbox 1714 2373 1754 2408; x_wconf 82' lang='lat' dir='ltr'>et</span> 
     </span>
     <span class='ocr_line' id='line_1_44' title="bbox 134 2415 1037 2454; baseline 0.004 -4"><span class='ocrx_word' id='word_1_448' title='bbox 134 2415 376 2453; x_wconf 84' lang='lat' dir='ltr'>voluntatem</span> <span class='ocrx_word' id='word_1_449' title='bbox 399 2419 607 2453; x_wconf 88' lang='lat' dir='ltr'>conservat</span> <span class='ocrx_word' id='word_1_450' title='bbox 623 2425 690 2454; x_wconf 86' lang='lat' dir='ltr'>res</span> <span class='ocrx_word' id='word_1_451' title='bbox 708 2425 848 2454; x_wconf 90' lang='lat' dir='ltr'>omnes</span> <span class='ocrx_word' id='word_1_452' title='bbox 866 2416 910 2454; x_wconf 85' lang='lat' dir='ltr'>in</span> <span class='ocrx_word' id='word_1_453' title='bbox 932 2426 1037 2454; x_wconf 90' lang='lat' dir='ltr'>esse.</span> 
     </span>
    </p>

    <p class='ocr_par' dir='ltr' id='par_1_10' title="bbox 127 2462 1752 2934">
     <span class='ocr_line' id='line_1_45' title="bbox 176 2462 1752 2515; baseline 0.003 -18"><span class='ocrx_word' id='word_1_454' title='bbox 176 2463 276 2514; x_wconf 65' lang='lat' dir='ltr'>Item3</span> <span class='ocrx_word' id='word_1_455' title='bbox 298 2462 450 2514; x_wconf 77' lang='lat' dir='ltr'>nullutn</span> <span class='ocrx_word' id='word_1_456' title='bbox 477 2463 714 2515; x_wconf 79' lang='lat' dir='ltr'>particulare</span> <span class='ocrx_word' id='word_1_457' title='bbox 737 2473 861 2511; x_wconf 80' lang='lat' dir='ltr'>agens</span> <span class='ocrx_word' id='word_1_458' title='bbox 881 2464 1097 2501; x_wconf 77' lang='lat' dir='ltr'>univocum</span> <span class='ocrx_word' id='word_1_459' title='bbox 1116 2466 1247 2510; x_wconf 87' lang='lat' dir='ltr'>potest</span> <span class='ocrx_word' id='word_1_460' title='bbox 1264 2473 1356 2503; x_wconf 85' lang='lat' dir='ltr'>esse</span> <span class='ocrx_word' id='word_1_461' title='bbox 1375 2464 1610 2511; x_wconf 88' lang='lat' dir='ltr'>simpliciter</span> <span class='ocrx_word' id='word_1_462' title='bbox 1629 2471 1752 2502; x_wconf 87' lang='lat' dir='ltr'>causa</span> 
     </span>
     <span class='ocr_line' id='line_1_46' title="bbox 132 2510 1752 2560; baseline 0.001 -15"><span class='ocrx_word' id='word_1_463' title='bbox 132 2516 303 2560; x_wconf 56' lang='lat' dir='ltr'>spectem</span> <span class='ocrx_word' id='word_1_464' title='bbox 335 2513 438 2547; x_wconf 81' lang='lat' dir='ltr'>sicut</span> <span class='ocrx_word' id='word_1_465' title='bbox 469 2510 533 2547; x_wconf 85' lang='lat' dir='ltr'>hic</span> <span class='ocrx_word' id='word_1_466' title='bbox 565 2510 684 2548; x_wconf 86' lang='lat' dir='ltr'>homo</span> <span class='ocrx_word' id='word_1_467' title='bbox 717 2519 798 2548; x_wconf 92' lang='lat' dir='ltr'>non</span> <span class='ocrx_word' id='word_1_468' title='bbox 829 2514 960 2558; x_wconf 87' lang='lat' dir='ltr'>potest</span> <span class='ocrx_word' id='word_1_469' title='bbox 983 2519 1073 2548; x_wconf 86' lang='lat' dir='ltr'>esse</span> <span class='ocrx_word' id='word_1_470' title='bbox 1093 2519 1216 2549; x_wconf 86' lang='lat' dir='ltr'>causa</span> <span class='ocrx_word' id='word_1_471' title='bbox 1246 2511 1394 2559; x_wconf 85' lang='lat' dir='ltr'>speciei</span> <span class='ocrx_word' id='word_1_472' title='bbox 1426 2512 1623 2556; x_wconf 85' lang='lat' dir='ltr'>humanae,</span> <span class='ocrx_word' id='word_1_473' title='bbox 1642 2513 1752 2548; x_wconf 87' lang='lat' dir='ltr'>esset</span> 
     </span>
     <span class='ocr_line' id='line_1_47' title="bbox 132 2557 1751 2608; baseline 0.002 -18"><span class='ocrx_word' id='word_1_474' title='bbox 132 2563 236 2605; x_wconf 81' lang='lat' dir='ltr'>enim</span> <span class='ocrx_word' id='word_1_475' title='bbox 274 2565 394 2608; x_wconf 79' lang='lat' dir='ltr'>causa</span> <span class='ocrx_word' id='word_1_476' title='bbox 429 2557 560 2595; x_wconf 87' lang='lat' dir='ltr'>omnis</span> <span class='ocrx_word' id='word_1_477' title='bbox 592 2557 783 2604; x_wconf 87' lang='lat' dir='ltr'>hominis,</span> <span class='ocrx_word' id='word_1_478' title='bbox 820 2562 858 2595; x_wconf 90' lang='lat' dir='ltr'>et</span> <span class='ocrx_word' id='word_1_479' title='bbox 892 2566 963 2605; x_wconf 89' lang='lat' dir='ltr'>per</span> <span class='ocrx_word' id='word_1_480' title='bbox 992 2566 1245 2605; x_wconf 85' lang='lat' dir='ltr'>consequens</span> <span class='ocrx_word' id='word_1_481' title='bbox 1281 2558 1476 2605; x_wconf 88' lang='lat' dir='ltr'>suiipsius</span> <span class='ocrx_word' id='word_1_482' title='bbox 1511 2569 1520 2593; x_wconf 73' lang='grc' dir='ltr'><strong><em>ε</em></strong></span> <span class='ocrx_word' id='word_1_483' title='bbox 1552 2557 1657 2605; x_wconf 87' lang='lat' dir='ltr'>quod</span> <span class='ocrx_word' id='word_1_484' title='bbox 1689 2560 1751 2596; x_wconf 86' lang='lat' dir='ltr'>est</span> 
     </span>
     <span class='ocr_line' id='line_1_48' title="bbox 131 2603 1746 2653; baseline 0.001 -15"><span class='ocrx_word' id='word_1_485' title='bbox 131 2603 393 2652; x_wconf 80' lang='lat' dir='ltr'>impossibile.</span> <span class='ocrx_word' id='word_1_486' title='bbox 417 2605 483 2641; x_wconf 88' lang='lat' dir='ltr'>Est</span> <span class='ocrx_word' id='word_1_487' title='bbox 501 2607 631 2642; x_wconf 89' lang='lat' dir='ltr'>autem</span> <span class='ocrx_word' id='word_1_488' title='bbox 654 2614 775 2642; x_wconf 89' lang='lat' dir='ltr'>causa</span> <span class='ocrx_word' id='word_1_489' title='bbox 796 2605 861 2643; x_wconf 87' lang='lat' dir='ltr'>hic</span> <span class='ocrx_word' id='word_1_490' title='bbox 879 2604 1002 2643; x_wconf 89' lang='lat' dir='ltr'>homo</span> <span class='ocrx_word' id='word_1_491' title='bbox 1022 2604 1142 2652; x_wconf 88' lang='lat' dir='ltr'>hujus</span> <span class='ocrx_word' id='word_1_492' title='bbox 1171 2605 1350 2643; x_wconf 88' lang='lat' dir='ltr'>hominis</span> <span class='ocrx_word' id='word_1_493' title='bbox 1369 2615 1439 2653; x_wconf 86' lang='lat' dir='ltr'>per</span> <span class='ocrx_word' id='word_1_494' title='bbox 1470 2614 1514 2643; x_wconf 89' lang='lat' dir='ltr'>se</span> <span class='ocrx_word' id='word_1_495' title='bbox 1532 2604 1746 2651; x_wconf 87' lang='lat' dir='ltr'>loquendo.</span> 
     </span>
     <span class='ocr_line' id='line_1_49' title="bbox 131 2647 1745 2703; baseline 0.002 -19"><span class='ocrx_word' id='word_1_496' title='bbox 131 2647 201 2684; x_wconf 88' lang='lat' dir='ltr'>Hic</span> <span class='ocrx_word' id='word_1_497' title='bbox 233 2653 361 2701; x_wconf 32' lang='lat' dir='ltr'>aute-m</span> <span class='ocrx_word' id='word_1_498' title='bbox 389 2650 511 2703; x_wconf 77' lang='lat' dir='ltr'>bomo</span> <span class='ocrx_word' id='word_1_499' title='bbox 532 2655 593 2703; x_wconf 82' lang='lat' dir='ltr'>est</span> <span class='ocrx_word' id='word_1_500' title='bbox 621 2661 692 2698; x_wconf 88' lang='lat' dir='ltr'>per</span> <span class='ocrx_word' id='word_1_501' title='bbox 714 2652 791 2689; x_wconf 84' lang='lat' dir='ltr'>hoc</span> <span class='ocrx_word' id='word_1_502' title='bbox 811 2652 916 2699; x_wconf 88' lang='lat' dir='ltr'>quod</span> <span class='ocrx_word' id='word_1_503' title='bbox 948 2656 1088 2690; x_wconf 89' lang='lat' dir='ltr'>natura</span> <span class='ocrx_word' id='word_1_504' title='bbox 1108 2652 1285 2690; x_wconf 84' lang='lat' dir='ltr'>bumana</span> <span class='ocrx_word' id='word_1_505' title='bbox 1304 2656 1364 2691; x_wconf 86' lang='lat' dir='ltr'>est</span> <span class='ocrx_word' id='word_1_506' title='bbox 1392 2653 1434 2689; x_wconf 94' lang='lat' dir='ltr'>in</span> <span class='ocrx_word' id='word_1_507' title='bbox 1464 2652 1540 2689; x_wconf 86' lang='lat' dir='ltr'>hac</span> <span class='ocrx_word' id='word_1_508' title='bbox 1566 2651 1745 2703; x_wconf 82' lang='lat' dir='ltr'>materia,</span> 
     </span>
     <span class='ocr_line' id='line_1_50' title="bbox 128 2696 1747 2747; baseline 0.003 -17"><span class='ocrx_word' id='word_1_509' title='bbox 128 2702 218 2745; x_wconf 81' lang='lat' dir='ltr'>quae</span> <span class='ocrx_word' id='word_1_510' title='bbox 236 2699 295 2747; x_wconf 84' lang='lat' dir='ltr'>est</span> <span class='ocrx_word' id='word_1_511' title='bbox 310 2696 645 2747; x_wconf 28' lang='lat' dir='ltr'>&#39;indmduationis</span> <span class='ocrx_word' id='word_1_512' title='bbox 658 2698 912 2745; x_wconf 87' lang='lat' dir='ltr'>principium.</span> <span class='ocrx_word' id='word_1_513' title='bbox 929 2699 999 2736; x_wconf 87' lang='lat' dir='ltr'>Hic</span> <span class='ocrx_word' id='word_1_514' title='bbox 1019 2699 1141 2746; x_wconf 83' lang='lat' dir='ltr'>igitur</span> <span class='ocrx_word' id='word_1_515' title='bbox 1156 2699 1279 2737; x_wconf 86' lang='lat' dir='ltr'>homo</span> <span class='ocrx_word' id='word_1_516' title='bbox 1304 2707 1385 2737; x_wconf 89' lang='lat' dir='ltr'>non</span> <span class='ocrx_word' id='word_1_517' title='bbox 1405 2702 1466 2736; x_wconf 87' lang='lat' dir='ltr'>est</span> <span class='ocrx_word' id='word_1_518' title='bbox 1484 2705 1606 2736; x_wconf 87' lang='lat' dir='ltr'>causa</span> <span class='ocrx_word' id='word_1_519' title='bbox 1619 2697 1747 2735; x_wconf 81' lang='lat' dir='ltr'>homi-</span> 
     </span>
     <span class='ocr_line' id='line_1_51' title="bbox 129 2744 1746 2793; baseline 0.004 -17"><span class='ocrx_word' id='word_1_520' title='bbox 129 2749 208 2785; x_wconf 81' lang='lat' dir='ltr'>nis,</span> <span class='ocrx_word' id='word_1_521' title='bbox 240 2750 318 2778; x_wconf 79' lang='lat' dir='ltr'>nisi</span> <span class='ocrx_word' id='word_1_522' title='bbox 341 2751 380 2778; x_wconf 81' lang='lat' dir='ltr'>in</span> <span class='ocrx_word' id='word_1_523' title='bbox 410 2748 600 2789; x_wconf 80' lang='lat' dir='ltr'>quantum</span> <span class='ocrx_word' id='word_1_524' title='bbox 620 2750 682 2783; x_wconf 89' lang='lat' dir='ltr'>est</span> <span class='ocrx_word' id='word_1_525' title='bbox 701 2755 823 2784; x_wconf 85' lang='lat' dir='ltr'>causa</span> <span class='ocrx_word' id='word_1_526' title='bbox 841 2746 947 2793; x_wconf 79' lang='lat' dir='ltr'>quod</span> <span class='ocrx_word' id='word_1_527' title='bbox 967 2746 1094 2783; x_wconf 88' lang='lat' dir='ltr'>forma</span> <span class='ocrx_word' id='word_1_528' title='bbox 1114 2747 1288 2784; x_wconf 86' lang='lat' dir='ltr'>bumana</span> <span class='ocrx_word' id='word_1_529' title='bbox 1305 2746 1374 2783; x_wconf 89' lang='lat' dir='ltr'>fiat</span> <span class='ocrx_word' id='word_1_530' title='bbox 1402 2746 1443 2782; x_wconf 90' lang='lat' dir='ltr'>in</span> <span class='ocrx_word' id='word_1_531' title='bbox 1474 2744 1550 2782; x_wconf 85' lang='lat' dir='ltr'>hac</span> <span class='ocrx_word' id='word_1_532' title='bbox 1567 2745 1746 2783; x_wconf 87' lang='lat' dir='ltr'>materia.</span> 
     </span>
     <span class='ocr_line' id='line_1_52' title="bbox 128 2786 1747 2840; baseline 0.004 -17"><span class='ocrx_word' id='word_1_533' title='bbox 128 2786 209 2824; x_wconf 85' lang='lat' dir='ltr'>Hoc</span> <span class='ocrx_word' id='word_1_534' title='bbox 230 2791 442 2840; x_wconf 33' lang='lat' dir='ltr'>autem-est</span> <span class='ocrx_word' id='word_1_535' title='bbox 474 2799 561 2828; x_wconf 87' lang='lat' dir='ltr'>esse</span> <span class='ocrx_word' id='word_1_536' title='bbox 582 2792 821 2838; x_wconf 87' lang='lat' dir='ltr'>principium</span> <span class='ocrx_word' id='word_1_537' title='bbox 852 2793 1124 2840; x_wconf 85' lang='lat' dir='ltr'>generationis</span> <span class='ocrx_word' id='word_1_538' title='bbox 1153 2792 1274 2840; x_wconf 82' lang='lat' dir='ltr'>hujus</span> <span class='ocrx_word' id='word_1_539' title='bbox 1296 2791 1487 2829; x_wconf 88' lang='lat' dir='ltr'>hominis.</span> <span class='ocrx_word' id='word_1_540' title='bbox 1518 2793 1628 2829; x_wconf 89' lang='lat' dir='ltr'>Patet</span> <span class='ocrx_word' id='word_1_541' title='bbox 1652 2800 1747 2839; x_wconf 83' lang='lat' dir='ltr'>ergo</span> 
     </span>
     <span class='ocr_line' id='line_1_53' title="bbox 127 2834 1749 2888; baseline 0.004 -18"><span class='ocrx_word' id='word_1_542' title='bbox 127 2834 234 2887; x_wconf 81' lang='lat' dir='ltr'>quod</span> <span class='ocrx_word' id='word_1_543' title='bbox 246 2844 321 2872; x_wconf 88' lang='lat' dir='ltr'>nec</span> <span class='ocrx_word' id='word_1_544' title='bbox 342 2835 404 2871; x_wconf 82' lang='lat' dir='ltr'>hic</span> <span class='ocrx_word' id='word_1_545' title='bbox 418 2836 554 2888; x_wconf 74' lang='lat' dir='ltr'>borno,</span> <span class='ocrx_word' id='word_1_546' title='bbox 570 2847 642 2875; x_wconf 88' lang='lat' dir='ltr'>nec</span> <span class='ocrx_word' id='word_1_547' title='bbox 663 2839 822 2886; x_wconf 86' lang='lat' dir='ltr'>aliquod</span> <span class='ocrx_word' id='word_1_548' title='bbox 837 2840 945 2877; x_wconf 86' lang='lat' dir='ltr'>aliud</span> <span class='ocrx_word' id='word_1_549' title='bbox 965 2848 1089 2887; x_wconf 81' lang='lat' dir='ltr'>agens</span> <span class='ocrx_word' id='word_1_550' title='bbox 1104 2839 1316 2877; x_wconf 89' lang='lat' dir='ltr'>univocum</span> <span class='ocrx_word' id='word_1_551' title='bbox 1334 2839 1375 2875; x_wconf 94' lang='lat' dir='ltr'>in</span> <span class='ocrx_word' id='word_1_552' title='bbox 1390 2843 1531 2876; x_wconf 89' lang='lat' dir='ltr'>natura</span> <span class='ocrx_word' id='word_1_553' title='bbox 1548 2842 1607 2877; x_wconf 89' lang='lat' dir='ltr'>est</span> <span class='ocrx_word' id='word_1_554' title='bbox 1626 2847 1749 2877; x_wconf 87' lang='lat' dir='ltr'>causa</span> 
     </span>
     <span class='ocr_line' id='line_1_54' title="bbox 130 2883 1746 2934; baseline 0.004 -16"><span class='ocrx_word' id='word_1_555' title='bbox 130 2889 210 2919; x_wconf 83' lang='lat' dir='ltr'>nisi</span> <span class='ocrx_word' id='word_1_556' title='bbox 249 2886 520 2929; x_wconf 83' lang='lat' dir='ltr'>generationis</span> <span class='ocrx_word' id='word_1_557' title='bbox 561 2883 680 2931; x_wconf 89' lang='lat' dir='ltr'>hujus</span> <span class='ocrx_word' id='word_1_558' title='bbox 720 2886 780 2924; x_wconf 86' lang='lat' dir='ltr'>vel</span> <span class='ocrx_word' id='word_1_559' title='bbox 817 2886 927 2925; x_wconf 88' lang='lat' dir='ltr'>illius</span> <span class='ocrx_word' id='word_1_560' title='bbox 955 2887 1026 2925; x_wconf 85' lang='lat' dir='ltr'>rei.</span> <span class='ocrx_word' id='word_1_561' title='bbox 1071 2886 1230 2932; x_wconf 89' lang='lat' dir='ltr'>Oportet</span> <span class='ocrx_word' id='word_1_562' title='bbox 1267 2888 1398 2923; x_wconf 88' lang='lat' dir='ltr'>autem</span> <span class='ocrx_word' id='word_1_563' title='bbox 1434 2886 1561 2932; x_wconf 88' lang='lat' dir='ltr'>ipsius</span> <span class='ocrx_word' id='word_1_564' title='bbox 1600 2886 1746 2934; x_wconf 83' lang='lat' dir='ltr'>speciei</span> 
     </span>
    </p>
   </div>
  </div>
 </body>
</html>
