1894 3223
692 127 779 163 me.
809 127 854 172 11,
883 127 984 164 611).
1011 128 1127 164 xxxi.
1658 129 1722 164 131

101 209 369 256 recipiendam
391 208 697 255 impressionem
717 218 928 254 corporum
948 209 1212 255 superiorum.
1234 209 1296 246 Sic
1317 208 1435 246 etiam
1455 212 1515 246 661
1535 209 1576 246 111
1604 218 1722 256 gene-

100 257 254 295 ratione
275 257 585 299 elementorum;
609 264 699 292 nam
731 256 857 292 soi-ma
881 256 1105 292 inducenda
1125 265 1193 302 per
1219 257 1517 308 generationem
1550 265 1631 293 non
1664 261 1725 293 est

100 304 302 342 contraria
319 303 456 350 primae
474 302 662 346 materiae,
681 311 768 349 quie
787 304 1130 348 estgeneiationis
1144 302 1379 348 subjectum,
1397 303 1487 340 licet
1503 303 1723 340 sitcontra-

100 351 161 388 ria
183 350 318 388 foi-mae
339 349 585 396 abjiciendae.
607 350 691 386 Non
711 349 816 385 enim
838 350 1002 386 materia
1020 350 1093 386 6011
1115 352 1241 386 torma
1259 350 1458 387 contraria
1475 350 1650 388 existens
1665 353 1723 387 est

100 397 373 445 generationis
393 396 631 443 subjectum.

150 446 203 481 Ex
223 443 422 490 praedictis
442 443 563 490 igitur
582 445 687 489 patet
706 442 811 489 quod
833 444 1052 480 necessitas
1073 453 1159 490 quse
1191 447 1250 480 cst
1279 454 1326 480 ex
1349 453 1472 481 causa
1504 447 1658 490 agente,
1683 444 1722 481 in

99 491 338 538 quibusdam
360 490 554 536 dependet
572 500 620 526 ex
640 489 904 536 dispositione
926 491 1081 537 agentis
1101 494 1252 527 tantum
1270 503 1278 532 ;
1299 492 1339 527 in
1361 492 1598 537 quibusdam
1632 500 1725 528 vero

98 548 145 575 ex
166 537 433 584 dispositione
452 537 608 583 agentis
629 540 667 573 61
689 537 890 582 patientis.
913 538 952 574 Si
987 538 1108 583 igitur
1136 538 1228 574 talis
1256 538 1483 583 dispositio,
1505 538 1723 575 secundum

96 585 284 632 quamde
304 584 542 621 necessitate
580 584 760 630 sequitui·
789 583 968 628 effectus,
994 586 1112 621 fuerit
1140 585 1367 621 neccssaria
1398 590 1436 621 et
1467 585 1651 622 absoluta
1683 586 1722 621 in

96 637 238 679 agente
256 631 492 678 etpatiente,
508 631 581 668 erit
597 632 816 668 necessitas
834 632 1017 668 absoluta
1032 632 1073 667 in
1088 640 1210 668 causa
1223 635 1364 678 agente
1380 632 1483 668 sicut
1498 633 1539 668 in
1556 632 1619 668 his
1633 641 1720 679 quae

99 682 224 725 agunt
244 688 291 715 ex
307 678 546 716 necessitate
565 681 602 714 et
622 687 790 723 semper.
813 679 851 715 Si
874 682 1003 715 autem
1026 686 1105 715 non
1126 678 1241 714 suerit
1270 677 1451 714 absolute
1483 680 1723 723 necessaria,

97 725 169 762 6611
189 725 397 771 possibilis
417 725 624 769 removeri,
648 734 728 761 non
746 725 819 761 erit
841 726 1060 762 necessitas
1083 734 1130 761 ex
1150 733 1273 761 66066
1293 726 1549 771 6ς()1116,,11161
1573 736 1619 762 ex
1637 735 1727 772 sup·

97 773 298 818 positione
322 772 601 818 dispositionis
623 773 829 819 utriusque
849 772 989 808 debitae
1009 772 1056 808 ad
1080 771 1300 817 agendum
1341 772 1444 808 sicut
1465 772 1504 808 in
1539 773 1601 808 liis
1636 783 1724 820 111116

96 820 366 865 impediuntur
385 819 583 856 interdum
617 819 657 855 in
685 828 758 855 sua
793 819 1023 864 operatione
1052 819 1112 854 vel
1142 822 1301 864 propter
1333 818 1528 856 desectum
1564 820 1722 857 virtutis

97 866 157 903 vel
192 870 351 912 propter
384 866 618 903 violentiam
649 865 819 910 alic-ujus
850 865 1052 902 contrarii.
1089 864 1197 901 Unde
1230 874 1311 902 non
1341 870 1466 912 agunt
1495 875 1652 912 semper
1687 870 1727 904 et

97 922 143 950 ex
157 913 407 957 necessitate,
426 913 495 950 sed
516 916 559 949 ut
578 913 618 949 in
633 912 827 958 pluribus.

145 961 198 996 Ex
215 969 338 997 causa
356 963 487 996 autem
505 959 613 996 finali
635 960 894 1005 consequitur
915 959 956 995 in
978 959 1097 996 rebus
1130 959 1351 996 necessitas
1384 960 1607 1006 dupliciter.
1639 962 1723 998 Uno

97 1007 257 1054 quidem
279 1007 398 1044 modo
417 1010 535 1052 prout
560 1010 621 1043 est
652 1006 823 1051 primum
854 1006 895 1042 in
928 1006 1149 1043 intentione
1183 1007 1354 1052 agentis,
1386 1011 1424 1043 et
1451 1012 1642 1054 quantum
1675 1008 1724 1045 ad

96 1053 174 1091 hoc
193 1053 468 1091 eodemmodo
487 1056 548 1090 661
567 1053 789 1090 necessitas
809 1062 856 1089 ex
876 1052 954 1089 fine
975 1056 1013 1089 et
1034 1053 1081 1090 ab
1103 1059 1257 1099 agente.
1278 1057 1408 1100 Agens
1445 1055 1549 1090 enini
1573 1055 1614 1091 in
1637 1057 1723 1091 tan-

95 1103 179 1138 tum
200 1101 282 1148 agit
302 1101 343 1137 in
363 1103 554 1147 quantum
583 1099 702 1136 finem
723 1099 905 1143 intendit,
927 1103 1007 1136 tam
1026 1100 1066 1136 in
1088 1100 1337 1137 naturalibus
1364 1110 1483 1147 quam
1504 1101 1546 1137 in
1579 1101 1720 1138 volun-

95 1147 223 1184 tariis.
246 1149 289 1184 In
309 1147 428 1184 rebus
449 1147 554 1184 enim
576 1146 823 1184 naturalibus
844 1147 1012 1184 intentio
1033 1146 1125 1184 finis
1146 1148 1334 1193 competit
1353 1149 1484 1194 agenti
1501 1148 1721 1185 secundum

96 1202 212 1231 suam
232 1194 415 1238 formam,
436 1203 506 1240 per
525 1202 644 1241 quam
665 1193 757 1231 finis
792 1197 852 1231 661
883 1194 959 1230 sibi
996 1194 1253 1231 conveniens.
1285 1195 1394 1231 Unde
1427 1198 1594 1240 oportet,
1617 1195 1724 1242 quod

96 1241 319 1278 secundum
339 1241 523 1278 virtutem
542 1241 679 1278 formae
698 1240 834 1281 tendat
856 1250 920 1278 res
940 1241 1134 1278 naturalis
1153 1241 1195 1278 in
1222 1241 1358 1286 finem,
1380 1241 1485 1279 sicut
1516 1251 1633 1289 grave
1661 1251 1723 1279 se-

95 1288 269 1326 cundum
290 1297 519 1326 mensuram
539 1288 744 1335 gravitatis
763 1288 889 1325 tendit
903 1288 950 1325 ad
968 1288 1157 1325 medium.
1181 1290 1222 1324 ln
1244 1289 1363 1325 rebus
1385 1293 1515 1325 autem
1537 1289 1719 1327 volunta-

95 1334 181 1379 riis,
203 1338 356 1373 tantum
378 1335 564 1372 voluntas
583 1335 749 1372 inclinat
775 1335 824 1372 ad
853 1335 1050 1382 agendum
1065 1339 1224 1381 propter
1253 1335 1374 1372 finem
1399 1345 1515 1383 quem
1538 1336 1722 1380 intendit,

96 1381 189 1419 licet
208 1391 290 1419 non
307 1391 464 1429 semper
481 1385 635 1419 tantum
655 1382 870 1419 inclinetur
901 1382 950 1419 ad
982 1382 1180 1429 agendum
1213 1382 1296 1420 haec
1325 1383 1387 1420 vel
1416 1383 1486 1420 illa
1515 1392 1604 1429 quae
1629 1387 1723 1420 sunt

95 1432 256 1512 Eropter
275 1428 393 1467 finem
413 1438 531 1513 guem
552 1429 712 1475 appetit,
735 1429 894 1476 quando
913 1428 1005 1467 finis
1026 1438 1106 1466 non
1128 1430 1259 1467 solum
1280 1440 1349 1477 per
1368 1431 1453 1467 haec
1472 1430 1532 1466 vel
1559 1430 1628 1467 illa
1649 1431 1718 1467 ha-

125 1476 180 1512 eri
200 1479 345 1521 potest,
366 1485 408 1514 se
454 1476 635 1522 pluribus
655 1476 800 1513 modis.
820 1476 906 1513 Alio
925 1485 1018 1514 vero
1051 1477 1186 1521 modo,
1218 1480 1280 1514 est
1308 1487 1356 1514 ex
1386 1477 1465 1514 fine
1498 1477 1720 1514 necessitas

99 1523 318 1560 secundum
339 1523 445 1570 quod
461 1527 520 1560 est
542 1523 740 1569 posterius
760 1523 802 1559 in
820 1532 922 1560 esse.
945 1525 990 1560 Et
1008 1523 1093 1570 haec
1113 1528 1174 1561 est
1187 1525 1406 1561 necessitas
1423 1532 1504 1560 non
1521 1524 1718 1569 absoluta,

98 1569 176 1654 {effi
187 1570 481 1615 conditionata;
504 1570 608 1608 sicut
625 1569 797 1608 dicimus
817 1579 984 1608 11666666
1015 1570 1101 1608 fore
1118 1574 1161 1608 ut
1180 1579 1290 1609 serra
1309 1571 1362 1608 sit
1390 1572 1530 1616 ferrea,
1547 1571 1581 1608 si
1603 1570 1720 1608 debet

129 1625 151 1653 a
181 1625 245 1654 ere
259 1625 379 1654 serrae
399 1625 516 1663 opus.

309 1879 411 1913 QUOD
435 1878 514 1908 NON
537 1877 610 1908 EST
625 1878 897 1908 NECESSARIUM
924 1880 1151 1909 CREATURAS
1182 1881 1332 1910 SEMPER
1365 1882 1511 1911 FUISSE.

146 1994 201 2029 Ex
216 1993 436 2039 praemissis
455 1996 586 2030 autem
618 1997 741 2031 restat
775 1994 984 2031 ostendere
1016 1995 1123 2042 quod
1153 2004 1234 2033 non
1260 2000 1320 2034 est
1354 1997 1625 2035 necessarium
1658 2007 1722 2037 res

97 2043 252 2078 creatas
271 2039 319 2076 ab
339 2043 487 2077 aeterno
507 2039 647 2077 fuisse.
669 2041 709 2078 Si
729 2042 835 2078 enim
868 2043 1164 2080 universitatem
1199 2048 1469 2081 creaturarum
1498 2046 1558 2081 vel
1590 2055 1724 2092 quam-

99 2095 269 2133 cumque
288 2095 408 2123 unam
439 2091 659 2124 creaturam
692 2097 858 2126 necesse
891 2092 952 2126 est
980 2098 1085 2133 esse,
1115 2094 1271 2136 oportet
1302 2091 1408 2137 quod
1443 2093 1723 2130 necessitatem

98 2133 219 2171 istam
244 2132 386 2170 habeat
403 2142 450 2170 ex
470 2142 527 2186 66,
549 2135 678 2171 velex
709 2135 803 2173 alio.
830 2137 884 2172 Ex
910 2145 954 2173 se
985 2136 1143 2183 quidem
1176 2146 1263 2174 eam
1293 2138 1438 2175 habere
1466 2148 1547 2176 non
1577 2143 1722 2185 potest.

99 2180 314 2216 ostensum
335 2183 394 2217 est
414 2189 519 2217 enim
538 2189 659 2227 supra
679 2181 727 2228 (c.
751 2182 808 2228 15)
847 2183 953 2230 quod
982 2191 1100 2220 omne
1136 2193 1208 2221 ens
1236 2188 1392 2231 oportet
1420 2194 1509 2223 esse
1542 2195 1565 2222 a
1594 2187 1722 2232 primo

99 2230 203 2264 ente.
227 2225 339 2278 Quod
357 2230 488 2265 6016111
508 2236 589 2264 11011
606 2228 723 2265 1161161
740 2238 829 2266 6666
847 2239 870 2266 6
887 2239 944 2274 66,
965 2229 1214 2276 impossibile
1229 2235 1290 2269 est
1341 2231 1420 2269 uod
1445 2234 1723 2270 necessitatem

99 2273 259 2325 essendi
279 2282 303 2310 a
321 2281 364 2311 se
380 2274 541 2319 habeat;
558 2275 652 2321 quia
665 2275 771 2322 quod
785 2285 949 2314 necesse
964 2281 1140 2323 estesse,
1160 2278 1327 2324 impossi
1360 2280 1411 2316 ile
1428 2283 1585 2317 estnon
1605 2290 1695 2318 esse
1711 2292 1720 2325 ;

99 2323 140 2372 61
160 2328 218 2357 616
239 2320 344 2366 quod
365 2320 413 2358 de
432 2329 476 2358 se
495 2321 614 2358 habet
633 2322 739 2369 quod
756 2323 809 2360 sit
824 2332 990 2361 necesse
1010 2333 1114 2368 esse,
1135 2324 1183 2362 de
1204 2334 1247 2362 se
1262 2326 1380 2363 habet
1404 2327 1510 2373 quod
1528 2336 1609 2364 non
1631 2336 1723 2373 pos-

99 2370 152 2419 611
163 2375 281 2404 666611
293 2375 344 2404 on
361 2376 448 2411 6116,
461 2371 498 2404 61
508 2377 577 2420 per
589 2377 840 2416 consequens
853 2370 959 2417 quod
972 2380 1052 2408 non
1068 2371 1120 2408 sit
1132 2380 1213 2408 non
1228 2381 1314 2416 ens,
1325 2376 1362 2408 et
1378 2373 1433 2409 ita
1447 2373 1551 2418 quod
1567 2374 1617 2410 sit
1635 2383 1720 2411 ens.

99 2414 140 2450 Sl
161 2417 292 2450 autem
313 2413 397 2466 haec
419 2418 639 2466 0666661166
655 2419 845 2454 creaturae
868 2420 929 2454 est
948 2417 997 2454 ab
1017 2417 1111 2462 alio,
1133 2422 1287 2463 oportet
1305 2419 1411 2465 quod
1436 2420 1489 2456 sit
1508 2419 1556 2456 61)
1589 2421 1723 2467 aliqua

99 2469 223 2545 ἓ6ιέ61ῐι
242 2469 330 2506 quae
350 2464 403 2544 sig
424 2464 659 2543 6ἷ1111116666,
674 2463 768 2509 quia
782 2463 971 2511 quicquid
992 2464 1209 2510 accipiatur
1234 2465 1496 2503 intrinsecum
1516 2472 1719 2513 creaturae,

128 2515 152 2544 6
181 2517 199 2543 6
245 2515 334 2544 6666
354 2517 376 2544 6
422 2517 445 2544 6
463 2516 516 2544 10.

149 2555 278 2591 Causa
298 2557 428 2591 autem
449 2554 672 2593 extrinseca
689 2559 750 2593 est
775 2556 836 2593 vel
868 2557 1059 2598 efficiens,
1078 2557 1139 2595 vel
1172 2557 1278 2596 finis.
1309 2561 1363 2596 Ex
1395 2559 1590 2597 efficiente
1629 2571 1720 2600 vero

99 2602 280 2649 sequitur
299 2601 406 2649 quod
423 2600 607 2654 effectum
628 2611 793 2640 11666666
820 2603 871 2640 611
900 2613 989 2641 6666
1009 2614 1078 2650 per
1094 2605 1171 2642 hoc
1206 2605 1312 2652 quod
1344 2611 1523 2652 agentem
1556 2616 1721 2646 necesse

99 2651 162 2685 est
182 2657 324 2700 ager-e3
345 2657 415 2694 per
433 2652 630 2685 actionem
651 2649 755 2686 enim
784 2650 939 2696 agentis
960 2649 1125 2689 effectus
1149 2661 1174 2689 a
1199 2661 1320 2690 66066
1347 2653 1542 2691 efficiente
1575 2655 1721 2702 depen-

99 2694 178 2732 det.
199 2696 237 2732 Si
267 2698 390 2742 lgltur
406 2699 589 2742 agentem
609 2704 690 2733 non
708 2705 872 2733 necesse
893 2698 945 2734 sit
976 2707 1093 2744 agere
1122 2699 1171 2736 ad
1205 2700 1506 2745 productionem
1540 2701 1720 2747 effectus,

100 2749 174 2779 nec
195 2740 379 2794 effectum
399 2751 565 2780 11666666
585 2746 647 2780 661
673 2751 764 2780 6666
787 2743 982 2782 absolute.
1003 2746 1109 2783 Deus
1137 2749 1268 2784 autem
1291 2756 1373 2784 non
1391 2748 1473 2794 agit
1504 2758 1550 2785 ex
1587 2749 1718 2797 aliqua

101 2792 340 2842 necessitate
357 2789 407 2827 ad
423 2793 692 2828 creaturarum
717 2790 1034 2838 productionem,
1054 2795 1099 2830 ut
1120 2802 1241 2840 supra
1259 2793 1307 2841 (c.
1322 2795 1384 2841 23)
1411 2798 1617 2833 ostensum
1645 2800 1719 2834 est.

100 2835 188 2872 Non
208 2838 268 2873 est
287 2836 410 2883 igitur
434 2836 616 2874 absolute
642 2846 808 2875 necesse
836 2841 1057 2877 creaturam
1087 2849 1191 2886 esse,
1213 2842 1451 2879 necessitate
1476 2843 1672 2888 pendente
1697 2852 1721 2880 a

101 2889 225 2920 causa
249 2882 459 2922 efficiente.
480 2883 672 2923 Similiter
699 2893 774 2923 nec
801 2885 1039 2925 necessitate
1069 2887 1265 2935 pendente
1294 2897 1320 2930 a
1349 2897 1472 2927 causa
1500 2889 1636 2935 finali3
1673 2899 1720 2927 ea
