1894 3223
137 150 210 183 512
753 142 843 177 LlB.
870 141 929 180 lv,
958 141 1058 177 CAP.
1084 141 1144 177 xl.

143 235 281 264 eorum
295 223 564 270 cognitionem
582 221 855 258 ratiocinando
871 221 1072 268 pertingit,
1094 221 1284 258 ethorum
1299 222 1581 268 conceptiones
1593 221 1760 259 inintel-

144 273 247 310 lectu
266 276 404 307 nostro
421 268 649 306 naturaliter
671 276 752 304 non
779 268 964 311 existunt,
987 268 1154 304 sedcum
1170 269 1302 305 studio
1321 273 1564 316 quaeruntur.
1582 268 1761 307 Manifes-

141 324 225 356 tum
244 321 303 354 est
321 320 452 353 autem
473 315 578 362 quod
593 316 698 352 Deus
711 313 888 360 seipsum
904 314 1136 351 naturaliter
1149 314 1336 362 intelligit
1350 316 1453 353 sicut
1468 320 1506 352 et
1526 315 1760 353 naturaliter

143 370 225 408 est3
243 372 359 400 suum
376 362 480 399 enim
494 361 714 409 intelligere
728 365 789 398 est
805 370 923 398 suum
935 369 1039 406 esse,
1057 364 1098 398 ut
1113 361 1323 407 probatum
1345 367 1407 400 est
1423 362 1464 409 (l.
1481 372 1509 406 1,
1525 372 1559 399 c.
1576 362 1650 409 45).
1668 363 1759 399 Ver-

142 412 235 449 bum
255 410 376 458 igitur
397 409 464 446 Dei
481 408 657 454 seipsum
677 407 936 455 intelligentis
955 408 1185 445 naturaliter
1198 408 1248 445 ab
1266 408 1354 454 ipso
1373 409 1547 455 procedit
1564 422 1572 453 ;
1600 413 1637 445 et
1669 417 1759 446 cum

142 458 310 494 Verbum
324 455 391 493 Dei
405 456 456 493 sit
471 455 647 502 ejusdem
663 458 917 492 naturaefcum
933 456 1013 492 Deo
1028 454 1182 492 dicente
1196 458 1234 492 et
1247 455 1527 493 sitsimititudo
1542 456 1685 502 ipsius,
1703 464 1761 493 se-

137 505 277 552 quitur
289 503 394 550 quod
408 502 470 539 hic
491 501 683 539 naturalis
701 510 914 548 processus
933 502 984 539 sit
1004 501 1046 538 in
1065 501 1364 539 similitudinem
1377 503 1462 549 ejus
1477 513 1500 540 a
1513 512 1591 549 quo
1609 506 1761 548 estpro-

144 551 276 589 cessio
288 559 378 586 cum
390 549 592 586 identitate
603 552 765 586 naturae.
777 550 865 585 Haec
874 553 934 585 est
946 552 1075 585 autem
1086 557 1186 585 verae
1198 550 1465 595 generationis
1479 550 1578 586 ratio
1588 550 1629 586 in
1643 549 1761 586 rebus

145 597 366 634 viventibus
376 595 536 643 quodid
550 595 656 643 quod
664 599 875 643 generatur
885 605 907 632 a
919 599 1130 643 generante
1142 595 1328 641 procedat
1342 600 1383 632 ut
1398 596 1616 636 similitudo
1631 596 1760 643 ipsius

144 648 183 682 et
203 644 380 691 ejusdem
402 647 552 680 naturae
573 651 664 680 cum
681 643 782 689 ipso.
807 644 871 679 Est
891 651 985 689 ergo
1006 642 1175 678 Verbum
1197 642 1266 678 Dei
1298 643 1476 690 genitum
1508 652 1598 680 vere
1631 653 1654 680 a
1681 644 1762 680 Deo

145 692 298 729 dicente
316 703 324 735 ;
345 694 382 727 et
402 690 487 737 ejus
510 690 712 735 processio
731 691 914 734 qeneratio
931 689 990 725 vel
1016 690 1192 724 nativitas
1207 688 1284 725 dici
1305 693 1447 735 potest.
1465 690 1562 727 Hinc
1576 694 1636 727 est
1655 689 1763 736 quod

140 738 288 775 dicitur
311 748 318 771 :
339 739 414 782 1390
431 737 535 773 hodie
553 738 663 781 qenai
675 739 708 772 te
732 737 880 783 (Psalm.
906 746 946 780 11,
966 735 1018 782 7),
1040 736 1078 772 id
1099 735 1219 772 estin
1237 737 1467 781 aeternitate,
1497 746 1585 783 quae
1606 745 1762 783 semper

149 789 209 822 est
226 793 419 831 praesens,
442 787 481 820 et
497 783 607 820 nulla
625 787 685 820 est
703 784 743 820 in
766 793 812 819 ea
834 783 934 819 ratio
949 783 1134 829 praeteriti
1155 786 1193 818 et
1207 782 1341 819 futuri.

193 831 301 868 Unde
319 835 425 877 patet
445 831 591 868 falsum
612 839 701 868 esse
715 830 820 877 quod
839 830 972 866 Ariani
995 830 1189 874 dixerunt,
1205 829 1312 876 quod
1332 831 1445 866 Pater
1462 829 1600 876 genuit
1621 829 1763 866 Filium

143 880 370 923 voluntate;
393 887 480 925 quae
501 877 608 914 enim
633 877 852 914 voluntarie
872 876 971 913 fiunt
992 885 1072 913 non
1093 877 1289 913 naturalia
1309 880 1417 913 sunt..
1439 876 1537 920 Quia
1565 885 1659 912 vero
1680 884 1763 913 non

144 926 276 962 minus
299 929 358 962 est
377 925 483 971 quod
502 926 606 961 Deus
625 924 672 961 de
693 924 824 970 seipso
845 924 1031 971 intelligit
1049 933 1165 970 quam
1186 923 1293 970 quod
1312 923 1354 960 in
1375 923 1462 969 ipso
1479 927 1538 960 est
1553 922 1667 968 (alias
1684 931 1762 959 non

145 972 382 1019 intelligeret
397 972 573 1018 seipsum
585 972 769 1017 perfecte,
784 980 855 1007 nec
866 980 983 1007 suum
994 980 1082 1007 esse
1095 974 1201 1007 esset
1212 979 1329 1007 suum
1342 970 1593 1017 intelligere),
1608 972 1765 1015 oportet

142 1019 312 1055 Verbum
332 1019 399 1055 Dei
418 1021 496 1055 Deo
516 1027 605 1055 esse
623 1018 849 1055 essentiale.
867 1019 946 1054 Hoc
960 1022 1089 1054 autem
1110 1021 1170 1054 est
1184 1017 1308 1054 Filius
1324 1018 1404 1054 Dei.
1423 1019 1488 1054 Est
1502 1017 1623 1064 igitur
1640 1016 1763 1053 Filius

147 1066 215 1103 Dei
233 1066 335 1102 Patri
355 1065 593 1103 essentialis.
613 1085 660 1091 —
676 1067 756 1102 Hoc
776 1065 894 1101 etiam
915 1065 1008 1102 binc
1036 1064 1288 1101 manifestum
1315 1068 1377 1101 est
1399 1064 1504 1111 quod
1532 1063 1654 1100 Filius
1681 1063 1761 1108 Dei,

146 1122 267 1160 quum
281 1113 332 1150 sit
348 1121 465 1149 verus
483 1112 604 1154 filius,
622 1112 739 1148 babet
759 1112 931 1157 speciem
947 1115 983 1148 et
1005 1116 1184 1148 naturam
1206 1111 1345 1148 Patris.
1368 1111 1534 1148 Cuilibet
1551 1114 1682 1147 autem
1699 1119 1765 1147 na-

146 1164 244 1196 turae
257 1160 517 1196 determinata
537 1160 737 1205 quantitas
756 1159 918 1195 debetur
935 1171 943 1201 ;
966 1158 1069 1195 unde
1087 1158 1205 1195 etiam
1229 1159 1333 1204 apud
1352 1167 1427 1194 nos
1449 1157 1556 1194 filius
1577 1157 1624 1193 ad
1637 1166 1764 1203 aequa·

145 1206 296 1242 litatem
313 1207 434 1252 patris
457 1206 682 1251 perducitur
700 1207 738 1241 in
757 1205 833 1241 fine
853 1205 1122 1252 generationis
1144 1209 1180 1241 et
1201 1205 1418 1252 augmenti,
1434 1204 1510 1240 nisi
1532 1204 1677 1250 aliquis
1699 1203 1763 1240 de-

147 1253 274 1289 fectus
284 1257 466 1298 appareat
479 1257 634 1298 propter
642 1252 844 1288 materiam
857 1252 1134 1297 indispositam
1144 1255 1179 1287 et
1190 1256 1347 1297 propter
1355 1251 1593 1287 debilitatem
1606 1251 1762 1287 virtutis

148 1301 283 1336 activae
309 1301 347 1335 in
370 1300 650 1346 generatione;
673 1303 710 1335 et
735 1299 891 1345 quidem
914 1298 1019 1344 quod
1040 1308 1063 1335 a
1081 1298 1274 1344 principio
1295 1298 1400 1335 filius
1427 1302 1613 1334 nascatur
1633 1297 1762 1333 minor

148 1352 268 1392 patre,
293 1347 484 1392 contingit
505 1356 551 1382 ex
573 1346 647 1382 hoc
666 1345 770 1392 quod
789 1345 974 1381 animatis
994 1346 1194 1392 generatio
1223 1345 1405 1388 procedit
1437 1345 1483 1381 de
1509 1345 1685 1390 potentia
1713 1344 1763 1380 ad

149 1397 278 1430 actum
299 1398 335 1429 et
356 1393 541 1438 paulatim
564 1393 718 1428 ducitur
738 1393 785 1428 de
804 1393 1101 1437 imperfectione
1123 1391 1171 1428 ad
1191 1392 1489 1436 perfectionem.
1513 1391 1762 1427 Nihilautem

149 1440 290 1476 horum
313 1445 373 1476 est
391 1439 582 1485 possibile
597 1439 636 1474 in
658 1439 791 1474 divina
809 1439 1065 1485 generatione
1085 1438 1276 1480 accidere,
1299 1438 1390 1484 quia
1406 1438 1609 1485 generatio
1626 1437 1761 1475 divina

149 1495 230 1522 non
252 1489 311 1522 est
332 1496 379 1522 ex
398 1486 560 1522 materia
581 1495 649 1531 per
669 1486 814 1521 exitum
835 1485 881 1521 de
902 1485 1075 1530 potentia
1097 1485 1136 1520 in
1158 1487 1302 1529 actum,
1324 1493 1396 1522 nec
1417 1484 1539 1520 virtus
1560 1484 1628 1520 Dei
1645 1493 1764 1530 gene-

149 1533 271 1570 rantis
294 1537 424 1579 potest
459 1541 549 1569 esse
570 1531 793 1575 deficiens,
821 1541 942 1578 quum
973 1532 1023 1568 sit
1041 1531 1204 1568 infinita.
1227 1532 1388 1577 Oportet
1406 1531 1523 1578 igitur
1540 1531 1678 1567 Filium
1697 1530 1766 1568 Dei

148 1582 251 1616 Patri
274 1589 362 1617 esse
392 1580 597 1626 aequalem.
619 1599 664 1604 ——
683 1581 792 1619 Item,
822 1579 855 1615 si
876 1579 993 1615 Filius
1014 1578 1063 1614 sit
1082 1578 1185 1615 Patri
1210 1578 1431 1625 inaequalis‚
1463 1580 1617 1623 oportet
1647 1577 1765 1614 aliam

149 1635 314 1663 numero
336 1636 424 1663 esse
445 1626 755 1673 magnitudinem
779 1626 900 1662 Patris
922 1629 959 1661 et
979 1626 1087 1666 Filii,
1110 1635 1202 1662 nam
1217 1625 1355 1662 eadem
1386 1634 1549 1661 numero
1568 1624 1765 1671 quantitas

149 1683 231 1710 non
260 1676 390 1720 potest
415 1674 546 1719 seipsa
573 1682 660 1710 esse
684 1673 809 1717 major
827 1677 863 1709 et
882 1674 1026 1708 minor.
1046 1672 1180 1708 Divina
1200 1676 1332 1708 autem
1352 1672 1582 1719 magnitudo
1605 1680 1685 1708 non
1705 1674 1766 1709 est

149 1721 254 1758 aliud
274 1730 391 1767 quam
412 1721 497 1767 ejus
518 1720 704 1764 essentia,
724 1723 765 1756 ut
779 1730 826 1756 ex
846 1720 972 1765 primo
994 1719 1093 1756 libro
1109 1719 1159 1766 (c.
1174 1722 1220 1756 22
1240 1719 1347 1765 et23)
1370 1722 1542 1765 apparet.
1561 1719 1637 1755 Erit
1647 1718 1766 1766 igitur

149 1768 225 1805 alia
263 1777 428 1804 numero
464 1767 636 1804 essentia
667 1767 790 1803 Patris
811 1771 848 1802 et
870 1766 976 1810 Filii3
999 1766 1112 1812 cujus
1136 1767 1376 1803 contraiium
1403 1775 1523 1812 supra
1559 1770 1764 1802 ostensum

149 1818 221 1852 est.
246 1816 405 1859 Oportet
420 1814 538 1861 igitur
556 1814 683 1851 dicere
705 1814 840 1851 Filium
864 1814 966 1850 Patri
989 1823 1077 1850 esse
1097 1813 1300 1860 aequalem,
1319 1814 1412 1849 Hinc
1428 1818 1486 1850 est
1506 1813 1611 1859 quod
1626 1813 1766 1849 dicitur

150 1861 255 1908 quod
267 1863 285 1898 J
290 1871 383 1898 esus
406 1863 547 1897 Patrem
563 1871 666 1897 suum
685 1861 825 1896 dicebat
842 1862 967 1901 Deum,
987 1861 1160 1906 aequalem
1172 1870 1208 1896 se
1225 1861 1365 1904 faciens
1380 1862 1451 1896 Deo
1466 1860 1623 1906 (Joann.,
1636 1869 1670 1894 v.
1687 1859 1763 1903 18);

150 1913 187 1944 et
206 1908 345 1944 dicitur
363 1908 466 1954 quod
487 1918 558 1943 non
585 1909 754 1953 rapinam
772 1908 971 1942 arbitratus
991 1910 1042 1942 est
1063 1917 1134 1943 esse
1153 1917 1189 1943 se
1204 1907 1377 1953 aequalem
1397 1909 1482 1942 Deo.
1505 1906 1631 1952 (Phia,
1652 1915 1695 1949 11,
1715 1906 1764 1951 6.)

198 1955 535 1991 Considerandum
569 1955 685 1991 etiam
717 1954 820 2001 quod
842 1954 880 1990 id
901 1954 1006 2000 quod
1027 1957 1250 2001 generatur,
1272 1953 1460 2000 quamdiu
1484 1953 1525 1989 in
1553 1956 1766 2000 generante

149 2004 294 2044 manet,
319 2001 457 2038 dicitur
488 2010 578 2037 esse
605 2005 854 2046 conceptum.
874 2000 1042 2037 Verbum
1062 2003 1192 2037 autem
1212 1999 1280 2037 Dei
1297 2000 1352 2037 ita
1371 2003 1432 2037 est
1451 2010 1473 2037 a
1491 2001 1570 2036 Deo
1591 1999 1766 2047 genitum

151 2048 256 2095 quod
275 2051 407 2084 tamen
428 2048 475 2084 ab
494 2048 580 2094 ipso
601 2057 679 2084 non
701 2047 859 2091 recedit,
876 2047 943 2084 sed
956 2047 997 2083 in
1017 2056 1064 2084 eo
1079 2051 1224 2091 manet,
1243 2050 1286 2084 ut
1301 2057 1348 2084 ex
1362 2047 1632 2092 superioribus
1646 2049 1763 2092 patet.

149 2096 265 2131 Recte
287 2104 380 2142 ergo
401 2095 569 2131 Verbum
600 2095 667 2131 Dei
701 2097 830 2140 potest
850 2094 925 2131 dici
956 2104 979 2130 a
1008 2096 1087 2131 Deo
1108 2097 1356 2139 conceptum.
1379 2095 1474 2132 Hinc
1494 2097 1553 2131 est
1573 2093 1679 2140 quod
1698 2093 1767 2130 Dei

151 2142 342 2234 sapienti?
378 2141 469 2178 dicit
500 2153 511 2176 :
547 2142 714 2179 Nondum
741 2144 847 2177 erant
876 2141 1011 2186 abyssi,
1041 2144 1074 2177 et
1103 2151 1167 2186 eqo
1189 2141 1271 2186 J'am
1296 2144 1464 2186 concepta
1490 2151 1601 2177 eram.
1629 2139 1764 2187 (Prov.,

149 2197 236 2233 vm,
257 2191 316 2225 24.

197 2237 263 2271 Est
283 2238 413 2272 autem
434 2234 652 2272 differentia
679 2235 780 2271 inter
799 2234 1098 2280 conceptionem
1116 2234 1231 2272 Verbi
1249 2234 1318 2271 Dei
1337 2237 1375 2271 et
1400 2234 1642 2270 materialem
1670 2243 1765 2271 con-

150 2283 371 2328 ceptionem
388 2291 474 2328 quae
506 2282 610 2328 apud
635 2291 710 2319 nos
737 2282 778 2318 in
797 2281 1033 2318 animalibus
1053 2281 1262 2318 invenitur.
1295 2283 1391 2318 Nam
1411 2282 1556 2327 proles.
1579 2280 1766 2328 quamdiu

149 2332 340 2375 concepta
366 2332 427 2366 est
449 2329 544 2365 etin
574 2332 685 2366 utero
705 2329 914 2373 clauditur,
938 2329 1115 2366 nondum
1137 2328 1256 2366 habet
1274 2328 1452 2366 ultimam
1472 2328 1765 2374 perfectionem,

150 2380 192 2413 ut
223 2386 298 2422 perv
323 2385 365 2414 se
387 2376 591 2421 subsistat,
611 2386 634 2413 a
652 2379 865 2424 generante
886 2376 1106 2413 secundum
1134 2376 1267 2412 locum
1295 2376 1471 2419 diversa3
1492 2375 1592 2412 unde
1614 2377 1767 2421 oportet

150 2423 270 2469 quod,
292 2423 332 2460 in
361 2423 557 2469 corporali
581 2423 836 2470 generatione
867 2422 1110 2466 animalium,
1131 2422 1237 2460 aliud
1258 2422 1309 2459 sit
1324 2422 1465 2470 genitae
1485 2422 1607 2468 prolis
1624 2430 1766 2459 conce-

150 2470 230 2516 ptio
247 2473 362 2517 atque
384 2470 487 2507 aliud
504 2473 638 2516 partus
651 2470 790 2517 ipsius,
808 2469 1028 2508 secundum
1039 2479 1158 2517 quem
1174 2470 1291 2506 etiam
1310 2470 1397 2506 loco
1413 2472 1618 2515 separatur
1633 2468 1766 2514 proles

151 2517 282 2564 genita
300 2527 322 2554 a
340 2520 567 2565 generante,
589 2517 637 2554 ab
661 2520 772 2555 utero
801 2517 1027 2564 generantis
1048 2516 1268 2564 egrediens.
1286 2516 1453 2553 Verbum
1473 2521 1605 2553 autem
1624 2516 1706 2560 Dei,
1724 2515 1766 2552 in

150 2565 236 2609 ipso
261 2566 340 2601 Deo
368 2564 518 2601 dicente
550 2564 737 2610 existens,
759 2568 820 2601 est
837 2563 1052 2610 perfectum
1085 2563 1126 2600 in
1155 2572 1199 2601 se
1228 2563 1467 2607 subsistens
1497 2563 1723 2600 distinctum
1744 2570 1767 2598 a

152 2612 230 2647 Deo
251 2611 428 2655 dicente;
460 2620 541 2648 non
571 2611 676 2648 enim
699 2614 926 2657 expectatur
943 2611 996 2648 ibi
1015 2611 1153 2648 localis
1182 2610 1395 2655 distinctio,
1416 2610 1450 2647 si
1470 2610 1557 2647 sola
1576 2609 1764 2646 relatione

152 2656 459 2704 distinguuntur,
481 2660 524 2695 ut
542 2657 689 2695 dictum
707 2661 780 2696 est.
801 2658 906 2695 ldem
926 2662 986 2695 est
1011 2667 1106 2705 ergo
1135 2657 1176 2694 in
1204 2657 1460 2705 generatione
1487 2656 1600 2694 Verbi
1634 2655 1700 2692 Dei
1728 2658 1766 2691 et

151 2704 355 2749 conceptio
377 2709 415 2741 et
433 2708 569 2750 partus
587 2717 596 2749 ;
619 2707 658 2742 et
675 2705 776 2747 ideo,
801 2707 1010 2751 postquam
1031 2715 1079 2741 ex
1098 2714 1166 2742 ore
1194 2704 1402 2751 Sapientiae
1422 2704 1571 2740 dictum
1591 2706 1668 2739 est:
1689 2703 1765 2747 Εςο

137 2750 226 2795 βαιη
242 2754 409 2795 concepta
427 2762 537 2792 eram,
556 2756 646 2798 post
664 2761 790 2798 pauca
822 2752 1025 2788 subditur:
1047 2753 1143 2788 Ante
1161 2752 1264 2787 colles
1283 2761 1345 2796 eya
1361 2750 1606 2796 parturiebar.
1629 2749 1762 2795 (Pi-ov„

150 2805 236 2840 vm,
257 2797 332 2849 25.)
355 2797 442 2841 Sed,
464 2798 556 2844 quia
583 2799 787 2845 conceptio
808 2802 846 2835 et
870 2801 1004 2844 partus
1031 2798 1074 2835 iu
1103 2797 1224 2836 rebus
1252 2797 1524 2844 corporalibus
1545 2805 1634 2832 cum
1654 2799 1764 2833 motu

148 2847 246 2880 sunt
265 2847 302 2879 et
322 2843 409 2895 ideo
431 2849 584 2889 oportet
600 2846 641 2882 in
659 2846 716 2883 eis
737 2846 947 2893 quamdam
969 2845 1266 2883 successionem
1285 2853 1389 2887 esse,
1407 2852 1526 2889 quum
1543 2843 1765 2889 conceptio·

145 2898 214 2927 nis
234 2893 425 2927 terminus
443 2890 495 2927 sit
513 2900 603 2928 esse
623 2893 804 2939 concepti
822 2892 863 2928 in
882 2892 1142 2938 concipiente,
1170 2890 1363 2928 terminus
1395 2893 1527 2926 autem
1558 2892 1694 2935 partus
1714 2889 1765 2928 sit
