1894 3223
741 146 828 181 Ltss.
856 147 914 190 IV,
941 147 1043 182 CAP.
1070 147 1165 182 VIII.
1698 148 1768 183 499

135 227 250 266 'turis
272 227 398 266 sacris
422 226 600 264 ultimam
620 225 906 265 beatitudinem
926 227 1143 275 significari
1162 239 1171 271 ;
1192 227 1289 264 dicit
1309 226 1414 264 enim
1436 226 1562 265 isaias
1582 225 1630 264 de
1651 227 1767 272 Filio,

148 278 194 312 ut
209 274 424 321 Apostolus
445 273 620 311 inducit:
640 275 722 309 Erit
741 274 853 309 rarleae
869 276 976 315 Jesse,
999 278 1031 309 et
1051 277 1115 319 qui
1133 277 1300 318 emsurqet
1319 284 1439 318 regere
1468 277 1610 319 pentem
1631 275 1670 309 in
1689 285 1768 310 eum

148 325 269 367 ventes
293 322 491 366 sperabunt
510 321 639 366 (Rom,
661 328 730 364 xv,
745 321 801 367 12)
819 333 827 360 z
849 321 992 358 dicitur
1013 323 1128 358 ctiam
1143 333 1151 357 :
1166 323 1214 358 Et
1232 322 1524 357 ador-abanteum
1542 331 1659 357 omnes
1670 331 1768 366 reyes

148 372 264 408 terrae,
287 378 406 404 omnes
426 371 544 412 qentes
575 369 730 403 servient
747 370 780 403 ei
799 368 949 414 <Psalm.
971 377 1073 411 LXXI,
1097 368 1153 413 lt)
1171 380 1180 412 ;
1203 372 1241 404 et
1261 368 1429 405 dicitur:
1450 369 1576 404 Omnes
1596 368 1768 414 honorifi-

148 417 228 452 cent
253 415 399 460 Filium,
432 417 526 450 sicut
559 415 795 460 honorificant
823 417 967 450 Patrem
1002 415 1161 460 (Jounn.‚
1195 423 1234 459 v,
1265 415 1350 460 23);
1372 415 1570 451 etiterum
1593 415 1764 452 dicitur:

147 461 309 499 Adorate
336 472 429 500 eum.
463 472 581 497 omnes
618 462 738 506 0119011·
764 462 842 506 ejus
863 462 1011 507 (Psalm.
1032 470 1139 504 xcvi,
1159 460 1219 507 7);
1242 461 1346 507 quod
1369 461 1416 497 de
1436 462 1533 498 Filio
1551 462 1768 507 Apostolus

146 508 376 546 introducit.
403 508 540 555 metr„
573 518 599 552 1,
631 509 684 555 6.)
715 508 964 546 Manifestum
997 512 1059 545 est
1089 508 1210 554 igitur
1228 508 1368 544 Filium
1390 509 1458 544 Dei
1479 518 1613 545 verum
1644 510 1768 546 Deum

148 564 252 594 esse.

195 603 251 640 Ad
279 602 354 640 hoc
387 603 502 639 etiam
538 602 827 639 ostendendum
853 602 986 638 valent
1014 611 1060 639 ea
1085 611 1172 647 quae
1194 602 1378 647 superius
1397 606 1535 638 contra
1554 602 1768 640 Photinum

149 650 312 687 inducta
342 653 436 686 sunt
466 650 514 686 ad
550 649 839 686 ostendendum
867 649 1065 686 Christum
1091 651 1214 685 Deum
1248 658 1352 693 esse,
1391 658 1475 685 non
1498 650 1659 694 factum,
1698 650 1768 687 sed

147 706 299 734 verum.

198 746 250 781 Ex
270 743 488 790 praemissis
510 743 630 789 igitur
649 747 686 781 et
706 743 984 780 consimilibus
999 751 1120 781 sacrae
1141 742 1351 788 Scripturae
1372 742 1622 781 documentis
1642 743 1769 781 Eccle-

150 791 212 829 sia
231 791 428 828 catholica
444 790 595 833 edocta,
616 791 813 827 Christum
841 800 975 827 verum
1010 794 1046 826 et
1066 790 1285 826 naturalem
1307 789 1374 825 Dei
1397 790 1538 827 Filium
1559 790 1770 828 confitetur

150 842 390 876 coaeternum
407 838 508 874 Patri
531 840 567 873 et
587 838 793 884 (equalem,
815 840 852 874 ct
872 847 1005 874 verum
1026 839 1146 874 Deum
1166 836 1343 882 ejusdem
1364 838 1548 874 0330111110
1565 841 1602 874 et
1618 842 1768 875 naturae

150 894 240 922 cum
274 887 400 928 Patre,
434 884 627 930 genitum,
660 894 740 921 non
773 887 946 920 creatum
981 894 1052 920 nec
1086 884 1244 920 factum.
1283 883 1390 920 Unde
1418 887 1524 930 patet
1555 885 1662 931 quod
1683 885 1770 921 sola

150 932 336 969 Ecclesiae
374 920 578 968 catholicae
614 931 713 968 tides
745 940 835 968 vei-c
868 930 1077 967 confitetur
1115 931 1411 976 generationem
1456 931 1497 968 in
1534 933 1628 976 Deo,
1674 932 1768 968 dum

87 1013 92 1016 .
150 979 278 1025 ipsam
317 979 612 1025 generationem
646 978 729 1015 Filii
765 978 813 1015 ad
850 977 926 1015 hoc
964 980 1082 1014 ret'ert
1118 977 1222 1024 quod
1261 978 1384 1014 Filius
1417 979 1569 1023 accepit
1594 978 1768 1016 divinam

152 1030 333 1063 naturam
368 1035 391 1061 a
424 1027 549 1061 Patre.
579 1024 653 1061 Alii
683 1034 790 1068 vero,
826 1025 1014 1069 1110101101,
1048 1025 1095 1061 ad
1127 1025 1299 1070 aliquam
1336 1027 1561 1061 extraneam
1585 1028 1766 1062 naturam

150 1073 253 1109 hanc
286 1073 584 1118 generationem
614 1071 813 1115 reserunt;
848 1072 1041 1108 Photinus
1076 1071 1235 1117 quidem
1257 1074 1293 1107 et
1315 1072 1509 1108 Sabellius
1541 1072 1590 1109 ad
1628 1073 1766 1109 huma-

149 1127 256 1163 nam,
277 1119 392 1155 Arius
411 1121 554 1158 autem,
588 1127 668 1154 non
700 1118 748 1154 ad
780 1119 1007 1156 humanam,
1048 1118 1117 1154 sed
1137 1118 1185 1154 ad
1209 1118 1420 1164 quamdam
1443 1122 1625 1156 naturam
1658 1129 1767 1155 crea-

147 1170 243 1210 tam,
259 1165 480 1211 digniorem
500 1165 650 1202 caeteris
680 1166 886 1201 creaturis.
919 1164 1055 1201 Diss'ert
1087 1165 1204 1201 etiam
1233 1165 1350 1201 Arius
1371 1174 1392 1201 a
1412 1165 1584 1202 Sabellio
1606 1168 1644 1202 et
1664 1166 1767 1202 Pho·

148 1212 292 1258 tino‚in
308 1212 382 1249 1100
395 1212 500 1259 quod
515 1211 743 1257 hujusmodi
760 1212 1057 1258 generationem
1076 1211 1299 1257 praedictam
1315 1211 1459 1248 asserit
1474 1214 1562 1248 ante
1578 1212 1770 1249 mundum

149 1259 289 1304 fuisse,
307 1259 365 1295 illi
391 1268 484 1296 vero
511 1268 596 1295 eam
615 1258 738 1295 fuisse
770 1261 917 1305 negant
951 1262 1041 1295 ante
1070 1259 1314 1294 nativitatem
1348 1268 1395 1295 ex
1428 1259 1600 1305 Virgine.
1641 1260 1771 1296 Sabel-

149 1306 231 1344 lius
267 1310 399 1343 tamen
428 1315 451 1343 a
484 1305 655 1343 Photino
679 1304 810 1342 differt
838 1306 879 1342 in
913 1305 988 1342 hoc
1022 1306 1128 1352 quod
1160 1305 1355 1342 sabellius
1393 1305 1592 1343 Christum
1629 1315 1764 1343 verum

148 1355 274 1391 Deum
294 1352 504 1390 confitetur
518 1356 556 1389 et
576 1353 812 1396 naturalem,
832 1361 911 1389 non
933 1356 1063 1389 autem
1080 1352 1271 1389 Photinus
1288 1361 1415 1399 neque
1429 1353 1544 1390 Arius
1562 1365 1570 1398 ;
1586 1353 1655 1390 sed
1672 1353 1770 1390 Pho-

148 1401 257 1438 tinus
277 1409 419 1447 purum
440 1399 656 1443 hominem,
677 1399 792 1436 Arius
816 1403 946 1436 autem
962 1401 1076 1446 quasi
1098 1399 1353 1436 commixtum
1375 1409 1423 1436 ex
1444 1400 1613 1446 quadam
1632 1401 1766 1437 excel-

149 1447 374 1485 lentissima
396 1451 590 1491 creatura,
611 1446 745 1483 divina
765 1451 803 1483 et
821 1447 1007 1484 humana.
1027 1447 1071 1483 Hi
1100 1446 1218 1483 aliam
1237 1455 1327 1483 esse
1346 1456 1557 1492 personam
1587 1448 1715 1484 Patris
1732 1451 1770 1484 et

150 1494 238 1531 Filii
256 1493 494 1531 confitentur
511 1506 519 1538 ;
538 1493 643 1540 quod
664 1494 861 1530 Sabellius
883 1497 1013 1540 negat.
1040 1493 1151 1530 Fides
1172 1502 1267 1540 ergo
1303 1493 1512 1538 catholica,
1547 1494 1678 1530 media
1709 1495 1771 1531 via

150 1541 355 1585 incedens,
377 1540 599 1584 confitetur,
618 1549 708 1577 cum
728 1540 817 1577 Ario
839 1544 876 1577 et
893 1541 1064 1578 Photiuo
1084 1543 1222 1577 contra
1249 1539 1479 1585 sabellium,
1500 1540 1618 1578 aliam
1636 1550 1771 1587 perso-

150 1597 243 1625 nam
263 1588 389 1624 Patris
414 1591 451 1624 et
471 1587 570 1631 Filii,
603 1590 641 1624 et
662 1587 801 1624 Filium
821 1588 1013 1634 genitum,
1033 1589 1185 1624 Patrem
1203 1596 1296 1623 vero
1317 1587 1481 1624 omnino
1518 1588 1741 1635 ingenitum
1759 1600 1768 1632 ;

150 1644 241 1672 cum
263 1635 434 1672 Sabellio
454 1643 547 1671 vero
568 1637 706 1671 contra
725 1634 937 1671 Photinum
957 1638 994 1670 ct
1013 1635 1162 1678 Arium,
1176 1633 1373 1671 Christum
1393 1643 1528 1671 verum
1551 1639 1589 1671 et
1609 1639 1768 1671 natura-

148 1681 228 1719 lem
249 1683 387 1726 Deum,
408 1685 447 1718 et
469 1680 646 1727 ejusdem
667 1684 817 1720 naturae
837 1690 926 1718 cum
947 1683 1073 1722 Patre,
1089 1681 1180 1718 11001
1199 1689 1280 1717 11011
1301 1680 1477 1727 ejusdem
1499 1690 1692 1727 personae.
1717 1683 1771 1719 Ex

151 1738 230 1776 quo
249 1729 367 1765 etiam
387 1727 581 1774 judicium
601 1728 777 1765 veritatis
798 1728 1000 1764 catholicae
1022 1729 1125 1765 sumi
1145 1731 1275 1774 potest
1295 1739 1304 1771 ;
1335 1736 1426 1764 nam
1448 1738 1555 1772 vero,
1578 1732 1620 1765 ut
1641 1728 1770 1765 Philo-

150 1775 303 1822 sophus
324 1771 429 1818 dicit,
453 1775 570 1811 ctiam
606 1775 707 1811 falsa
737 1779 957 1820 testantu1·;
992 1775 1093 1812 falsa
1123 1782 1215 1812 vero
1237 1779 1319 1812 'non
1348 1775 1479 1812 3010111
1510 1785 1534 1813 a
1556 1775 1675 1821 veris,
1698 1775 1769 1813 sed

149 1823 269 1860 etiam
291 1821 340 1859 ab
360 1822 529 1859 invicem
547 1821 710 1859 distant.

814 1970 981 2012 CAPUT
1008 1970 1114 2012 VIII.

358 2089 516 2119 SOLUTIO
534 2089 587 2119 An
607 2089 900 2120 AUGTORITATES
920 2091 1020 2125 QUAS
1038 2091 1154 2121 ARIUS
1170 2091 1245 2121 PRO
1264 2092 1310 2122 SE
1327 2091 1560 2122 INDUGEBAT.

200 2197 301 2242 Quia
319 2207 411 2235 vero
430 2198 576 2235 veritas
595 2198 749 2234 veritati
769 2199 967 2236 contraria
985 2208 1074 2236 esse
1094 2209 1174 2236 non
1197 2204 1340 2246 potest,
1360 2201 1617 2238 manifestum
1639 2203 1700 2238 est
1721 2210 1768 2239 ea

151 2254 240 2292 quae
260 2255 306 2282 ex
326 2245 538 2290 scripturis
558 2245 734 2281 veritatis
755 2245 803 2281 ab
822 2246 978 2282 Arianis
996 2246 1221 2283 introducta
1252 2251 1346 2284 sunt
1368 2248 1417 2284 ad
1442 2256 1559 2284 suum
1592 2257 1767 2286 errorem

151 2291 482 2335 confirmandum,
502 2300 639 2328 eorum
661 2292 867 2328 sententiae
895 2293 1152 2329 accommoda
1182 2302 1263 2330 non
1292 2303 1396 2330 esse.
1419 2295 1547 2337 Quum
1580 2294 1682 2330 enim
1721 2303 1770 2331 ex

151 2339 360 2385 Scripturis
378 2338 524 2375 divinis
545 2342 751 2375 ostensum
773 2338 825 2375 sit
848 2340 972 2376 Patris
992 2344 1030 2375 et
1047 2340 1132 2376 Filii
1156 2340 1334 2377 eamdem
1355 2349 1521 2377 numero
1550 2341 1765 2378 essentiam

152 2394 243 2423 esse
263 2389 300 2422 et
318 2389 498 2422 naturam
520 2384 690 2422 divinam
722 2385 941 2422 secundum
975 2395 1093 2432 quam
1126 2389 1290 2433 uterque
1320 2396 1437 2424 verus
1475 2387 1616 2424 dicitur
1647 2389 1767 2433 Deus,

151 2435 305 2478 oportet
326 2434 480 2468 Patrem
501 2435 539 2468 et
558 2432 713 2476 Filium,
735 2441 815 2468 non
835 2432 936 2469 duos
966 2433 1076 2477 deos,
1099 2433 1169 2470 sed
1191 2442 1314 2469 unum
1334 2435 1455 2470 Deum
1475 2443 1578 2471 csse.
1602 2433 1641 2470 Si
1660 2435 1768 2473 enim

150 2480 287 2525 plures
296 2479 349 2515 dii
361 2482 509 2523 0330111,
520 2482 718 2531 oporteret
731 2488 799 2524 per
809 2488 1061 2526 consequens
1074 2479 1291 2517 divinitatis
1310 2481 1524 2517 essentiam
1539 2481 1579 2517 in
1594 2484 1764 2528 utroque

150 2526 332 2573 partitam
370 2535 474 2570 esse,
506 2526 610 2562 sicut
640 2534 682 2562 111
713 2525 870 2563 duobus
904 2526 1135 2563 hominibus
1163 2531 1224 2564 est
1258 2527 1336 2563 alia
1367 2531 1405 2564 et
1433 2527 1510 2564 alia
1538 2527 1767 2567 humanitas

151 2582 318 2610 numero
335 2584 344 2616 3
364 2576 402 2609 et
419 2572 614 2618 praecipue
646 2580 736 2609 cum
765 2581 845 2609 11011
863 2572 914 2609 311
935 2573 1043 2609 aliud
1063 2573 1195 2609 divina
1208 2578 1348 2610 natura
1369 2578 1407 2610 et
1423 2574 1528 2610 aliud
1546 2574 1630 2620 ipse
1646 2576 1767 2621 Deus,

151 2623 195 2657 ut
214 2629 335 2666 supra
354 2623 559 2656 ostensum
576 2622 661 2663 est;
683 2628 731 2656 ex
750 2628 829 2665 quo
850 2619 897 2655 de
913 2620 1149 2656 necessitate
1164 2621 1423 2666 consequitur
1438 2621 1558 2667 quod,
1573 2621 1768 2659 existente

151 2675 232 2704 una
249 2670 391 2703 natura
407 2666 542 2702 divina
560 2666 601 2702 in
621 2667 734 2702 Patre
760 2669 798 2702 et
818 2665 927 2710 Filio,
950 2666 1028 2703 sint
1060 2668 1174 2703 Pater
1192 2670 1231 2703 et
1255 2667 1377 2704 Filius
1398 2676 1504 2705 unus
1523 2670 1641 2705 Deus.
1663 2669 1769 2706 Licet

150 2722 248 2760 ergo
268 2717 304 2750 et
326 2715 479 2749 Patrem
501 2712 761 2749 confiteamur
780 2714 903 2749 Deum
922 2716 960 2749 et
980 2712 1120 2750 Filium
1136 2715 1272 2755 Deum,
1289 2722 1371 2750 non
1391 2718 1522 2751 tamen
1543 2715 1768 2754 recedimus

152 2769 176 2797 a
194 2761 391 2797 sententia
408 2770 485 2807 qua
504 2760 666 2805 ponitur
685 2767 790 2796 uuus
809 2759 922 2796 solus
943 2760 1060 2804 Deus,
1082 2768 1200 2806 quam
1218 2760 1260 2797 in
1279 2761 1406 2807 primo
1427 2761 1525 2798 libro
1547 2766 1585 2799 01
1604 2763 1748 2800 rationi

152 2804 227 2844 bus
246 2809 285 2843 et
304 2806 605 2844 auctoritatibus
624 2806 869 2842 firmavimus
886 2817 895 2850 ;
915 2806 1033 2850 unde,
1054 2806 1128 2844 etsi
1157 2806 1211 2844 sit
1237 2815 1343 2844 unus
1363 2807 1476 2845 solus
1495 2817 1614 2846 verus
1646 2811 1766 2854 Deus,

153 2855 283 2890 tamen
303 2854 379 2890 1100
399 2858 436 2890 01
452 2854 499 2890 de
517 2855 630 2889 Patre
648 2856 686 2889 01
705 2852 753 2888 de
768 2851 862 2888 Filio
880 2852 1085 2897 praedicari
1104 2852 1352 2892 confitemur.

200 2900 328 2944 Quum
350 2909 444 2947 ergo
465 2900 672 2944 Dominus,
693 2898 743 2937 ad
762 2900 917 2937 Patrem
930 2898 1115 2945 loquens,
1132 2898 1227 2937 dicit
1245 2911 1255 2937 t
1279 2901 1324 2938 Ut
1342 2906 1555 2948 coquosecmt
1582 2905 1627 2948 te,
1655 2903 1768 2939 solum
