1894 3223
145 76 210 112 130
729 68 817 104 LIB.
845 67 892 111 ΙΙ,
921 66 1022 103 CAP.
1049 65 1167 102 XXVI.

189 156 288 198 Item,
311 156 516 190 ostensum
537 153 598 187 est
618 157 738 193 supra
757 147 799 193 (l.
820 156 848 191 1,
871 156 904 183 c.
921 144 979 192 95)
999 144 1102 192 quod
1120 145 1225 182 Deus
1246 153 1326 182 non
1338 146 1468 191 potest
1482 144 1582 181 velle
1597 144 1763 192 aliquod

144 201 313 244 malum3
333 199 437 236 unde
457 200 562 243 patet
580 195 687 242 quod
707 196 811 230 Deus
830 202 994 239 peccare
1014 200 1092 229 non
1114 193 1257 237 potest.

193 247 381 285 Similiter
400 247 605 281 ostensum
636 243 698 277 est
727 249 848 286 supra
880 239 920 286 (l.
941 248 968 284 1,
985 250 1019 276 c.
1060 238 1117 285 13)
1149 239 1254 285 quod
1293 238 1426 275 divina
1459 237 1641 276 voluntas
1677 247 1759 275 non

146 298 273 341 potest
294 301 381 328 esse
403 289 619 373 mlutahilis.
639 287 702 325 Sic
723 287 844 334 igitur
863 295 943 324 non
965 288 1095 333 potest
1113 284 1241 322 facere
1262 286 1301 322 id
1329 284 1435 332 quod
1455 287 1515 322 est
1547 294 1570 322 a
1596 294 1639 322 se
1667 284 1767 323 voli·

146 347 159 378 t
191 350 227 377 m
249 348 326 375 non
350 346 401 374 1111
449 345 518 373 eri.

164 347 554 424 uSciendumptamen
576 380 681 428 quod
708 380 784 417 hoc
801 379 879 417 alio
900 379 1018 417 modo
1040 380 1183 418 dicitur
1203 389 1284 417 non
1318 388 1437 426 posse
1474 388 1496 416 a
1526 378 1767 424 praemissis„

147 436 243 471 Nam
260 431 465 477 praemissa
485 427 718 474 simpliciter
739 429 841 464 Deus
862 436 934 463 nec
950 427 1065 473 velle,
1086 436 1159 464 nec
1192 427 1320 463 facere
1350 429 1492 472 potest.
1528 425 1762 472 Hujusmodi

148 484 277 517 autem
299 480 402 514 Deus
422 479 552 523 potest
571 474 729 521 quidem
750 474 810 510 vel
833 473 976 518 facere,
993 474 1054 511 vel
1076 474 1190 518 velle,
1212 474 1246 511 si
1267 473 1352 519 ejus
1371 473 1571 516 voluntas,
1594 473 1653 509 vel
1693 482 1762 519 po-

148 526 269 563 tentia
288 525 469 562 absolute
498 522 786 565 consideretur,
821 529 900 557 non
940 524 1071 557 autem
1104 521 1138 558 si
1163 521 1452 564 consideretur,
1474 519 1773 566 praesupposita

148 573 348 610 voluntate
369 571 415 608 de
437 570 635 616 opposito.
656 570 753 605 Nam
773 567 958 604 voluntas
979 567 1112 604 divina
1126 571 1306 613 respectu
1322 571 1607 612 creaturarum,
1623 575 1762 604 neces-

150 620 306 657 sitatem
328 627 407 655 non
427 617 545 654 habet
571 615 649 652 nisi
682 624 731 651 ex
760 614 1050 660 suppositione,
1073 618 1116 650 ut
1141 619 1348 651 ostensum
1382 619 1441 652 est
1480 614 1519 660 (l.
1558 622 1586 658 1,
1619 623 1654 650 c.
1689 613 1762 660 83).

149 669 192 704 Et
211 666 300 703 ideo
321 673 461 702 omnes
481 665 568 701 istae
588 662 811 699 locutiones
831 673 839 697 :
859 663 953 697 Deus
971 671 1043 697 non
1058 663 1177 706 potest
1190 661 1310 705 facere
1327 663 1512 697 contraria
1526 661 1581 697 his
1596 670 1674 706 quae
1689 661 1764 696 dis-

145 715 268 760 posuit
286 714 417 756 facere,
441 714 479 747 et
498 718 756 757 quaecumque
783 708 966 744 similiter
994 708 1194 752 dicuntur,
1215 707 1493 755 intelliguntur
1515 707 1763 752 composite:

150 761 209 798 sic
229 760 334 796 enim
354 758 560 804 implicant
575 755 892 802 suppositionem
907 755 1049 792 divinae
1062 754 1281 792 voluntatis
1296 754 1344 790 de
1361 753 1559 800 opposito.
1579 754 1618 790 Si
1635 758 1766 791 autem

149 807 423 889 intelliganltur
443 805 582 849 divise,
606 805 700 841 sunt
720 802 844 847 falsae,
866 802 959 849 quia
978 801 1198 848 respicIunt
1215 800 1433 848 potentiam
1468 803 1504 837 et
1523 800 1765 838 voluntatem

152 854 220 891 Dei
245 854 341 890 abso
363 856 440 889 ute.

198 900 306 938 Sicut
321 903 451 937 autem
469 899 574 935 Deus
594 897 677 944 agit
695 905 765 943 per
783 895 1040 940 voluntatem,
1064 895 1118 932 ita
1137 898 1176 932 et
1206 904 1275 941 per
1306 893 1547 931 intellectum
1571 898 1607 930 ct
1639 894 1768 931 scien·

152 947 260 991 tiam,
285 950 326 984 ut
347 950 554 983 ostensum
575 948 635 981 est
654 943 704 990 (c.
722 946 766 981 23
789 946 826 994 et
841 942 915 988 24).
939 943 1025 979 Pari
1048 942 1171 989 igitur
1188 942 1342 979 ratione
1362 951 1442 978 non
1478 944 1609 987 potest
1640 941 1768 978 facere

152 1004 239 1042 quae
260 1003 302 1031 se
322 994 516 1031 iacturum
537 1000 619 1029 non
639 989 850 1037 praesciwt,
871 992 938 1026 aut
959 989 1155 1026 dimittere
1176 998 1263 1036 quae
1284 998 1328 1026 se
1346 988 1540 1025 facturum
1556 987 1767 1035 praescivit,

152 1042 245 1088 quia
265 1041 344 1078 non
364 1042 494 1086 potest
513 1038 641 1075 facere
662 1046 749 1084 quae
769 1037 896 1073 facere
918 1045 999 1073 non
1031 1037 1128 1081 vult,
1151 1040 1218 1073 aut
1253 1036 1448 1073 dimittere
1477 1045 1564 1082 quae
1600 1035 1695 1072 vult.
1725 1036 1769 1072 Et

153 1088 292 1125 eodem
313 1087 432 1124 modo
453 1085 683 1124 conceditur
701 1088 738 1121 et
760 1087 926 1130 negatur
945 1087 1171 1130 utrumque,
1191 1086 1234 1120 ut
1274 1083 1441 1120 scillicet
1470 1082 1656 1129 praedicta
1687 1090 1769 1119 non

153 1144 271 1182 posse
304 1134 470 1179 dicatur,
498 1141 579 1169 non
614 1131 772 1178 quidem
814 1130 1009 1176 absolute,
1028 1130 1100 1168 sed
1127 1129 1201 1168 sub
1233 1130 1463 1168 conditione
1491 1129 1552 1167 vel
1583 1129 1767 1177 supposi-

155 1182 276 1220 tione.
300 1181 329 1228 (1
347 1184 447 1228 part,
469 1189 507 1228 q.
527 1187 624 1225 xxv,
646 1181 719 1216 art.
739 1180 760 1215 3
780 1181 817 1214 et
835 1178 886 1223 4).

797 1323 965 1366 CAPUT
997 1323 1138 1365 XXVI.

158 1446 258 1482 QUOD
277 1437 437 1475 DIVINUS
462 1443 718 1474 INTELLECTUS
749 1442 828 1472 NON
864 1441 1116 1473 COARCTATUR
1145 1442 1198 1472 AD
1235 1442 1531 1472 DETERMINATOS
1564 1441 1769 1474 EFFEGTUS·

204 1556 397 1601 Quoniam
420 1557 551 1593 autem
572 1556 779 1592 ostensum
811 1556 872 1591 est
903 1552 1011 1601 quod
1041 1552 1176 1590 divina
1205 1552 1383 1599 potentia
1409 1552 1459 1590 ad
1488 1551 1771 1591 determinatos

157 1603 322 1641 effectus
344 1611 424 1639 non
446 1602 649 1647 limitatur,
671 1611 716 1638 ac
736 1610 805 1647 per
825 1601 916 1646 hoe,
937 1599 1043 1648 quod
1064 1610 1111 1637 ex
1132 1600 1369 1637 necessitate
1398 1604 1548 1637 naturae
1568 1608 1649 1637 non
1675 1600 1768 1646 agit,

157 1650 227 1688 sed
248 1660 317 1696 per
337 1649 580 1686 intellectum
599 1652 637 1685 et
655 1648 896 1686 voluntatem
917 1659 925 1692 ;
945 1657 994 1684 ne
1014 1647 1078 1685 cui
1103 1647 1202 1685 sorte
1221 1647 1400 1684 videatur
1419 1647 1524 1694 quod
1545 1647 1630 1694 eJus
1656 1646 1771 1683 iutel-

156 1698 297 1742 lectus‚
319 1697 380 1734 vel
399 1696 565 1734 scientia
585 1695 634 1733 ad
653 1695 937 1733 determinatos
956 1693 1124 1732 effectus
1144 1694 1399 1732 solummodo
1431 1694 1561 1740 possit
1597 1693 1769 1739 extendi,

156 1748 195 1782 et
214 1744 272 1781 sic
293 1747 383 1790 agat
402 1753 449 1780 ex
465 1742 702 1779 necessitate
721 1742 912 1785 scientiae,
933 1741 1116 1789 quamvis
1136 1750 1216 1778 non
1245 1751 1293 1779 ex
1322 1741 1560 1778 necessitate
1590 1744 1742 1778 naturae
1760 1752 1769 1786 ;

155 1795 277 1829 restat
297 1790 504 1828 ostendere
531 1789 636 1836 quod
657 1789 742 1836 ejus
763 1789 944 1833 scientia,
965 1788 1026 1825 vel
1046 1788 1273 1826 intellectus
1293 1788 1415 1825 nullis
1437 1787 1650 1825 effectuum
1666 1787 1771 1825 limi-

155 1839 263 1876 tibus
284 1841 516 1875 coarctatur.
540 1838 751 1873 Ostensum
767 1840 825 1873 est
847 1835 952 1872 enim
971 1844 1092 1881 supra
1109 1835 1148 1881 (l.
1169 1844 1197 1875 1,
1219 1845 1254 1872 c.
1278 1834 1339 1882 49)
1370 1835 1476 1882 quod
1498 1837 1604 1871 Deus
1636 1834 1771 1872 omnia

158 1886 235 1923 alia
258 1894 344 1932 quae
366 1885 413 1922 ab
434 1893 480 1921 eo
500 1883 712 1930 procedere
731 1886 913 1929 possunt,
937 1882 1247 1929 comprehendit,
1274 1890 1387 1919 suam
1409 1881 1623 1919 essentiam
1651 1881 1770 1918 intel-

156 1933 330 1980 ligendo,
353 1931 392 1967 in
414 1940 492 1977 qua
511 1930 646 1967 omnia
675 1929 903 1976 hujusmodi
936 1939 1025 1967 esse
1058 1929 1330 1966 necessarium
1363 1932 1424 1966 est
1453 1938 1524 1975 per
1556 1928 1770 1976 aliqualem

158 1978 474 2023 similitudinem,
497 1978 601 2014 sicut
619 1976 783 2014 effectus
815 1977 957 2014 virtute
992 1979 1086 2014 sunt
1116 1976 1159 2013 in
1191 1985 1324 2014 causa.
1361 1976 1400 2014 Si
1433 1975 1555 2023 igitur
1591 1976 1770 2021 potentia

157 2026 291 2064 divina
310 2026 358 2063 ad
376 2024 540 2062 effectus
554 2024 835 2062 determinatos
853 2032 934 2060 non
955 2027 1191 2068 coarctatur,
1212 2026 1390 2069 utsupra
1407 2022 1455 2069 (c.
1476 2022 1539 2069 22)
1560 2025 1782 2060 ostensum.

158 2077 231 2118 est,
247 2073 518 2111 necessarium
540 2075 599 2109 est
617 2075 654 2109 et
676 2072 723 2109 de
744 2071 829 2118 ejus
849 2071 1053 2108 intellectu
1073 2070 1243 2108 similem
1266 2070 1506 2108 sententiam
1526 2070 1722 2115 proferre.

203 2121 347 2162 Adhuc,
370 2120 512 2158 divinae
528 2119 711 2158 essentiae
731 2118 965 2156 infinitatem
987 2127 1107 2164 supra
1134 2117 1175 2165 (l.
1195 2127 1224 2163 1,
1246 2127 1280 2156 c.
1301 2120 1347 2156 43
1395 2117 1659 2155 ostendimus.
1679 2115 1772 2154 Infi-

158 2168 283 2206 nitum
306 2171 451 2212 autem,
473 2166 718 2214 quantalibet
737 2166 938 2204 additione
953 2164 1158 2203 finitorum
1177 2165 1293 2210 sacta,
1314 2174 1338 2203 a
1367 2163 1513 2211 aequari
1529 2172 1611 2201 non
1625 2166 1771 2210 potest,

156 2215 253 2262 quin
268 2215 308 2251 in
326 2215 524 2252 infinitum
539 2214 700 2252 excedat
716 2213 960 2262 quantalibet
973 2212 1099 2259 finita,
1117 2213 1152 2251 si
1169 2213 1287 2251 etlam
1301 2220 1469 2251 numero
1498 2210 1657 2249 infinita
1671 2210 1787 2248 exis-⁷

155 2266 254 2300 tant.
274 2261 378 2299 Nihil
399 2261 508 2299 aliud
527 2264 667 2308 praeter
685 2262 808 2299 Deum
829 2264 986 2299 constat
1011 2269 1102 2299 esse
1132 2259 1353 2298 secundum
1385 2257 1599 2297 essentiam
1636 2256 1770 2295 infini-

155 2312 254 2351 tum,
276 2317 365 2346 cum
382 2308 517 2346 omnia
535 2309 614 2346 alia
629 2309 848 2347 secundum
870 2308 1055 2346 essentiae
1074 2308 1270 2346 rationem
1291 2307 1367 2345 sub
1395 2304 1670 2344 determinatis
1701 2314 1784 2350 ge·

156 2356 321 2394 neribus
336 2359 373 2393 et
392 2355 602 2402 speciebus
621 2355 910 2394 concludantur
931 2367 940 2392 τ
962 2355 1337 2402 quomodocumque
1356 2354 1479 2401 igitur
1505 2355 1544 2390 et
1563 2356 1777 2400 quantum·

157 2412 326 2450 cumque
347 2402 470 2440 divini
491 2402 655 2441 effectus
678 2402 1078 2449 comprehendantur,
1097 2411 1254 2449 semper
1273 2404 1314 2439 in
1333 2401 1468 2439 divina
1499 2400 1676 2438 essentia
1711 2401 1779 2437 est.

156 2454 201 2487 ut
219 2459 288 2492 eos
309 2450 482 2491 excedat,
501 2454 540 2487 et
558 2450 614 2487 ita
632 2450 805 2496 plurium
823 2449 923 2488 ratio
945 2458 1036 2487 esse
1053 2449 1195 2496 possit.
1218 2447 1772 2496 Divinusigiturintelleetus,

157 2497 225 2544 qui
244 2497 414 2543 perfecte
435 2497 608 2534 divinam
629 2498 844 2535 essentiam
864 2496 1086 2544 cognoscit,
1109 2500 1153 2534 ut
1171 2505 1292 2543 supra
1310 2496 1350 2543 (l.
1370 2504 1400 2542 1,
1421 2505 1456 2533 c.
1473 2494 1535 2542 47)
1561 2497 1772 2531 ostensum

157 2546 230 2587 est,
252 2553 409 2581 omnem
429 2543 621 2582 finitatem
641 2543 852 2582 effectuum
871 2543 1118 2582 transcendit
1137 2555 1146 2582 ε
1168 2552 1250 2582 non
1269 2543 1392 2591 igitur
1407 2551 1456 2580 ex
1468 2540 1704 2578 necessitate
1721 2538 1780 2577 ad.v
1851 2548 1858 2554 ’

157 2589 232 2627 hos
253 2591 313 2626 vel
336 2591 429 2628 illos
449 2590 614 2629 effectus
635 2595 871 2629 coarctatur.

203 2637 302 2677 Item,
323 2645 442 2689 supra
455 2638 495 2683 (l.
514 2647 542 2684 1,
557 2647 592 2676 c.
608 2638 667 2686 69)
685 2641 892 2677 ostensum
907 2642 968 2676 est
987 2637 1093 2721 quod
1108 2637 1268 2676 divinus
1281 2636 1506 2674 intellectus
1521 2632 1776 2686 infinitorum

157 2686 218 2720 est
241 2687 435 2736 cognitor:
456 2686 560 2722 Deus
580 2689 710 2723 autem
731 2695 801 2731 per
820 2686 882 2723 sui
914 2685 996 2722 inte
1016 2684 1142 2723 lectus
1174 2684 1382 2726 scientiam
1412 2689 1477 2718 res
1511 2680 1695 2726 producit
1728 2688 1777 2719 m«

157 2738 260 2814 estse.
281 2730 499 2768 causalitas
524 2731 646 2778 igitur
673 2732 797 2769 divini
830 2732 1058 2770 intellectus
1089 2731 1138 2772 ad
1164 2731 1300 2769 finitos
1331 2728 1497 2767 effectus
1526 2736 1609 2765 non
1639 2736 1776 2765 coarc-

174 2785 198 2815 a
216 2785 273 2813 ur.

199 2823 383 2870 Amplius,
403 2823 437 2861 si
454 2823 576 2862 divini
592 2823 817 2864 intellectus
833 2825 1047 2867 causalitas
1080 2825 1132 2867 ad
1163 2823 1329 2864 effectus
1358 2821 1535 2872 aliquos,
1570 2822 1688 2870 quasi
1722 2820 1772 2861 de

1887 272 1894 359 l

1890 368 1894 381 ι

1889 389 1894 408 l
