1894 3223
115 169 184 202 5118
713 162 799 197 LtB.
830 162 889 204 IV,
917 161 1016 197 CAP.
1044 162 1131 198 xlv.

118 255 195 283 una
222 253 389 289 poi-sona
411 245 569 287 propter
587 241 777 277 unitatem
805 241 987 277 essentiae
1017 241 1286 282 subsistentis,
1319 242 1386 279 sed
1412 243 1546 289 plures
1577 245 1733 288 propter

140 293 345 328 elationes.

118 302 136 329 r
167 340 219 373 Ex
242 337 315 372 1100
334 339 463 371 autem
486 338 590 380 patet
610 334 715 380 quod
737 334 774 370 id
797 334 901 381 quod
923 337 981 371 est
999 335 1113 390 quasi
1139 334 1464 373 individuationis
1496 335 1734 382 principium

119 393 200 421 non
217 383 395 428 sequitur
415 390 503 418 esse
523 383 564 418 in
585 381 686 424 alio;
709 390 798 417 nam
822 391 948 428 neque
967 382 1142 418 essentia
1173 382 1303 419 divina
1323 383 1441 419 estin
1476 383 1554 420 alio
1575 384 1654 419 Deo
1674 391 1736 419 ne-

118 440 193 477 que
224 429 438 474 paternitas
461 428 580 465 estin
617 428 728 465 Filio.
748 429 932 472 Quamvis
954 432 1084 464 autem
1120 428 1206 465 duae
1224 439 1417 475 personae,
1443 430 1566 466 Patris
1586 429 1739 466 scilicet

119 482 155 514 ct
177 476 276 519 Filii,
300 485 379 512 0011
401 476 699 518 distinguantur
718 475 906 519 essentia,
928 475 994 511 sed
1028 475 1234 520 relatione,
1263 480 1492 516 nontamen
1519 477 1655 513 relatio
1680 481 1738 512 est

120 523 224 561 aliud
250 532 365 569 quam
390 523 564 559 essentia
585 521 801 558 seeundum
837 531 932 565 rem,
954 531 1076 568 quum
1107 522 1242 558 relatio
1272 523 1311 558 10
1333 524 1411 560 Deo
1443 523 1626 560 accidens
1650 532 1738 560 esse

119 579 200 607 non
220 570 360 616 possit.
384 571 460 606 Nec
481 569 556 606 1100
577 569 824 615 impossibile
845 569 1101 615 reputabitur,
1123 569 1157 605 si
1179 570 1268 615 quis
1290 570 1499 615 diligenter
1512 570 1736 607 consideret

121 627 166 654 ea
186 626 272 663 qnae
294 617 333 652 in
363 616 488 662 primo
520 616 618 652 libro
650 615 906 652 determinata
936 618 1040 659 sunt,
1064 615 1129 652 ubi
1165 618 1370 653 ostensum
1389 617 1571 663 estquod
1596 617 1636 654 in
1659 619 1738 654 Deo

120 667 214 701 sunt
242 663 417 700 omnium
454 663 602 700 entium
631 663 908 709 perfectiones,
940 671 1021 699 non
1053 663 1271 699 secundum
1307 664 1637 709 compositionem
1670 664 1739 700 ali-

120 719 253 757 quam,
278 711 343 746 sed
366 710 584 747 secundum
621 710 813 755 simplicis
839 709 1022 746 essentiae
1056 709 1255 746 unitatem.
1278 712 1375 747 Nam
1399 710 1561 747 diversae
1590 711 1739 756 perfec-

118 758 262 800 tiones,
285 767 384 803 0005
403 766 466 794 res
486 760 616 793 creata
635 767 705 802 per
725 756 870 793 multas
888 756 1038 793 obtinet
1058 756 1220 799 formas,
1243 758 1321 793 Deo
1352 761 1579 802 competunt
1600 767 1740 794 secun-

122 805 215 841 dum
235 813 355 840 unam
375 807 411 840 et
429 803 648 849 simplicem
670 804 755 850 ejus
777 804 1014 846 essentiam;
1034 804 1154 840 liomo
1176 803 1278 839 enim
1301 804 1404 850 quod
1428 808 1484 841 est
1508 804 1654 840 animal
1674 814 1744 850 per

124 851 240 888 aliam
264 851 428 887 formam
458 851 548 886 vivit
568 855 603 887 et
621 860 689 896 per
710 850 825 886 aliam
847 855 906 887 est
929 850 1089 895 sapiens
1107 854 1143 886 et
1163 860 1231 896 per
1257 851 1372 887 aliam
1404 850 1632 896 estjusttis;
1655 860 1743 897 quae

122 898 258 935 oninia
289 900 367 933 Deo
402 907 471 943 per
499 898 714 934 essentiam
755 906 867 934 suam
904 897 1154 934 conveniunt.
1176 899 1283 934 Sicut
1321 898 1442 945 igitur
1481 898 1675 943 sapientia
1708 902 1744 934 et

119 945 271 992 justitia
294 944 512 981 1011001100
534 944 692 990 quidem
714 948 806 981 sunt
827 944 1057 988 accidentia,
1077 945 1115 980 in
1141 946 1218 981 Deo
1239 948 1366 981 autem
1403 949 1495 981 sunt
1515 945 1616 981 idem
1639 945 1743 990 quod

125 992 256 1029 divina
277 992 460 1031 essentia,
485 992 543 1028 sic
574 992 705 1037 aliqua
725 991 876 1031 relatio,
895 995 989 1036 puta
1010 991 1253 1036 paternitatis
1275 996 1312 1028 et
1340 992 1558 1033 filiationis,
1580 992 1650 1028 etsi
1674 993 1744 1028 110-

125 1039 295 1075 minibus
318 1039 367 1075 sit
387 1039 583 1081 accidens,
606 1039 645 1074 10
674 1040 752 1074 Deo
772 1042 831 1075 est
852 1038 984 1074 divina
1005 1038 1190 1075 essentia.
1215 1041 1300 1075 Non
1333 1041 1461 1075 autem
1494 1039 1582 1075 ideo
1605 1038 1751 1075 dicitur·

125 1085 229 1132 quod
259 1086 390 1122 divina
422 1085 611 1131 sapientia
648 1085 700 1122 sit
726 1086 810 1131 ejus
841 1085 1026 1130 essentia,
1049 1095 1168 1132 quum
1205 1086 1243 1121 iii
1267 1085 1380 1122 nobis
1414 1086 1606 1132 sapientia
1627 1094 1745 1130 snper

126 1133 340 1170 essentiam
363 1132 491 1176 addat,
515 1132 627 1179 quasi
654 1132 783 1168 divina
810 1132 1000 1178 sapientia
1036 1142 1058 1168 a
1097 1135 1231 1169 nostra
1270 1133 1463 1177 sapientia
1482 1132 1648 1176 deficiat,
1674 1131 1744 1169 sed

126 1179 218 1226 quia
239 1179 270 1225 ej
281 1188 323 1215 05
343 1179 517 1216 essentia
534 1183 709 1216 nostram
733 1179 944 1216 essentiam
966 1178 1131 1223 excedit,
1154 1180 1207 1215 ita
1225 1180 1326 1226 quod
1355 1179 1391 1215 id
1414 1180 1458 1215 ad
1482 1179 1586 1225 quod
1608 1188 1744 1215 essen-

124 1226 179 1262 tia
202 1230 337 1262 nostra
350 1235 427 1262 non
450 1225 607 1266 sufficit,
630 1226 782 1264 scilicet
802 1226 902 1262 scire
919 1225 1114 1270 etjustum
1132 1235 1233 1270 esse,
1259 1228 1359 1263 Deus
1378 1227 1609 1262 secumdum
1629 1234 1742 1262 suam

132 1273 347 1310 essentiam
388 1273 504 1309 habet
541 1273 724 1318 perfecte.
746 1273 904 1318 Oportet
925 1272 1043 1318 igitur
1072 1273 1175 1319 quod
1208 1273 1394 1319 quidquid
1429 1273 1544 1310 nobis
1563 1273 1746 1309 convenit

129 1319 350 1357 secundum
374 1319 582 1356 essentiam
598 1323 633 1356 et
655 1319 883 1364 sapientiam
907 1319 1260 1363 distinctim‚simul
1279 1322 1354 1356 Deo
1377 1320 1593 1356 secundum
1614 1328 1746 1356 essen·

127 1367 224 1403 tiam
247 1375 359 1403 suani
397 1366 642 1402 attribuatur.
665 1368 704 1401 Et
741 1367 882 1402 similis
915 1366 1013 1402 ratio
1052 1366 1091 1401 in
1128 1367 1217 1403 aliis
1257 1371 1315 1402 est
1336 1367 1593 1403 observanda.
1618 1367 1744 1410 Quum

128 1413 250 1459 igitur
280 1413 410 1449 divina
445 1414 620 1450 essentia
652 1413 701 1449 sit
720 1413 807 1457 ipsa
827 1413 1071 1458 paternitatis
1093 1414 1153 1449 vel
1184 1413 1388 1450 filiationis
1420 1414 1570 1457 relatio,
1593 1417 1746 1459 oportet

129 1459 235 1505 quod
270 1459 459 1506 quidquid
483 1463 540 1496 est
561 1459 808 1505 ,paternitatis
831 1459 1029 1505 proprium
1058 1461 1136 1496 Deo
1163 1460 1383 1502 conveniat,
1405 1460 1493 1496 licet
1532 1460 1746 1506 paternitas

130 1506 181 1543 sit
211 1506 251 1542 in
288 1506 370 1551 ipsa
404 1506 590 1543 essentia.
614 1508 679 1543 Est
705 1509 834 1543 autem
858 1507 930 1543 lioc
952 1506 1150 1551 proprium
1180 1506 1425 1552 paternitatis
1448 1510 1529 1543 uta
1559 1506 1746 1544 filiatione

131 1553 424 1599 distinguatur3
448 1553 588 1589 dicitur
614 1553 718 1589 enim
750 1556 859 1599 pater
888 1552 936 1589 ad
971 1552 1095 1589 filium
1132 1554 1243 1600 quasi
1268 1553 1314 1590 ad
1348 1554 1484 1596 alium,
1508 1557 1544 1590 et
1575 1554 1659 1590 haec
1688 1556 1748 1590 est

129 1600 231 1637 ratio
261 1600 382 1645 patris
413 1604 455 1636 ut
487 1600 539 1636 sit
570 1599 639 1636 filii
657 1603 778 1646 pater.
802 1600 905 1636 Licet
925 1609 1019 1646 ergo
1041 1602 1144 1636 Dens
1166 1602 1278 1637 Pater
1299 1600 1348 1637 sit
1368 1600 1498 1637 divina
1520 1601 1694 1636 essentia
1711 1603 1749 1636 et

129 1646 312 1684 similiter
335 1648 438 1684 Deus
460 1647 595 1691 Filius,
613 1657 658 1683 ex
686 1647 759 1684 1100
780 1650 908 1683 tamen
933 1647 1037 1693 quod
1072 1652 1130 1684 est
1156 1649 1279 1691 Pater,
1302 1647 1560 1695 distinguitur
1581 1657 1604 1684 a
1634 1648 1745 1687 Filio,

130 1693 223 1730 licet
239 1694 290 1730 sit
318 1703 438 1730 unum
470 1704 515 1729 ex
536 1694 610 1730 1100
627 1694 730 1740 quod
754 1698 917 1740 uterque
944 1697 1003 1731 est
1020 1694 1153 1731 divina
1169 1695 1352 1732 essentia.

178 1743 230 1776 Ex
251 1741 325 1777 1100
345 1741 460 1777 etiam
485 1744 589 1786 patet
616 1741 720 1787 quod
755 1741 892 1778 relatio
922 1741 961 1777 in
996 1741 1137 1778 divinis
1171 1751 1250 1778 non
1283 1746 1341 1778 est
1373 1742 1521 1788 absque
1544 1741 1744 1786 absoluto,

130 1787 243 1825 aliter
262 1791 391 1824 tamen
413 1790 662 1833 eomparatur
680 1788 728 1824 ad
749 1788 974 1825 absolutum
997 1788 1037 1824 in
1054 1790 1131 1825 Deo
1147 1798 1262 1835 quain
1279 1789 1318 1824 in
1340 1789 1457 1825 rebus
1477 1789 1634 1826 creatis.
1650 1789 1746 1824 Nam

129 1834 170 1871 in
190 1834 306 1871 rebus
328 1835 471 1871 creatis
491 1839 742 1879 comparatur
760 1835 899 1872 relatio
920 1835 968 1872 ad
988 1835 1215 1872 absolutum
1244 1836 1346 1872 51001
1378 1836 1563 1872 accidens
1585 1835 1631 1872 ad
1653 1835 1746 1872 sub-

126 1881 298 1928 jectum;
320 1890 399 1917 0011
420 1886 550 1918 autem
582 1883 622 1918 10
656 1883 735 1918 Deo
769 1883 839 1927 sic,
861 1881 929 1918 sed
965 1891 1034 1927 per
1054 1882 1215 1919 modum
1245 1882 1473 1926 identitatis,
1497 1883 1600 1918 sicut
1620 1884 1679 1918 est
1699 1881 1746 1918 de

131 1927 220 1965 aliis
239 1937 324 1973 quae
346 1928 392 1964 de
413 1930 491 1964 Deo
512 1928 708 1965 dicuntur.
728 1928 832 1965 Idem
866 1932 997 1965 autem
1024 1928 1244 1975 subjectum
1277 1937 1358 1966 non
1386 1933 1514 1975 potest
1543 1929 1747 1975 oppositas

131 1974 344 2011 relationes
367 1975 405 2010 in
428 1984 470 2011 se
490 1974 647 2018 habere,
666 1979 707 2011 ut
728 1976 780 2012 sit
798 1975 900 2012 idem
921 1975 1041 2012 homo
1062 1979 1172 2021 pater
1192 1978 1229 2012 et
1247 1974 1354 2013 filius
1378 1975 1596 2013 secundum
1617 1975 1744 2019 idem;

133 2021 200 2059 sed
221 2020 393 2058 essentia
413 2021 556 2066 divina,
578 2024 736 2067 propter
767 2022 1035 2059 omnimodam
1069 2022 1153 2069 ejus
1188 2023 1481 2068 perfectionem,
1504 2022 1606 2059 idem
1633 2025 1692 2059 est
1712 2025 1749 2058 et

133 2067 336 2113 sapientiae
357 2071 393 2104 et
408 2068 570 2114 J'ustitiae
592 2072 629 2104 et
649 2068 739 2105 aliis
760 2068 988 2116 hujusmodi
1010 2079 1096 2116 quae
1117 2070 1219 2115 apud
1248 2079 1324 2106 iios
1342 2070 1382 2106 in
1412 2069 1578 2106 diversis
1598 2069 1750 2116 generi-

131 2114 208 2151 bus
230 2115 495 2166 continentur.
518 2117 560 2151 Et
579 2116 636 2152 sic
657 2115 754 2152 nihil
776 2116 957 2161 prohibet
988 2125 1104 2152 unam
1138 2116 1350 2153 essentiam
1386 2125 1473 2154 esse
1499 2115 1603 2153 idem
1630 2119 1668 2154 et
1686 2124 1750 2162 pa-

134 2164 234 2197 trem
258 2164 295 2198 et
313 2161 451 2198 Filium
472 2171 592 2198 unum
620 2164 741 2199 Deum
763 2171 866 2207 esse,
887 2163 977 2199 licet
998 2164 1111 2200 Pater
1130 2172 1208 2201 non
1242 2163 1293 2200 sit
1316 2163 1465 2207 Filius;
1487 2163 1623 2200 eadem
1643 2163 1748 2200 enim

132 2209 305 2260 ess-entia
327 2213 384 2245 est
417 2218 504 2255 quae
533 2213 591 2246 est
615 2218 678 2246 res
697 2209 850 2247 habens
885 2219 974 2247 esse
994 2210 1227 2247 naturaliter
1247 2214 1284 2247 et
1312 2210 1474 2247 verbum
1496 2209 1744 2257 intelligibile

133 2264 340 2300 suiipsius.

182 2304 234 2338 Ex
255 2302 318 2339 liis
339 2303 455 2339 etiam
477 2312 564 2349 quie
585 2303 688 2340 dicta
708 2306 802 2340 sunt
817 2306 947 2349 potest·
967 2313 1056 2341 esse
1076 2304 1329 2342 manifestum
1349 2305 1454 2352 quod
1475 2305 1688 2342 relationes
1707 2304 1750 2341 in

134 2350 214 2386 Deo
235 2353 328 2401 sunt
346 2350 566 2402 secundum
594 2359 691 2395 rem,
713 2353 751 2386 et
769 2359 849 2387 non
872 2351 959 2388 solo
980 2351 1197 2388 intellectu.
1221 2352 1357 2389 Omnis
1378 2352 1484 2389 enim
1504 2352 1642 2389 relatio
1662 2359 1750 2398 quae

133 2400 390 2442 consequitur
411 2405 607 2442 propriam
629 2398 900 2443 operationem
919 2398 1089 2445 alicujus
1108 2398 1161 2435 rei
1185 2402 1252 2435 aut
1269 2399 1485 2445 potentiani
1507 2402 1574 2436 aut
1595 2398 1748 2446 quanti-

131 2446 250 2479 tatem
273 2446 340 2479 aut
360 2443 507 2490 aliquid
537 2444 778 2490 hujusmodi,
816 2445 973 2482 realiter
993 2445 1032 2481 in
1055 2453 1102 2482 eo
1133 2445 1291 2489 existit;
1315 2445 1430 2483 aliter
1445 2445 1547 2483 enim
1581 2449 1688 2483 esset
1707 2445 1747 2481 in

134 2499 181 2526 eo
202 2490 290 2527 solo
312 2490 527 2535 intellectu,
549 2491 653 2528 sicut
686 2494 846 2537 apparet
867 2491 913 2529 de
933 2492 1100 2530 scientia
1116 2494 1154 2529 et
1172 2493 1324 2537 scibili3
1341 2493 1477 2530 relatio
1496 2492 1599 2529 enim
1621 2492 1748 2530 scien-

134 2536 196 2573 tiae
212 2536 257 2573 ad
280 2537 416 2574 scibile
437 2538 696 2585 consequitur
712 2538 906 2576 actionem
925 2538 1100 2580 scientis,
1124 2548 1204 2577 non
1219 2543 1351 2577 autem
1363 2541 1559 2577 actionem
1575 2538 1723 2577 scibilis
1738 2549 1747 2582 ;

133 2583 270 2634 scibile
291 2584 394 2620 enim
415 2584 553 2622 eodem
573 2585 693 2623 modo
710 2594 756 2638 se
776 2585 905 2630 habet,
927 2590 1118 2634 quantum
1145 2586 1187 2624 in
1215 2595 1258 2625 se
1279 2591 1352 2631 est,
1376 2590 1415 2624 et
1433 2586 1591 2634 quando
1610 2584 1750 2637 intelli-

136 2633 240 2681 gitur
257 2633 295 2681 et
314 2631 472 2677 quando
492 2640 573 2669 non
594 2632 850 2679 intelligitur3
872 2635 910 2670 et
928 2632 1016 2670 ideo
1038 2633 1176 2671 relatio
1205 2633 1247 2670 in
1267 2633 1415 2672 sciente
1436 2633 1596 2671 realiter
1615 2634 1689 2675 est,
1707 2639 1748 2668 in

137 2676 272 2728 scibili,
283 2680 410 2729 autem
443 2678 661 2716 secundum
687 2679 932 2717 intellectum
952 2682 1130 2725 tantum3
1152 2680 1415 2718 diciturenim
1438 2680 1544 2727 quod
1563 2678 1747 2726 intelligi·

134 2724 200 2774 tur
219 2723 356 2774 scibile
384 2725 431 2761 ad
465 2725 670 2763 scientiam
699 2726 873 2771 relative,
901 2735 950 2765 ex
969 2735 1016 2765 eo
1037 2726 1143 2774 quod
1163 2727 1329 2766 scientia
1349 2727 1515 2765 refertur
1532 2725 1581 2764 ad
1600 2725 1746 2771 ipsum,

130 2768 270 2821 Simile
293 2779 450 2822 quoque
470 2776 631 2818 apparet
655 2773 697 2810 in
730 2773 866 2810 dextro
899 2778 938 2811 et
969 2774 1158 2819 sinistr03
1191 2775 1230 2811 in
1265 2773 1505 2811 animalibus
1525 2772 1631 2811 enim
1651 2775 1746 2811 sunt

135 2815 331 2868 distinet-<e
350 2822 513 2870 virtutes
539 2829 584 2856 ex
605 2820 752 2868 quibus
782 2820 918 2859 relatio
951 2820 1076 2860 dextri
1105 2824 1144 2859 et
1170 2820 1320 2860 sinistri
1339 2819 1546 2866 consurgit
1563 2830 1577 2871 3,
1591 2821 1750 2865 propter

136 2862 242 2909 quod
260 2863 351 2900 talis
372 2864 508 2916 relatio
525 2875 614 2902 vere
631 2871 669 2902 et
688 2866 845 2904 realiter
861 2867 902 2905 10
923 2867 1089 2906 animari
1103 2867 1314 2912 consistit;
1333 2866 1455 2911 unde,
1473 2865 1750 2913 qualitercum-

132 2918 212 2954 que
226 2913 400 2947 vertatur
418 2912 576 2955 animal,
597 2921 754 2959 semper
769 2913 907 2951 relatio
936 2914 1073 2952 eodem
1094 2913 1214 2952 modo
1235 2916 1370 2952 manet
1387 2925 1397 2959 ;
1419 2921 1622 2961 nunquam
1643 2912 1748 2950 enim
