1894 3223
677 133 769 172 un.
794 135 861 179 ΠΙ,
885 135 991 172 ΟᾺΡ.
1013 132 1160 172 m
1657 136 1722 170 441

151 218 212 256 Ad
227 215 508 264 amputanda-111
525 219 664 253 autemz
679 215 988 253 solticitudinem
1010 215 1146 253 uxoris
1166 218 1208 251 et
1222 214 1399 252 filiorum:
1426 214 1542 251 datur
1572 214 1723 251 homiui

104 264 323 304 mnium
339 263 391 301 de
405 262 638 310 virginitate
651 263 712 300 vel
732 263 976 300 continentia
994 275 1008 299 :.
1028 263 1121 299 hinc
1135 266 1196 299 est
1212 262 1316 309 quod
1332 261 1510 303 dicitur.t
1535 261 1724 305 Corinth„

103 319 178 356 vm
195 313 247 348 25·
260 322 275 347 ι
287 312 337 347 De
350 309 556 355 viminibus
575 312 696 345 amem
710 312 929 355 praeceptum
958 311 1105 346 Domini
1130 318 1203 345 non
1234 309 1344 344 habeo
1362 321 1373 352 ,·
1394 308 1582 344 consilium
1610 311 1727 343 autem

104 359 176 401 do;
194 361 245 402 et,
268 356 386 403 hujus
417 356 577 394 consilii
608 357 800 394 rationem
823 358 1050 402 assignans,
1072 356 1219 400 subdit,
1241 356 1350 396 ibid..
1380 358 1437 396 32,
1460 358 1504 393 33
1525 367 1536 390 :
1555 355 1624 398 Qui
1651 356 1729 390 sine

103 414 216 442 tunore
234 407 297 445 est,
314 405 488 440 sollicitas
508 406 561 440 est
580 413 660 449 quae
677 407 762 439 sunt
781 404 937 442 Domini,
952 403 1124 448 quomodo
1142 403 1284 448 placeat
1302 405 1372 439 Deo
1394 415 1404 438 ε
1423 405 1488 448 qui
1510 406 1630 438 autem
1650 411 1728 437 cum

102 460 216 488 wore
244 454 316 496 est,
337 452 513 487 sollicitas
535 454 589 487 est
613 460 696 497 quae
723 453 808 487 sunt
840 450 981 494 mzcndi,
1009 450 1183 495 quomodo
1208 450 1353 496 placeat
1379 451 1501 494 tauri,
1527 451 1561 485 et
1590 449 1728 485 divisus

104 501 176 535 eet..

150 545 208 582 ,ω
226 544 507 591 amputandam
545 549 675 582 autem
708 544 1021 582 solticitudinem
1043 543 1218 581 hominis
1239 543 1357 580 etiam
1390 543 1496 580 circa
1532 543 1723 589 seipsum,

105 592 220 630 denir
240 591 455 630 consilium
477 591 725 636 obedientiae,
747 600 817 638 per
844 599 962 638 quani
995 592 1116 628 homo
1150 591 1455 636 dispositionem
1478 599 1643 628 suorum
1664 599 1723 627 ac·

105 643 223 676 tuum
237 639 434 685 superiori
459 639 700 676 committit:
722 641 881 685 propter
909 638 1014 685 quod
1030 638 1186 682 dicitur,
1211 637 1340 681 Helir„
1363 637 1518 681 ultimo,
1541 640 1582 674 17
1609 649 1616 672 :
1641 637 1723 674 Oce«

105 686 178 722 dite
196 687 401 731 praepositis
433 688 562 722 ‘cestris
581 689 614 721 et
640 686 820 731 subjacete
839 687 920 722 eis:
940 686 1014 731 ipsi
1046 686 1140 722 enim
1165 685 1386 731 perviqilaut
1418 686 1524 729 quasi
1553 686 1725 722 rationem

103 733 285 770 reddit-um·
307 743 373 778 pro
392 733 583 769 animabus
606 735 747 770 uestris.

153 780 254 824 Quia
269 789 428 818 summa
439 780 626 826 perfectio
643 780 826 818 humanae
845 779 934 817 vitae
952 779 992 816 iu
1013 779 1088 816 hoc
1103 778 1288 817 consistit
1302 777 1407 825 quod
1424 786 1536 816 mens
1553 778 1722 818 hominis

105 827 186 864 Deo
206 830 330 872 vacet,
351 827 398 864 ad
430 827 533 865 haiic
559 831 689 864 autem
716 827 861 864 mentis
893 826 1138 864 vacationem
1166 825 1354 872 praedicta
1383 825 1458 862 tria
1483 826 1653 862 maxime
1674 826 1720 862 vi«

105 873 249 911 dentur
273 874 801 920 disponere,convenienter
832 873 881 911 ad
912 873 1169 920 perfectionis
1199 876 1344 911 statum
1379 872 1573 918 pertinere
1594 873 1726 909 videu-

105 924 183 964 tur,
205 930 286 958 non
307 921 424 969 quasi
442 921 540 968 ipsae
558 922 637 959 siut
657 921 1014 967 perfectiones,sed
1028 921 1120 967 quia
1135 924 1229 958 sunt
1244 920 1531 966 dispositiones
1549 920 1728 966 quiedam

107 968 159 1006 ad
174 968 470 1014 perfectionem,
493 977 580 1015 quae
598 968 784 1005 consistit
803 968 844 1005 in
865 968 940 1006 lioc
957 968 1060 1015 quod
1081 969 1162 1005 Deo
1182 970 1353 1004 vacetur.
1376 968 1421 1003 Et
1448 966 1524 1003 hoc
1544 974 1728 1012 expresse

106 1014 322 1052 ostendunt
340 1014 461 1052 verba
474 1015 630 1053 Domini
651 1018 916 1061 paupertatem
937 1014 1157 1058 suadentis,
1170 1022 1260 1052 cum
1278 1013 1386 1057 dicit,
1403 1014 1551 1056 matth„
1565 1021 1645 1058 xix,
1658 1016 1698 1051 21
1718 1025 1726 1049 z

105 1061 148 1100 Si
163 1062 220 1098 vis
232 1062 415 1107 perfectus
445 1072 531 1104 esse,
549 1062 652 1101 vade,
675 1065 708 1098 et
723 1062 834 1098 vende
853 1063 973 1098 omnia
992 1072 1071 1107 qaae
1097 1061 1218 1106 habes,
1246 1063 1281 1097 ct
1300 1061 1349 1097 da
1362 1061 1599 1106 pauperibus,
1623 1063 1661 1096 et
1675 1070 1728 1096 se-

106 1117 213 1156 quere
228 1117 284 1145 me
295 1120 309 1152 3
330 1108 450 1156 quasi
466 1108 508 1145 in
529 1117 603 1146 sua
623 1108 784 1155 sequela
800 1108 1084 1154 perfectionem
1102 1108 1192 1146 vitae
1211 1107 1475 1145 constituens.

153 1155 329 1194 Possunt
347 1154 468 1193 etiam
487 1155 565 1193 dici
585 1155 842 1200 perfectionis
862 1154 1027 1192 effectus
1048 1158 1086 1191 et
1103 1154 1232 1202 signa.
1249 1155 1346 1192 Cum
1364 1155 1469 1190 enim
1491 1153 1731 1191 mens-vehe-

105 1205 260 1240 menter
278 1210 413 1240 amore
430 1205 471 1239 et
486 1201 684 1239 desiderio
700 1201 869 1248 alicujus
886 1202 943 1240 rei
957 1201 1166 1246 afficiatur,
1184 1209 1438 1247 consequens
1453 1204 1513 1238 est
1528 1201 1633 1247 quod
1652 1201 1731 1239 alia

104 1251 331 1302 postponat.
351 1250 406 1287 Ex
423 1249 499 1287 lioc
518 1249 640 1297 igitur
659 1248 765 1296 quod
787 1257 900 1287 mens
921 1248 1098 1287 hominis
1118 1256 1254 1286 amore
1268 1247 1515 1285 etdesiderio
1536 1249 1731 1286 ferventer

104 1304 148 1334 ui
165 1295 298 1334 divina
316 1296 459 1342 fertur„
476 1296 520 1333 in
538 1304 618 1343 quo
638 1296 921 1342 perfectionem
941 1299 1126 1334 constare
1142 1295 1400 1334 manifestum
1420 1297 1494 1339 est,
1516 1295 1730 1342 consequi-

105 1345 170 1381 tur
186 1343 292 1391 quod
313 1344 449 1382 omnia
467 1352 555 1391 quae
574 1343 705 1390 ipsum
722 1347 894 1390 possunt
910 1343 1109 1381 retardare
1126 1342 1344 1390 quominus
1365 1343 1512 1380 feratur
1543 1343 1582 1379 in
1600 1343 1724 1379 Deum

107 1389 280 1443 abjiciat,
301 1398 382 1429 non
402 1390 540 1429 solumz
554 1399 684 1428 rerum
725 1399 860 1429 curam
882 1394 921 1428 et
940 1391 1078 1429 uxoris
1098 1393 1137 1428 et
1152 1389 1277 1442 prolis
1306 1388 1505 1435 affectum,
1522 1389 1591 1428 sed
1612 1389 1729 1427 etiarn

107 1445 301 1484 suiipsius
334 1449 346 1475 z
381 1441 420 1476 et
448 1438 524 1476 lioc
556 1437 785 1485 significant
813 1437 933 1476 verba
974 1437 1185 1483 scripturae
1202 1448 1212 1482 3
1233 1437 1379 1475 dicitur
1408 1437 1528 1481 enim,
1565 1435 1728 1481 Cautio„

105 1491 194 1529 vm,
212 1487 235 1522 7
257 1495 268 1522 ε
287 1485 330 1523 Si
347 1484 488 1521 dederit
505 1484 607 1522 homo
625 1495 762 1522 omnem
779 1484 1023 1522 substantiam
1053 1484 1179 1521 domus
1208 1491 1287 1521 sztae*
1312 1483 1362 1520 ad
1384 1483 1617 1520 mercandum
1645 1483 1732 1520 dile-

107 1532 271 1575 ctionem,
291 1533 398 1577 qaasi
410 1532 505 1567 nihil
523 1532 743 1577 computabit
761 1542 864 1575 eam3
887 1536 925 1568 ct.
940 1530 1089 1576 Mami„
1109 1536 1194 1575 X1112,
1207 1533 1266 1573 45,
1282 1532 1327 1568 46
1349 1531 1499 1567 :Simile
1512 1533 1564 1566 est
1580 1540 1731 1575 reqnum

107 1578 273 1614 coelorttm
292 1579 430 1615 homini
447 1580 664 1623 neqotiatori
683 1580 857 1624 quaerenti
871 1579 981 1615 bonas
999 1579 1234 1622 marqaritas.
1248 1579 1400 1615 Inventa
1416 1580 1534 1613 autem
1549 1587 1624 1613 una
1639 1587 1731 1623 prae-

106 1626 201 1662 tiosa
217 1627 433 1670 maroczrita,
455 1626 558 1666 abiit,
580 1628 615 1661 et
639 1626 805 1662 vendidit
837 1627 961 1662 omnia
988 1635 1067 1672 quac
1099 1625 1238 1669 habuit,
1260 1627 1294 1660 et
1321 1626 1547 1669 comparavit
1564 1634 1664 1668 eam3
1693 1628 1731 1661 et

107 1671 268 1719 Philip„
289 1681 348 1709 111.
368 1675 406 1716 7,
427 1675 448 1710 8
465 1672 576 1716 :Quae
594 1672 902 1723 mihiflliqaando
920 1673 1074 1716 fuerunt
1103 1672 1218 1717 lucra,
1237 1672 1437 1708 arbitratus
1461 1680 1542 1708 sum
1571 1674 1613 1707 ut
1639 1674 1730 1708 ster-

106 1728 204 1764 acra,
219 1722 263 1756 ut
279 1719 461 1756 Christum
479 1719 740 1763 lucrifacerem.

155 1765 256 1811 Quia
275 1766 398 1812 igitur
415 1766 604 1812 praedicta
621 1766 698 1804 tria
717 1766 1004 1812 dispositiones
1025 1766 1074 1803 ad
1101 1765 1384 1812 perfectionem
1414 1768 1508 1803 sunt
1527 1768 1566 1803 et
1603 1765 1731 1812 perfe-

107 1812 253 1851 ctionis
273 1811 439 1851 effectus
470 1816 508 1850 et
527 1813 658 1860 signa,
679 1814 961 1851 convenienter
981 1814 1048 1860 qui
1076 1813 1262 1859 praedicta
1292 1813 1368 1850 tria
1400 1814 1480 1849 Deo
1510 1816 1653 1849 vovent
1688 1813 1727 1849 in

106 1861 213 1898 statu
231 1859 488 1913 perfectionis
509 1868 600 1899 esse
617 1860 816 1898 dicuntur.
832 1860 1026 1898 Perfectio
1045 1863 1176 1897 autem
1190 1860 1239 1898 ad
1255 1866 1372 1906 quam
1390 1859 1578 1905 praedicta
1597 1859 1728 1905 dispo·

107 1909 284 1952 nunt,‚1n
303 1907 519 1945 vacatione:
538 1907 686 1945 mentis
717 1907 824 1945 circa
854 1908 975 1945 Deum
1009 1907 1224 1945 consistit:
1246 1907 1352 1944 unde
1385 1909 1423 1943 et
1452 1906 1730 1952 praedictorum

106 1953 357 2001 professores
395 1954 575 2001 religiosi
596 1954 794 1999 dicuntur,
817 1955 931 2002 quasi
953 1963 997 1992 se
1016 1955 1096 1992 Deo
1117 1957 1157 1992 et
1185 1954 1320 1992 suain
1339 1953 1501 1991 modum
1522 1953 1730 2000 cujusdam

106 2000 301 2040 sacrificii·
326 2001 570 2047 dedicantes,
591 2004 628 2039 et
659 2000 920 2049 quantumad
952 2010 1017 2040 res
1048 2010 1119 2047 per
1148 2003 1438 2047 paupertatem,
1470 2003 1510 2037 et
1538 2004 1729 2046 quantum

92 2047 157 2093 ,ad
176 2057 322 2095 corpus
341 2057 411 2094 per
425 2048 726 2093 continentiam,
748 2052 785 2085 et
805 2051 996 2096 quantum
1017 2049 1066 2086 ad
1084 2048 1330 2086 voluntatem
1350 2057 1420 2093 per
1446 2047 1727 2085 obedientiam.

106 2093 262 2141 Religio
295 2095 416 2179 en{m4
431 2095 474 2189 1)ss
503 2095 611 2133 cultu
648 2095 783 2133 divino
817 2096 1017 2142 consistit,
1036 2098 1081 2134 ut
1116 2103 1239 2144 supra
1275 2095 1425 2134 dictum
1456 2097 1530 2133 est.
1565 2094 1593 2142 (1
1612 2099 1728 2141 part„

107 2149 146 2189 q.
166 2149 278 2188 cviii,
300 2150 343 2178 ar
364 2169 372 2179 .
421 2169 429 2189 2

733 2258 902 2301 CAPUT
930 2259 1114 2302 GXXXR-

335 2366 386 2397 ΒΕ
410 2366 564 2396 monn
586 2366 885 2399 ntrusNANTmiu
907 2368 1189 2400 VOLUNTARIAM
1210 2367 1506 2399 repensurum.

158 2471 330 2508 Fuerunt
345 2473 479 2509 autem
497 2469 619 2519 aliqui
631 2470 879 2517 paupertatis
889 2469 1138 2517 propositum
1152 2469 1439 2516 improbantem,
1453 2471 1593 2507 contra
1612 2477 1729 2508 evan·

111 2517 283 2565 gelicam
301 2517 524 2555 doctrinam
545 2526 746 2565 equorum
773 2517 926 2564 primus
946 2517 1185 2564 Vigilantius
1204 2516 1428 2561 invenitur,
1449 2523 1566 2564 quem
1597 2520 1730 2555 tamen

33 2567 51 2617 ,ξ
109 2563 368 2611 postmodum
388 2564 512 2611 aliqui
530 2567 626 2602 sunt
643 2563 782 2605 secuti,
803 2564 980 2602 dicentes
1010 2572 1055 2601 se
1086 2572 1177 2601 esse
1202 2563 1306 2610 legis
1322 2563 1520 2609 doctores,
1541 2573 1613 2601 non
1629 2565 1732 2600 intel·

109 2612 258 2657 ugentes
274 2621 390 2657 neque
413 2620 492 2657 quae
510 2611 718 2657 loquuntur,
736 2621 850 2657 neque
865 2611 909 2647 de
933 2611 1062 2656 quibus
1080 2611 1272 2656 affirmant
1289 2609 1323 2657 (I
1340 2611 1448 2655 Tim„
1472 2620 1501 2656 Ι,
1522 2610 1575 2659 7),
1592 2611 1660 2658 qui
1680 2611 1730 2650 ad

111 2658 199 2696 hoc¹
222 2659 286 2696 liis
314 2662 354 2695 et
383 2657 586 2696 similibus
611 2657 835 2710 rationibus
865 2661 961 2695 sunt
983 2657 1150 2695 inducti.
1175 2657 1375 2696 Naturalis
1403 2657 1509 2695 enim
1531 2659 1730 2705 appetitus

110 2705 276 2752 requirit
294 2709 338 2743 ut
357 2705 669 2752 unumquodque
689 2704 835 2742 animal
853 2704 929 2742 sibi
949 2704 1154 2750 provideat
1180 2705 1223 2742 in
1242 2704 1481 2742 necessariis
1498 2713 1582 2744 suae
1606 2705 1696 2742 vitae
1718 2718 1727 2742 ε

111 2752 215 2790 unde
237 2752 427 2790 animalia
445 2760 634 2799 quaelnon
654 2751 831 2798 quolibet
862 2754 1039 2798 tempore
1072 2751 1166 2788 anni
1187 2751 1416 2790 necessaria
1432 2751 1521 2790 vitae
1550 2753 1729 2790 invenire

110 2802 293 2845 possunt,
315 2799 488 2847 quodam
525 2798 696 2837 naturali
723 2798 917 2836 instinctu
949 2807 997 2836 ea
1027 2806 1117 2846 quae
1146 2801 1244 2838 sunt
1267 2798 1359 2837 vitae
1388 2807 1472 2838 suae
1503 2799 1732 2838 necessaria

114 2850 371 2899 congregant
386 2846 663 2899 illo-tempore
679 2854 769 2898 ,quo
803 2844 974 2898 inyeniri
1006 2849 1189 2891 possunt,
1209 2848 1250 2883 et
1278 2855 1325 2884 ea
1356 2850 1607 2892 conservant,
1627 2847 1730 2885 sicut

111 2895 219 2939 patet
242 2893 291 2932 de
311 2893 452 2941 apibus
472 2896 511 2933 et
533 2893 726 2934 formicis.
748 2893 938 2933 Homines
953 2896 1086 2933 autem
1102 2893 1152 2932 ad
1170 2898 1257 2934 suae
1276 2893 1368 2933 vitae
1385 2894 1728 2934 conservationem
