1894 3223
228 100 293 134 170
845 93 932 128 LIB.
959 93 1006 133 ΙΙ,
1035 92 1135 127 CAP.
1164 92 1232 127 LV.

220 178 387 217 omnino
419 185 498 214 non
535 179 637 212 ente.
669 176 714 212 In
746 174 985 212 substantiis
1017 175 1147 210 autern
1177 171 1528 217 intellectualibus,
1565 175 1606 210 ut
1631 175 1838 211 ostensum

223 230 283 262 est
304 225 351 269 (c.
372 224 444 269 53),
468 226 580 259 actus
600 224 660 258 est
677 221 808 267 ipsum
830 231 918 258 esse
936 233 944 265 ;
967 221 1054 266 ipsa
1066 224 1195 257 autem
1213 219 1437 257 substantia
1454 222 1514 256 est
1529 219 1834 266 sicutpotentia.

222 272 261 309 Si
284 271 403 316 igitur
424 268 648 306 substantia
665 267 944 306 intellectualis
960 269 1246 312 corrumpatur,
1268 266 1487 303 remanebit
1505 270 1596 312 post
1615 275 1729 304 suam
1751 276 1836 304 cor-

222 318 469 363 ruptionem;
493 315 599 362 quod
619 318 680 352 est
709 315 874 352 omnino
895 313 1157 361 impossibile.
1179 313 1317 350 Omnis
1338 313 1459 360 igitur
1479 313 1702 350 substantia
1721 313 1836 350 intel·

222 363 405 401 lectualis
426 366 485 399 est
504 362 830 407 incorruptibilis.

268 412 370 453 Item,
392 410 431 446 in
453 409 560 445 omni
585 409 691 456 quod
709 409 987 455 corrumpitur,
1009 410 1163 455 oportet
1183 407 1288 455 quod
1310 408 1361 444 sit
1376 407 1550 454 potentia
1564 407 1612 445 ad
1627 416 1706 445 non
1727 417 1831 445 esse.

223 457 262 494 Si
283 457 377 503 quid
398 456 518 503 igitur
539 455 661 493 estin
693 464 773 502 quo
805 465 886 493 non
915 459 976 493 est
1006 455 1182 501 potentia
1202 454 1252 492 ad
1282 463 1361 491 non
1386 463 1488 498 esse,
1512 455 1587 491 hoc
1609 464 1688 492 non
1708 458 1839 501 potest

223 513 312 541 esse
331 503 600 549 corruptibile.
622 504 667 540 In
688 502 911 540 substantia
938 505 1069 539 autem
1100 501 1357 540 intellectuali
1388 510 1469 539 non
1499 505 1560 538 est
1592 502 1768 548 potentia
1788 502 1837 540 ad

222 560 305 588 non
336 559 442 587 esse.
469 550 719 587 Manifestum
752 553 812 587 est
844 549 949 586 enim
977 559 1024 585 ex
1053 548 1168 586 dictis
1190 548 1239 595 (c.
1269 548 1328 595 54)
1361 549 1466 595 quod
1487 549 1709 586 substantia
1737 558 1841 586 com·

222 598 328 645 pleta
345 601 406 634 est
424 597 628 644 proprium
649 596 919 643 susceptivum
939 596 1067 641 ipsius
1084 604 1185 632 esse.
1202 596 1406 641 Proprium
1419 600 1550 633 autem
1566 596 1837 642 susceptivum

223 644 393 691 alicujus
428 648 541 681 actus
572 644 628 680 ita
659 647 910 689 comparatur
939 646 980 679 ut
1004 643 1179 689 potentia
1208 643 1256 679 ad
1283 646 1411 679 actum
1443 643 1571 688 illum,
1599 644 1705 690 quod
1726 643 1838 681 nullo

222 691 342 729 modo
366 695 425 728 cst
453 691 494 728 in
514 691 692 738 potentia
711 690 760 728 ad
779 690 1032 737 oppositum;
1054 689 1157 726 sicut
1177 689 1283 736 ignis
1310 689 1365 726 ita
1394 693 1645 735 comparatur
1664 690 1712 726 ad
1733 690 1839 727 calo-

222 748 307 776 rem
337 744 379 776 ut
402 738 575 784 potentia
607 737 655 775 ad
680 741 825 783 actum,
857 736 963 790 quod
992 736 1243 789 nullo-inodo
1273 740 1333 773 est
1358 737 1397 772 in
1419 736 1596 788 potentia
1615 737 1663 773 ad
1685 737 1837 783 frigus3

222 785 328 823 unde
361 795 434 822 nec
465 786 506 822 in
537 785 637 831 ipsis
668 785 903 822 substantiis
925 783 1197 830 corporalibus
1225 786 1283 821 est
1305 787 1481 829 potentia
1503 783 1551 820 ad
1573 793 1654 820 non
1673 793 1775 828 esse,
1797 784 1839 820 in

224 833 313 879 ipsa
326 831 550 870 substantia
561 834 769 879 completa,
791 832 869 869 nisi
890 831 1043 869 ratione
1055 831 1229 868 materiae
1245 830 1310 875 ;in
1328 829 1563 868 substantiis
1579 835 1710 868 autern
1731 831 1843 868 intel·

224 880 462 917 lectualibus
478 888 556 916 non
579 883 638 916 est
657 879 835 924 materia,
853 879 923 916 sed
935 879 1030 925 ipsae
1044 882 1136 916 sunt
1151 878 1383 915 substantiae
1397 878 1601 924 completae
1616 878 1833 924 simplices.

224 927 348 974 Igitur
365 927 406 963 in
424 927 483 965 eis
503 935 582 964 non
605 930 666 964 est
683 926 859 972 potentia
874 925 924 964 ad
945 934 1026 963 non
1046 934 1149 963 esse.
1173 926 1270 962 Sunt
1290 925 1411 972 igitur
1429 925 1765 972 incorruptibiles.

270 976 460 1016 Praeterea,
483 973 526 1011 in
545 973 861 1020 quibuscumque
885 976 945 1011 est
975 972 1211 1019 compositio
1242 972 1426 1018 potentiae
1461 975 1499 1009 et
1527 976 1652 1017 actus,
1672 973 1712 1010 id
1736 974 1842 1021 quod

226 1024 331 1057 tenet
352 1022 483 1058 locum
503 1021 640 1067 primae
661 1022 846 1067 potentiae
866 1020 949 1057 sive
974 1020 1090 1066 primi
1115 1019 1282 1066 subjecti
1309 1023 1369 1057 est
1389 1020 1687 1066 incorruptibile
1707 1032 1717 1061 ;
1735 1020 1840 1058 unde

226 1069 342 1105 etiam
360 1068 402 1105 in
423 1068 659 1106 substantiis
680 1067 1004 1113 corruptibilibus
1025 1066 1190 1104 materia
1203 1067 1330 1113 prima
1346 1067 1746 1113 estincorruptibilis.
1762 1068 1837 1105 Sed

227 1115 267 1151 in
290 1115 526 1153 substantiis
554 1114 889 1152 intellectualibus
916 1113 956 1151 id
987 1114 1093 1161 quod
1120 1117 1227 1150 tenet
1258 1114 1389 1151 locum
1424 1114 1560 1160 primae
1592 1115 1777 1160 potentiae
1809 1118 1846 1152 et

227 1162 409 1209 subjecti,
433 1166 493 1199 est
513 1162 599 1208 ipsa
632 1171 767 1198 eorum
801 1161 1025 1199 substantia
1053 1161 1261 1207 completa.
1283 1160 1408 1208 Igitur
1435 1161 1659 1198 substantia
1677 1162 1764 1208 ipsa
1784 1166 1844 1199 est

226 1209 555 1256 incorruptibilis.
575 1209 681 1246 Nihil
702 1213 832 1246 autem
853 1212 912 1245 est
933 1209 1187 1254 corruptibile
1208 1207 1287 1246 nisi
1314 1217 1384 1254 per
1415 1208 1490 1245 hoc
1520 1209 1623 1255 quod
1657 1218 1730 1246 sua
1749 1209 1843 1247 sub-

225 1257 374 1340 1stantia
395 1256 672 1301 corrumpitur.
693 1256 816 1302 Igitur
833 1265 973 1294 omnes
994 1255 1281 1293 intellectuales
1303 1259 1453 1293 naturae
1483 1259 1577 1292 sunt
1604 1256 1842 1303 incorrupti-

255 1314 264 1340 i
286 1312 341 1340 es.

272 1351 454 1395 Amplius,
479 1359 596 1387 omne
617 1350 722 1396 quod
740 1350 1017 1395 corrumpitur,
1033 1349 1094 1386 vel
1115 1349 1380 1395 corrumpitur
1392 1359 1462 1396 per
1473 1350 1604 1394 se,ve1
1623 1352 1843 1397 corrumpi·

227 1400 292 1433 tur
311 1406 380 1443 per
400 1397 599 1434 accidens.
623 1397 860 1434 substantiae
882 1400 1012 1433 autem
1028 1396 1317 1433 intellectuales
1337 1405 1417 1433 non
1434 1401 1604 1443 possunt
1619 1407 1687 1444 per
1705 1407 1747 1435 se
1763 1407 1844 1435 cor-

226 1444 370 1489 rumpi.
405 1444 543 1481 Omnis
580 1444 685 1480 enim
718 1443 918 1489 corruptio
945 1446 1006 1480 est
1039 1453 1062 1480 a
1094 1443 1320 1487 contrario;
1354 1453 1477 1490 agens
1500 1444 1619 1489 enim,
1641 1454 1731 1482 cum
1754 1449 1846 1492 agat

225 1490 448 1528 secundum
469 1490 573 1537 quod
595 1494 655 1527 est
674 1499 746 1528 ens
767 1494 870 1531 actu,
888 1499 1044 1536 semper
1064 1489 1219 1537 agendo
1237 1490 1345 1527 ducit
1364 1490 1412 1527 ad
1433 1491 1594 1537 aliquod
1615 1500 1704 1529 esse
1725 1496 1814 1529 actu
1832 1504 1842 1538 3

227 1538 332 1575 unde
351 1538 384 1574 si
406 1547 475 1583 per
497 1538 724 1584 liuJusmodi
741 1547 829 1575 esse
851 1541 940 1574 actu
961 1537 1112 1584 aliquid
1128 1542 1403 1583 corrumpatur
1420 1537 1609 1575 desinens
1628 1548 1718 1576 esse
1737 1543 1842 1584 actu,

227 1589 383 1631 oportet
403 1584 507 1631 quod
530 1585 605 1622 hoc
626 1585 832 1631 contingat
850 1594 920 1630 per
945 1584 1262 1621 contrarietatem
1281 1593 1418 1622 eorum
1451 1585 1501 1622 ad
1535 1585 1704 1623 invicem
1723 1598 1731 1631 ;
1753 1595 1847 1624 narn

228 1632 426 1669 contraria
445 1635 539 1669 sunt
556 1641 642 1678 quae
663 1635 801 1669 mutuo
817 1641 859 1669 se
874 1632 1074 1678 expellunt
1090 1644 1098 1676 ;
1115 1635 1151 1668 et
1171 1635 1329 1678 propter
1349 1632 1424 1670 hoc
1439 1637 1593 1678 oportet
1607 1642 1723 1671 omne
1737 1634 1844 1680 quod

229 1679 495 1724 corrumpitur
514 1689 582 1725 per
602 1688 660 1722 se,
680 1679 741 1716 vel
760 1679 904 1716 habere
916 1680 1172 1723 contrarium,
1193 1679 1253 1715 vel
1274 1688 1363 1716 esse
1384 1689 1431 1716 ex
1451 1681 1660 1718 contrariis
1680 1690 1842 1727 compo-

229 1727 362 1763 situm.
385 1728 574 1763 Neutrum
596 1729 727 1763 autem
749 1726 891 1763 horum
912 1725 1495 1764 substantiisintellectualibus
1510 1728 1707 1773 convenit,
1725 1729 1839 1775 cujus

228 1773 389 1819 signum
407 1777 466 1810 est
484 1773 591 1820 quia,
606 1773 648 1809 in
664 1773 880 1812 intellectu,
895 1782 941 1809 ea
955 1774 1072 1809 etiam
1087 1782 1173 1820 quae
1186 1773 1405 1810 secundum
1421 1783 1534 1811 suam
1549 1779 1730 1812 naturam
1747 1779 1844 1813 sunt

228 1820 428 1857 contraria
457 1819 645 1857 desinunt
676 1828 765 1857 esse
795 1820 1005 1856 contraria.
1028 1820 1169 1857 Album
1189 1820 1296 1857 enim
1328 1824 1366 1857 et
1396 1821 1554 1867 nigrum
1575 1822 1617 1858 in
1637 1822 1842 1861 intellectu

230 1875 312 1903 non
331 1870 423 1903 sunt
445 1866 669 1911 contraria;
690 1875 770 1903 non
789 1866 894 1903 enim
919 1875 961 1903 se
983 1866 1196 1913 expellunt,
1210 1866 1290 1904 imo
1312 1868 1441 1914 magis
1465 1877 1508 1906 se
1529 1873 1843 1916 consequuntur.

229 1915 302 1950 Per
321 1913 564 1950 intellectum
588 1914 692 1950 enim
725 1914 846 1950 unius
878 1922 1015 1950 eorum
1047 1913 1283 1960 intelligitur
1311 1914 1432 1952 aliud.
1462 1915 1698 1954 substantiae
1719 1916 1842 1964 igitur

228 1960 516 1998 intellectuales
537 1969 615 1997 non
640 1964 734 1997 sunt
754 1960 1030 2007 corruptibiles
1060 1970 1128 2006 per
1147 1969 1203 1998 se.
1231 1961 1421 1999 Similiter
1449 1966 1581 2000 autem
1612 1972 1740 2010 neque
1771 1972 1844 2011 per

228 2007 415 2045 accidens
435 2019 444 2052 ;
463 2008 522 2045 sic
542 2008 647 2044 enirn
668 2011 974 2054 corrumpuntur
994 2008 1214 2045 accidentia
1234 2012 1270 2044 et
1298 2008 1436 2047 sormae
1456 2018 1538 2047 non
1557 2010 1841 2050 subsistentes.

229 2056 442 2093 ostensum
463 2058 524 2093 est
542 2058 673 2092 autem
693 2064 814 2100 supra
833 2056 934 2101 (cap.
955 2055 1014 2102 51)
1036 2055 1141 2102 quod
1171 2055 1404 2093 substantiae
1430 2056 1719 2096 intellectuales
1751 2061 1845 2097 sunt

229 2101 510 2139 subsistentes.
533 2102 630 2139 Sunt
645 2102 767 2149 igitur
787 2098 950 2140 ommno
971 2102 1307 2149 incorruptibiles.

274 2148 420 2190 Adhuc,
454 2149 653 2195 corruptio
683 2154 744 2186 est
767 2150 933 2187 mutatio
963 2149 1157 2196 quaedam,
1179 2159 1298 2196 quam
1324 2155 1477 2196 oportet
1509 2161 1598 2190 esse
1629 2152 1845 2191 terminum

229 2200 377 2240 motus,
399 2199 443 2233 ut
461 2196 503 2233 in
521 2196 687 2242 Physicis
719 2196 825 2242 (text.
850 2206 996 2233 comm.
1020 2197 1058 2242 7)
1087 2201 1147 2234 est
1166 2197 1401 2242 probatum3
1431 2199 1536 2237 unde
1565 2203 1720 2246 oportet
1738 2200 1845 2252 quod

228 2252 348 2281 omne
368 2242 475 2290 quod
504 2243 771 2290 corrumpitur
791 2247 1007 2281 moveatur.
1031 2244 1245 2281 ostensum
1273 2248 1405 2283 autem
1436 2249 1497 2283 est
1524 2247 1565 2284 in
1595 2247 1845 2285 naturalibus

231 2290 355 2337 (Phis.
375 2299 431 2334 vr,
452 2293 546 2328 text.
569 2299 712 2328 comm.
734 2290 792 2337 36)
814 2291 917 2337 quod
940 2300 1056 2328 omne
1075 2292 1180 2337 quod
1200 2294 1381 2330 movetur
1412 2296 1474 2330 est
1501 2302 1659 2340 corpus.
1687 2295 1848 2341 Oportet

230 2338 352 2384 igitur
371 2346 489 2374 omne
509 2338 615 2384 quod
636 2339 901 2384 corrumpitur
929 2347 1018 2375 esse
1041 2347 1200 2385 corpus,
1225 2338 1260 2376 si
1287 2348 1357 2386 per
1391 2349 1437 2378 se
1466 2345 1754 2388 corrumpatur,
1783 2341 1846 2379 vel

229 2385 404 2431 aliquam
426 2385 594 2422 formam
621 2393 694 2423 seu
725 2385 910 2422 virtutem
942 2385 1121 2431 corporis
1142 2395 1165 2422 a
1192 2395 1356 2433 corpore
1387 2387 1687 2435 dependentem,
1707 2389 1741 2426 si
1763 2397 1846 2425 cor-

230 2435 436 2483 rumpatur
454 2441 524 2478 per
541 2432 740 2470 accidens.
756 2432 992 2470 Substantiae
1007 2435 1137 2469 autem
1153 2433 1440 2472 intellectuales
1455 2444 1536 2472 non
1553 2439 1646 2473 sunt
1663 2443 1843 2481 corpora,

230 2487 360 2525 neque
386 2482 565 2520 virtutes,
591 2488 663 2517 seu
695 2479 832 2518 formae
864 2489 888 2517 a
916 2488 1080 2526 corpore
1108 2479 1390 2525 dependentes.
1411 2484 1512 2529 Ergo
1539 2492 1667 2530 neque
1698 2491 1768 2528 per
1801 2491 1846 2520 se

231 2533 358 2571 neque
378 2534 448 2572 per
466 2526 652 2564 accidens
673 2530 993 2573 corrumpuntur.
1013 2527 1113 2564 Sunt
1132 2527 1254 2574 igitur
1275 2529 1439 2566 omnino
1460 2529 1795 2574 incorruptibiles.

277 2573 378 2616 Item,
395 2581 513 2625 omne
529 2574 636 2621 quod
650 2575 929 2621 corrumpitur,
943 2574 1210 2620 corrumpitur
1225 2584 1294 2621 per
1308 2576 1384 2614 hoc
1398 2576 1504 2624 quod
1519 2575 1668 2623 aliquid
1684 2577 1842 2622 patitur.

231 2619 329 2670 Nam
345 2622 382 2655 et
396 2628 528 2665 ipsum
541 2621 742 2668 corrumpi
760 2625 821 2659 est
832 2621 1030 2669 quoddam
1043 2622 1137 2668 pati.
1150 2622 1267 2660 Nulla
1284 2626 1415 2660 autem
1430 2622 1654 2661 substantia
1666 2622 1843 2661 intellec-

232 2664 353 2702 tualis
368 2670 498 2711 potest
508 2667 587 2713 pati
604 2668 672 2706 tali
689 2669 879 2715 passione
899 2678 986 2716 quae
1000 2668 1118 2706 ducat
1134 2668 1183 2707 ad
1199 2669 1516 2716 corruptionem3
1538 2678 1628 2706 nam
1646 2669 1724 2715 pati
1745 2671 1843 2708 reci·

233 2720 324 2758 pere
339 2708 537 2764 quoddam
553 2716 632 2766 est-3
644 2715 751 2762 quod
765 2720 897 2753 autem
911 2715 1099 2763 recipitur
1111 2715 1155 2754 in
1168 2716 1673 2761 substantiaintellectuali,
1691 2721 1846 2764 oportet

231 2758 341 2805 quod
371 2763 585 2811 recipiatur
607 2770 648 2798 in
675 2771 723 2799 eo
748 2772 818 2808 per
844 2762 1006 2800 modum
1025 2762 1169 2809 ipsius,
1200 2762 1354 2801 scilicet
1371 2762 1704 2810 intelligibiliter;
1738 2764 1846 2812 quod

233 2813 326 2858 yero
347 2813 467 2843 sicin
499 2806 724 2845 substantia
753 2809 1011 2847 intellectuali
1041 2810 1242 2856 recipitur,
1264 2812 1325 2848 est
1342 2808 1551 2856 perficiens
1580 2811 1846 2850 substantiam

235 2852 542 2893 intellectualem
579 2857 620 2893 et
652 2863 735 2894 non
772 2864 1031 2904 corrumpens
1074 2865 1161 2895 eam
1182 2867 1194 2902 ;
1225 2855 1477 2904 intelligibile
1518 2857 1623 2896 enim
1663 2863 1724 2898 est
1758 2867 1846 2908 per-
