1803 3223
3 424 175 470 vitasset,
189 417 234 458 et
247 411 336 462 ipse
367 415 412 446 se

4 487 157 542 Joloqia,
192 474 306 531 quod
335 470 493 511 dictare

4 555 92 602 zi...
112 542 280 590 dimisso
300 545 376 576 suo
397 528 552 575 studio,

6 619 61 658 lla
79 604 343 658 conceperat,
365 593 538 639 accessit
567 588 619 629 ad
640 591 798 635 regem.

574 531 672 564 cum
692 517 763 557 illa
797 503 1113 559 imaginatione,
1147 503 1231 545 qua

819 576 944 617 Juxta
962 574 1089 619 quem
1119 558 1302 599 existens
1320 550 1366 589 in
1396 550 1557 587 mensa,

657 652 846 689 mensam
864 629 1082 689 percussit,
1096 628 1140 665 et
1152 620 1279 661 dixit:
1295 610 1449 653 «Modo
1470 614 1567 646 oon-

765 701 917 747 niehaei
937 714 975 738 ».
995 693 1173 734 Sanctus
1190 678 1443 724 Ludovious‚
1462 677 1571 710 nova

774 764 942 812 Parisiis
961 768 1071 801 anno
1091 751 1197 793 1270
1216 741 1403 787 discessit
1432 735 1572 776 kalen·

6 682 92 721 bito
110 673 283 716 veritate
303 663 399 706 fidei
417 657 635 708 inspirata,

5 745 165 784 elusum
197 738 260 776 est
293 731 440 771 eontra
472 723 678 762 haeresem
695 711 763 752 Ma

16 806 246 846 Saracenos
264 790 528 846 expeditione
548 780 755 829 suscepta,

6 882 23 909 s
42 865 218 913 martiis,
240 865 288 901 ut
302 856 430 899 hahet
449 836 777 896 Chronoqraphia

0 943 75 975 uno
95 929 198 970 1269
219 918 518 972 remigraverat
547 909 745 950 ThomaS‚
766 899 924 938 iterum
955 888 1008 928 ad
1039 877 1274 933 regendum
1303 862 1578 920 Gymnasium

9 1256 150 1293 'ummae
168 1247 210 1287 in
232 1238 438 1293 Theoloqia
456 1249 496 1276 ».
600 1220 603 1224 ¹

979 1288 1008 1315 n
1023 1284 1074 1314 eo
1091 1278 1176 1321 quo
1190 1259 1436 1304 utebantur,
1451 1248 1597 1291 codiee

34 1310 225 1357 Bollandi
245 1305 564 1350 continuatores
582 1296 683 1335 nota
703 1277 976 1330 admonent,i

892 1357 933 1384 η.
970 1331 1212 1383 Theologiae
1245 1316 1546 1371 compendium
1575 1321 1601 1349 a

10 1394 65 1422 ns.
102 1376 201 1430 legi,
239 1373 409 1425 propter
439 1365 612 1406 Summae
642 1347 891 1405 Compemlz‘uv

893 1407 1082 1449 estantur
1104 1412 1115 1438 ε
1136 1394 1325 1441 illudque
1344 1386 1455 1425 inter
1467 1380 1602 1427 Opus·-

10 1448 154 1487 :homa
172 1439 432 1481 confectum,
451 1431 613 1470 veteres
631 1420 855 1468 scriptores
871 1414 890 1450 t

11 1511 90 1551 :ula
106 1506 281 1559 prostat.
302 1499 383 1541 Sed
418 1496 514 1535 haeo
533 1497 660 1540 opera
692 1481 822 1522 levior
851 1474 918 1525 (ut
943 1467 1070 1509 habet
1100 1456 1318 1502 Eehardus
1351 1450 1397 1488 in
1422 1442 1534 1484 notis
1554 1437 1606 1477 ad

11 1574 182 1626 ‘logium
208 1559 439 1618 Aquinatis)
477 1565 564 1596 non
593 1546 827 1600 legitimam
855 1531 1105 1587 praebuisset
1135 1516 1465 1563 exeusationem,
1501 1506 1550 1543 ut
1584 1511 1633 1544 a,

12 1647 144 1679 neusa
164 1632 272 1684 regis
289 1639 333 1669 se
351 1619 585 1673 retraheret
601 1627 611 1654 :
627 1619 766 1661 neque
782 1610 927 1644 tamen
939 1586 1207 1635 inverisimile
1230 1581 1395 1620 videtur
1424 1570 1614 1619 Compen-

13 1704 64 1743 dm
83 1695 291 1749 theolo9ico
311 1690 440 1731 etiam
459 1690 552 1724 tum
573 1675 803 1720 allaborare
824 1658 1037 1705 subsicivis
1057 1651 1171 1694 horis
1191 1644 1375 1699 potuisse
1388 1637 1612 1677 Thomam.

1131 1924 1210 1956 ATA
1239 1917 1351 1950 SIMUL
1370 1905 1594 1944 GONJUNGTAE
1614 1905 1625 1930 ζ

474 1952 668 1988 ΗΕΟΒΟΕΙΑ
686 1940 898 1978 NATURALIS
930 1934 978 1965 ET
1004 1927 1129 1961 RELEV

1135 1985 1301 2019 RVATUR.
1335 1966 1631 2009 COMMENTARIUS

30 2066 32 2068 -
70 2042 120 2074 AG
149 2032 354 2069 METEODUS
382 2026 469 2063 QUAE
496 2023 535 2053 IN
575 2011 755 2049 UTRAQUE
785 1995 1047 2038 lLLUSTRANDA
1087 1992 1130 2021 SE

35 2120 38 2123 ’
72 2100 272 2139 FRANCISGI
312 2088 523 2126 SILVESTRI.

78 2222 112 2261 Ι.
133 2219 181 2258 In
211 2213 340 2254 libros
367 2207 550 2257 quatuor
579 2194 789 2236 tributum
816 2197 840 2224 a
859 2176 1119 2222 sanctissimo
1150 2168 1322 2209 auctore
1341 2155 1502 2210 prostat
1521 2156 1637 2198 opus.

1101 2278 1110 2281 ,
1518 2245 1526 2262 ,
1549 2219 1644 2262 quae,

26 2282 211 2337 Singulis
233 2272 499 2329 praemissum
517 2261 669 2314 legitur
686 2263 804 2307 prooe

959 2622 1146 2677 exponit,
1187 2627 1236 2657 ao
1284 2608 1468 2651 vindieat
1500 2597 1663 2641 duobus

557 2722 606 2752 ao
623 2705 740 2749 tertii
759 2702 892 2753 parte.
917 2693 1094 2737 Tuetur,
1116 2694 1164 2725 ao
1185 2678 1370 2721 illustrat
1386 2670 1493 2712 libro
1514 2663 1665 2715 quarto

803 2760 930 2803 uralis
948 2757 1050 2803 vim,
1081 2747 1350 2803 potestatem,
1371 2740 1414 2778 et
1437 2728 1666 2775 efficaciam

811 2828 1060 2869 ersonarum
1082 2811 1265 2858 trinitaS,
1286 2802 1381 2847 Filii
1409 2794 1601 2840 divinitas
1628 2790 1672 2828 et
