1894 3223
778 135 862 170 LlB.
892 135 949 177 lV,
979 135 1077 170 CAP.
1106 135 1175 170 LV.
1697 137 1763 173 5825

151 218 230 256 ret:
254 217 412 260 propter
431 212 537 260 quod
558 213 643 260 ipse
664 215 855 252 Dominus
875 215 969 252 dicit
992 224 1000 249 :
1022 216 1235 261 Eoeemplum
1263 215 1347 252 dedi
1376 216 1492 261 vobis,
1523 218 1566 252 ut
1596 218 1766 262 quemad-

147 262 292 297 modum
311 271 373 305 090
390 261 460 304 feci
478 261 590 300 cobis,
611 263 665 297 ita
681 265 784 297 οἰνος
799 262 1137 307 f‹1cz·aeis.(J0ann.,
1159 271 1246 306 xm,
1270 263 1344 308 15.)

195 309 295 351 item,
315 308 417 344 sicut
441 307 649 346 virtutibus
670 308 790 346 homo
809 308 859 345 ad
885 309 1164 345 beatitudinem
1185 309 1421 355 disponitur,
1443 310 1496 346 ita
1526 312 1564 346 et
1593 311 1763 355 peccatis

148 354 374 400 impeditur.
404 356 611 392 Peccatum
631 359 776 399 autem,
792 356 924 392 virtuti
944 356 1186 393 contrarium
1204 356 1529 402 impedimentum
1552 356 1663 394 affert
1678 357 1768 396 bea-

148 401 570 445 titudini,no11solum
593 402 924 439 inordinationem
956 402 1167 449 quamdam
1198 404 1340 439 animze
1371 403 1586 445 inducens,
1625 413 1767 442 secun-

149 447 243 486 dum
263 448 369 494 quod
389 457 475 484 cam
497 449 544 485 ab
567 449 704 486 ordine
719 449 838 486 debiti
860 449 952 486 sinis
972 449 1146 494 abducit,
1167 450 1236 486 sed
1258 450 1376 486 ctiam
1400 451 1523 486 Deum
1544 450 1766 497 oiscndens,

148 503 173 532 a
189 503 269 541 quo
288 495 545 532 beatitudinis
564 496 767 542 praeniiiim
792 499 1054 541 exspectatur,
1075 496 1297 533 secundum
1318 496 1423 543 quod
1443 498 1546 534 Deus
1573 497 1767 535 humano-

146 549 236 579 rum
257 546 415 579 actuum
438 552 571 579 curam
592 542 731 587 habet;
753 546 791 579 et
809 547 1012 589 peccatum
1034 543 1275 581 contrarium
1309 547 1371 580 est
1401 543 1581 580 charitati
1613 544 1765 589 divinae,

146 592 191 626 ut
208 588 364 635 plenius
385 593 591 626 ostensum
613 589 810 634 cst(l.111‚
833 599 867 627 0.
891 590 998 636 155);
1032 594 1070 626 et
1099 590 1275 636 insuper,
1309 589 1429 634 hujus
1465 590 1627 628 offensa}
1648 590 1768 629 homo

147 636 437 674 conscientiam
457 637 622 681 liabens,
644 645 713 683 per
740 640 945 682 peccatum
967 636 1152 674 fiduciam
1174 636 1387 674 accedendi
1402 636 1449 673 ad
1472 639 1595 675 Deum
1611 639 1766 684 amittit,

146 691 236 729 quae
257 684 484 720 necessaria
503 686 561 720 est
591 683 639 720 ad
659 683 939 720 beatitudinem
961 684 1298 732 consequendam.
1321 684 1595 721 Necessarium
1617 689 1677 721 est
1695 685 1766 733 igi-

147 733 212 766 tur
231 729 406 766 humano
425 731 576 776 generi,
597 730 703 777 quod
724 731 893 776 peccatis
911 730 1099 775 abundat,
1121 735 1164 767 ut
1181 731 1216 767 ei
1240 731 1456 767 remedium
1472 731 1632 776 aliquod
1656 732 1766 769 adhi-

146 776 287 814 beatur
306 781 444 814 contra
463 780 635 823 peccata.
659 779 738 814 Hoc
763 780 893 814 autem
914 778 1131 814 remedium
1153 777 1327 814 adhiberi
1350 786 1430 813 non
1452 780 1582 823 potest
1599 779 1675 814 nisi
1699 788 1767 825 per

145 825 286 867 Deum,
308 824 373 870 qui
394 828 432 860 et
449 825 690 861 voluntatem
722 824 897 861 hominis
926 833 1082 861 movere
1112 828 1242 871 potest
1268 825 1310 860 in
1342 824 1490 861 bonum
1522 828 1566 861 ut
1596 834 1681 862 eam
1719 825 1766 863 ad

145 870 322 907 debitum
343 871 522 908 ordinem
542 871 716 915 reducat,
737 875 775 908 et
792 871 985 908 oil'ensam
1008 872 1048 908 in
1065 881 1107 908 se
1123 871 1380 908 commissam
1396 874 1526 917 potest
1545 873 1765 917 remittere;

146 916 304 954 offensa
320 918 425 954 enim
445 927 524 955 non
545 918 756 955 remittitur
773 918 848 955 nisi
881 927 949 964 per
969 927 1058 955 eum
1086 919 1127 954 in
1155 928 1271 965 quem
1308 917 1463 955 offensa
1493 919 1763 956 committitur.

145 963 203 1001 Ad
222 963 298 1001 hoc
316 968 448 1001 autem
470 965 574 1011 quod
596 965 716 1002 homo
734 975 758 1002 a
771 966 1014 1002 conscientia
1028 964 1192 1002 offensae
1208 966 1413 1011 przeteritae
1431 965 1632 1010 liberetur,
1655 974 1767 1012 opor-

145 1013 202 1048 tet
221 1011 325 1057 quod
348 1012 423 1049 sibi
445 1012 492 1048 de
513 1012 750 1049 remissione
782 1011 945 1049 offensae
978 1021 1047 1058 per
1078 1014 1200 1049 Deum
1229 1015 1397 1049 constet.
1430 1014 1517 1049 Non
1547 1016 1678 1049 autem
1700 1022 1768 1059 per

144 1059 421 1096 certitudinem
443 1059 478 1095 ei
500 1062 682 1095 constare
703 1062 846 1105 potest,
864 1059 938 1096 nisi
960 1068 983 1095 a
1002 1061 1081 1096 Deo
1096 1059 1233 1097 dehoc
1254 1059 1502 1096 certificetur.
1519 1060 1766 1097 conveniens

144 1105 270 1151 igitur
290 1106 364 1142 fuit
383 1109 420 1142 et
439 1105 613 1142 humano
640 1106 774 1152 generi
804 1106 853 1143 ad
883 1105 1166 1142 beatitudinem
1198 1106 1522 1152 consequendam
1552 1106 1766 1152 expediens

145 1151 252 1198 quod
270 1153 374 1189 Deus
394 1151 504 1188 fieret
523 1152 657 1195 homo,
681 1157 722 1189 ut
742 1153 798 1189 sic
818 1155 857 1189 et
879 1153 1157 1190 remissionem
1179 1157 1434 1198 pcccatorum
1455 1157 1768 1199 consequeretur

143 1207 216 1244 per
235 1200 357 1236 Deum
380 1203 417 1235 et
437 1198 556 1244 liujus
577 1199 828 1236 remissionis
849 1199 1128 1236 certitudinem
1147 1199 1310 1237 haberet
1324 1208 1393 1244 per
1408 1199 1611 1236 hominem
1628 1202 1766 1237 Deum.

145 1245 255 1282 Unde
276 1249 315 1282 et
334 1245 419 1292 ipse
441 1246 633 1283 Dominus
653 1245 745 1282 dicit
765 1258 773 1282 :
799 1248 844 1282 Ut
862 1249 981 1282 autem
1007 1248 1131 1282 sciatis
1151 1248 1239 1291 quia
1267 1246 1382 1282 Filius
1406 1246 1560 1282 hominis
1580 1247 1687 1283 habet
1703 1257 1767 1292 po-

144 1294 308 1329 testatem
326 1294 367 1328 in
385 1295 483 1328 terra.
505 1293 714 1328 dimittendi
727 1296 878 1338 peccata
897 1293 1059 1339 (Maon,
1080 1301 1136 1339 lx,
1158 1294 1209 1340 6),
1231 1296 1304 1331 etc.
1326 1305 1336 1338 ;
1368 1297 1406 1330 et
1430 1293 1645 1339 Apostolus
1673 1293 1769 1331 dicit

143 1339 252 1386 quod
271 1341 422 1384 sanquis
441 1340 620 1377 Christi...
648 1341 858 1376 emundabit
876 1342 1130 1376 conscientiam
1148 1343 1309 1376 nostram
1334 1340 1380 1376 ab
1408 1341 1577 1386 operibus
1601 1343 1765 1381 mortuis,

146 1386 196 1423 ad
211 1387 437 1423 serviendum
457 1389 526 1423 Deo
545 1389 693 1423 viventi.
726 1387 864 1433 (Helm,
886 1396 941 1431 lx,
965 1388 1038 1434 14.)

192 1433 338 1478 Adhuc,
362 1443 409 1470 ex
428 1433 638 1472 traditione
660 1434 843 1471 Ecclesiae
861 1434 1049 1471 docemur
1065 1437 1192 1471 totum
1214 1435 1432 1472 humanum
1453 1443 1581 1482 genus
1607 1438 1768 1481 peccato

144 1489 237 1518 esse
257 1480 461 1518 infectum.
485 1480 607 1518 Habet
625 1485 757 1518 autem
779 1481 854 1518 hoc
869 1481 966 1518 ordo
987 1481 1129 1519 divinae
1147 1482 1322 1527 justitiae,
1345 1484 1388 1519 ut
1415 1491 1464 1518 ex
1495 1483 1769 1527 superioribus

141 1527 266 1573 (l.111,
289 1537 322 1564 c.
348 1527 428 1573 158)
445 1530 562 1573 patet,
582 1528 688 1575 quod
724 1531 928 1575 peccatum
963 1528 1049 1565 sine
1083 1529 1356 1565 satisfactione
1391 1537 1473 1565 non
1501 1529 1721 1566 remittatur
1747 1538 1770 1568 a

145 1576 241 1612 Deo.
264 1574 498 1612 satisfacere
518 1578 648 1612 autem
666 1584 736 1620 pro
757 1579 919 1622 peccato
945 1576 1067 1613 totius
1094 1576 1257 1612 humani
1292 1575 1449 1622 generis
1480 1576 1614 1613 nullus
1647 1576 1768 1614 homo

143 1629 270 1706 Eurus
290 1624 455 1668 poterat,
475 1622 567 1668 quia
587 1622 750 1669 quilibet
770 1623 890 1659 homo
910 1632 1034 1669 purus
1055 1622 1201 1669 aliquid
1233 1623 1368 1659 minus
1403 1625 1464 1659 est
1494 1626 1577 1659 tota
1608 1624 1767 1669 generis

176 1669 309 1706 umani
328 1668 596 1706 universitate.
616 1670 794 1715 oportuit
813 1670 945 1714 igitur,
967 1669 1016 1707 ad
1036 1668 1112 1707 hoc
1132 1669 1238 1716 quod
1252 1670 1470 1707 humanum
1491 1679 1620 1716 genus
1641 1680 1663 1707 a
1684 1680 1769 1716 pec-

145 1720 234 1753 cato
256 1716 458 1753 communi
478 1716 723 1762 liberaretur,
747 1717 853 1764 quod
872 1717 1019 1764 aliquis
1042 1716 1293 1754 satisfaceret
1325 1717 1392 1763 qui
1424 1719 1464 1753 et
1490 1717 1609 1753 homo
1643 1722 1764 1762 esset,

142 1763 209 1800 cui
231 1763 433 1800 satisfacio
452 1766 703 1809 competeret,
725 1767 763 1801 et
783 1764 929 1810 aliquid
949 1763 1304 1810 supra-hominem,
1320 1766 1365 1800 ut
1381 1763 1467 1810 ejus
1486 1764 1670 1801 meritum
1686 1764 1767 1801 suf-

141 1809 282 1847 ficiens
303 1812 409 1847 esset
425 1810 473 1847 ad
493 1810 819 1848 satisfaciendum
839 1819 910 1856 pro
929 1815 1091 1857 peccato
1108 1811 1229 1848 totius
1258 1811 1422 1847 humani
1452 1811 1623 1857 generis.
1644 1811 1768 1858 Majus

143 1861 276 1894 autem
296 1856 458 1894 homine
479 1860 669 1904 quantum
690 1858 738 1895 ad
759 1857 937 1895 ordinem
957 1858 1217 1895 beatitudinis
1232 1858 1331 1894 nihil
1352 1858 1501 1895 estnisi
1519 1858 1632 1895 solus
1648 1860 1765 1903 Deus;

141 1913 236 1942 nam
253 1904 396 1951 angeli,
415 1904 505 1941 licet
523 1905 605 1941 sint
624 1905 852 1951 superiores
875 1907 1066 1952 quantum
1099 1904 1148 1942 ad
1183 1905 1450 1942 conditionem
1487 1908 1650 1950 naturae,
1685 1914 1765 1943 non

144 1954 277 1988 tamen
298 1954 489 1997 quantum
510 1952 558 1989 ad
585 1952 763 1989 ordinem
780 1952 887 1996 finis,
909 1953 1002 1999 quia
1021 1951 1161 1989 eodem
1181 1951 1468 1989 beatificantur.
1490 1953 1766 1990 Necessarium

144 1998 265 2045 igitur
285 1998 358 2035 fuit
378 1998 543 2043 homini,
564 1999 613 2036 ad
633 1999 916 2037 beatitudinem
931 1999 1270 2045 consequendam,
1286 1999 1391 2046 quod
1408 2001 1511 2036 Deus
1526 2000 1646 2036 homo
1659 2000 1768 2036 tieret

144 2045 192 2082 ad
213 2048 417 2090 peccatum
436 2045 601 2082 humani
622 2046 780 2094 generis
800 2046 1035 2083 tollendum.
1056 2048 1099 2083 Et
1117 2046 1194 2083 hoc
1211 2048 1272 2083 est
1287 2046 1393 2093 quod
1407 2048 1580 2084 Joannes
1595 2047 1768 2092 Baptista

144 2091 240 2129 dixit
261 2091 308 2129 de
327 2091 479 2129 Christo
502 2104 510 2128 :
531 2094 619 2128 Ecce
634 2093 764 2138 Aqnus
780 2094 858 2137 Dei,
889 2103 964 2129 ecce
995 2095 1060 2138 qui
1086 2093 1180 2129 tollit
1204 2096 1391 2138 peccatum
1409 2093 1539 2128 mundi
1560 2093 1716 2140 (Jocznn.‚
1738 2103 1765 2138 1,

142 2138 226 2185 29);
249 2142 287 2175 et
303 2138 517 2184 Apostolus
535 2138 629 2175 dicit
649 2151 658 2176 ε
690 2140 810 2184 Igitur
828 2141 922 2175 sicut
944 2150 1012 2184 per
1033 2142 1140 2175 unius
1160 2140 1328 2176 delictum
1346 2141 1387 2175 in
1402 2150 1520 2176 omnes
1552 2141 1709 2177 homines
1728 2142 1768 2176 in

143 2186 482 2278 condemnationem,
504 2187 555 2222 sic
575 2189 609 2222 et
622 2196 691 2232 per
709 2188 819 2223 unius
832 2186 1021 2231 justitiam
1034 2188 1075 2222 in
1092 2196 1212 2224 omnes
1229 2187 1388 2223 homines
1405 2188 1447 2222 in
1468 2187 1766 2232 justificationem

141 2234 239 2270 vitae.
272 2234 388 2276 Rom„
409 2241 451 2277 V,
469 2234 524 2269 18.

192 2280 280 2317 Haec
298 2279 419 2327 igitur
438 2232 590 2316 sunt)et
609 2279 755 2317 similia
773 2288 820 2316 ex
836 2279 982 2326 quibus
1000 2280 1145 2327 aliquis
1165 2280 1372 2326 concipere
1386 2284 1515 2327 potest
1535 2289 1614 2318 non
1637 2281 1763 2318 fuisse

143 2327 413 2374 incongruum
432 2326 599 2363 bonitati
620 2326 764 2364 divinae
785 2327 907 2363 Deum
928 2327 1131 2364 hominem
1150 2327 1248 2371 fieri,
1270 2327 1341 2364 sed
1371 2328 1762 2373 expedientissimum

142 2373 270 2412 fuisse
293 2373 476 2411 humanae
497 2373 631 2411 saluti.
650 2374 715 2419 (ΙΙΙ
734 2377 849 2419 part„
864 2383 902 2420 q.
916 2383 946 2419 1,
960 2377 1032 2411 art.
1051 2376 1204 2419 13et111
1224 2375 1340 2415 sent„
1366 2374 1457 2412 dist.
1476 2384 1504 2419 1,
1522 2384 1560 2421 q.
1581 2384 1611 2420 ι,
1625 2375 1762 2421 art.2.)

808 2520 976 2561 CAPUT
1014 2520 1093 2562 LV.

145 2636 307 2668 SOLUTIO
332 2637 534 2668 RATIONUM
557 2637 682 2668 SUPRA
699 2637 920 2669 POSITARUM
944 2639 1097 2669 CONTRA
1111 2637 1428 2670 CONVENIENTIAM
1445 2639 1760 2671 INCARNATIONIS.

196 2731 250 2767 Ea
267 2738 362 2782 vero
381 2737 467 2776 quae
487 2732 626 2767 contra
642 2729 718 2782 hoc
732 2731 914 2776 superius
933 2734 1027 2769 sunt
1043 2733 1224 2778 opposita
1243 2742 1323 2771 non
1343 2733 1498 2772 difficile
1513 2740 1573 2774 est
1587 2738 1754 2775 solvere.

195 2778 281 2814 Non
302 2785 406 2813 enim
427 2779 487 2812 est
507 2778 747 2814 contrarium
769 2777 898 2814 ordini
917 2786 1045 2815 rerum
1062 2780 1184 2816 Deum
1206 2780 1404 2818 hominem
1431 2781 1529 2826 fieri,
1563 2785 1605 2820 ut
1631 2785 1754 2829 prima

148 2822 251 2860 ratio
271 2822 506 2868 procedebat
524 2834 533 2866 ;
553 2822 657 2868 quia,
678 2831 856 2869 quamvls
875 2826 1016 2861 natura
1033 2825 1164 2862 divina
1183 2826 1223 2863 in
1254 2826 1448 2864 infinitum
1470 2833 1648 2866 naturam
1683 2831 1755 2867 hu-

152 2876 310 2908 manam
331 2868 504 2913 excedat,
524 2872 655 2908 tamen
675 2869 794 2907 homo
815 2870 1032 2909 secundum
1046 2872 1224 2913 ordinem
1241 2882 1323 2912 suae
1337 2877 1484 2913 naturae
1497 2875 1613 2915 habet
1626 2877 1754 2923 ipsum
