1894 3223
169 143 235 177 192
770 137 858 172 LIB.
888 137 941 180 ΙΙ,
969 136 1070 172 CAP.
1098 136 1184 172 LVI.

167 225 358 269 quantum
393 223 453 255 est
483 217 707 255 substantia
739 217 987 262 incorporea,
1022 216 1202 263 corporis
1232 220 1364 254 tamen
1392 217 1532 255 forma.
1554 219 1639 254 Non
1658 222 1789 255 autem

167 269 300 305 minus
331 269 391 302 est
419 265 567 311 aliquid
601 273 724 301 unum
746 273 793 300 cx
822 263 1046 301 substantia
1064 263 1320 301 intellectuali
1349 267 1388 301 et
1407 264 1571 301 materia
1593 265 1789 310 corporali

173 323 290 361 quam
312 323 357 349 ex
394 312 520 348 forma
559 311 665 357 ignis
703 313 741 347 et
773 310 858 356 eius
887 311 1066 354 materia,
1093 312 1162 348 sed
1197 312 1296 348 forte
1331 312 1487 358 magis3
1519 311 1611 358 quia
1642 315 1789 358 quanto

166 363 294 398 forma
320 359 449 405 magis
472 359 595 395 vincit
624 357 843 398 materiam,
876 361 987 395 tanto
1018 367 1066 395 ex
1097 368 1144 396 ea
1173 362 1211 395 et
1241 359 1407 396 materia
1449 358 1578 405 magis
1621 358 1790 395 efficitur

166 416 317 444 unum.

213 452 400 497 Quamvis
427 456 558 490 autem
588 451 641 489 sit
674 461 796 489 unum
832 461 921 489 esse
945 452 1080 489 formae
1102 455 1139 488 et
1166 453 1353 497 materiae,
1375 461 1454 489 non
1477 456 1609 488 tamen
1631 456 1787 499 oportet

163 501 270 547 quod
302 499 467 537 materia
484 508 640 545 semper
663 499 842 545 adaequet
863 508 951 536 esse
973 500 1134 543 formae;
1158 500 1238 537 imo
1265 502 1414 546 quanto
1446 500 1574 536 forma
1594 504 1654 536 est
1675 499 1788 536 nobi-

163 548 252 591 lior,
288 550 398 583 tanto
433 547 472 582 in
491 555 565 583 suo
588 555 676 582 esse
698 555 853 591 semper
874 546 1027 583 excedit
1048 546 1249 583 materiam
1268 559 1277 591 ;
1299 547 1404 593 quod
1426 550 1530 592 patet
1550 546 1783 592 inspicienti

164 595 416 640 operationes
447 594 675 637 formarum,
698 603 744 629 ex
764 602 929 639 quarum
949 593 1267 630 consideratione
1288 603 1422 630 earum
1450 597 1612 630 naturas
1635 602 1788 640 cogno-

147 642 329 678 scimus.
365 640 681 688 Unumquodque
715 639 821 676 enim
854 643 1040 685 operatur
1060 640 1278 676 secundum
1301 641 1406 686 quod
1423 645 1509 684 est;
1533 641 1637 677 unde
1661 641 1790 678 forma

165 688 279 734 quus
313 688 489 734 operatio
522 687 674 724 excedit
703 686 973 723 conditionem
994 687 1182 730 materiae,
1203 690 1240 723 et
1258 687 1357 732 ipsa,
1377 688 1596 724 secundum
1618 687 1788 733 dignita-

163 740 242 772 tem
274 736 335 772 sui
366 744 470 778 esse,
505 734 780 781 superexcedit
810 734 1031 771 materiam.
1068 733 1296 770 Invenimus
1318 734 1422 770 enim
1443 735 1598 780 aliquas
1628 734 1788 771 infimas

165 782 329 825 formas,
346 792 433 828 quae
455 782 495 818 in
519 782 667 818 nullam
690 781 962 827 operationem
983 783 1153 827 possunt
1173 780 1252 817 nisi
1281 780 1328 817 ad
1356 790 1474 827 quam
1508 790 1550 817 se
1572 781 1790 817 extendunt

165 830 378 876 qualitates
411 839 498 875 quae
527 833 621 865 sunt
643 828 931 874 dispositiones
951 827 1139 872 materiae,
1159 830 1201 864 ut
1220 827 1407 871 calidum,
1436 827 1637 874 frigidum,
1659 828 1788 865 humi-

165 877 273 921 dum,
309 876 475 921 siccum,
508 885 655 919 rarum,
679 876 861 920 densum,
884 885 1000 921 grave
1022 878 1059 911 et
1087 875 1184 919 leve,
1207 875 1324 911 ethis
1345 875 1505 919 similia,
1529 874 1632 911 sicul
1653 875 1789 913 formae

167 924 455 960 elementorum
475 935 484 967 ς
507 923 612 960 unde
645 923 730 960 istae
751 926 844 959 sunt
865 923 1000 960 formae
1028 922 1192 959 omnino
1213 922 1438 959 materIales
1461 925 1498 958 et
1523 922 1696 958 totaliter
1715 922 1787 958 im-

163 980 305 1008 mersae
327 970 518 1007 materiae.
538 972 662 1016 Super
685 970 756 1007 has
774 969 1031 1007 inveniuntur
1052 969 1187 1006 formae
1208 969 1421 1006 mixtorum
1443 978 1668 1015 corporum,
1684 978 1785 1016 quaa,

163 1018 257 1054 licet
289 1027 370 1054 non
403 1027 445 1054 se
479 1018 691 1055 extendant
710 1017 758 1054 ad
778 1017 911 1064 aliqua
932 1020 1091 1063 operata
1112 1026 1198 1062 quae
1220 1025 1300 1053 non
1322 1019 1491 1062 possunt
1512 1016 1702 1062 compleri
1720 1025 1790 1062 per

165 1065 376 1112 qualitates
397 1065 620 1111 praedictas,
640 1064 838 1101 interdum
859 1068 991 1101 tamen
1027 1068 1242 1110 operantur
1260 1064 1352 1100 illos
1374 1062 1538 1100 effectus
1559 1063 1690 1100 altiori
1711 1063 1788 1099 vir-

164 1115 248 1149 tute
282 1112 493 1157 corporali,
531 1121 649 1158 quam
682 1115 814 1148 tamen
847 1112 1070 1148 sortiuntur
1102 1121 1148 1147 ex
1180 1111 1413 1156 corporibus
1434 1110 1678 1154 coelestibus,
1701 1119 1787 1157 quae

164 1160 424 1205 consequitur
445 1168 581 1196 eorum
615 1159 803 1204 speciem,
835 1159 939 1195 sicut
971 1158 1132 1195 adamas
1155 1158 1273 1194 trahit
1291 1158 1451 1194 serrum.
1474 1159 1598 1203 Super
1623 1158 1694 1194 has
1716 1158 1787 1194 ite-

163 1215 249 1242 rum
284 1206 542 1242 inveniuntur
563 1206 706 1252 aliquae
741 1206 876 1242 formae
895 1214 1061 1252 quarum
1082 1205 1334 1250 operationes
1355 1204 1620 1241 extenduntur
1651 1204 1699 1241 ad
1719 1204 1786 1241 ali-

164 1263 243 1299 qua
275 1256 436 1298 operata
472 1263 558 1298 quae
582 1253 777 1289 excedunt
805 1253 989 1289 virtutem
1023 1252 1257 1298 qualitatum
1291 1252 1581 1297 praedictarum,
1605 1251 1786 1298 quamvis

164 1300 376 1346 qualitates
400 1300 595 1346 praedictae
629 1301 827 1346 organicae
861 1300 908 1336 ad
945 1300 1083 1336 harum
1119 1299 1371 1344 operationes
1396 1299 1648 1339 deserviant3
1683 1299 1788 1335 sicut

164 1351 259 1384 sunt
291 1347 433 1384 animae
466 1347 705 1392 plantarum,
739 1357 826 1393 quae
860 1347 977 1383 etiam
1011 1346 1286 1382 assimilantur
1306 1355 1384 1382 non
1422 1346 1553 1382 solum
1573 1345 1787 1383 virtutibus

162 1402 374 1440 corporum
411 1394 631 1430 coelestium
669 1394 709 1429 in
738 1394 963 1430 excedendo
995 1393 1207 1439 qualitates
1241 1393 1389 1429 activas
1421 1396 1459 1429 et
1489 1393 1684 1439 passivas,
1717 1393 1787 1430 sed

164 1442 282 1477 etiam
316 1441 415 1486 ipsis
447 1441 669 1477 motoribus
697 1450 910 1486 corporum
939 1440 1176 1483 coelestium,
1201 1440 1240 1475 in
1262 1443 1454 1486 quantum
1475 1443 1570 1476 sunt
1592 1440 1787 1486 principia

162 1491 296 1524 motus
316 1487 436 1525 rebus
454 1488 677 1524 viventibus
699 1497 786 1534 quae
804 1491 961 1523 movent
983 1487 1150 1532 scipsas.
1174 1487 1299 1532 Super
1317 1487 1389 1524 lias
1411 1487 1558 1524 formas
1580 1486 1789 1523 inveniun-

161 1539 226 1572 tur
247 1535 333 1572 aliae
357 1535 493 1572 formae
515 1535 669 1572 similes
691 1535 966 1580 superioribus
987 1534 1238 1577 substantiis,
1262 1543 1343 1570 non
1362 1534 1493 1571 solum
1515 1534 1556 1570 in
1574 1534 1784 1578 movendo,

163 1582 232 1620 sed
255 1582 371 1618 etiam
391 1582 615 1628 aliqualiter
636 1582 674 1618 in
698 1582 979 1625 cognoscendo
997 1594 1005 1624 ς
1028 1585 1064 1617 et
1085 1581 1143 1618 sie
1162 1584 1254 1618 sunt.
1276 1584 1456 1627 potentes
1477 1581 1518 1617 in
1534 1581 1786 1627 operationes

163 1629 210 1666 ad
233 1638 332 1676 quas
354 1638 427 1666 nec
447 1629 646 1675 organicae
668 1629 880 1675 qualitates
902 1628 1097 1674 praedictae
1119 1628 1360 1672 deserviunt,
1381 1637 1503 1675 quum
1534 1628 1786 1674 operationes

163 1676 395 1722 hujusmodi
430 1685 511 1713 non
547 1676 821 1721 compleantur
842 1677 919 1713 nisi
943 1676 1141 1712 mediante
1162 1684 1313 1722 organo
1335 1675 1547 1721 corporali,
1569 1674 1673 1712 sicut
1694 1679 1789 1712 sunt

163 1724 305 1761 animae
325 1723 530 1760 brutorum
549 1723 781 1760 animalium
800 1735 808 1767 ;
833 1723 979 1760 sentire
1016 1723 1122 1760 enim
1144 1726 1181 1760 et
1204 1723 1415 1769 imaginari
1437 1731 1518 1760 non
1538 1722 1788 1768 complentur

163 1770 433 1808 caletaciendo
456 1774 492 1806 et
512 1770 796 1817 inl'rigidando,
821 1771 912 1807 licet
934 1771 1016 1807 haec
1039 1771 1119 1807 sint
1136 1770 1365 1807 necessaria
1385 1769 1434 1807 ad
1455 1769 1626 1807 debitam
1646 1769 1787 1816 organi

163 1817 482 1863 dispositionem.
519 1819 642 1863 Super
674 1826 814 1860 omnes
848 1821 977 1854 autem
1010 1817 1081 1854 lias
1104 1817 1251 1853 formas
1273 1817 1473 1853 invenitur
1494 1817 1620 1853 forma
1640 1817 1786 1853 similis

163 1864 439 1910 superioribus
459 1864 711 1908 substantiis,
735 1864 850 1900 etiam
874 1868 1064 1910 quantum
1089 1864 1134 1900 ad
1154 1873 1282 1909 genus
1304 1864 1563 1910 cognitionis,
1587 1864 1691 1911 quod
1726 1867 1787 1900 est

163 1911 384 1957 intelligere
405 1922 413 1954 ;
443 1914 480 1946 et
506 1911 565 1948 sic
598 1914 657 1948 est
677 1915 819 1956 potens
840 1911 879 1947 in
902 1911 1171 1956 operationem
1194 1920 1281 1956 quae
1313 1911 1534 1956 completur
1551 1910 1701 1958 absque
1724 1920 1786 1947 or-

161 1967 267 2005 gano
299 1958 494 2004 corporali
526 1958 717 2002 omnin03
750 1961 788 1994 et
820 1958 903 1994 haec
933 1963 993 1994 est
1013 1958 1145 1994 anima
1166 1957 1429 2001 intellectiva3
1452 1966 1543 1994 nam
1565 1958 1785 2003 intelligere

162 2014 244 2042 non
264 2003 307 2042 fit
338 2014 407 2050 per
436 2013 628 2051 organum
660 2005 880 2050 corporale.
913 2005 1019 2040 Unde
1054 2007 1209 2050 oportet.
1239 2004 1345 2050 quod
1379 2004 1417 2040 id
1445 2004 1784 2050 principiumque

163 2052 283 2089 homo
306 2051 505 2098 intelligit,
528 2052 633 2098 quod
657 2055 717 2089 est
738 2053 870 2088 anima
891 2051 1145 2096 intellectiva,
1168 2055 1205 2088 et
1224 2051 1376 2088 excedit
1397 2051 1571 2087 materiae
1589 2051 1786 2087 conditio-

162 2108 254 2135 nem
276 2098 510 2144 corporalis,
533 2107 613 2135 non
635 2099 687 2136 sit
710 2099 880 2135 totaliter
898 2099 1233 2145 comprehensum
1255 2108 1277 2135 a
1296 2099 1461 2135 materia
1481 2101 1548 2134 aut
1569 2097 1604 2134 ei
1628 2098 1786 2134 immer-

162 2154 266 2190 sum,
301 2145 405 2184 sicut
437 2146 525 2182 aliae
547 2145 684 2183 formae
704 2146 956 2191 niateriales;
979 2146 1084 2193 quod
1106 2145 1192 2192 ejus
1213 2145 1390 2191 operatio
1420 2144 1701 2182 intellectualis
1721 2153 1785 2182 os-

160 2193 299 2237 tendit,
331 2193 373 2230 in
405 2202 482 2240 qua
516 2202 594 2230 non
631 2193 897 2230 communicat
919 2193 1084 2230 materia
1101 2192 1334 2239 corporalis.
1357 2193 1458 2237 Quia
1487 2195 1631 2228 tamem
1654 2192 1786 2238 ipsum

161 2239 384 2287 intelligere
416 2240 559 2277 animae
596 2240 780 2277 humanae
812 2240 965 2287 indiget
997 2239 1186 2287 potentiis
1216 2249 1302 2287 quae
1333 2249 1402 2286 per
1433 2239 1614 2286 quaedam
1635 2247 1788 2286 organa.

161 2286 384 2334 corporalia
413 2291 640 2333 operantur,
675 2287 829 2325 scilicet
859 2287 1142 2334 imaginatione
1167 2290 1205 2324 et
1225 2296 1363 2332 sensu,
1382 2296 1430 2323 ex
1449 2287 1523 2323 boc
1544 2286 1632 2333 ipso
1654 2286 1783 2323 decla-

154 2337 270 2372 ratur
290 2334 395 2382 quod
416 2335 649 2373 naturaliter
666 2334 802 2373 unitur
820 2335 977 2382 corpori
998 2334 1048 2372 ad
1068 2333 1344 2381 complendam
1366 2334 1540 2380 speciem
1553 2333 1785 2371 humanam.

801 2474 970 2516 CAPUT
1008 2475 1147 2517 LXIX.

303 2589 462 2619 SOLUTIO
494 2589 696 2619 RATIONUM
718 2589 858 2624 QUIBUS
883 2589 1008 2619 SUPRA
1030 2589 1237 2620 PROBATUR
1259 2588 1363 2624 QUOD
1402 2587 1643 2620 SUBSTANTIA

398 2648 721 2679 INTELLEGTUALIS
739 2647 819 2678 NON
842 2648 988 2678 POTEST
1011 2648 1175 2679 GORPORI
1202 2647 1312 2678 UNIRI
1335 2647 1387 2677 UT
1403 2646 1545 2677 FORMA.

209 2753 278 2806 1115
295 2757 426 2792 autem
446 2756 730 2809 consideratis,
751 2765 834 2794 non
850 2760 911 2795 est
927 2756 1092 2795 difficile
1111 2756 1265 2794 solvere
1285 2763 1374 2802 quae
1392 2756 1534 2793 contra
1549 2753 1782 2802 praedictam

162 2808 352 2853 unlonem
372 2809 494 2854 supra
509 2806 641 2848 posita
659 2806 767 2842 sunt.
1333 2847 1340 2855 ‚

207 2848 251 2884 In
271 2855 399 2894 prima
417 2856 525 2885 enim
545 2850 697 2887 ratione
720 2850 864 2888 falsum
886 2850 1153 2898 supponam-3
1175 2858 1257 2887 non
1277 2856 1384 2886 enlm
1420 2856 1567 2895 corpus
1586 2852 1625 2885 et
1644 2848 1781 2887 anima

162 2897 255 2932 sunt
275 2894 363 2932 duae
387 2894 622 2933 substantiae
641 2900 731 2934 actu
748 2897 978 2943 existentes,
1002 2897 1072 2935 sed
1093 2906 1140 2935 ex
1159 2896 1218 2934 eis
1239 2895 1397 2934 duobus
1415 2894 1461 2933 fit
1483 2904 1565 2935 una
1590 2895 1780 2934 substan·
