1894 3223
713 94 801 130 LIB.
830 94 876 137 11,
905 94 1005 130 CAP.
1032 93 1186 130 XXVIII.
1683 98 1741 132 131

125 174 364 212 necessitate
388 183 527 220 agens,
551 178 782 218 arctaretur,
804 174 880 211 hoc
903 177 1007 212 esset
1030 177 1208 220 respectu
1230 173 1387 211 illorum
1410 175 1475 222 qui
1497 175 1544 212 ab
1576 184 1623 211 co
1656 186 1744 221 pro-

124 220 324 258 ducuntur
343 220 382 257 in
398 230 502 258 esse.
523 221 603 258 Hoc
619 225 748 257 autern
772 230 859 258 0550
880 231 958 258 000
980 226 1120 267 potest,
1144 230 1231 258 cum
1254 229 1374 266 supra
1392 221 1475 268 (1.1,
1492 232 1524 258 0.
1541 222 1598 268 66)
1616 227 1744 260 osten-

123 276 211 304 sum
228 267 277 305 sit
298 267 401 314 quod
425 269 528 305 Deus
545 267 734 314 intelligit
755 268 872 304 etiam
896 278 983 315 quse
1006 271 1206 311 mensum,
1229 277 1301 304 000
1320 272 1448 308 erunt.
1469 277 1540 306 000
1570 271 1741 306 suerunt.

122 315 207 351 Non
228 314 348 359 igitur
368 316 472 351 Deus
493 315 571 361 agit
594 324 641 350 ex
662 315 898 351 necessitato
921 315 981 351 sui
1003 315 1244 359 intellectus,
1263 314 1323 351 vel
1345 315 1534 353 5010111110.

168 362 358 402 Praewrea,
381 360 514 397 divina
535 361 702 398 scientia
733 366 984 407 comparatur
1014 362 1060 398 ad
1095 371 1157 398 rcs
1190 362 1237 398 ab
1271 361 1358 408 ipso
1390 362 1617 408 productas,
1641 364 1744 402 sicut

122 408 290 445 scientia
310 407 474 445 artificis
494 408 541 444 ad
564 416 626 444 res
654 407 896 445 artificiatas.
923 409 1111 452 Quaeliliet
1147 412 1274 445 autem
1311 417 1376 445 ars
1407 417 1449 446 se
1483 411 1657 448 extendit
1693 411 1743 448 ad

122 455 258 492 omnia
277 464 364 501 quae
384 459 553 501 possunt
572 455 767 492 contineri
789 455 863 492 sub
884 464 1027 502 genere
1052 455 1230 502 subjecto
1266 455 1374 492 illius
1405 456 1514 500 artis,
1537 457 1641 495 sieut
1674 467 1739 495 ars

121 501 376 539 aedificatoria
392 501 440 539 ad
455 510 595 539 omnes
614 503 770 539 domus.
788 503 918 539 Genus
940 506 1070 539 autem
1089 502 1284 549 objectum
1303 502 1445 539 divinae
1464 504 1561 541 artis
1577 508 1636 542 est
1651 513 1738 550 ens,

121 558 210 586 cuni
232 548 316 595 ipse
337 557 406 594 per
425 557 541 586 suum
564 548 808 586 intellectum
828 549 880 586 sit
902 549 1126 586 universale
1146 549 1383 596 principium
1420 551 1536 594 entis,
1559 555 1601 587 ut
1627 552 1675 598 (e.
1695 554 1738 590 21

121 598 158 632 et
176 595 236 641 24)
256 599 464 633 ostensum
485 599 558 634 est.
577 596 702 642 Igitur
721 596 947 633 intellectus
963 595 1121 633 divinus
1143 596 1190 633 ad
1211 596 1346 633 omnia
1365 597 1510 642 quibus
1524 598 1626 635 entis
1640 599 1741 636 ratio

119 650 199 679 non
223 646 416 689 repugnat
433 651 546 680 suam
565 643 838 680 causalitatem
862 643 1047 680 extendit.
1072 642 1304 694 llujusmodi
1328 644 1433 679 enim
1452 645 1599 689 omnia,
1617 655 1741 692 quan-

119 692 203 726 tum
227 693 287 727 cst
307 689 354 726 de
376 698 433 734 se,
455 693 547 727 nata
567 694 660 726 sunt
681 690 754 727 sul)
776 694 863 727 ente
885 690 1091 727 contineri.
1116 691 1201 726 Non
1221 689 1343 735 igitur
1377 690 1535 728 divinus
1563 691 1741 729 intellec-

118 737 184 773 tus
206 736 254 773 ad
274 736 432 784 aliquos
454 736 739 774 determinatos
761 736 925 774 effectus
948 739 1184 774 coarctatur.
1440 755 1450 763 ι

168 783 265 820 Hinc
281 787 341 821 est
361 783 466 830 quod
490 784 530 820 10
552 786 615 821 Ρ5.
638 793 765 828 cxmu,
787 787 821 828 5,
844 783 987 820 dicitur
1011 795 1018 819 :
1040 784 1195 828 Maqmcs
1228 784 1413 824 Dominus,
1448 787 1481 820 et
1498 795 1633 830 maana
1663 787 1740 822 vir-

118 832 178 866 tus
199 831 289 876 ejus,
311 833 344 866 et
362 832 548 876 sapientiae
586 830 663 876 ejus
683 841 754 867 ηοη
774 833 826 866 est
844 840 1026 866 numerus.

170 878 242 914 Per
261 877 336 914 1100
356 879 487 915 autem
513 877 735 914 excluditur
768 876 1029 924 quorumdam
1065 875 1395 928 philosophorum
1420 878 1568 923 positio
1602 879 1737 916 dicen-

119 923 217 960 tium
239 924 344 971 quod
366 933 413 961 ex
430 924 506 962 hoc
525 924 630 970 quod
652 926 756 961 Deus
774 925 949 969 seipsum
972 923 1171 969 intellig1t,
1209 922 1296 960 fluit
1328 923 1376 961 ab
1403 924 1491 970 ipso
1519 925 1565 962 dc
1600 935 1738 963 neces-

119 970 234 1008 sitate
257 971 347 1008 talis
369 980 497 1007 rerum
520 971 745 1016 dispositio,
767 970 880 1016 quasi
914 979 994 1006 non
1027 978 1100 1006 suo
1133 969 1295 1008 arbitrio
1324 970 1466 1008 limitet
1504 973 1677 1019 singula,
1701 976 1739 1010 et

119 1018 308 1055 universa
327 1017 525 1063 disponat,
544 1017 648 1054 sicut
672 1016 770 1054 fides
793 1017 989 1053 catholica
1007 1015 1229 1062 profitetur.

165 1064 375 1101 Sciendum
390 1067 521 1101 tamen
542 1063 662 1110 quod,
684 1063 866 1110 quamvis
884 1063 1043 1100 divinus
1078 1063 1304 1102 intellectus
1337 1064 1386 1102 ad
1420 1068 1550 1103 certos
1571 1065 1736 1104 effectus

118 1118 197 1148 non
233 1113 466 1154 coarctetur,
488 1109 574 1157 ipse
594 1114 726 1147 tamen
766 1111 841 1147 sibi
877 1110 1014 1147 statuit
1040 1109 1324 1148 determinatos
1345 1111 1509 1148 effectus
1548 1122 1650 1158 quos
1671 1122 1740 1159 per

117 1165 229 1194 suam
247 1157 481 1203 sapientiam
498 1157 677 1194 ordinate
695 1157 898 1203 producat,
916 1158 1033 1202 sicut,
1053 1158 1158 1204 Sap„
1180 1165 1251 1204 XL,
1273 1161 1333 1205 21,
1355 1158 1526 1196 dicitur:
1550 1160 1680 1197 Omnia
1699 1161 1739 1196 in

118 1205 301 1250 sapientia
319 1203 544 1251 disposuisti,
566 1206 728 1240 Domine.

751 1352 918 1394 CAPUT
936 1351 1096 1394 XXVII.

192 1471 293 1506 QUOD
317 1471 457 1501 DIVINA
487 1471 691 1502 VOLUNTAS
722 1472 775 1501 AD
807 1472 1104 1501 DETERMINATOS
1130 1471 1321 1502 EFFECTUS
1343 1472 1420 1502 NON
1445 1473 1663 1503 ARCTATUR.

165 1580 220 1617 Ex
239 1580 302 1618 his
323 1580 441 1618 etiam
461 1580 616 1618 ostendi
639 1584 767 1627 potest
785 1581 890 1627 quod
909 1590 982 1618 nec
1000 1581 1085 1628 ejus
1104 1580 1302 1625 voluntas,
1323 1591 1393 1628 per
1429 1592 1545 1629 quam
1567 1583 1662 1630 agit,
1686 1583 1735 1620 ad

119 1626 404 1665 determinatos
424 1627 589 1665 effectus
610 1628 887 1665 necessitatem
911 1628 1040 1665 habet,
1059 1627 1308 1665 Voluntatem
1348 1629 1455 1666 enirn
1477 1639 1551 1666 500
1577 1630 1734 1676 objecto

118 1674 456 1720 proportionatam
477 1683 566 1712 esse
586 1678 752 1721 oportet.
781 1674 982 1722 Objectum
1007 1679 1136 1711 autem
1163 1675 1379 1712 voluntatis
1414 1680 1473 1713 est
1505 1676 1652 1714 bonum
1675 1677 1735 1712 in-

116 1720 331 1766 tellectum,
355 1725 398 1758 ut
417 1725 522 1768 patet
540 1731 586 1758 ex
607 1721 846 1768 supradictis
867 1721 907 1768 (l.
928 1731 956 1766 1,
978 1732 1011 1759 c.
1032 1722 1106 1769 72).
1122 1722 1314 1759 Voluntas
1334 1723 1456 1769 igitur
1483 1724 1530 1760 ad
1550 1723 1735 1770 quaelihet

117 1775 162 1806 se
182 1772 320 1814 parata
352 1771 412 1805 est
437 1768 647 1806 extendere
680 1778 766 1816 quae
788 1769 822 1805 ei
844 1768 1069 1806 intellectus
1099 1768 1173 1806 sub
1204 1769 1357 1806 ratione
1389 1769 1483 1807 boni
1513 1779 1736 1816 proponere

118 1818 261 1862 potest.
278 1814 316 1853 Si
336 1814 458 1863 igitur
477 1815 703 1853 intellectus
720 1815 878 1852 divinus
911 1815 959 1852 ad
981 1819 1109 1853 certos
1129 1814 1294 1853 effectus
1321 1824 1401 1853 non
1435 1821 1669 1861 coarctetur,
1694 1820 1737 1853 ut

115 1865 320 1900 ostensum
343 1865 404 1900 est
423 1861 472 1910 (0.
487 1862 563 1909 26),
584 1862 822 1910 relinquitur
839 1862 944 1910 quod
966 1871 1038 1899 000
1056 1862 1190 1899 divina
1222 1863 1407 1900 voluntas
1446 1863 1734 1901 determinatos

117 1908 284 1948 effectus
304 1919 351 1947 ex
371 1909 608 1948 necessitate
628 1909 825 1956 producit.

160 1958 349 1999 Praeterea,
375 1956 475 1994 nihil
491 1965 615 2004 agens
635 1965 704 2003 per
722 1956 965 1994 voluntatem
980 1956 1164 2003 producit
1183 1956 1333 2005 aliquid
1348 1966 1427 1994 000
1451 1957 1635 1994 volendo.
1661 1958 1734 1995 Os-

116 2007 277 2042 tensum
298 2007 427 2041 autem
444 2007 503 2041 est
524 2012 644 2050 supra
664 2003 705 2051 (1.
725 2013 752 2049 1,
772 2014 806 2041 c.
826 2004 899 2051 81),
922 2004 1026 2051 quod
1050 2006 1167 2049 Deus,
1188 2004 1294 2041 circa
1312 2004 1393 2041 alia
1412 2014 1435 2040 a
1453 2013 1509 2048 se,
1533 2004 1632 2041 011111
1652 2005 1735 2041 vult

118 2059 168 2087 ex
197 2050 433 2088 necessitate
454 2050 652 2089 absoluta.
673 2052 759 2088 Non
780 2051 901 2098 igitur
921 2061 967 2088 ex
994 2052 1232 2089 necessitate
1259 2051 1404 2089 divinae
1423 2051 1642 2090 voluntatis
1663 2051 1735 2088 ali-

116 2096 362 2146 quieffectus
381 2097 614 2146 procedunt,
637 2097 708 2136 sed
727 2107 775 2136 ex
795 2098 880 2146 ejus
903 2097 1030 2136 libera
1051 2097 1332 2146 dispositione.

735 2245 903 2289 CAPUT
933 2246 1110 2288 XXVIII.

233 2374 426 2410 QUALITEB
446 2373 487 2404 IN
511 2373 641 2404 RERUM
664 2370 931 2402 PRODUCTIONE
953 2370 1125 2399 DEBITUM
1149 2369 1331 2398 JUSTITIAE
1357 2367 1611 2397 INVENIATUR.

165 2483 381 2522 ostendere
409 2485 539 2519 autem
567 2490 616 2518 ex
650 2481 850 2528 praedictis
879 2483 1033 2526 oportet
1052 2478 1158 2526 quod
1188 2480 1292 2530 Deus
1320 2486 1403 2529 non
1432 2487 1479 2514 ex
1498 2476 1737 2530 necessitate

117 2534 302 2577 operatus
339 2531 398 2566 est
428 2528 470 2565 in
506 2537 636 2565 rerum
667 2528 881 2571 creatione,
902 2526 1017 2572 quasi
1039 2535 1086 2562 ex
1115 2524 1247 2562 debito
1275 2528 1441 2576 justitiae
1466 2533 1529 2561 res
1562 2532 1602 2560 10
1641 2532 1733 2561 0550

117 2576 361 2624 produxerit.
379 2575 538 2612 Justitia
556 2574 663 2611 enim
678 2574 896 2612 secundum
913 2572 1201 2617 Philosophum
1218 2571 1259 2623 in
1274 2574 1414 2623 quinto
1428 2571 1547 2608 Ethic.
1565 2569 1614 2618 (c.
1637 2573 1657 2607 3
1687 2569 1737 2607 ad

118 2623 285 2662 alterum
309 2621 467 2667 est,cui
507 2621 681 2658 debitum
718 2621 860 2658 reddit.
885 2619 990 2656 Nihil
1029 2621 1161 2657 autem
1184 2617 1553 2670 universali-rerum-
1571 2625 1642 2663 pro
1673 2626 1739 2654 uc-

117 2670 218 2710 tioni
242 2668 574 2717 praesupponitur‚
600 2667 664 2705 cui
696 2667 845 2714 aliquid
866 2665 1068 2703 debeatur.
1088 2667 1177 2711 Ipsa
1197 2667 1320 2712 igitur
1340 2664 1579 2702 universalis
1602 2672 1734 2701 rerum

124 2717 333 2764 productio
354 2726 402 2753 ex
421 2715 552 2752 debito
568 2713 731 2761 justitiae
750 2713 957 2759 provenire
978 2720 1058 2764 non
1078 2711 1219 2764 potuit.

165 2766 264 2804 Item,
291 2772 380 2801 cum
397 2762 562 2809 Justitiae
583 2765 695 2798 actus
719 2760 771 2798 sit
804 2759 965 2796 reddere
990 2768 1204 2805 unicuique
1226 2758 1330 2805 quod
1364 2767 1481 2796 suum
1512 2761 1584 2802 est,
1607 2761 1738 2794 actum

126 2809 285 2848 'ustitiae
301 2809 488 2857 praecedit
507 2811 618 2846 actus
632 2816 712 2855 quo
731 2806 880 2854 aliquid
903 2806 1072 2852 alicujus
1093 2815 1208 2842 suum
1231 2805 1414 2849 efficitur,
1434 2805 1537 2857 sicut
1556 2806 1596 2841 in
1619 2804 1739 2856 rebus

149 2857 308 2896 umanis
327 2860 449 2905 patet.
469 2855 623 2907 Aliquis
645 2855 751 2895 enim
782 2852 999 2891 laborando
1033 2855 1205 2890 meretur
1227 2861 1344 2890 suum
1376 2851 1479 2889 effici
1500 2851 1605 2899 quod
1627 2854 1738 2904 retr13
