1894 3223
161 131 231 168 432
724 125 814 160 LIB.
842 125 905 163 111,
933 124 1034 160 CAP.
1062 123 1224 160 cxxvii.

162 210 254 247 dum
291 207 483 244 rationem
512 208 573 242 est
598 203 702 251 quod
737 203 884 251 aliquis
914 203 1064 241 carnali
1096 203 1379 251 conjunctione
1403 207 1537 242 utatur
1560 204 1783 242 secundum

163 254 267 303 quod
287 253 470 298 congruit
487 252 535 288 ad
555 250 852 297 generationem
873 254 912 286 et
929 250 1205 288 educationem
1221 251 1362 298 prolis.
1382 253 1481 298 Lege
1500 255 1631 288 autem
1650 250 1786 289 divina

162 303 245 339 haec
280 299 410 336 solum
442 298 642 344 prohibita
674 301 768 335 sunt
797 306 884 344 quae
916 297 1060 334 rationi
1095 298 1366 342 adversantur,
1400 302 1442 335 ut
1473 308 1520 335 ex
1543 298 1784 344 supradictis

160 350 278 394 patet.
312 345 600 382 Inconveniens
630 348 692 382 est
721 344 845 391 igitur
863 343 995 381 dicere
1014 344 1119 391 quod
1139 345 1271 382 omnis
1286 345 1459 382 carnalis
1481 345 1712 391 conjunctio
1733 345 1785 382 sit

189 395 380 431 eccatum.

160 403 184 440 p
210 440 355 483 Adhuc,
375 448 465 475 cum
486 438 664 475 membra
682 437 862 483 corporis
888 437 970 474 sint
997 437 1177 484 quaedam
1199 438 1341 476 animae
1355 438 1636 482 instrumenta,
1653 438 1787 484 cujus-

160 485 257 524 libet
288 485 455 522 membri
476 484 569 522 finis
590 488 651 522 est
671 493 770 521 usus
790 483 890 530 ejus,
912 484 1016 521 sicut
1038 489 1076 520 et
1095 484 1307 531 cujuslibet
1327 485 1491 522 alterius
1513 485 1783 522 instrumenti.

163 532 433 577 Quorumdam
468 536 599 569 autem
633 531 902 568 membrorum
935 532 1114 577 corporis
1143 540 1243 568 usus
1264 534 1324 568 est
1343 532 1515 569 carnalis
1535 532 1782 569 commixtio.

165 579 342 616 Carnalis
372 579 494 626 igitur
524 579 754 616 commixtio
784 581 845 615 est
876 577 968 615 finis
998 578 1260 624 quorumdam
1292 578 1559 615 membrorum
1589 579 1784 624 corporis.

161 626 204 663 Id
238 630 369 663 autem
401 625 508 672 quod
540 629 602 662 est
636 625 728 662 finis
760 625 984 671 aliquarum
1014 625 1254 661 naturalium
1287 634 1419 662 rerum
1440 634 1520 662 non
1539 630 1672 671 potest
1692 634 1783 663 esse

163 674 384 710 secundum
423 682 465 709 se
483 673 645 717 malum,
668 671 762 718 quia
781 681 828 708 ea
845 681 932 718 quae
954 671 1187 708 naturaliter
1205 675 1300 708 sunt
1319 681 1367 708 ex
1384 672 1518 708 divina
1534 672 1787 718 providentia

162 720 398 757 ordinantur
430 719 480 756 ad
500 718 634 764 finem,
656 723 700 756 ut
719 728 767 755 ex
786 718 1025 764 supradictis
1046 721 1163 763 patet.
1187 719 1437 765 Impossibile
1459 722 1518 755 est
1537 719 1659 765 igitur
1678 718 1785 766 quod

161 767 334 804 carnalis
356 766 588 803 commixtio
608 765 662 803 sit
682 765 903 803 secundum
919 774 962 802 se
979 765 1098 802 mala.

206 814 390 858 Amplius,
410 813 611 850 naturales
629 813 911 849 inclinationes
931 812 1069 849 insunt
1089 810 1208 848 rebus
1228 821 1252 849 a
1271 813 1366 856 Deo,
1387 812 1454 858 qui
1475 816 1619 849 cuncta
1637 816 1783 849 movet.

161 860 412 906 Impossibile
445 864 504 897 est
537 860 659 906 igitur
676 860 781 907 quod
803 859 995 896 naturalis
1015 858 1221 896 inclinatio
1242 859 1412 905 aliquus
1434 859 1580 905 speciei
1603 859 1656 896 sit
1676 858 1725 895 ad
1745 858 1786 896 id

161 907 269 954 quod
300 910 360 943 est
390 906 610 944 secundum
642 915 685 944 se
720 906 882 943 malum.
902 905 977 943 Sed
997 905 1185 942 omnibus
1205 905 1448 944 animalibus
1469 905 1656 951 perfectis
1677 906 1783 943 inest

162 954 356 991 naturalis
387 954 595 991 inclinatio
627 953 676 990 ad
713 953 1035 1000 conjunctionem
1072 952 1286 991 carnalem.
1310 953 1562 1000 Impossibile
1583 956 1642 990 est
1663 953 1787 999 igitur

161 1001 266 1048 quod
286 1001 458 1038 carnalis
480 1000 711 1038 commixtio
729 1000 781 1037 sit
799 999 1019 1037 secundum
1039 1009 1081 1036 50
1096 999 1214 1037 mala,

208 1049 308 1092 Item,
330 1048 429 1084 illud
447 1048 533 1085 sine
554 1057 633 1095 quo
654 1056 733 1084 non
747 1050 877 1093 potest
893 1056 981 1084 esse
997 1046 1146 1093 aliquid
1161 1046 1267 1094 quod
1280 1049 1342 1084 est
1355 1047 1505 1084 bonum
1522 1050 1560 1083 et
1575 1046 1786 1092 optimum,

162 1103 244 1132 non
264 1098 324 1131 est
341 1095 560 1132 secundum
583 1104 625 1132 se
645 1094 808 1131 malum.
829 1094 903 1131 Sed
923 1094 1164 1140 perpetuitas
1185 1093 1333 1140 speciei
1354 1103 1435 1131 non
1457 1097 1718 1130 conservatur
1738 1094 1782 1130 in

163 1141 403 1178 animalibus
437 1142 515 1179 nisi
551 1151 620 1187 per
648 1141 945 1188 generationem
960 1168 969 1185 ,
1001 1150 1088 1188 quae
1122 1144 1182 1177 est
1218 1150 1267 1177 ex
1297 1141 1581 1178 commixtione
1617 1140 1783 1177 carnali.

161 1188 413 1233 Impossibile
430 1192 491 1225 est
507 1189 629 1234 igitur
648 1188 754 1234 quod
774 1187 1004 1224 commixtio
1025 1187 1196 1224 carnalis
1214 1188 1267 1224 sit
1287 1188 1508 1225 secundum
1530 1196 1572 1224 se
1591 1187 1709 1224 mala.

210 1236 308 1272 Hinc
329 1239 388 1272 est
408 1235 512 1281 quod
534 1235 677 1271 dicitur
696 1248 707 1270 :
728 1236 859 1271 Mulier
882 1245 952 1270 non
968 1236 1108 1279 peccat,
1130 1234 1306 1270 sinubat.
1330 1234 1357 1280 (I
1379 1235 1457 1278 Cor,
1475 1242 1548 1278 vii,
1569 1233 1644 1280 36.)

212 1283 285 1318 Per
304 1282 379 1318 hoc
394 1285 524 1319 autem
540 1281 763 1319 excluditur
775 1290 885 1318 error
900 1280 1162 1328 quorumdam
1176 1280 1392 1318 dicentium
1408 1289 1564 1318 omnen]
1584 1280 1785 1318 carnalem

162 1328 485 1374 conjunctionem
507 1337 596 1365 esse
615 1328 811 1372 illicitam;
833 1328 937 1364 unde
950 1327 1124 1364 totaliter
1138 1328 1436 1365 matrimonium
1453 1331 1490 1364 et
1502 1328 1660 1373 nuptias
1677 1327 1785 1365 dam-

162 1379 284 1419 nant;
321 1384 492 1421 quorum
521 1375 681 1422 quidam
715 1375 791 1412 hoc
813 1374 903 1411 ideo
923 1374 1075 1419 dicunt,
1097 1374 1193 1422 quia
1211 1374 1378 1412 credunt
1397 1374 1643 1421 temporalia,
1667 1383 1748 1411 non
1763 1383 1788 1412 a

161 1420 283 1467 bono,
321 1422 390 1459 sed
410 1431 433 1460 a
449 1422 557 1460 malo
576 1421 775 1468 principio
795 1430 899 1459 esse.

776 1565 944 1606 CAPUT
979 1564 1170 1606 CXXVII.

399 1686 499 1721 QUOD
525 1684 686 1715 NULLIUS
711 1685 789 1716 CIBI
814 1685 909 1715 USUS
933 1685 1006 1714 EST
1029 1685 1235 1715 PECCATUM
1259 1684 1464 1715 SECUNDUM
1490 1687 1547 1716 SE.

209 1795 319 1832 Sicut
359 1798 490 1832 autem
528 1804 787 1832 venereorum
827 1803 927 1832 usus
965 1794 1115 1842 absque
1153 1798 1316 1841 peccato
1355 1797 1440 1839 est,
1481 1795 1515 1832 si
1565 1795 1786 1834 secundum

161 1842 357 1879 rationem
378 1841 459 1886 fiat,
480 1842 535 1878 ita
551 1842 670 1878 etiam
691 1845 729 1878 et
746 1851 845 1878 usus
866 1841 1059 1878 ciborum.
1082 1841 1141 1878 Fit
1158 1845 1291 1878 autem
1311 1841 1622 1888 unumquodque
1644 1851 1787 1880 secun·

160 1888 255 1925 dum
286 1888 479 1925 rationem
509 1889 668 1935 quando
701 1888 906 1925 ordinatur
935 1887 1155 1925 secundum
1184 1888 1291 1935 quod
1326 1889 1510 1935 congruit
1543 1888 1675 1926 debito
1695 1888 1782 1928 fini.

162 1935 271 1972 Finis
302 1939 433 1972 autem
464 1935 620 1972 debitus
653 1935 894 1981 sumptionis
925 1935 1105 1972 ciborum
1137 1938 1196 1972 est
1219 1935 1469 1972 conservatio
1499 1936 1679 1981 corporis
1716 1945 1789 1982 per

160 1982 461 2018 nutrimentum.
485 1982 731 2027 Quicumque
761 1981 883 2028 igitur
903 1981 1016 2018 cibus
1036 1982 1111 2018 hoc
1132 1981 1260 2019 facere
1292 1985 1423 2028 potest
1450 1981 1600 2029 absque
1622 1986 1786 2029 peccato

159 2032 291 2075 potest
308 2029 426 2065 sumi.
449 2028 605 2065 Nullius
623 2028 745 2075 igitur
764 2028 841 2065 cibi
859 2028 1033 2074 sumptio
1053 2028 1274 2065 secundum
1295 2037 1338 2065 50
1356 2033 1416 2066 est
1437 2033 1657 2075 peccatum.

206 2076 350 2116 Adhuc,
374 2075 524 2112 nullius
544 2075 600 2112 rei
621 2084 721 2112 usus
736 2075 956 2112 secundum
977 2084 1020 2112 se
1041 2075 1170 2112 malus
1187 2079 1260 2119 est,
1278 2075 1355 2112 nisi
1377 2084 1441 2112 res
1460 2076 1549 2122 ipsa
1561 2076 1785 2116 secundum

159 2130 204 2159 50
222 2122 328 2159 mala
346 2122 410 2159 sit.
430 2122 571 2159 Nullus
586 2126 718 2159 autem
738 2122 852 2159 cibus
874 2122 1094 2159 secundum
1112 2126 1294 2159 naturam
1312 2122 1443 2160 malus
1455 2127 1528 2169 est,
1542 2123 1636 2170 quia
1649 2124 1784 2162 omnis

158 2177 224 2206 res
253 2169 473 2206 secundum
496 2178 610 2206 suam
641 2173 822 2206 naturam
852 2168 959 2206 bona
992 2173 1066 2213 est,
1089 2173 1130 2206 ut
1163 2179 1284 2216 supra
1311 2173 1519 2207 ostensum
1550 2174 1632 2215 est;
1654 2174 1788 2217 potest

159 2220 291 2252 autem
313 2216 458 2262 aliquis
476 2215 590 2253 cibus
603 2225 692 2253 esse
712 2216 832 2254 alicui
853 2216 998 2260 malus,
1012 2216 1053 2253 in
1073 2221 1264 2262 quantum
1277 2217 1543 2254 contrariatur
1559 2217 1785 2256 salubritati

157 2261 286 2314 ipsius
308 2263 528 2300 secundum
548 2271 707 2309 corpus.
728 2263 886 2301 Nullius
907 2263 1029 2310 igitur
1048 2263 1126 2300 cibi
1142 2263 1331 2310 sumptio,
1350 2263 1570 2301 secundum
1593 2264 1700 2311 quod
1723 2268 1786 2302 est

156 2309 250 2346 talis
270 2319 348 2354 res,
371 2313 431 2347 est
448 2313 654 2355 peccatum
672 2309 893 2348 secundum
909 2319 979 2355 50;
1003 2310 1073 2348 5οἀ
1092 2314 1223 2357 potest
1241 2319 1331 2349 esse
1351 2314 1570 2358 peccatum,
1591 2312 1625 2348 si
1642 2315 1785 2358 praeter

156 2356 352 2393 rationem
372 2357 518 2403 aliquis
533 2357 622 2403 ipso
643 2360 776 2395 utatur
794 2357 1016 2395 secundum
1031 2366 1146 2395 suam
1169 2357 1354 2395 salutem.

203 2405 386 2448 Amplius,
406 2404 465 2441 uti
491 2404 611 2443 rebus
638 2404 687 2442 ad
713 2404 790 2442 hoc
809 2404 858 2441 ad
876 2404 982 2451 quod
1011 2408 1106 2442 sunt
1131 2413 1213 2442 non
1233 2408 1294 2442 est
1312 2405 1532 2442 secundum
1554 2414 1596 2442 se
1616 2405 1780 2442 malum.

155 2451 254 2502 Sunt
287 2454 419 2488 autem
454 2451 598 2497 plantae
622 2454 781 2497 propter
811 2452 1014 2496 animalia,
1036 2452 1271 2489 animalium
1289 2461 1382 2489 vero
1418 2452 1599 2499 quaedam
1622 2455 1782 2497 propter

156 2496 248 2542 alia,
270 2501 308 2534 et
341 2497 478 2535 omnia
507 2502 667 2544 propter
696 2498 914 2543 hominem,
935 2499 1040 2536 sicut
1060 2508 1108 2536 ex
1137 2499 1412 2545 superioribus
1434 2502 1552 2545 patet.
1576 2499 1636 2535 Uti
1658 2498 1780 2544 igitur

154 2544 216 2580 vel
243 2544 390 2590 plantis
426 2545 486 2582 vel
515 2545 749 2583 animalium
781 2545 982 2590 carnibus,
1001 2545 1063 2582 vel
1095 2545 1145 2583 ad
1176 2555 1290 2583 esum
1312 2547 1374 2583 vel
1393 2546 1442 2582 ad
1460 2544 1649 2593 quicquid
1669 2543 1778 2581 aliud

155 2595 249 2626 sunt
274 2591 426 2629 homini
448 2592 574 2637 utilia,
596 2601 678 2630 non
698 2596 760 2630 est
778 2592 999 2630 secundum
1020 2602 1063 2630 se
1086 2596 1307 2639 peccatum.

201 2638 300 2678 Item,
324 2639 502 2676 defectus
521 2640 672 2685 peccati
687 2639 736 2677 ab
757 2640 890 2677 anima
909 2640 1108 2677 derivatur
1128 2640 1177 2677 ad
1191 2649 1350 2686 corpus,
1364 2643 1402 2676 et
1420 2648 1501 2677 non
1519 2649 1539 2676 e
1559 2647 1776 2690 converso;

153 2688 359 2733 peccatum
380 2686 487 2723 enim
505 2685 676 2724 dicimus
696 2687 917 2724 secundum
938 2687 1044 2734 quod
1063 2687 1319 2724 deordinatur
1337 2685 1629 2724 voluntas.C1bi
1645 2689 1777 2723 autem

154 2730 382 2781 immediate
418 2733 467 2769 ad
499 2742 644 2780 corpus
672 2734 883 2781 pertinent,
906 2743 987 2771 non
1017 2733 1067 2771 ad
1099 2734 1287 2771 animam.
1321 2735 1408 2771 Non
1439 2732 1560 2779 igitur
1596 2731 1778 2770 ciborum

153 2780 333 2828 sumptio·
365 2779 584 2829 secundum
622 2790 665 2818 50
701 2784 832 2827 potest
866 2790 955 2819 esse
987 2785 1207 2827 peccatum,
1238 2780 1317 2818 nisi
1349 2783 1544 2826 quatenus
1583 2782 1780 2825 repugnat

151 2823 380 2875 rectitudini
397 2826 626 2864 voluntatis.
650 2827 763 2872 Quod
783 2827 944 2875 quidem
964 2828 1163 2875 contingit
1183 2837 1193 2863 :
1215 2836 1296 2864 uno
1315 2825 1448 2870 modo,
1471 2828 1631 2871 propter
1655 2834 1774 2872 repu-

153 2873 358 2916 gnantiam
374 2870 424 2908 ad
439 2873 644 2920 proprium
664 2874 784 2913 finem
804 2875 1000 2922 ciborum,
1021 2874 1127 2914 sicut
1145 2882 1268 2923 quum
1285 2872 1445 2921 aliquiS,
1468 2875 1627 2919 propter
1646 2872 1779 2911 delec-
