1894 3223
636 81 725 117 LIB.
752 81 817 126 ΙΙΙ,
845 80 945 117 CAP.
974 78 1068 116 Llll.
1600 79 1668 116 325

40 167 172 202 autem
205 163 339 200 divina
366 169 449 200 non
477 163 609 209 potest
639 160 698 198 sic
728 158 913 211 intelligi,
935 163 977 196 ut
1009 166 1129 204 supra
1145 156 1245 204 (cap.
1264 157 1323 203 49)
1352 160 1559 195 ostensum
1591 163 1664 195 est.

42 210 293 257 impossibile
319 212 380 247 est
399 217 494 256 ergo
525 206 720 255 perveniri
742 206 789 242 ab
823 206 957 253 aliquo
990 205 1193 243 intellectu
1230 208 1362 241 creato
1392 204 1440 241 ad
1468 205 1665 242 visionem

41 258 184 342 111νί5110
205 255 454 301 substantiae,
475 255 554 293 nisi
580 263 650 302 per
684 253 882 291 actionem
904 253 987 298 Dei,
1009 253 1075 300 qui
1113 260 1270 289 omnem
1294 255 1514 289 creaturam
1538 256 1667 290 trans-

41 314 114 343 cen
145 305 186 342 it.

89 352 187 389 Hinc
208 350 383 400 estquod
398 349 526 394 Rom„
542 356 598 394 vr,
615 351 676 390 23,
698 347 842 385 dicitur
862 359 872 385 :
896 347 1024 385 Gmcia
1042 347 1108 382 Dei
1126 345 1204 381 vita
1222 348 1369 382 aetcrna.
1390 348 1432 383 In
1452 345 1542 393 ipsa
1563 346 1668 384 enim

42 399 176 436 divina
206 399 362 437 visione
389 396 639 436 ostendimus
659 404 748 433 esse
781 394 958 431 hominis
986 392 1286 437 beatitudinem,
1308 402 1395 440 quae
1424 395 1502 430 vita
1533 396 1668 430 aeterna

42 446 199 490 dicitur,
219 446 266 483 ad
284 454 401 494 quam
419 443 506 482 sola
522 443 590 480 Dei
612 442 738 495 gratia
755 441 925 479 dicimur
941 440 1158 488 pervenire,
1175 440 1270 487 quia
1285 441 1376 477 talis
1390 440 1493 478 visio
1507 449 1666 479 omnem

42 496 232 532 creaturae
253 492 480 530 facultatem
498 489 664 535 excedit,
684 498 757 526 nec
777 492 837 526 est
857 488 1051 535 possibile
1073 487 1122 525 ad
1142 495 1229 524 eam
1247 488 1452 533 pervenire
1471 488 1548 525 nisi
1572 488 1666 525 divi-

42 548 95 578 no
119 548 296 578 munere.
319 540 413 585 Quae
439 541 571 576 autem
592 537 651 575 sic
672 536 889 574 adveniunt
923 540 1127 578 creaturae,
1150 533 1218 572 Dei
1255 535 1390 581 gratiae
1413 535 1663 581 deputantur.

42 587 289 682 et,Job‚)x1v,
309 590 370 632 21,
386 586 580 624 Dominus
594 584 688 622 dicit
711 596 719 621 ε
742 585 818 629 qu
832 583 1072 627 manifestabo
1092 583 1125 619 ez·
1141 582 1331 628 meipsum.
1355 583 1381 628 (1
1405 586 1517 628 part„
1536 593 1572 630 q.
1594 589 1667 627 xli,

43 638 115 672 art.
142 637 176 672 4.
1410 636 1420 644 ’

708 731 875 774 CAPUT
903 730 1006 772 LIII.

45 855 144 889 QUOD
172 853 428 884 INTELLEGTFS
454 852 625 883 CREATUS
656 852 813 882 IXDIGET
845 852 989 885 ALIQUA
1016 850 1248 880 INFLUENTIA
1274 850 1402 880 DIVINI
1433 853 1589 882 Lt'inn‘ls
1617 852 1670 882 AD

432 901 506 931 Hoc
530 900 630 935 QUOD
657 900 764 929 DEUM
789 900 863 928 PER
882 898 1099 928 ESSENTIAM
1124 898 1283 928 VIDEAT.

93 1014 253 1059 Oportet
273 1014 404 1048 autem
428 1010 534 1057 quod
556 1009 603 1046 ad
626 1013 704 1046 tam
736 1008 909 1046 nobilem
942 1008 1139 1045 visionem
1171 1008 1397 1045 intellectus
1425 1013 1582 1046 creatus
1602 1018 1671 1055 per

45 1061 218 1106 aliquam
239 1057 382 1095 divinae
402 1056 592 1094 bonitatis
611 1056 858 1093 influentiam
879 1056 1064 1092 elevetur.
1087 1055 1339 1101 Impossibile
1357 1059 1418 1092 est
1438 1057 1543 1092 enim
1565 1056 1670 1102 quod

45 1108 84 1144 id
107 1105 212 1153 quod
243 1109 303 1142 est
336 1104 463 1147 forma
494 1103 662 1150 alicujus
693 1103 748 1139 rei
797 1102 942 1148 ropria‚
963 1102 1031 1139 ilat
1065 1102 1229 1139 alterius
1264 1103 1319 1139 rei
1342 1101 1482 1147 forma,
1506 1103 1585 1139 nisi
1608 1112 1671 1140 res

45 1154 115 1191 illa
145 1152 353 1200 participet
386 1151 560 1198 aliquam
593 1150 760 1188 similitu
792 1150 896 1186 inem
931 1149 1059 1192 illius,
1078 1149 1192 1195 cujus
1229 1153 1289 1186 est
1322 1150 1481 1195 propria
1516 1150 1670 1194 sorina3

47 1201 153 1239 sicut
173 1200 242 1237 lux
259 1208 339 1236 non
373 1197 415 1235 fit
435 1201 547 1235 actus
581 1197 749 1244 alicujus
782 1196 975 1243 corporis,
995 1196 1073 1233 nisi
1107 1196 1255 1242 aliquid
1290 1197 1497 1243 participet
1516 1197 1563 1233 de
1587 1197 1670 1233 dia-

43 1248 191 1295 phano.
214 1246 395 1284 Essentia
424 1248 555 1283 autem
576 1245 710 1282 divina
731 1248 791 1281 est
823 1244 983 1290 propria
1001 1243 1128 1280 forma
1154 1243 1421 1290 intelligibilis
1442 1244 1671 1281 intellectus

46 1294 183 1339 divini,
205 1294 295 1331 etei
314 1292 625 1346 proportionata.
646 1294 742 1329 Nam
763 1291 848 1328 haec
864 1291 940 1328 tria
971 1291 1011 1327 in
1035 1292 1114 1328 Deo
1135 1299 1258 1327 unum
1282 1294 1375 1328 sunt
1397 1303 1405 1328 :
1428 1291 1670 1334 intellectus,

46 1342 114 1390 (id)
136 1340 466 1389 quointelligitur
478 1342 516 1377 et
531 1338 897 1387 quodintelligitur.
920 1337 1171 1384 Impossibile
1200 1342 1261 1375 est
1291 1338 1413 1385 igitur
1450 1337 1555 1385 quod
1584 1339 1672 1384 ipsa

47 1388 224 1426 essentia
242 1387 309 1424 Dei
342 1386 412 1424 fiat
445 1386 710 1433 intelligibilis
744 1385 871 1422 forma
890 1385 1059 1432 alicujus
1089 1385 1314 1422 intellectus
1346 1386 1480 1429 creati,
1504 1385 1582 1422 nisi
1605 1395 1673 1431 per

47 1436 124 1474 hoc
161 1434 267 1482 quod
285 1434 460 1481 aliquam
486 1434 658 1470 divinam
691 1432 993 1470 similitudinem
1016 1432 1241 1469 intellectus
1273 1436 1429 1469 creatus
1446 1432 1669 1478 participat.

48 1484 138 1520 Haec
158 1482 282 1528 igitur
312 1481 455 1518 divinae
483 1480 760 1517 similitudinis
793 1479 1041 1526 participatio
1072 1479 1300 1516 necessaria
1317 1479 1446 1515 estad
1468 1480 1544 1516 1100
1565 1479 1671 1526 quod

48 1531 116 1568 Dei
138 1529 362 1566 substantia
379 1527 572 1565 videatur.

96 1577 240 1617 Adhuc,
264 1575 365 1612 nihil
384 1579 445 1612 est
461 1573 731 1621 susceptivum
753 1573 889 1610 formae
923 1572 1184 1618 sublimioris,
1206 1572 1283 1609 nisi
1305 1582 1374 1619 per
1396 1573 1569 1620 aliquam
1591 1574 1670 1610 dis-

49 1623 289 1672 positionem
311 1622 360 1659 ad
379 1622 490 1659 illius
505 1621 761 1668 capacitatem
785 1620 970 1657 elevetur.
989 1619 1176 1666 Proprius
1197 1620 1303 1656 enim
1323 1623 1435 1657 actus
1450 1621 1491 1656 in
1512 1621 1671 1666 propria

49 1671 226 1718 potentia
244 1669 301 1708 fit.
325 1668 508 1707 Essentia
526 1671 657 1705 autem
677 1667 810 1705 divina
828 1671 888 1704 est
902 1667 1029 1704 forma
1041 1667 1157 1704 altior
1171 1667 1279 1704 omni
1299 1667 1502 1704 intellectu
1521 1672 1666 1705 creato.

48 1718 105 1756 Ad
126 1718 201 1756 1100
222 1716 344 1764 igitur
376 1715 483 1764 quod
507 1715 682 1753 essentia
701 1714 835 1752 divina
854 1714 921 1750 fiat
956 1713 1222 1761 intelligibilis
1244 1714 1398 1760 speeies
1425 1714 1594 1759 alicuius
1616 1715 1673 1751 in—

49 1765 232 1802 tellectus
242 1763 388 1808 creati,
408 1762 515 1810 quod
547 1761 763 1809 requiritur
782 1761 829 1798 ad
850 1761 924 1798 1100
944 1760 1050 1808 quod
1073 1761 1207 1798 divina
1236 1761 1460 1798 substantia
1477 1761 1669 1805 videatur,

49 1820 215 1897 geceslse
248 1814 308 1848 est
337 1809 444 1858 quod
475 1809 701 1847 intellectus
734 1813 891 1846 creatus
919 1808 1052 1856 aliqua
1081 1808 1344 1860 dispositione
1379 1808 1603 1846 sublimiori
1625 1809 1673 1846 ad

80 1868 128 1897 oc
147 1869 166 1896 e
185 1861 335 1896 evetur.

96 1906 279 1952 Amplius,
297 1904 332 1942 si
354 1903 488 1952 aliqua
505 1904 583 1941 duo
599 1903 711 1950 prius
727 1902 874 1940 fuerint
891 1911 972 1940 non
993 1902 1118 1948 unita,
1135 1906 1172 1951 et
1191 1903 1445 1949 postmodum
1468 1903 1671 1947 uniantur,

51 1956 207 2000 oportet
221 1951 327 2000 quod
359 1952 437 1989 hoc
466 1951 533 1988 fiat
561 1960 631 1998 per
649 1950 910 1988 mutationem
928 1949 1151 1997 utriusque,
1172 1950 1234 1987 vel
1255 1950 1418 1987 alterius
1439 1953 1606 1987 tantum.
1632 1951 1672 1987 Si

51 2004 183 2038 autem
215 2001 416 2045 ponantur
446 1998 551 2045 quod
583 1998 809 2035 intellectus
839 1997 985 2044 aliquis
1015 2000 1171 2034 creatus
1210 1997 1257 2034 de
1288 2006 1391 2034 novo
1423 1997 1588 2043 incipiat
1605 1998 1672 2034 Dei

51 2046 316 2086 Substantiam
349 2045 496 2090 videre,
517 2044 922 2092 oportetsecundum
951 2044 1171 2091 praemissa,
1199 2044 1306 2092 quod
1335 2044 1469 2082 divina
1499 2044 1674 2082 essentia

51 2093 260 2140 copuletur
279 2093 314 2129 ei
337 2092 384 2129 de
404 2101 522 2136 novo,
544 2095 586 2129 ut
604 2091 870 2138 intelligibilis
891 2091 1060 2138 species.
1079 2091 1330 2138 Impossibile
1347 2094 1406 2129 est
1420 2094 1551 2129 autem
1567 2092 1672 2138 quod

21 2179 25 2187 ἶ
54 2141 190 2178 divina
209 2139 384 2177 essentia
402 2142 620 2184 moveatur,
641 2139 745 2176 sicut
763 2147 884 2185 supra
901 2138 984 2186 (lib.
1005 2147 1033 2183 1,
1049 2148 1133 2185 cap.
1159 2138 1216 2186 13)
1238 2141 1446 2176 ostensum
1465 2143 1539 2176 est.
1556 2139 1676 2185 Opor-

52 2191 110 2237 tet
128 2187 251 2234 igitur
270 2186 376 2234 quod
393 2186 487 2224 talis
506 2185 602 2223 unio
621 2185 786 2232 incipiat
805 2195 895 2223 esse
916 2195 985 2232 per
1003 2186 1264 2223 mutationem
1292 2186 1518 2223 intellectus
1539 2186 1673 2223 creati.

55 2235 150 2279 Quae
171 2233 330 2281 quidem
345 2232 512 2270 mutatio
529 2232 644 2270 aliter
659 2241 748 2270 esse
769 2241 851 2269 non
877 2235 1021 2278 potest,
1037 2233 1116 2270 nisi
1136 2243 1206 2280 per
1223 2233 1299 2274 hoc
1319 2233 1425 2280 quod
1446 2233 1673 2270 intellectus

53 2284 212 2320 creatus
232 2280 406 2328 aliquam
427 2280 732 2327 dispositionem
750 2278 797 2317 de
819 2288 922 2317 novo
943 2279 1134 2327 acquirat.
1156 2280 1262 2317 Idem
1279 2284 1409 2316 autem
1428 2279 1621 2326 sequitur,
1641 2279 1676 2315 si

55 2328 169 2366 detur
197 2327 303 2375 quod
329 2337 353 2365 a
370 2327 567 2375 principio
587 2336 670 2365 suae
689 2326 905 2365 creationis
924 2327 993 2364 tali
1017 2326 1174 2364 visione
1207 2327 1352 2373 aliquis
1384 2330 1541 2363 creatus
1561 2325 1675 2363 intel-

54 2375 181 2414 lectus
201 2374 388 2421 potiatur.
408 2375 520 2419 Nam,
541 2374 576 2413 si
593 2373 685 2412 talis
715 2373 819 2412 visio
851 2374 1076 2411 facultatem
1110 2376 1421 2411 natureecreatae
1442 2372 1608 2417 excedit,
1633 2376 1677 2409 ut

53 2422 264 2470 probatum
285 2425 346 2459 est
365 2420 465 2468 (cap.
483 2420 558 2468 52),
578 2423 709 2468 potest
722 2419 890 2468 intelligi
909 2421 1056 2468 aliquis
1075 2420 1301 2458 intellectus
1316 2423 1472 2457 creatus
1488 2420 1529 2456 in
1544 2419 1677 2465 speeie

55 2478 139 2508 suae
160 2473 311 2507 naturae
345 2468 580 2514 consistere,
598 2467 748 2515 absque
768 2468 846 2506 hoc
876 2467 982 2514 quod
1002 2466 1071 2504 Dei
1100 2466 1364 2504 substantiam
1385 2466 1529 2503 videat.
1551 2466 1675 2511 Unde,

55 2517 141 2554 sive
160 2525 183 2554 a
200 2515 396 2563 principio
417 2516 500 2553 sive
526 2514 781 2561 postmodum
799 2515 923 2552 Deum
941 2513 1076 2552 videre
1101 2513 1280 2561 incipiat,
1311 2517 1467 2560 oportet
1496 2514 1582 2561 ejus
1612 2522 1678 2551 na-

56 2566 156 2602 turae
177 2564 328 2611 aliquid
348 2562 575 2609 superaddi.

102 2611 204 2652 Item,
223 2610 324 2647 nihil
355 2613 486 2657 potest
504 2609 553 2647 ad
580 2608 760 2646 altiorem
796 2607 1068 2655 operationem
1102 2607 1260 2652 elevari,
1282 2607 1361 2645 nisi
1381 2617 1451 2654 per
1477 2607 1554 2646 hoc
1571 2607 1679 2655 quod

58 2657 144 2705 ejus
162 2658 288 2696 virtus
308 2656 554 2695 fortificetur.
577 2656 778 2703 Contingit
798 2658 928 2693 autem
950 2654 1160 2701 dupliciter
1176 2654 1548 2701 alicujuffvirtutem
1566 2654 1679 2692 forti-

57 2704 181 2742 ficari.
203 2706 288 2743 Uno
306 2705 427 2742 modo
458 2714 528 2751 per
547 2703 769 2750 simplicem
790 2702 1058 2740 intensionem
1083 2702 1212 2749 ipsius
1231 2701 1410 2747 virtutis3
1433 2702 1536 2740 sicut
1552 2702 1679 2739 virtus

59 2751 186 2803 activa
204 2752 322 2789 calidi
344 2755 511 2799 augetur
528 2760 599 2798 per
612 2750 881 2788 intensionem
900 2749 1060 2796 caloris,
1080 2752 1124 2786 ut
1141 2749 1270 2796 possit
1292 2749 1446 2786 efficere
1466 2749 1678 2786 vehemen-

58 2800 200 2836 tiorem
218 2799 413 2837 rationem
432 2799 474 2836 in
495 2798 632 2836 eadem
659 2797 805 2845 specie.
825 2797 911 2835 Alio
932 2796 1051 2835 modo
1082 2805 1152 2843 per
1169 2805 1282 2834 novae
1302 2797 1438 2834 formae
1460 2796 1679 2842 oppositio-

60 2853 164 2892 nem,
184 2846 288 2883 sicut
317 2846 505 2894 diaphani
525 2845 650 2884 virtus
683 2847 850 2892 augetur
870 2843 919 2882 ad
948 2844 1025 2883 hoc
1058 2843 1165 2892 quod
1189 2844 1318 2892 possit
1348 2843 1589 2888 illuminare,
1611 2850 1681 2888 per
