1894 3223
768 122 894 157 ottho
924 121 1096 158 RERUM.

122 220 188 251 qua:
209 210 246 244 dc
263 211 379 252 Spiritu
399 214 503 244 sancto
523 210 676 244 dicuntur.
835 211 893 241 526

163 259 241 290 (λυ).
263 266 319 290 xx.
342 276 379 281 -
400 259 439 290 llo
463 258 622 290 ctl‘ectibus
648 256 803 289 attributis
823 256 894 297 Spi-

124 304 193 335 ritui
231 308 336 336 sancto
365 305 395 336 in
428 304 593 346 scripturis
626 305 766 345 respectu
799 303 894 336 totius

122 355 277 384 creaturae.
836 352 894 384 528

161 400 242 431 Car.
275 407 346 432 xxi.
388 418 425 423 —
469 401 509 432 Dc
544 399 703 432 effectibus
740 397 895 431 attributis

122 445 249 488 Spiritui
291 450 410 487 sancto,
445 450 586 489 respectu
617 438 774 479 rationi-his
814 454 898 478 crea-

123 496 210 532 turae,
233 498 380 536 quantum
403 495 439 527 ad
459 503 494 527 ea
523 503 590 536 qum
613 495 693 527 Deus
712 492 800 527 nobis
820 493 897 525 elar-

125 539 220 582 gitur.
837 541 895 573 528

162 589 244 622 CAP.
279 597 364 622 xxu.
396 609 435 614 —
468 591 509 624 De
549 590 708 624 effectibus
741 588 896 623 attributis

121 635 248 678 Spiritui
288 640 395 671 sancto
416 663 424 676 ‚
464 637 629 671 secundum
671 636 751 678 quod
795 637 897 668 movet

123 686 292 716 creaturam
313 686 344 717 in
361 685 464 718 Deum.
839 685 896 715 530

164 732 246 764 CAP.
277 740 378 765 xxm.
407 751 444 756 —
473 732 593 766 Solutic
625 732 776 765 rationum
808 739 898 771 supra

124 779 318 812 indoctarum
372 784 478 814 eontra
530 780 720 813 divinitatem
768 778 898 820 Spiritus

124 827 234 859 sancti.
839 827 897 859 532

165 873 245 905 CAP.
277 882 371 908 xxw.
404 891 442 898 -—
481 873 566 911 Quod
605 873 738 914 Spiritus
776 875 899 905 sanctus

124 920 270 961 procedat
288 929 306 954 a
326 920 418 957 Filio.
840 921 898 952 535

167 966 248 999 CAP.
273 974 355 1000 xxv.
375 985 413 991 —
438 968 583 1001 Rationes
604 967 768 1000 ostendere
792 968 898 999 volen—

125 1014 202 1046 tium
223 1015 304 1056 quod
323 1014 456 1055 Spiritus
475 1017 596 1047 sanctus
618 1022 679 1047 non
710 1014 853 1056 procedat
883 1022 898 1045 a

124 1061 214 1100 Filio,
234 1064 265 1094 et
284 1061 398 1095 solutio
422 1062 570 1105 ipsarum.
841 1062 898 1094 538

166 1108 247 1140 CAP.
271 1115 368 1141 xxvl.
391 1125 429 1132 -—
449 1108 536 1146 Quod
565 1117 625 1141 non
653 1111 726 1142 sunt
753 1109 812 1141 nisi
838 1111 899 1140 tros
942 1135 946 1146 ,

124 1163 265 1196 personae
286 1155 316 1187 in
336 1155 461 1195 divinis,
482 1156 601 1188 scilicet
625 1156 731 1194 Pater,
751 1154 847 1188 Filius
870 1157 900 1187 et

123 1202 257 1244 Spiritus
275 1205 411 1236 sanctus.
839 1204 898 1235 539

165 1249 246 1282 CM».
280 1256 391 1282 xxvu.
423 1268 460 1273 —
487 1250 528 1282 Dc
556 1250 764 1282 incarnatione
795 1249 897 1287 Verbi,

125 1296 294 1330 secundum
313 1297 509 1330 traditionem
529 1305 620 1330 sacra>
640 1296 814 1338 Scripturae.
841 1298 895 1330 541

167 1343 250 1376 Ciu».
270 1350 395 1376 xxviii.
419 1361 457 1368 -
477 1344 517 1376 Dc
537 1352 638 1376 errore
670 1344 792 1376 Photini
821 1345 898 1376 circa

126 1391 378 1425 incarnationem.
841 1393 899 1424 542

166 1438 248 1472 CAP.
267 1445 363 1473 xxix.
393 1443 434 1463 ¹—-
460 1440 502 1472 Do
533 1447 634 1472 errore
667 1439 899 1472 blanichaeorum

125 1486 205 1518 circa
225 1486 476 1520 incarnationem.
842 1489 900 1520 542

165 1534 246 1566 CAP.
273 1540 354 1566 xxx.
374 1551 414 1557 -
434 1533 475 1565 De
505 1542 610 1566 errore
632 1533 784 1565 Valentini
820 1534 900 1566 circa

127 1580 381 1613 incarnationem.
460 1589 467 1596 ·
841 1581 898 1612 545

167 1628 249 1660 CAP.
269 1635 363 1660 xxxi.
387 1644 426 1651 —-
443 1628 483 1660 De
504 1636 605 1660 errore
622 1627 808 1669 Apollinaris
822 1628 900 1660 circa

126 1684 237 1716 corpus
259 1675 385 1707 Christi.
721 1702 733 1712 .
842 1678 901 1708 546

167 1722 248 1754 CAP.
269 1728 378 1754 xxxii.
402 1738 449 1754 -4
464 1722 504 1754 De
524 1730 624 1755 errore
645 1722 706 1754 Arii
738 1722 900 1764 01),μοΗὶ-

126 1768 210 1802 naris
227 1768 308 1801 circa
327 1769 458 1800 animam
485 1767 609 1800 Christi.
843 1771 900 1802 547

167 1815 248 1847 CAP.
281 1822 408 1847 xxxin.
442 1832 480 1838 --
513 1816 553 1847 De
585 1824 687 1847 errore
718 1816 902 1857 Apollinaris

126 1862 258 1896 dicentis
287 1861 418 1894 animani
447 1861 625 1895 rationalem
660 1871 717 1893 non
750 1863 844 1894 fuisse
872 1863 902 1894 in

125 1910 272 1947 Christo,
312 1911 344 1941 et
385 1909 421 1941 de
461 1916 562 1940 errore
599 1909 738 1949 Origenis
771 1909 902 1942 dicentis

84 1980 88 1984 Δ
130 1957 262 1989 animam
281 1955 396 1988 Christi
423 1957 491 1987 ante
516 1954 659 1987 mundum
692 1955 786 1989 tuisse
818 1965 901 1989 crea-

126 2007 198 2036 tam.
843 2006 901 2037 548

167 2051 249 2082 CAP.
290 2058 410 2083 xxxw.
448 2069 484 2074 -
523 2052 564 2082 De
606 2059 707 2083 errore
748 2051 902 2083 Theodori

126 2098 332 2139 Mopsuesteni
352 2098 432 2130 circa
451 2098 594 2136 unionem
617 2098 704 2130 Verbi
735 2098 771 2130 ad
802 2099 901 2131 hoini-

127 2155 208 2178 neni.
842 2147 901 2178 549

169 2193 251 2225 CAP.
280 2200 385 2225 xxxv.
420 2210 457 2215 —
491 2194 602 2225 Contra
642 2201 774 2225 errorem
810 2194 902 2234 Euty-

125 2240 233 2272 ehetis.
839 2243 899 2273 555

168 2287 250 2320 CAP.
271 2295 392 2320 xxxvi.
410 2304 448 2311 ·—-
469 2289 510 2320 Dc
527 2296 629 2320 errore
647 2287 769 2320 Macarii
793 2289 899 2320 Antio-

124 2336 225 2375 ctreni,
242 2336 385 2377 ponentis
403 2343 495 2370 unam
523 2337 640 2367 tantum
661 2335 848 2369 voluntatem
869 2336 900 2368 in

124 2383 258 2416 Christo.
837 2384 898 2415 558

165 2429 245 2462 Cap,
268 2437 401 2462 xxxvu.
425 2430 538 2463 Contra
558 2438 612 2462 eos
632 2431 684 2471 qui
709 2430 849 2462 dixerunt
862 2439 899 2463 ex

124 2477 224 2509 anima
246 2479 278 2509 et
301 2485 430 2519 corpore
457 2486 518 2510 non
557 2485 624 2510 esse
656 2477 771 2518 aliquid
805 2486 896 2510 unum

123 2526 323 2566 constitutum
343 2526 374 2558 in
396 2527 531 2559 Clu-isto.
837 2529 897 2560 559

165 2573 245 2605 Car.
285 2579 434 2605 xxxvm.
469 2574 582 2606 Contra
613 2581 667 2606 eos
698 2574 750 2614 qui
779 2577 898 2615 ponunt

123 2620 198 2652 duas
230 2621 413 2661 hypostases
443 2620 492 2652 vel
513 2619 571 2652 duo
592 2621 750 2661 supposita
783 2621 815 2652 in
837 2630 897 2653 una

122 2674 253 2708 persona
269 2666 396 2699 Christi.
837 2670 893 2701 561

163 2713 243 2746 CAP.
264 2721 383 2747 xxxtx.
405 2732 444 2739 -
465 2715 541 2753 Quid
561 2715 710 2748 catholica
735 2715 808 2748 tides
829 2724 897 2748 sen-

122 2761 179 2792 tiat
197 2760 234 2792 de
255 2760 461 2794 incarnatione
478 2762 604 2795 Christi.
837 2765 895 2796 563

163 2808 244 2841 CAP.
267 2815 319 2840 xl..
340 2824 380 2833 —
399 2809 597 2850 Objectiones
615 2812 720 2843 contra
740 2810 830 2843 fidem
848 2811 896 2842 in-

121 2855 318 2887 carnationis.
837 2860 895 2890 563

161 2902 240 2934 CAP.
275 2909 346 2934 xm.
381 2903 537 2940 Quomodo
574 2908 714 2946 oporteat
756 2906 894 2937 incarna-

1674 125 1741 159 653

970 209 1081 240 tionem
1099 208 1166 240 Filii
1190 208 1241 240 Dei
1263 209 1447 248 intelligere.
1684 210 1743 241 565

1009 257 1088 287 Car.
1111 264 1194 288 xL11.
1216 274 1255 279 —
1285 256 1370 293 Quod
1403 255 1572 296 assumptio
1605 256 1744 288 humanm

968 306 1083 336 natura,-
1103 304 1233 336 maxime
1259 306 1415 344 competat
1434 303 1532 335 Verbo
1553 303 1618 336 Dei.
1683 303 1743 336 567

1011 350 1091 382 Car.
1128 358 1228 382 xciii.
1262 368 1301 374 —-
1338 350 1423 388 Quod
1462 352 1594 383 humana
1637 353 1743 384 natura

970 399 1123 438 assumpta
1152 406 1169 430 a
1189 397 1288 430 Verbo
1318 405 1380 430 non
1406 397 1587 439 praeexstitit
1607 406 1744 440 assump·

971 444 1057 481 tioui,
1080 444 1132 477 sed
1152 443 1183 476 in
1198 444 1265 485 ipsa
1288 444 1491 485 conceptione
1510 444 1570 475 ruit
1588 448 1743 486 assumpta

968 499 985 524 a
1004 490 1102 523 Verbo
1124 490 1189 523 Dei.
1367 522 1371 526 ,
1686 494 1744 526 568

1009 538 1088 570 CAP.
1125 545 1222 570 xcxv.
1258 555 1296 561 —
1331 538 1418 575 Quod
1465 540 1572 571 natura
1612 539 1744 572 humana

967 588 1123 628 assumpta
1161 593 1178 617 a
1210 585 1308 617 Verbo
1362 585 1394 617 in
1434 585 1502 627 ipsa
1544 587 1745 627 conceptione

968 633 1026 665 fuit
1070 632 1227 675 perfecta,
1264 635 1410 673 quantum
1455 633 1491 664 ad
1540 634 1670 666 animani
1715 638 1746 667 et

968 688 1090 722 corpus.
1687 685 1745 716 569

1009 728 1090 760 ΕΜ).
1130 735 1208 760 XLv.
1251 745 1289 752 --
1327 727 1413 765 Quod
1452 728 1605 761 Christum
1645 730 1747 763 decuit

968 775 1052 808 nasci
1071 784 1110 809 ex
1131 777 1262 817 virgine.
1687 779 1745 810 576

1009 823 1089 856 CAP.
1111 830 1206 856 xcvi.
1227 841 1266 848 -
1286 824 1373 862 Quod
1387 824 1528 857 Christus
1541 827 1632 857 natus
1649 827 1696 857 est
1710 825 1746 857 de

969 871 1084 912 Spiritu
1105 873 1223 904 sancto.
1687 873 1743 904 571

1010 919 1092 952 CAP.
1114 927 1222 952 xcvii.
1245 939 1283 944 —
1305 920 1391 957 Quod
1423 921 1562 954 Christus
1592 929 1653 953 non
1689 919 1747 951 fnit

971 966 1052 998 tilius
1073 967 1204 1009 Spiritus
1224 968 1321 1000 sancti
1339 967 1506 1000 secuudum
1523 975 1658 1000 caruem.
1687 967 1746 999 572

1011 1014 1090 1046 CAP.
1112 1022 1235 1047 xnvm.
1259 1033 1297 1038 —
1311 1015 1396 1052 Quod
1417 1023 1477 1048 non
1496 1017 1545 1048 est
1557 1014 1719 1047 dicandum
1737 1023 1744 1043 z

970 1061 1109 1093 Christus
1132 1064 1179 1093 est
1202 1064 1350 1094 creatura.
1688 1062 1746 1094 572

1011 1108 1093 1141 CAP.
1127 1116 1221 1141 xmx.
1247 1127 1285 1133 —-
1315 1109 1433 1142 Solutio
1465 1110 1614 1142 rationum
1640 1112 1746 1142 contra

970 1155 1208 1188 incarnationem
1230 1157 1371 1197 superius
1392 1157 1573 1198 positarum.
1687 1157 1746 1189 573

1012 1203 1094 1234 CAP.
1111 1210 1142 1235 L.
1167 1221 1204 1226 —
1226 1203 1311 1240 Quod
1332 1202 1493 1244 peccatum
1513 1202 1662 1243 originale
1687 1206 1746 1235 tra-

971 1250 1097 1282 ducatur
1119 1251 1248 1290 apruno
1264 1254 1388 1291 parente
1410 1251 1440 1282 in
1460 1254 1611 1292 posteros.
1688 1253 1747 1284 574

1012 1297 1094 1329 CAP.
1120 1305 1167 1330 LI.
1191 1315 1229 1320 -
1250 1297 1448 1338 objectiones
1468 1301 1574 1332 contra
1586 1301 1747 1341 peccatum

972 1345 1131 1385 originale.
1687 1349 1747 1380 576

1012 1391 1092 1424 (ΞΑΡ.
1123 1399 1183 1424 Lu.
1210 1411 1246 1415 —
1269 1393 1386 1425 Solutio
1424 1394 1631 1434 objectionum
1664 1394 1749 1435 posi-

972 1442 1081 1470 tarum.
1689 1442 1748 1474 577

1013 1487 1093 1519 CAP.
1124 1495 1259 1520 L111.—
1294 1490 1438 1522 Rationes
1479 1490 1590 1531 quibus
1627 1488 1748 1522 videtur

972 1534 1094 1575 probari
1129 1535 1209 1576 quod
1247 1544 1309 1569 non
1346 1537 1404 1568 suit
1434 1538 1621 1570 conveniens
1653 1537 1747 1569 Deum

973 1581 1135 1612 incarnari.
1689 1586 1746 1616 580

1013 1628 1093 1660 CAP.
1116 1635 1190 1660 mv.
1212 1647 1250 1653 -—-
1265 1630 1350 1668 Quod
1371 1631 1558 1664 conveniens
1578 1631 1638 1663 fnit
1653 1631 1747 1664 Donni

973 1683 1135 1708 incarnari.
1689 1681 1747 1712 583

1014 1723 1095 1755 CAP.
1134 1731 1190 1756 LV.
1233 1743 1272 1749 —
1313 1726 1432 1758 Solutio
1469 1727 1620 1759 rationum
1658 1735 1749 1768 supra

973 1771 1140 1810 positarum
1182 1775 1286 1804 contra
1329 1773 1572 1806 convenientiam
1611 1775 1750 1807 incarna-

972 1817 1076 1849 tionis.
1689 1823 1747 1855 585

1015 1865 1095 1897 (ΞΜ).
1117 1873 1187 1898 Lvi.
1211 1884 1248 1892 -ο
1280 1868 1322 1899 De
1349 1869 1536 1901 necessitate
1574 1877 1748 1902 sacramen-

974 1913 1083 1942 torum.
1690 1918 1749 1949 592

1014 1959 1094 1990 Cae.
1118 1967 1203 1992 Lvn.
1225 1979 1263 1984 —
1293 1962 1333 1993 lie
1357 1961 1554 1995 distinctione
1575 1972 1750 1996 sacramen-

974 2010 1072 2040 torum
1093 2009 1205 2040 veteris
1225 2012 1256 2040 et
1276 2017 1361 2041 novae
1382 2010 1474 2049 legis.
1692 2013 1749 2043 593

1014 2054 1093 2086 Can.
1117 2062 1269 2086 LV111.—
1286 2057 1325 2088 De
1346 2065 1472 2089 numero
1491 2059 1748 2090 sacramentorum

974 2111 1058 2134 novze
1075 2103 1162 2142 legis.
1691 2107 1748 2138 593

1013 2150 1092 2181 Cap.
1118 2157 1185 2181 mx,
1211 2169 1248 2173 —
1269 2152 1310 2183 De
1329 2151 1497 2192 Baptismo.
1691 2154 1750 2185 594

1014 2198 1092 2230 Car.
1115 2205 1170 2229 Lx.
1195 2215 1230 2220 -—
1251 2199 1292 2230 De
1312 2198 1561 2232 Confirmatione.
1691 2203 1748 2233 395

1013 2244 1090 2275 (ΞΑΡ.
1113 2252 1182 2276 in.
1209 2263 1247 2268 --
1268 2245 1309 2277 De
1330 2246 1531 2279 Eucharistia.
1690 2249 1747 2280 595

1012 2291 1092 2324 ΟΑΡ.
1115 2299 1201 2325 Lxu.
1224 2311 1262 2315 -—
1280 2293 1321 2325 De
1341 2301 1443 2326 errore
1478 2294 1647 2326 infidelium
1669 2295 1746 2327 eirca

971 2339 1171 2381 Eucharistiae
1191 2344 1431 2373 sacramentum.
1690 2344 1748 2376 596

1011 2386 1094 2419 CAP.
1114 2395 1215 2419 Lxm.
1237 2405 1276 2411 —-
1298 2388 1417 2421 Solutio
1442 2389 1667 2430 praemissartlll]
1688 2390 1747 2422 ‹lis-

969 2434 1150 2473 nuntiatum,
1176 2437 1207 2466 et
1238 2435 1336 2475 prinu)
1377 2437 1478 2476 quoad
1516 2438 1747 2469 conversionem

969 2481 1058 2522 panis
1077 2482 1108 2513 in
1122 2489 1234 2522 corpus
1252 2482 1379 2514 Christi.
1689 2487 1748 2517 598

1009 2528 1090 2561 CAP.
1121 2535 1215 2561 Lx1V.
1236 2546 1275 2553 -
1299 2530 1417 2562 Solutio
1447 2539 1551 2564 eorum
1572 2541 1639 2573 quae
1666 2532 1746 2572 obji-

970 2576 1128 2609 ciebantur
1143 2585 1181 2608 cx
1201 2580 1288 2618 parte
1308 2577 1380 2609 loci.
1688 2582 1746 2611 666

1011 2623 1090 2655 CAP.
1115 2629 1197 2655 va.
1219 2641 1257 2647 —
1277 2623 1396 2656 Solutio
1431 2633 1535 2658 eornm
1568 2635 1635 2668 quae
1667 2626 1747 2666 obji-

969 2670 1128 2702 ciebantur
1146 2677 1183 2702 ex
1203 2673 1289 2711 parte
1310 2671 1524 2704 accidentium.
1689 2675 1746 2706 666

1011 2717 1090 2749 Cap.
1115 2724 1210 2749 LXVI.
1231 2735 1268 2741 —
1291 2718 1409 2751 Solutio
1440 2727 1544 2752 eorum
1576 2730 1642 2761 qua:
1665 2721 1744 2761 obji—

969 2765 1127 2796 ciebantur
1183 2774 1219 2797 ex
1269 2769 1356 2806 parte
1408 2766 1538 2799 actionis
1589 2772 1620 2800 et
1672 2779 1745 2809 pas-

969 2820 1077 2843 sionis.
1687 2818 1742 2847 661

1009 2859 1088 2890 CAP.
1112 2867 1222 2891 vau.
1245 2878 1283 2884 —-—
1303 2861 1422 2894 Solutio
1455 2871 1558 2895 corum
1581 2872 1644 2903 qua·
1667 2861 1744 2899 obii—

966 2904 1127 2938 ciebantur
1149 2914 1186 2938 cx
1207 2910 1294 2947 parte
1314 2908 1486 2941 fractionis.
1686 2911 1743 2939 663
