1894 3223
751 137 836 172 mn.
866 137 893 180 1,
921 136 1022 172 cap.
1051 136 1164 171 thv.
1719 140 1759 174 07

196 218 326 255 Prima
345 221 406 255 est
432 227 479 254 cx
505 217 592 263 ipsa
612 216 901 268 singularitatis
929 216 1169 253 conditione.
1201 216 1296 253 Cum
1328 216 1434 252 enim
1471 216 1759 262 singularitatis

147 265 385 312 principium
405 265 457 301 sit
475 263 640 301 materia
665 267 835 309 signata,
858 272 937 302 non
958 263 1111 300 videtur
1133 272 1198 309 per
1218 263 1389 309 aliquam
1418 263 1600 299 virtutem
1624 264 1759 302 imma-

146 312 324 349 terialem
347 311 566 356 singularia
586 319 703 356 posse
725 311 929 355 cognosci,
953 311 986 346 si
1004 310 1134 346 omnis
1155 309 1329 355 cognitio
1348 319 1414 355 per
1430 310 1637 356 quamdam
1660 311 1761 349 assi—

148 358 393 396 milationem
416 357 500 402 siat;
525 358 626 394 unde
645 357 737 393 etin
760 357 876 393 nobis
898 357 975 393 illae
991 358 1085 394 solie
1107 357 1289 403 potentiae
1308 357 1526 403 singularia
1543 358 1757 403 apprehen-

149 406 260 449 dunt,
301 415 386 452 quae
416 404 686 441 materialibus
718 405 880 450 organis
917 408 1090 446 utuntur,
1127 408 1166 439 ut
1200 404 1443 449 imaginatio,
1477 408 1513 440 et
1543 414 1687 441 sensus
1718 409 1755 442 et

150 452 391 498 hujusmodi.
406 451 633 488 Intellectus
646 454 774 488 autem
791 455 935 492 noster,
951 451 1044 497 quia
1063 451 1334 487 immaterialis
1354 455 1425 495 est,
1445 451 1665 497 singularia
1679 461 1757 489 non

150 500 345 546 agnoscit.
368 499 487 535 Multo
509 499 629 544 igitur
654 498 786 534 minus
820 498 1042 534 intellectus
1066 498 1223 534 divinus
1244 498 1506 544 singularium
1528 502 1587 535 cst
1607 508 1755 545 cogno-

150 547 328 590 scitirus,
349 546 413 592 qui
436 546 606 582 maxime
626 554 648 581 a
669 545 833 581 materia
854 545 1025 589 recedit3
1049 545 1161 581 etsie
1192 545 1302 582 nullo
1322 545 1440 582 inodo
1472 545 1625 582 videtur
1655 546 1757 593 quod

151 595 255 630 Deus
277 593 495 637 singularia
516 600 758 638 cognoscere
781 593 921 637 possit.

198 640 377 677 Secunda
404 643 476 684 est,
510 639 615 686 quod
647 639 866 681 singularia
904 648 983 676 uon
1016 648 1171 685 semper
1200 643 1322 679 sunt:
1354 642 1419 675 aut
1453 639 1574 685 igitur
1606 649 1759 685 semper

151 687 328 725 scientur
347 697 369 724 a
391 688 483 731 Deo,
500 690 567 723 aut
583 686 820 732 quandoque
843 686 1030 730 scientur,
1052 691 1089 722 et
1110 686 1344 732 quaudoque
1362 695 1441 722 non
1467 687 1654 723 scientur.
1678 687 1759 724 Pri-

150 743 256 772 mum
279 743 367 771 esse
384 743 462 769 non
485 737 627 779 potest,
649 734 742 780 quia
762 734 808 769 de
827 742 873 770 eo
893 733 996 779 quod
1018 742 1095 769 non
1118 736 1189 775 est,
1213 742 1291 768 non
1314 736 1442 777 potem
1463 742 1551 769 esse
1578 734 1758 779 scientia,

181 791 238 819 uae
260 782 344 818 sola
363 790 542 817 vei-orum
564 785 642 825 est;
665 790 709 817 ea
730 785 857 816 autem
881 789 966 826 quae
1000 789 1079 816 non
1109 784 1201 816 sunt
1232 789 1323 815 vera
1359 788 1545 816 essenon
1576 785 1758 826 possunt.

152 791 375 866 gecuudum
417 829 532 864 etiam
555 837 644 864 csse
673 836 750 864 non
785 831 926 872 potest,
950 827 1042 872 quia
1076 826 1196 862 divini
1233 826 1457 863 intellectus
1491 828 1667 873 cognitio
1703 832 1762 865 cst

153 877 317 914 omnino
341 874 599 918 invarialibis,
623 878 798 919 utsupra
819 873 995 920 (cap.,45)
1017 877 1221 910 ostensum
1244 877 1316 910 est.

199 922 326 959 Tertia
345 932 390 959 cx
412 931 458 959 eo
479 921 582 966 quod
603 930 682 958 non
704 921 837 958 omnia
856 920 1076 966 singularia
1096 920 1142 956 de
1164 921 1399 957 necessitate
1417 921 1666 966 proveniunt,
1688 922 1755 958 sed

153 969 332 1017 quaedam
353 969 647 1015 contingenter;
672 967 774 1004 unde
795 967 841 1003 de
863 967 920 1003 eis
939 971 1044 1003 certa
1076 967 1252 1011 cognitio
1281 976 1369 1003 esse
1403 977 1481 1004 non
1519 971 1659 1013 potest,
1682 968 1758 1005 nisi

153 1016 312 1064 quando
333 1019 439 1052 sunt.
462 1016 572 1051 Certa
589 1014 692 1050 enim
715 1014 891 1058 cognitio
912 1018 983 1052 est,
1004 1023 1091 1060 quae
1113 1014 1192 1050 salli
1217 1023 1294 1050 non
1313 1017 1452 1060 potest.
1476 1015 1658 1061 Cognitio
1695 1025 1760 1052 au-

152 1067 231 1101 tem
252 1063 383 1100 omnis
404 1065 571 1108 quaecst
587 1061 634 1098 de
656 1061 915 1107 contingenti,
938 1070 1026 1097 cum
1052 1062 1224 1097 futurum
1248 1065 1320 1104 est,
1349 1062 1430 1097 salli
1452 1065 1593 1107 potest.
1630 1064 1761 1099 Potest

152 1111 257 1148 cnim
279 1109 434 1146 evenire
453 1109 678 1154 oppositum
698 1108 783 1154 ejus
803 1107 908 1154 quod
929 1108 1157 1154 cognitione
1176 1111 1342 1144 tenetur.
1356 1109 1394 1144 Si
1416 1109 1611 1145 enimnon
1624 1113 1759 1154 posset

152 1157 377 1204 oppositum
401 1155 667 1202 evenire,Jam
705 1155 975 1192 necessarium
1009 1159 1128 1192 esset.
1166 1155 1272 1191 Unde
1294 1159 1331 1191 et
1357 1155 1404 1191 de
1431 1155 1754 1201 contingentibus

152 1204 297 1242 futuris
325 1212 403 1240 non
437 1206 566 1248 potest
595 1211 684 1239 esse
713 1202 754 1238 in
788 1203 905 1239 nobis
936 1202 1118 1246 scientia,
1145 1202 1215 1238 sed
1248 1202 1526 1247 conjecturalis
1547 1202 1760 1240 aestimatio

152 1251 345 1298 quaedam.
367 1251 592 1296 supponere
614 1253 743 1286 autem
765 1253 920 1294 oportet
938 1258 1097 1286 omnem
1116 1249 1183 1285 Dei
1205 1249 1473 1294 cognitionem
1502 1258 1591 1286 esse
1623 1250 1759 1287 certis-

153 1299 295 1336 simam
313 1301 348 1334 et
364 1296 625 1338 infallibilem,
639 1300 678 1333 ut
698 1305 817 1342 supra
833 1296 1209 1342 (cap.6l)ostensum
1220 1299 1291 1332 est.
1308 1296 1559 1341 Impossibile
1570 1300 1629 1333 est
1643 1297 1759 1333 etiam

152 1345 256 1393 quod
280 1347 383 1382 Deus
403 1343 553 1391 aliquid
573 1344 620 1380 de
642 1352 743 1380 novo
764 1352 1006 1390 cognoscere
1027 1343 1202 1388 incipiat,
1225 1348 1382 1388 propter
1403 1343 1488 1389 ejus
1511 1344 1761 1380 immutabili-

151 1395 285 1436 tatem,
315 1395 358 1429 ut
384 1391 531 1428 dictum
553 1394 613 1428 est
633 1390 686 1437 (C.
708 1394 752 1427 45
783 1390 823 1426 in
844 1390 912 1427 fin.
937 1394 973 1426 et
992 1393 1035 1426 55
1058 1394 1095 1426 et
1114 1390 1187 1436 56).
1210 1392 1264 1426 Ex
1283 1390 1347 1428 his
1377 1390 1497 1437 igitur
1527 1390 1681 1427 videtur
1700 1400 1759 1428 se-

153 1439 235 1488 qui,
258 1438 362 1486 quod
385 1438 606 1485 singularia
624 1437 897 1484 contingentia
917 1446 996 1474 non
1015 1442 1244 1484 cognoscat.

201 1487 348 1530 Quarta
368 1489 428 1523 est
449 1495 494 1521 ex
514 1486 601 1529 hoc,
621 1484 726 1530 quod
747 1484 1008 1531 quorumdam
1030 1484 1292 1530 singularium
1316 1494 1437 1521 causa
1469 1489 1529 1522 est
1559 1486 1756 1523 voluntas.

154 1532 325 1570 Effectus
347 1536 474 1569 autem
496 1535 706 1578 antequam
724 1532 776 1568 sit
795 1540 875 1568 non
896 1535 1025 1577 potest
1045 1532 1121 1568 nisi
1144 1532 1183 1567 in
1215 1540 1288 1568 sua
1318 1542 1438 1568 causa
1470 1533 1674 1578 cognosci.
1697 1533 1757 1570 Sic

154 1580 259 1618 enim
281 1579 410 1616 solum
432 1588 521 1615 esse
542 1582 684 1624 potest,
705 1582 913 1625 antequam
936 1578 976 1614 in
995 1587 1037 1615 se
1066 1587 1154 1614 esse
1175 1578 1350 1624 incipiat.
1371 1580 1497 1615 Motus
1531 1584 1662 1616 autem
1693 1588 1759 1616 vo-

153 1627 319 1664 luntatis
339 1636 361 1663 a
379 1625 488 1662 nullo
508 1629 678 1670 possunt
692 1634 758 1670 per
771 1625 1043 1662 certitudinem
1058 1625 1261 1671 cognosci,
1279 1626 1355 1662 nisi
1372 1635 1394 1662 a
1408 1626 1573 1666 volente,
1588 1627 1628 1662 in
1645 1627 1758 1672 cujus

182 1677 347 1711 otestatc
368 1675 472 1710 sunt.
493 1671 741 1717 Impossibile
757 1676 816 1709 est
836 1672 957 1718 igitur
976 1672 1081 1719 quod
1104 1674 1206 1708 Deus
1227 1672 1274 1708 de
1297 1672 1524 1718 hujusmodi
1545 1673 1757 1720 singulari-

183 1729 229 1758 us
249 1729 335 1772 quae
353 1728 514 1757 causam
534 1729 580 1755 ex
594 1718 793 1756 voluntate
812 1722 987 1762 sumunt,
1010 1720 1188 1755 notitiam
1215 1723 1359 1755 certam
1391 1720 1544 1756 habeat.

201 1767 346 1812 Quinta
365 1770 489 1803 estex
509 1766 771 1812 singularium
805 1765 1010 1802 infinitate.
1034 1765 1233 1802 Infinitum
1269 1767 1373 1802 enim
1409 1767 1448 1802 in
1481 1771 1668 1813 quantum
1692 1767 1762 1803 hu-

149 1813 326 1863 iusmodi
362 1816 423 1850 est
453 1813 646 1860 ignotum.
668 1815 762 1849 Nam
795 1822 912 1849 omne
944 1813 1049 1859 quod
1082 1813 1352 1859 cognoscitur,
1374 1814 1447 1849 sub
1479 1814 1760 1860 cognoscentis

153 1860 510 1907 comprehensione
534 1859 827 1906 quodammodo
859 1863 1124 1904 mensuratur,
1147 1869 1236 1896 cum
1267 1861 1511 1897 mensuratio
1533 1861 1630 1897 nibil
1653 1861 1758 1897 aliud

153 1908 339 1956 sitquam
362 1906 592 1944 certificatio
619 1908 673 1943 rei
707 1915 958 1944 mensuratae.
982 1907 1089 1943 Unde
1124 1907 1255 1943 omnis
1285 1916 1350 1943 ars
1383 1907 1537 1944 infinita
1566 1908 1757 1954 repudiat.

152 1955 378 2002 Singularia
410 1958 539 1991 autem
574 1958 668 1991 sunt
687 1953 841 1990 infinita
862 1954 909 1990 ad
931 1954 1063 1991 minus
1085 1954 1126 1990 in
1147 1954 1336 2000 potentia.
1359 1954 1609 2000 Impossibile
1640 1955 1762 2001 igitur

151 2001 306 2039 videtur
325 2001 428 2049 quod
444 2002 548 2038 Deus
568 2001 787 2048 singularia
808 2004 1037 2048 cognoscat.

198 2050 314 2086 Sexta
334 2052 394 2086 est
413 2058 460 2085 ex
484 2048 572 2094 ipsa
590 2048 739 2084 vilitate
759 2048 1037 2094 singularIum.
1060 2048 1155 2085 Cum
1174 2048 1280 2085 euim
1304 2048 1493 2085 nobilitas
1514 2049 1692 2085 scientiae
1710 2058 1757 2086 ex

152 2096 357 2134 nobilitate
378 2095 532 2133 scibilis
552 2095 844 2142 quodammodo
865 2099 1064 2141 pensetur,
1083 2095 1215 2132 vilitas
1236 2096 1354 2132 etiam
1375 2096 1529 2132 scibilis
1551 2096 1591 2131 in
1613 2096 1760 2132 vilitate

152 2143 329 2181 scientiae
356 2142 576 2179 redundare
594 2142 759 2179 videtur.
789 2142 952 2179 Divinus
984 2146 1115 2179 autem
1142 2143 1367 2179 intellectus
1388 2143 1666 2180 nobilissimus
1686 2147 1758 2188 est,

150 2199 232 2228 non
254 2190 374 2237 igitur
387 2188 472 2236 ejus
493 2189 680 2227 nobilitas
699 2188 845 2236 patitur
864 2189 970 2236 quod
991 2191 1095 2226 Deus
1125 2189 1304 2236 quaedam
1336 2189 1534 2226 vilissima
1560 2190 1663 2226 inter
1681 2190 1760 2227 sin-

150 2237 308 2284 gularia
325 2239 556 2284 cognoscat.
786 2236 790 2246 '

196 2284 369 2330 Septima
393 2287 454 2320 est
484 2283 638 2320 malitia
668 2292 756 2330 quae
785 2283 824 2320 in
852 2283 1090 2331 quibusdam
1122 2283 1395 2330 singularibus
1427 2283 1639 2320 invenitur.
1664 2285 1759 2320 Cum

150 2331 256 2368 enim
279 2330 480 2377 cognitum
502 2331 553 2367 sit
575 2330 709 2377 aliquo
729 2331 848 2368 modo
881 2331 921 2367 in
951 2335 1230 2377 cognoscente,
1260 2331 1408 2367 malum
1442 2334 1573 2367 autem
1606 2331 1646 2366 in
1680 2332 1759 2366 Deo

150 2386 240 2415 esse
261 2386 339 2414 non
371 2377 518 2423 possit,
546 2381 590 2413 ut
620 2386 741 2423 supra
770 2377 868 2424 (cap.
889 2377 948 2424 39)
979 2382 1184 2415 ostensum
1216 2381 1295 2421 est,
1330 2377 1483 2413 videtur
1515 2377 1627 2423 sequi
1655 2376 1759 2423 quod

150 2424 255 2462 Deus
276 2424 423 2460 malum
445 2427 484 2459 et
501 2424 760 2470 privationem
781 2424 946 2461 omnino
967 2434 1045 2461 non
1068 2427 1298 2471 cognoscat,
1331 2423 1400 2460 sed
1429 2423 1559 2460 solum
1591 2423 1762 2460 intellec-

149 2474 215 2508 tus
236 2471 303 2517 qui
323 2474 383 2507 est
402 2470 442 2505 in
462 2471 650 2515 potentia.
679 2471 850 2508 Privatio
883 2472 988 2508 enim
1022 2472 1183 2507 nonnisi
1213 2471 1252 2506 in
1287 2470 1461 2515 potentia
1491 2479 1579 2506 esse
1617 2473 1758 2515 potest.

150 2518 204 2554 Ex
224 2517 299 2554 hoc
314 2516 492 2563 sequitur
509 2517 615 2568 quod
635 2526 716 2553 non
737 2518 878 2554 habeat
898 2520 1003 2554 Deus
1021 2517 1068 2554 de
1089 2516 1361 2563 singularibus
1382 2517 1578 2562 notitiam,
1599 2516 1641 2553 in
1672 2516 1758 2564 qui·

148 2564 226 2602 bus
249 2564 396 2601 malum
419 2567 456 2599 et
469 2563 635 2609 privatio
656 2563 866 2600 invenitur.

445 2766 546 2795 ORDO
574 2764 823 2794 DICENDORUM
848 2764 962 2792 CIRCA
985 2764 1156 2793 DIVINAM
1179 2764 1452 2794 COGNITIONEM.

194 2843 249 2881 Ad
269 2843 387 2890 liujus
406 2847 536 2880 autern
558 2842 704 2880 erroris
730 2842 1016 2886 exclusionem,
1036 2845 1081 2879 ut
1106 2843 1221 2880 etiam
1250 2843 1393 2881 divinae
1413 2845 1591 2883 scientiae
1611 2846 1755 2891 persec-

147 2888 205 2927 tio
247 2890 502 2932 ostendatur,
547 2893 702 2937 oportet
735 2888 945 2936 diligenter
974 2889 1177 2927 veritatem
1208 2890 1407 2938 inquirere
1452 2891 1556 2929 circa
1597 2893 1755 2939 singula
