1894 3223
115 174 122 179 ἢ
147 125 214 160 612
728 121 813 157 LlB.
842 122 900 164 lv,
927 122 1028 158 CAP.
1055 123 1187 158 LXVII.

149 205 251 242 sicut
271 205 304 240 si
330 206 436 240 esset
455 202 507 239 ibi
529 202 775 246 substantia;
799 206 936 248 utputa
957 202 990 239 si
1011 203 1145 238 vinum
1166 206 1271 240 esset
1284 203 1531 248 calefactum,
1551 205 1588 238 et
1608 202 1764 250 infrigi-

151 251 324 289 daretur,
346 253 412 285 aut
429 252 597 285 mutaret
618 258 799 293 saporem
821 253 888 285 aut
908 249 1057 294 aliquid
1077 248 1320 294 hujusmodi.

197 297 271 333 Sed
305 295 478 332 maxima
511 294 725 332 difficultas
754 298 914 340 apparet
944 296 1050 332 circa
1079 295 1375 342 generationem
1396 299 1434 332 et
1454 295 1763 341 corruptionem,

150 352 235 390 quae
253 343 294 378 in
315 342 390 379 hoc
412 345 660 378 sacramento
680 341 860 378 videntur
880 342 1070 379 accidere.
1094 344 1205 386 Nam,
1227 342 1262 378 si
1283 342 1374 388 quis
1406 342 1446 379 in
1473 351 1620 389 magna
1640 352 1765 388 quan-

148 392 257 426 titate
286 389 361 425 lioc
395 388 670 425 sacramentali
703 389 792 426 cibo
822 391 1009 432 uteretur,
1032 388 1246 426 sustentari
1276 392 1425 434 posset,
1447 393 1485 426 et
1515 390 1608 425 vino
1647 389 1765 425 etiam

149 436 348 479 inebriari,
372 436 591 472 secundum
612 435 709 472 illud
729 435 906 480 Apostoli
930 447 938 472 ε
961 437 1068 471 Alius
1089 435 1233 480 quidem
1253 437 1378 479 esurit,
1399 436 1492 471 alius
1513 436 1765 472 autemebrius

150 486 213 519 est.
237 482 269 527 (I
286 482 380 526 Cor„
402 491 456 526 xi,
478 482 553 528 21.)
576 483 669 526 Quae
692 482 847 528 quidem
870 482 1046 519 accidere
1068 491 1149 519 non
1169 485 1348 528 possent,
1364 482 1442 519 nisi
1464 492 1510 519 ex
1539 483 1614 519 hoe
1633 491 1764 519 sacra—

150 532 283 567 mento
313 538 405 565 caro
439 532 476 565 et
509 530 674 575 sanguis
706 532 979 575 geiieraretur;
1012 539 1102 566 nam
1136 529 1419 566 nutrimentum
1455 529 1694 566 convertitur
1723 529 1766 565 in

152 576 414 613 substantiam
437 576 572 612 nutriti
591 587 599 619 ;
622 576 801 622 quamvis
823 576 980 622 quidam
1004 577 1135 612 dicant
1155 576 1357 613 hominem
1379 576 1454 612 hoc
1487 575 1765 612 sacramentali

151 624 238 660 cibo
259 632 338 659 non
359 632 477 668 posse
499 622 654 667 nutriri,
676 622 744 659 sed
770 623 899 659 solum
918 623 1132 659 confortari
1154 626 1191 659 et
1211 623 1437 666 refocillari,
1460 623 1562 658 sicut
1579 632 1699 669 quum
1716 623 1765 660 ad

152 671 312 707 odorem
335 670 414 705 vini
435 670 691 706 confortatur.
712 670 785 706 Sed
808 670 890 706 haec
911 671 1066 716 quidem
1089 669 1326 706 confortatio
1346 669 1394 706 ad
1422 669 1559 706 horam
1588 669 1765 705 accidere

150 721 304 763 potest;
328 725 408 752 11011
426 718 555 752 autem
588 715 733 753 sufficit
765 717 813 753 ad
843 717 1145 753 sustentandum
1167 717 1383 760 hominem,
1406 716 1439 753 si
1472 715 1538 753 diu
1560 716 1646 752 sine
1676 715 1765 753 cibo

150 767 403 810 permaneat;
427 763 694 809 experimento
713 768 844 800 autem
864 764 910 800 de
932 764 1037 800 facili
1058 763 1300 801 inveniretur
1319 763 1522 800 hominem
1544 762 1610 799 diu
1633 772 1764 798 sacra-

151 810 311 847 mentali
349 810 437 847 01110
484 810 696 847 sustentari
734 820 866 856 posse.
903 811 1122 848 Mirandum
1163 810 1278 847 etiam
1323 810 1478 846 videtur
1513 819 1584 846 cur
1620 812 1767 855 negent

151 857 351 894 hominem
390 858 464 894 hoc
490 857 765 894 sacramentali
802 858 891 894 cibo
918 867 1036 903 posse
1069 857 1224 901 nutriri,
1247 857 1489 904 refugientes
1525 857 1600 893 1100
1634 865 1766 892 sacra-

154 907 330 941 mentum
367 904 408 940 10
445 913 603 941 carnem
637 908 673 940 et
709 905 945 951 sanguinem
980 914 1098 950 posse
1137 904 1325 948 converti,
1359 913 1481 950 quum
1518 903 1566 941 ad
1601 912 1766 940 sensum

151 955 336 997 appareat
366 951 470 997 quod
499 961 566 996 per
598 951 922 997 putrefactionem
944 952 1003 988 vel
1026 951 1341 988 combustionem
1361 951 1401 986 in
1434 951 1548 987 aliam
1581 950 1765 986 substan-

152 1000 260 1042 tiam,
278 998 428 1036 scilicet
447 998 589 1035 cineris
611 1002 648 1035 et
668 998 854 1044 pulveris,
870 1002 1120 1035 convertatur
1138 1010 1146 1043 ;
1165 998 1270 1044 quod
1285 997 1444 1044 quidem
1460 996 1617 1034 difficile
1635 1001 1765 1033 tamen

151 1045 328 1089 videtur,
364 1054 410 1082 eo
450 1046 553 1091 quod
594 1054 666 1082 nec
704 1045 880 1082 videatur
929 1046 1119 1092 possibile
1158 1045 1262 1092 quod
1301 1054 1349 1081 ex
1393 1044 1662 1081 accidentibus
1698 1043 1766 1080 fiat

153 1092 388 1133 substantia,
412 1101 485 1128 000
516 1092 621 1128 credi
653 1093 712 1128 fas
744 1092 792 1128 sit
823 1093 925 1138 quod
958 1093 1182 1130 substantia
1211 1091 1391 1138 corporis
1422 1091 1577 1137 Christi,
1600 1099 1686 1137 quae
1706 1095 1766 1128 est

153 1139 427 1184 impassibilis,
450 1139 490 1174 in
518 1139 636 1176 aliam
656 1139 918 1176 substantiam
940 1144 1201 1176 convertatur.

199 1186 234 1222 Si
259 1186 346 1231 quis
363 1190 492 1222 autem
507 1186 633 1222 dicere
654 1186 744 1222 velit
766 1187 884 1232 quod,
900 1186 1002 1223 sicut
1017 1187 1255 1224 miraculose
1272 1186 1387 1232 panis
1407 1185 1446 1221 in
1465 1194 1609 1230 corpus
1622 1185 1764 1221 Christi

155 1233 418 1276 convertitur,
455 1233 509 1269 ita
544 1233 782 1270 miraculose
831 1233 1048 1270 accidentia
1080 1234 1120 1270 in
1157 1233 1420 1270 substantiam
1466 1236 1763 1275 convertuntur,

151 1281 322 1326 primum
355 1279 511 1326 quidem
542 1279 617 1317 1100
647 1288 727 1316 1100
761 1279 911 1316 videtur
936 1281 1129 1317 miraculo
1159 1289 1248 1317 esse
1277 1279 1518 1317 conveniens
1552 1278 1656 1324 quod
1690 1279 1765 1315 1100

153 1331 445 1364 sacramentum
467 1329 666 1372 putrescat
685 1327 746 1363 vel
762 1336 832 1373 per
851 1327 1165 1365 combustionem
1203 1327 1467 1370 dissolvatur3
1495 1325 1649 1368 deinde,
1673 1325 1765 1371 quia

152 1373 388 1419 putrefactio
427 1376 465 1410 et
502 1373 740 1417 combustio,
773 1377 967 1410 consueto
1006 1377 1155 1411 naturae
1195 1374 1347 1417 ordine,
1385 1373 1478 1409 huic
1514 1376 1764 1409 sacramento

154 1420 331 1457 accidere
351 1419 626 1464 inveniuntur3
649 1420 753 1466 quod
775 1429 854 1457 non
877 1421 977 1457 solet
999 1430 1087 1458 esse
1110 1421 1149 1458 in
1169 1420 1233 1457 liis
1267 1429 1354 1467 quae
1382 1419 1619 1456 miraculose
1651 1419 1762 1454 siunt.

196 1467 252 1504 Ad
271 1467 372 1503 hanc
394 1466 678 1504 dubitationem
693 1467 907 1505 tollendam
928 1468 1107 1514 quaedam
1128 1468 1282 1505 famosa
1300 1467 1446 1513 positio
1467 1470 1526 1503 est
1540 1465 1762 1506 adinventa,

151 1523 238 1560 quae
272 1523 294 1550 a
331 1513 466 1550 multis
495 1517 663 1550 tenetur.
698 1513 838 1551 Dicunt
859 1515 975 1551 ‚enim
1003 1515 1122 1561 quod,
1153 1524 1275 1562 quum
1307 1514 1504 1557 contingit
1530 1512 1606 1550 1100
1639 1522 1766 1549 saci-a-

151 1564 326 1597 mentum
363 1561 404 1596 10
438 1570 596 1597 carnem
634 1561 809 1598 converti
843 1566 910 1599 aut
936 1562 1171 1609 sanguinem
1203 1571 1271 1608 per
1297 1561 1596 1604 nutrimentum,
1626 1560 1686 1596 vel
1724 1560 1764 1595 111

151 1608 322 1645 0111010111
352 1617 421 1653 per
446 1608 762 1646 combustionem
785 1612 854 1645 aut
884 1610 1226 1655 putrefactionem,
1249 1618 1328 1645 non
1361 1612 1643 1645 convertuntur
1664 1608 1763 1643 acci-

152 1655 283 1691 dentia
304 1655 344 1690 in
365 1655 627 1691 substantiam
650 1664 777 1701 neque
798 1655 1022 1693 substantia
1038 1657 1217 1702 corporis
1238 1656 1396 1696 Christi,
1416 1655 1484 1692 sed
1513 1655 1610 1691 redit
1630 1654 1762 1690 divino

151 1702 340 1738 miraculo
362 1701 586 1739 substantia
605 1702 717 1747 panis
738 1712 824 1748 quae
849 1703 958 1749 prius
986 1704 1123 1744 fuerat,
1154 1707 1191 1739 et
1225 1712 1273 1739 ex
1301 1712 1348 1739 ea
1368 1706 1607 1749 generantur
1635 1701 1704 1737 illa
1723 1701 1764 1736 111

149 1758 237 1795 quae
259 1749 333 1785 1100
354 1751 644 1785 sacramentum
665 1749 839 1786 converti
861 1750 1072 1787 invenitur.
1092 1750 1166 1787 Sed
1187 1750 1262 1788 hoc
1286 1749 1446 1797 quidem
1467 1749 1630 1785 omnino
1661 1752 1765 1785 stare

151 1804 232 1832 non
255 1800 396 1841 potest.

199 1843 409 1879 Ostensum
432 1846 490 1879 est
511 1843 615 1879 enim
648 1852 769 1890 supra
805 1844 911 1890 quod
933 1844 1153 1881 substantia
1172 1845 1288 1890 panis
1327 1844 1368 1880 in
1389 1843 1651 1881 substantiam
1683 1851 1765 1878 eor-

151 1890 260 1936 poris
294 1890 434 1926 Christi
464 1890 718 1927 convertitur.
742 1891 853 1934 Quod
884 1896 1015 1927 autem
1043 1891 1083 1927 in
1117 1891 1264 1938 aliquid
1299 1899 1535 1928 conversum
1556 1895 1616 1926 est
1637 1890 1763 1925 redire

151 1945 229 1972 non
267 1940 409 1981 potest,
444 1936 522 1972 nisi
559 1946 579 1973 e
618 1946 810 1974 converso
846 1938 941 1974 illud
983 1942 1276 1974 reconvertatur
1309 1937 1350 1973 10
1388 1937 1533 1982 ipsum.
1574 1937 1613 1973 Si
1644 1936 1765 1982 igitur

153 1983 375 2020 substantia
407 1983 522 2028 panis
543 1983 656 2028 redit,
676 1985 855 2030 sequitur
876 1984 978 2030 quod
1001 1985 1225 2022 substantia
1255 1984 1432 2030 corporis
1452 1984 1595 2021 Christi
1631 1992 1765 2020 recon-

150 2030 313 2066 vertitur
333 2030 374 2066 10
395 2039 550 2075 panem,
573 2031 679 2076 quod
700 2034 759 2067 est
780 2031 1010 2068 absurdum.

198 2077 340 2117 Adhuc,
362 2076 395 2113 si
418 2077 640 2114 substantia
661 2077 773 2123 panis
794 2078 904 2122 redit,
926 2088 1091 2115 necesse
1111 2082 1171 2115 est
1197 2078 1301 2125 quod
1323 2078 1383 2115 vel
1404 2078 1537 2114 redeat
1556 2079 1764 2123 speciebus

150 2124 265 2169 panis
285 2123 537 2160 manentibus
556 2124 618 2160 vel
639 2125 846 2170 speciebus
876 2126 992 2170 panis
1024 2125 1105 2170 jam
1127 2125 1349 2162 destructis.
1373 2125 1585 2172 Speciebus
1606 2125 1764 2171 quidem

150 2171 264 2222 panis
297 2171 544 2214 durantibus,
575 2171 798 2209 substantia
829 2173 943 2217 panis
974 2172 1099 2209 redire
1121 2181 1202 2209 non
1234 2176 1388 2218 potest3
1427 2172 1530 2218 quia,
1573 2172 1762 2217 quamdiu

151 2226 303 2263 species
336 2220 664 2257 11111110111,1110001
694 2219 768 2256 sub
799 2219 855 2256 eis
886 2219 1107 2256 substantia
1139 2219 1316 2265 corporis
1345 2220 1512 2262 Cliristi;
1536 2224 1766 2265 sequeretur

151 2274 244 2315 ergo
266 2264 370 2310 quod
390 2265 510 2301 simul
531 2270 637 2302 esset
655 2265 707 2302 ibi
729 2265 951 2303 substantia
965 2267 1079 2312 panis
1101 2269 1138 2303 et
1155 2266 1379 2304 substantia
1397 2266 1574 2312 corporis
1607 2266 1762 2302 Christi.

149 2311 336 2347 Similiter
356 2312 471 2348 etiam
495 2321 622 2358 neque
643 2315 838 2358 corruptis
858 2313 1067 2358 speciebus
1096 2313 1225 2360 panis,
1249 2313 1472 2350 substantia
1492 2314 1606 2359 panis
1641 2314 1765 2349 redire

150 2362 294 2403 potest,
317 2363 399 2394 tuni
424 2359 517 2405 quia
546 2359 769 2397 substantia
788 2361 902 2406 panis
923 2370 1004 2397 non
1036 2365 1094 2398 est
1127 2361 1214 2397 sine
1244 2361 1414 2407 propriis
1437 2360 1660 2406 speciebus,
1683 2365 1765 2396 tum

151 2405 256 2457 quia,
286 2406 496 2442 destructis
528 2406 736 2451 speciebus
767 2408 896 2452 panis,
915 2407 995 2453 jam
1031 2412 1218 2454 generata
1247 2412 1307 2444 est
1338 2408 1414 2444 alia
1445 2408 1679 2452 substantia,
1718 2407 1765 2444 ad

151 2461 265 2496 eujus
286 2453 585 2499 generationem
605 2454 826 2499 ponebatur
844 2455 949 2501 quod
969 2455 1193 2492 substantia
1213 2454 1327 2501 panis
1346 2455 1502 2491 rediret.

197 2499 343 2551 Melius·
376 2500 509 2546 igitur,
537 2501 743 2537 dicendum
777 2501 930 2538 videtur
967 2502 1072 2548 quod
1111 2502 1152 2538 in
1186 2502 1274 2547 ipsa
1312 2502 1625 2547 consecratione,
1664 2503 1767 2538 sicut

150 2546 371 2582 substantia
387 2547 500 2592 panis
521 2547 561 2583 in
578 2557 722 2594 corpus
744 2548 884 2585 Christi
906 2549 1146 2586 miraculose
1169 2549 1425 2592 convertitur,
1448 2549 1501 2585 ita
1522 2549 1764 2585 miraculose

151 2593 421 2630 accidentibus
439 2594 641 2631 confertur
660 2595 765 2641 quod
780 2595 1013 2639 subsistant,
1035 2596 1141 2642 quod
1162 2600 1222 2633 est
1239 2596 1440 2642 proprium
1461 2596 1710 2637 8011810010-ος
1728 2599 1765 2631 et

148 2648 218 2690 pei·
235 2649 486 2686 consequens
513 2642 617 2688 quod
639 2642 774 2679 omnia
799 2646 965 2688 possent
983 2644 1110 2680 facere
1127 2646 1164 2680 et
1183 2644 1261 2688 pati
1283 2652 1369 2690 quae
1388 2642 1610 2680 substantia
1631 2646 1766 2688 posset

149 2685 278 2736 tacere
306 2691 340 2722 et
372 2687 464 2732 pati,
488 2688 520 2724 si
556 2688 777 2726 substantia
808 2689 987 2732 adesset;
1018 2690 1136 2734 unde,
1160 2691 1246 2727 sine
1267 2699 1370 2727 novo
1392 2689 1601 2732 miraculo,
1624 2693 1657 2724 et
1682 2690 1763 2724 ine-

147 2731 275 2783 briare
314 2738 351 2768 et
388 2735 536 2785 nutrire
575 2738 611 2771 et
640 2736 851 2773 incinerari
891 2740 928 2773 et
964 2737 1163 2782 putrefieri
1195 2740 1377 2783 possunt,
1410 2736 1547 2773 eodeni
1577 2735 1694 2771 niodo
1728 2740 1766 2770 iet

148 2778 285 2815 ordine
300 2788 345 2816 ac
366 2789 399 2816 81
420 2781 640 2819 substantia
660 2783 775 2828 panis
795 2787 832 2820 et
851 2783 932 2819 vini
952 2783 1122 2821 adesset.
