1894 3223
714 161 800 196 LlB.
829 161 858 202 1,
886 160 987 196 CAP.
1016 160 1084 196 LV.
1662 158 1707 194 59

91 246 198 290 patet
216 242 256 279 in
283 241 437 279 binario
457 244 496 278 et
515 241 701 278 ternario.
724 241 911 277 Similiter
938 245 1066 277 autem
1102 244 1162 278 est
1191 241 1231 277 in
1263 239 1577 277 definitionibus.
1609 240 1705 277 Nam

94 298 173 327 una
211 288 435 325 differentia
478 287 610 324 addita
641 287 701 324 vel
739 287 939 324 subtracta
971 289 1094 324 variat
1125 288 1312 333 speciem.
1341 287 1570 325 Substantia
1601 287 1706 323 enim

94 336 303 374 sensibilis
338 335 487 382 absque
521 335 703 371 rationali
735 338 771 370 ct
802 334 1019 371 irrationali
1054 335 1186 371 addito
1220 334 1350 380 specie
1389 334 1530 371 dill'ert.
1560 335 1602 370 In
1645 334 1708 371 bis

93 387 238 427 autem,
255 392 342 429 quae
361 382 400 418 in
421 391 463 419 se
484 381 608 418 multa
626 381 845 421 continent,
865 390 943 417 non
965 381 1023 417 sic
1045 391 1086 417 se
1108 382 1222 417 babet
1241 381 1465 418 intellectus
1488 384 1528 417 ut
1550 384 1703 417 natura.

91 432 186 468 Nam
209 439 253 466 ea
273 439 360 476 quae
380 428 428 465 ad
446 437 534 466 esse
555 428 724 474 aliquus
746 428 799 464 rei
820 429 1087 475 requiruntur,
1111 429 1218 465 illius
1241 429 1295 464 rei
1316 432 1454 465 natura
1475 427 1602 464 divisa
1619 436 1707 465 esse

93 485 174 514 non
198 477 357 522 patitur.
379 478 463 513 Non
485 475 588 512 enim
628 475 846 512 remanebit
874 476 1059 512 animalis
1093 480 1230 512 natura
1263 475 1296 512 si
1328 485 1350 512 a
1384 475 1708 520 corporeanima

93 523 363 561 subtrabatur.
388 522 614 559 Intellectus
635 531 726 559 vero
748 532 794 558 ea
824 532 910 568 quae
944 526 1036 559 sunt
1069 522 1108 558 in
1141 532 1229 559 esse
1259 522 1483 567 conjuncta,
1512 521 1707 558 interdum

93 570 325 617 diSJunctim
358 569 534 615 accipere
571 573 713 615 potest,
736 569 894 616 quando
916 579 1036 606 unum
1077 578 1213 606 eorum
1247 569 1285 604 in
1320 569 1482 605 alterius
1515 568 1708 605 rationem

93 626 174 654 non
195 617 311 658 cadit,
335 620 372 653 et
393 626 460 662 per
480 616 612 653 hocin
635 617 806 653 ternario
829 620 954 661 potest
977 616 1219 653 considerari
1249 616 1447 652 binarium
1481 620 1647 660 tantum,
1670 620 1708 652 et

93 664 133 701 in
154 664 316 701 animali
339 664 521 701 rationaii
555 664 593 699 id
624 663 727 710 quod
762 667 821 700 est
853 664 1042 700 sensibile
1079 667 1244 699 tantum.
1272 663 1376 698 Unde
1408 663 1632 699 intellectus
1653 662 1706 707 id,

92 711 199 758 quod
220 712 332 757 plura
352 711 639 756 complectitur,
663 714 792 756 potest
812 711 988 756 accipere
1010 714 1051 746 ut
1071 710 1266 755 propriam
1290 710 1481 746 rationem
1517 710 1706 754 plurimo-

94 767 195 798 rum,
218 757 551 804 apprehendendo
570 757 700 804 aliqua
722 758 878 794 illorum
911 758 1060 803 absque
1095 757 1197 792 aliis.
1224 758 1358 792 Potest
1391 757 1494 792 enim
1529 757 1708 802 accipere

95 804 298 842 denarium
340 808 382 841 ut
418 805 616 850 propriam
652 805 847 841 rationem
879 803 1099 846 novenarii,
1122 812 1201 839 una
1234 803 1395 839 unitate¹
1426 803 1638 847 subtracta,
1672 807 1710 839 et

96 852 284 890 similiter
303 856 345 888 ut
365 852 562 898 propriam
585 852 775 888 rationem
793 851 1041 896 singulorum
1061 858 1313 886 numerorum
1332 850 1434 885 infra
1449 850 1708 886 inclusorum.

95 899 283 936 Similiter
303 900 420 935 etiam
441 903 478 935 et
498 899 536 934 in
558 899 716 935 bomine
739 898 915 943 accipere
939 901 1065 942 potest
1086 897 1285 942 proprium
1306 896 1505 942 exemplar
1524 897 1709 933 animalis

94 946 353 987 irrationalis,
375 946 415 982 in
435 949 625 992 quantum
647 944 890 991 hujusmodi,
913 948 950 980 ct
970 944 1233 990 singularium
1254 944 1474 989 specierum
1507 943 1606 989 ejus,
1631 943 1708 980 nisi

97 993 253 1039 aliquas
273 992 520 1029 differentias
540 992 700 1028 adderet
725 991 930 1037 positivas.
955 993 1115 1036 Propter
1142 991 1216 1027 hoc
1246 991 1406 1037 quidam
1429 990 1705 1036 philosophus,

95 1040 276 1076 Clemens
298 1039 472 1081 nomine,
499 1038 607 1082 dicit,
630 1039 735 1084 quod
757 1038 954 1084 nobiliora
974 1038 1014 1074 in
1044 1038 1202 1074 entibus
1227 1041 1320 1074 sunt
1349 1038 1482 1074 minus
1515 1038 1709 1074 nobilium

95 1086 350 1132 exemplaria.
384 1085 524 1122 Divina
556 1089 687 1121 autem
716 1086 891 1122 essentia
922 1085 962 1120 in
993 1094 1036 1121 se
1071 1085 1301 1121 nobilitates
1345 1084 1522 1121 omnium
1561 1085 1710 1120 entium

97 1133 415 1179 comprehendit;
436 1141 516 1168 non
538 1132 696 1179 quidem
718 1142 787 1178 per
819 1132 980 1169 modum
1011 1132 1328 1177 compositionis,
1349 1132 1418 1168 sed
1450 1141 1518 1177 per
1550 1131 1712 1168 modum

94 1180 365 1226 perfectionis,
388 1183 429 1216 ut
449 1188 569 1225 supra
588 1179 689 1225 (cap.
712 1179 769 1225 31)
801 1184 1006 1216 ostensum
1041 1183 1113 1215 est.
1138 1181 1275 1215 Forma
1308 1182 1437 1215 autem
1468 1178 1599 1215 omnis
1631 1181 1711 1214 tam

93 1227 253 1274 propria
273 1236 388 1274 quam
411 1227 636 1263 communis
649 1226 867 1263 secundum
882 1226 979 1262 illud
995 1226 1100 1272 quod
1114 1226 1260 1273 aliquid
1276 1226 1398 1271 ponit,
1412 1225 1599 1271 perfectio
1612 1234 1714 1271 quee-

95 1273 185 1311 dam
207 1278 278 1319 est,
296 1283 376 1311 non
397 1277 527 1310 autem
549 1274 885 1319 imperfectionem
906 1273 1085 1316 includit,
1103 1273 1179 1310 nisi
1201 1273 1418 1310 secundum
1450 1273 1555 1319 quod
1583 1271 1714 1309 deficit

95 1330 221 1358 avero
236 1330 338 1358 esse.
353 1321 580 1357 Intellectus
596 1321 716 1367 igitur
731 1321 888 1357 divinus
905 1320 957 1364 id,
975 1320 1080 1367 quod
1096 1324 1154 1357 est
1173 1321 1374 1366 proprium
1398 1319 1713 1366 uniuscujusque

95 1367 138 1404 in
158 1368 334 1405 essentia
354 1377 440 1409 sua,
461 1367 782 1414 conprehendere
803 1371 946 1414 potest,
970 1367 1231 1413 intelligendo
1253 1368 1293 1403 in
1312 1376 1390 1413 quo
1421 1367 1506 1412 ejus
1538 1367 1712 1404 essentia

94 1414 287 1460 imitatur,
322 1418 360 1452 et
390 1415 431 1451 in
462 1424 541 1462 quo
573 1415 620 1451 ab
654 1414 739 1461 eJus
771 1415 1012 1461 perfectione
1045 1414 1176 1451 deficit
1212 1414 1542 1460 unumquodque3
1578 1417 1712 1460 utpote

95 1461 358 1509 intellIgendo
390 1462 606 1500 essentiam
643 1471 758 1499 suam
791 1466 833 1499 ut
868 1461 1100 1498 imitabilem
1135 1471 1202 1507 per
1233 1462 1392 1498 modum
1426 1462 1528 1503 vitae,
1564 1464 1611 1499 et,
1633 1469 1714 1498 non

96 1509 357 1554 cognitionis,
379 1509 522 1555 accipit
543 1509 742 1555 propriam
761 1509 928 1546 sormam
951 1509 1116 1555 plantae3
1139 1508 1173 1545 si
1193 1518 1286 1546 vero
1314 1513 1355 1544 ut
1384 1507 1616 1544 imitabilem
1646 1516 1715 1553 per

97 1555 260 1593 modum
292 1555 534 1604 cognitionis
561 1559 598 1592 et
632 1565 710 1592 non
741 1556 982 1600 intellectus,
1018 1556 1215 1601 propriam
1249 1555 1415 1592 sormam
1449 1555 1648 1598 animalis,
1677 1557 1715 1591 et

97 1602 156 1640 sic
177 1602 224 1639 de
245 1603 349 1640 aliis.
374 1602 437 1639 Sic
458 1603 579 1649 igitur
599 1607 701 1648 patet
723 1603 828 1649 quod
851 1602 1026 1639 essentia
1045 1602 1179 1639 divina
1207 1602 1247 1638 in
1281 1606 1471 1648 quantum
1504 1605 1564 1638 est
1596 1601 1713 1638 abso—

100 1649 180 1686 lute
201 1650 388 1696 perfecta,
410 1653 540 1696 potest
560 1650 684 1695 accipi
709 1654 748 1686 ut
779 1650 935 1695 propria
970 1650 1069 1686 ratio
1100 1649 1366 1696 singulorum.
1388 1648 1496 1686 Unde
1529 1657 1598 1695 per
1625 1656 1713 1686 eam

97 1697 203 1734 Deus
225 1697 423 1743 propriam
446 1697 716 1743 cognitionem
737 1696 784 1733 de
805 1697 991 1733 omnibus
1012 1696 1155 1733 habere
1176 1700 1317 1741 potest.

145 1743 246 1788 Quia
265 1752 357 1780 vero
375 1744 533 1790 propria
553 1743 653 1780 ratio
674 1743 792 1780 unius
824 1744 1083 1790 distinguitur
1113 1753 1135 1780 a
1165 1744 1324 1788 propria
1352 1742 1504 1779 ratione
1530 1742 1709 1786 alterius,

98 1789 302 1828 distinctio
323 1794 453 1828 autem
475 1794 535 1827 est
555 1790 793 1836 pluralitatis
822 1791 1074 1836 principium,
1097 1793 1251 1836 oportet
1270 1790 1310 1826 in
1338 1790 1541 1826 intellectu
1574 1789 1709 1826 divino

97 1837 397 1875 distinctionem
414 1838 625 1884 quamdam
647 1841 685 1874 et
702 1838 967 1884 pluralitatem
990 1838 1184 1874 rationum
1209 1836 1498 1873 intellectarum
1528 1836 1710 1873 conside·

97 1893 199 1930 rare,
219 1885 439 1922 secundum
460 1885 564 1931 quod
587 1884 628 1921 id
660 1885 765 1931 quod
787 1890 844 1922 est
866 1885 907 1921 in
937 1885 1139 1921 intellectu
1171 1884 1304 1921 divino
1331 1888 1390 1920 est
1422 1883 1581 1929 propria
1612 1883 1714 1920 ratio

96 1931 359 1969 diversorum.
382 1931 489 1968 Unde
513 1941 601 1968 cum
624 1932 699 1968 hoc
722 1932 774 1969 sit
793 1932 1013 1969 secundum
1035 1932 1139 1978 quod
1162 1933 1265 1968 Deus
1297 1931 1483 1978 intelligit
1510 1930 1712 1976 proprium

97 1982 322 2025 respectum
356 1979 673 2024 assimilationis,
704 1988 822 2026 quam
853 1979 969 2015 babet
999 1988 1246 2026 unaquaeque
1275 1982 1454 2015 creatura
1488 1977 1536 2014 ad
1569 1978 1714 2023 ipsum,

97 2025 336 2073 relinquitur
350 2026 456 2072 quod
478 2026 653 2063 rationes
671 2035 801 2063 rerum
820 2026 860 2062 in
882 2026 1083 2063 intellectu
1103 2026 1237 2062 divino
1258 2033 1339 2061 non
1371 2025 1452 2062 sint
1484 2025 1629 2070 plures,
1654 2023 1716 2061 vel

99 2072 309 2118 distinctae,
332 2073 409 2110 nisi
431 2073 649 2110 secundum
670 2073 775 2119 quod
797 2075 900 2110 Deus
923 2073 1105 2119 agnoscit
1119 2082 1182 2109 res
1198 2072 1378 2118 pluribus
1395 2075 1432 2108 et
1446 2071 1613 2109 diversis
1633 2080 1715 2108 mo·

97 2119 162 2157 dis
190 2128 280 2157 esse
299 2120 583 2158 assimilabiles
604 2120 694 2164 sibi,
717 2124 755 2157 et
774 2120 993 2157 secundum
1015 2121 1090 2157 hoc
1102 2119 1349 2166 Augustinus
1370 2118 1438 2165 (De
1463 2119 1540 2155 div,
1571 2122 1710 2165 quaest.

98 2167 276 2208 LXXXIII,
310 2177 348 2214 q.
382 2166 441 2219 46)
471 2167 578 2212 dicit,
601 2167 706 2214 quod
741 2169 844 2204 Deus
876 2168 954 2204 alia
986 2168 1139 2204 ratione
1178 2166 1270 2203 fecit
1303 2166 1527 2208 hominem,
1565 2170 1602 2201 et
1635 2165 1714 2203 alia

98 2223 259 2260 equum,
293 2218 331 2250 et
362 2218 537 2251 rationes
566 2223 697 2251 rerum
727 2215 892 2260 pluriter
924 2215 966 2250 in
997 2218 1127 2251 mente
1160 2213 1294 2250 divina
1322 2222 1410 2250 esse
1432 2213 1539 2250 dicit.
1560 2214 1603 2248 In
1634 2220 1713 2258 quo

99 2261 218 2297 etiam
238 2261 462 2308 aliqualiter
482 2261 657 2298 salvatur
678 2261 853 2298 Platonis
875 2261 1011 2307 opinio
1045 2261 1102 2308 (ln
1138 2259 1370 2297 parmenide
1391 2263 1428 2296 et
1459 2260 1603 2296 Timaeo
1624 2267 1714 2304 pas·

100 2307 191 2354 sim)
209 2308 393 2353 ponentis
413 2308 538 2354 ideas,
553 2308 774 2347 secundum
794 2317 893 2356 quas
913 2309 1134 2347 formantur
1153 2307 1289 2345 omnia
1308 2316 1395 2355 quae
1415 2306 1457 2345 in
1476 2307 1595 2345 rebus
1628 2314 1712 2344 ma«

99 2354 306 2393 terialibus
320 2354 510 2394 existunt.

761 2472 929 2514 CAPUT
972 2472 1054 2514 LV.

530 2585 630 2620 QUOD
653 2585 752 2616 DEUS
777 2586 901 2615 OMNIA
926 2585 1042 2614 SIMUL
1065 2584 1295 2616 INTELLIGIT·

148 2684 204 2722 Ex
221 2682 286 2721 his
298 2685 431 2721 autem
448 2682 616 2720 ulterius
632 2685 792 2728 apparet
806 2682 911 2728 quod
924 2683 1027 2719 Deus
1041 2682 1177 2719 omnia
1193 2681 1314 2721 simul
1337 2682 1539 2730 intelligit.
1564 2683 1718 2722 Intelle-

104 2732 192 2768 ctus
211 2734 349 2768 noster
368 2730 489 2768 simul
510 2729 634 2766 multa
654 2732 743 2766 actu
763 2729 985 2781 intelllgere
1006 2738 1088 2766 non
1107 2732 1250 2775 potest.
1271 2730 1371 2774 Quia
1388 2740 1477 2768 cum
1492 2731 1716 2769 intellectus

103 2777 147 2815 in
167 2780 254 2814 actu
276 2777 329 2815 sit
348 2777 592 2814 intellectum
607 2776 648 2812 in
670 2780 772 2820 actu,
793 2784 827 2812 si
843 2776 954 2821 plura
974 2776 1093 2812 simul
1110 2780 1199 2814 actu
1219 2777 1472 2824 intelligeret,
1487 2782 1718 2825 sequeretur

105 2824 211 2871 quod
230 2824 456 2861 intellectus
480 2823 600 2861 simul
620 2826 727 2860 esset
749 2823 861 2868 plura
883 2823 1101 2866 secundum
1119 2832 1242 2860 unum
1260 2833 1402 2871 genus,
1423 2825 1529 2871 quod
1550 2830 1610 2863 est
1643 2826 1718 2863 im-

102 2871 311 2918 possibile.
333 2872 428 2908 Dico
447 2875 579 2908 autem
598 2869 815 2908 secundum
836 2879 959 2906 unum
979 2879 1120 2916 genus,
1142 2871 1236 2917 quia
1267 2872 1367 2908 nibil
1401 2872 1583 2917 prohibet
1611 2872 1716 2909 idem

105 2917 325 2966 subjectum
345 2918 550 2959 informari
564 2917 732 2955 diversis
753 2917 892 2955 formis
908 2917 1154 2956 diversorum
1168 2927 1359 2966 generum
1376 2930 1384 2955 :
1400 2919 1505 2957 sicut
1517 2919 1621 2957 idem
1634 2926 1718 2957 cor·
