1894 3223
153 100 221 135 638
755 92 842 127 ue.
869 91 931 134 nt,
960 78 1060 126 CAP‘.
1085 84 1175 127 xm.

154 189 178 216 a
191 177 350 224 praemio
367 187 375 219 ;
398 175 492 221 quia
510 174 595 210 haec
614 172 763 218 absque
777 174 938 217 peccato
953 170 1110 223 mortali
1127 172 1357 219 contingere
1376 176 1559 219 possunt,
1577 181 1646 218 per
1665 173 1772 219 quod

155 226 283 262 solum
308 221 457 258 tollitur
476 220 662 263 charitas,
684 219 747 255 cui
767 218 975 264 praemium
994 222 1082 254 vitae
1103 221 1259 254 aeternae
1276 219 1452 263 debetur,
1474 224 1517 256 ut
1543 224 1703 265 apparet
1723 225 1771 257 ex

156 271 218 309 his
239 279 323 315 quae
344 269 382 304 in
405 267 518 304 tertio
540 266 643 302 dicta
667 268 774 303 sunt.
808 266 967 310 Oportet
998 264 1120 311 igitur
1150 265 1256 311 quod
1284 270 1375 311 post
1404 266 1507 303 hanc
1537 267 1656 302 vitam
1686 276 1775 312 pur-

156 320 310 365 gentur,
325 318 535 361 antequam
547 313 664 349 finale
678 312 878 358 praemium
893 314 1202 357 consequantur.
1213 313 1398 358 Purgatio
1412 317 1541 350 autem
1558 314 1640 350 baec
1654 312 1694 349 fit
1706 323 1776 358 per

155 371 308 410 poenas,
326 362 428 398 sicut
447 361 561 397 etiam
578 360 618 395 in
638 359 712 396 hac
733 359 809 395 vita
828 368 895 405 per
913 367 1051 404 poenas
1074 358 1360 396 satisfactorias
1374 362 1554 407 purgatio
1577 360 1774 405 completa

158 411 302 447 fuisset
322 421 330 444 z
352 408 527 454 alioquin
549 406 727 443 melioris
752 405 992 442 conditionis
1019 407 1154 442 essent
1174 406 1419 452 negligentes
1446 417 1561 453 quam
1597 406 1772 452 solliciti,

157 458 191 494 si
209 464 365 502 poenam
388 464 505 501 quam
526 454 588 490 hic
614 462 684 499 pro
719 453 893 498 peccatis
914 461 992 489 ΠοΠ
1023 452 1187 497 implent
1214 462 1294 489 non
1317 453 1539 490 sustineant
1559 455 1598 490 in
1621 454 1769 490 futuro.

156 503 416 540 Retardantur
433 502 554 547 igitur
574 500 713 537 animae
735 501 929 536 bonorum
953 499 1017 546 qui
1038 499 1185 535 habent
1219 500 1365 546 aliquid
1399 501 1599 545 purgabile
1631 502 1670 537 in
1697 501 1775 537 hoc

156 550 306 588 mundo
338 559 360 585 a
384 548 532 594 praemii
552 547 850 592 consecutione,
871 555 1079 593 quousque
1100 555 1237 591 poenas
1261 547 1509 593 purgatorias
1537 549 1774 584 sustineant.

157 600 202 635 Et
221 598 303 633 haec
323 600 382 632 est
404 597 503 631 ratio
524 604 645 640 quare
664 594 935 640 purgatorium
956 593 1159 640 ponimus.

207 643 302 680 Huic
323 645 451 679 autem
486 641 674 687 positioni
706 639 945 688 suffragatur
977 640 1126 677 dictum
1150 640 1341 686 Apostoli,
1369 643 1382 677 Ι
1416 641 1605 684 Corinth„
1625 651 1686 686 111,
1705 644 1746 678 13
1765 653 1774 678 :

158 691 270 736 Cujus
290 700 378 735 opus
396 691 539 731 arserit,
560 688 811 724 detrimentum
841 689 1025 732 patietur3
1060 689 1138 732 ipse
1168 690 1286 723 autem
1314 689 1437 724 salvus
1468 690 1549 731 erit,
1577 690 1628 723 sic
1656 691 1775 724 tamen

158 738 492 784 quasiperianem.
514 735 569 772 Ad
588 735 665 771 hoc
686 734 802 777 etiam
831 738 891 771 est
920 734 1168 771 consuetudo
1204 734 1386 771 Ecclesiae
1417 735 1666 774 universalis,
1689 743 1777 781 quae

157 794 228 831 pro
250 783 445 820 defunctis
466 786 552 819 orat
573 794 581 818 :
601 791 688 829 quae
708 781 865 827 quidem
887 781 1012 818 oratio
1032 781 1186 818 inutilis
1205 784 1324 826 esset,
1347 782 1380 818 si
1399 782 1670 829 purgatorium
1686 785 1779 828 post

158 835 327 868 mortem
344 840 423 867 non
444 833 633 875 ponatur:
649 838 728 865 non
753 829 856 865 enini
879 833 964 865 orat
980 828 1154 865 Ecclesia
1172 838 1243 874 pro
1263 828 1325 865 his
1341 830 1406 875 qui
1424 829 1506 875 Jam
1525 833 1616 866 sunt
1639 829 1679 865 in
1699 833 1778 865 ter-

158 879 268 915 mino
288 877 396 921 boni,
419 877 479 913 vel
500 876 592 912 mali
611 888 619 918 ;
640 876 709 912 sed
731 885 800 921 pro
820 876 882 912 his
904 875 969 922 qui
992 876 1168 912 nondum
1202 876 1250 912 ad
1270 876 1481 912 terminum
1499 879 1777 922 pervenerunt.

206 925 319 969 Quod
339 928 469 961 autem
491 923 620 960 statim
638 926 729 968 post
748 927 914 959 mortem
936 922 1076 959 animae
1096 926 1393 969 consequantur
1414 933 1571 968 poenam
1587 923 1648 959 vel
1677 931 1776 969 prae-

159 972 295 1015 mium,
318 971 351 1009 si
370 970 690 1017 impedimentum
725 979 805 1006 non
836 970 900 1013 sit,
936 969 1238 1006 auctoritatibus
1267 970 1473 1015 Scripturae
1504 969 1777 1007 confirmatur.

159 1019 308 1056 Dicitur
328 1018 446 1061 enim,
463 1018 550 1059 Job,
571 1025 652 1062 XXI,
677 1019 733 1060 13,
753 1017 800 1053 de
821 1016 936 1053 maHs
956 1029 963 1052 :
985 1019 1128 1052 Ducunt
1148 1018 1187 1051 in
1207 1017 1307 1052 bonis
1327 1017 1402 1052 dies
1422 1028 1514 1058 suos,
1538 1020 1571 1052 et
1589 1019 1628 1052 in
1641 1019 1779 1062 puncto

160 1067 208 1102 ad
226 1068 374 1109 inferna
391 1065 632 1107 descendunt3
656 1069 692 1100 et
710 1066 816 1107 Luc.,
835 1072 913 1108 XVI,
934 1066 979 1100 22
1003 1075 1011 1099 :
1042 1066 1205 1100 Mortuus
1231 1067 1282 1099 est
1301 1064 1412 1104 dives,
1433 1067 1468 1099 et
1485 1065 1646 1109 sepultus
1668 1067 1720 1100 est
1737 1065 1779 1099 in

160 1114 315 1157 inferno.
337 1112 520 1149 Infernus
539 1115 669 1148 autem
691 1115 751 1148 est
772 1112 884 1148 locus
909 1111 972 1147 ubi
994 1111 1136 1148 animae
1155 1112 1387 1157 puniuntur.
1406 1111 1591 1148 Similiter
1608 1111 1726 1148 etiam
1741 1113 1780 1147 et

161 1160 208 1197 de
228 1160 345 1197 bonis
363 1163 480 1204 patet.
504 1160 550 1195 Ut
569 1159 672 1195 enim
692 1158 869 1198 habetur,
894 1159 999 1201 Luc„
1022 1166 1134 1202 xxm,
1161 1161 1221 1203 43,
1258 1158 1447 1196 Dominus
1472 1159 1511 1195 in
1545 1167 1662 1195 cruce
1689 1166 1782 1204 pen-

162 1207 260 1244 dens
282 1206 423 1243 latroni
444 1205 568 1242 dixit:
595 1206 708 1241 Hodie
735 1216 869 1240 mecum
900 1207 969 1240 eris
1001 1207 1039 1240 in
1067 1206 1257 1250 paradiso.
1285 1207 1358 1241 Per
1387 1205 1612 1251 paradisum
1647 1209 1780 1242 autem

160 1254 391 1299 intelligitur
410 1253 613 1298 praemium
629 1253 733 1299 quod
751 1252 1032 1298 repromittitur
1047 1252 1176 1293 bonis,
1198 1252 1415 1289 secundum
1432 1253 1528 1289 illud
1544 1252 1719 1299 Apocal.,
1734 1260 1778 1296 11,

160 1305 181 1338 7
206 1313 214 1337 :
240 1302 406 1337 Vincenti
425 1300 517 1335 dabo
536 1300 636 1335 edere
652 1300 695 1334 de
715 1301 811 1344 li9no
829 1301 925 1343 vitae,
947 1299 1042 1344 quod
1058 1302 1109 1334 est
1126 1301 1166 1335 in
1182 1300 1357 1345 paradiso
1375 1302 1442 1335 Dei
1462 1301 1543 1335 mei.

210 1347 352 1384 Dicunt
389 1350 519 1383 autem
559 1346 717 1393 quidam
756 1346 861 1393 quod
901 1356 970 1391 per
1003 1346 1226 1391 paradisum
1261 1356 1341 1383 non
1374 1346 1610 1394 intelligitur
1641 1345 1782 1382 ultima.

165 1394 446 1437 remuneratio,
462 1402 549 1439 quae
566 1393 639 1430 erit
654 1394 694 1429 in
712 1394 838 1437 coelis,
861 1393 1078 1430 secundum
1100 1393 1212 1437 illud,
1234 1394 1382 1438 Matth.,
1403 1403 1444 1437 v,
1466 1397 1508 1430 12
1530 1404 1538 1427 :
1562 1393 1732 1433 Gaudete,
1748 1395 1784 1428 et

162 1442 350 1484 eaesultate,
373 1443 544 1486 quoniam
562 1450 692 1475 merces
714 1444 833 1476 vestra
849 1442 991 1485 copiosa
1010 1443 1061 1475 est
1079 1441 1119 1475 in
1138 1442 1257 1482 coelis;
1290 1441 1359 1477 sed
1380 1440 1564 1486 aliqualis
1598 1449 1781 1476 remune-

162 1488 260 1525 ratio
285 1497 371 1534 quae
391 1488 462 1524 erit
481 1487 520 1523 in
540 1490 656 1523 terra.
679 1489 775 1523 Nam
796 1487 1004 1533 paradisus
1028 1487 1140 1524 locus
1161 1487 1319 1533 quidam
1352 1491 1533 1524 terrenus
1567 1496 1655 1524 esse
1675 1486 1779 1523 vide·

161 1539 227 1572 tur
247 1546 293 1572 ex
315 1536 389 1571 hoc
408 1535 512 1580 quod
532 1534 688 1578 dicitur,
710 1535 818 1577 Gen.,
840 1544 884 1578 11,
903 1537 937 1578 8,
959 1534 1062 1580 quod
1079 1535 1316 1579 plantaverat
1327 1536 1499 1570 Dominus
1510 1537 1604 1570 Deus
1623 1534 1777 1580 paradi-

161 1592 240 1619 sum
251 1583 460 1627 voluptatis‚
476 1583 516 1616 in
532 1592 600 1627 quo
616 1583 739 1626 posuit
758 1582 934 1616 hominem
953 1592 1056 1626 quem
1074 1583 1310 1625 formaverat.

213 1630 300 1675 Sed,
322 1630 355 1666 si
376 1629 465 1675 quis
489 1633 593 1665 recte
613 1628 732 1665 verba
752 1637 874 1665 sacrae
893 1628 1102 1673 Scripturae
1122 1629 1358 1674 consideret,
1379 1629 1551 1666 inveniet
1571 1628 1677 1675 quod
1697 1627 1786 1674 ipsa

162 1676 296 1713 finalis
314 1676 533 1720 retributio,
556 1684 642 1722 quae
661 1676 698 1712 in
721 1676 832 1712 coelis
858 1676 1098 1721 promittitur
1115 1676 1278 1719 sanctis,
1294 1676 1424 1713 statim
1441 1676 1645 1722 posthanc
1661 1675 1782 1712 vitam

164 1724 290 1761 datur.
311 1723 525 1768 Apostolus
545 1723 665 1767 enim,
690 1725 722 1759 ΙΙ
744 1724 845 1761 Cor„
866 1732 922 1765 IV,
947 1726 1003 1766 17,
1026 1732 1115 1759 cum
1136 1723 1184 1760 de
1204 1722 1311 1759 finali
1346 1724 1475 1770 gloria
1505 1724 1662 1760 locutus
1683 1723 1782 1760 fuis-

163 1775 236 1814 set,
264 1771 401 1807 dicens
433 1769 538 1816 quod
558 1770 594 1805 id
617 1771 713 1815 quod
735 1772 773 1805 in
790 1771 961 1815 praesenti
980 1773 1031 1805 est
1050 1771 1296 1807 tribulationis
1323 1774 1454 1806 nostrae
1483 1774 1781 1814 momentaneum,

163 1822 196 1854 et
216 1819 299 1860 leve,
317 1828 430 1862 supra
449 1817 592 1852 modum
612 1819 651 1851 in
671 1817 891 1852 sublimitate
909 1820 1080 1852 aeternum
1106 1818 1229 1862 ylariae
1243 1818 1387 1863 pondus
1408 1821 1578 1862 operatur
1604 1819 1644 1853 in
1663 1818 1782 1858 nobis,

162 1876 235 1901 non
255 1864 577 1909 contemplantibus
594 1864 696 1899 nobis
715 1874 756 1899 ea
775 1875 852 1908 (μιᾶς
868 1865 1051 1904 videntur,
1071 1865 1133 1899 sed
1150 1875 1191 1899 ea
1207 1875 1285 1910 quae
1303 1865 1578 1908 nonvidentur3
1597 1875 1676 1909 quae
1690 1865 1785 1899 enim

162 1913 346 1951 videntur,
369 1912 581 1956 temporatia
600 1914 696 1955 sunt,
720 1922 797 1955 quae
817 1914 934 1946 autem
953 1922 1024 1946 non
1036 1912 1217 1952 videntur,
1239 1914 1374 1947 aeterna
1394 1923 1405 1946 :
1427 1921 1513 1958 quae
1527 1911 1783 1947 manifestum

164 1963 224 1995 est
245 1958 290 1994 de
317 1957 425 1994 finali
445 1958 570 2002 gloria
589 1958 680 2002 dici,
703 1967 789 2004 quae
810 1962 870 1994 est
888 1959 927 1993 in
946 1959 1081 2001 coelis;
1114 1962 1155 1994 ut
1190 1959 1416 1995 ostenderet
1445 1959 1604 2004 quando
1633 1961 1671 1994 et
1691 1967 1786 2004 qua-

164 2005 252 2041 liter
270 2005 352 2041 haec
372 2004 499 2051 gloria
521 2004 721 2045 habeatur,
753 2004 969 2050 subJunxit,
993 2005 1166 2050 capitulo
1187 2005 1367 2052 sequenti
1389 2016 1397 2040 :
1426 2006 1564 2042 Scimus
1581 2007 1674 2040 enim
1695 2015 1782 2050 quo-

163 2054 262 2087 niam
282 2054 314 2087 si
334 2053 511 2086 terrestris
537 2051 662 2086 domus
682 2055 805 2087 nostra
825 2051 934 2096 hujus
955 2052 1190 2088 habitationis
1209 2053 1441 2093 dissolvatur,
1464 2053 1559 2098 quod
1578 2053 1784 2097 aedificatio-

163 2109 243 2134 nem
257 2109 301 2133 ea?
317 2101 385 2134 Deo
407 2099 587 2138 habemus,
609 2098 751 2133 domum
771 2109 841 2134 non
858 2100 1120 2143 manufactam,
1136 2099 1198 2134 sed
1210 2102 1380 2135 aeternam
1398 2102 1438 2135 in
1453 2101 1547 2135 coelis
1562 2112 1573 2142 ,-
1589 2109 1658 2144 per
1677 2098 1784 2145 quod

163 2145 370 2182 manifeste
389 2145 453 2181 dat
471 2145 689 2192 intelligere
722 2145 841 2191 quod,
875 2146 1071 2182 dissoluto
1102 2155 1280 2191 corpore,
1315 2146 1449 2183 anima
1473 2147 1521 2184 ad
1542 2151 1727 2183 aeternam
1745 2149 1783 2182 et

164 2193 362 2229 coelestem
382 2192 630 2229 mansionem
651 2193 888 2238 perducitur,
911 2202 997 2239 quae
1020 2193 1118 2229 nihil
1140 2193 1245 2230 aliud
1268 2198 1326 2231 est
1349 2203 1466 2241 quam
1488 2194 1622 2230 fruitio
1637 2193 1783 2229 Divini-

163 2240 268 2283 tatis,
291 2239 392 2275 sicut
415 2240 543 2285 angeli
567 2239 751 2276 fruuntur
767 2239 807 2276 in
825 2240 948 2277 coelis.

211 2287 248 2322 Si
270 2287 358 2331 quis
376 2292 506 2323 aulem
528 2287 798 2323 contradicere
817 2288 921 2331 velit,
945 2287 1081 2324 dicens
1111 2288 1344 2333 Apostolum
1375 2298 1455 2325 non
1489 2288 1637 2325 dixisse
1659 2287 1778 2335 quod,

163 2333 293 2370 statim
316 2334 510 2370 dissoluto
532 2343 711 2379 corpore,
733 2334 895 2371 domum
915 2338 1101 2371 aeternam
1121 2335 1338 2372 habeamus
1358 2335 1398 2371 in
1419 2336 1530 2372 coelis
1559 2336 1600 2372 in
1634 2344 1689 2379 re,
1711 2334 1782 2372 sed

164 2381 292 2417 solum
316 2381 356 2416 in
378 2390 460 2426 spe,
483 2381 641 2417 tandem
661 2381 832 2418 habituri
857 2382 895 2417 in
932 2391 985 2426 re,
1017 2383 1226 2419 manifeste
1244 2383 1318 2419 boc
1339 2386 1399 2419 est
1430 2388 1568 2419 contra
1596 2382 1783 2418 intentio-

163 2436 252 2463 nem
274 2428 449 2472 Apostoli
470 2440 477 2470 ;
501 2428 593 2474 quia
625 2429 757 2472 etiam,
779 2429 871 2465 dum
904 2428 966 2464 hic
996 2429 1180 2474 vivimus,
1204 2429 1373 2466 habituri
1406 2439 1547 2467 sumus
1578 2429 1781 2466 coelestem

163 2475 411 2511 mansionem
439 2476 658 2524 secundum
680 2475 1065 2521 praedestinationem
1087 2476 1274 2520 divinam,
1296 2481 1334 2512 et
1356 2476 1437 2523 jam
1469 2486 1555 2513 eam
1588 2476 1782 2514 habemus

162 2521 204 2557 in
221 2531 302 2567 spe,
326 2531 544 2558 secundum
565 2522 676 2563 illud,
698 2524 825 2567 Rom„
846 2531 934 2566 vm,
953 2525 999 2560 24
1021 2532 1031 2557 ε
1051 2523 1121 2568 Spe
1132 2525 1226 2559 enim
1247 2524 1342 2559 salvi
1359 2525 1452 2567 facti
1470 2533 1605 2560 sumus.
1622 2525 1783 2560 Frustra

163 2568 284 2615 igitur
303 2569 451 2605 addidit
474 2581 482 2605 t
504 2569 544 2606 Si
563 2572 706 2605 terrena
723 2570 847 2605 domus
865 2573 990 2605 nostra
1011 2570 1120 2614 hujus
1141 2571 1376 2606 habitationis
1397 2571 1641 2614 dissolvatur3
1665 2569 1783 2607 suffe-

163 2617 282 2652 cisset
310 2617 415 2652 enim
437 2616 567 2652 dicere
589 2625 598 2651 ε
619 2617 759 2653 Scimus
779 2617 875 2662 quod
893 2617 1164 2662 certificationem
1185 2618 1354 2653 habemus
1373 2629 1417 2653 ecc
1431 2620 1514 2662 Deo,
1534 2621 1606 2655 etc.
1627 2620 1779 2654 Rursus

163 2663 391 2707 expressius
409 2664 485 2700 hoc
505 2668 666 2709 apparet
684 2673 730 2700 ex
750 2673 797 2701 eo
815 2664 920 2710 quod
942 2664 1125 2701 subditur
1144 2677 1152 2700 :
1174 2665 1330 2701 scientes
1348 2667 1531 2710 quoniam,
1551 2665 1636 2701 dum
1655 2672 1778 2700 sumus

161 2709 202 2743 in
219 2710 282 2744 hoc
300 2720 456 2754 corpore,
474 2712 752 2755 percarinamur
770 2722 792 2746 a
811 2712 960 2747 Domino
980 2723 991 2746 :
1007 2721 1076 2756 per
1093 2712 1199 2757 fidem
1218 2714 1312 2747 enim
1323 2712 1562 2756 ambulamus,
1581 2714 1616 2747 et
1630 2721 1700 2746 non
1711 2719 1779 2755 per

162 2757 325 2800 speciem.
347 2757 532 2793 Audemus
552 2760 682 2802 autem,
703 2761 737 2793 et
757 2758 884 2794 bonam
910 2759 1131 2794 voluntatem
1163 2759 1332 2794 habemus
1363 2761 1480 2803 ma9is
1507 2758 1737 2805 peregrinari
1755 2766 1779 2791 a

162 2812 317 2847 corpore,
335 2805 368 2837 et
381 2807 573 2847 praesentes
593 2815 665 2840 esse
684 2805 733 2840 ad
751 2807 955 2842 Dominum.
978 2807 1137 2842 Frustra
1156 2810 1287 2842 autem
1312 2806 1505 2842 vellemus
1536 2803 1777 2850 peregrinari

163 2858 185 2885 a
205 2858 382 2895 corpore,
405 2850 555 2887 scilicet
575 2852 762 2898 separari,
784 2852 860 2890 nisi
879 2852 1009 2889 statim
1043 2861 1226 2890 essemus
1248 2856 1463 2899 praesentes
1483 2851 1531 2888 ad
1551 2851 1776 2888 Dominum.
