1894 3223
678 146 766 185 LlB.
795 147 859 191 111,
886 147 987 185 CAP.
1016 147 1119 185 cxli.
1640 151 1710 187 4¹5

84 227 422 267 intellectualibus
441 227 634 266 creaturis
651 228 884 274 providetur
901 232 1063 276 propter
1089 238 1148 274 se,
1169 228 1329 267 caeteris
1348 231 1479 268 autem
1513 230 1706 269 creaturis

114 284 156 314 ro
187 279 244 313 ter
264 276 274 312 i
307 284 387 313 sas.

84 285 108 323 p
131 285 315 369 Aenpliug,
337 321 671 370 quandocumque
690 325 786 360 sunt
804 322 937 370 aliqua
954 323 1137 361 ordinata
1155 323 1205 361 ad
1224 323 1344 362 finem
1363 322 1550 371 aliquem,
1569 324 1603 363 si
1630 334 1709 372 qua

87 370 190 406 inter
210 369 279 407 illa
298 368 347 406 ad
367 368 484 406 finem
506 370 730 417 pertingere
750 378 832 407 non
866 375 1036 417 possunt
1065 380 1137 417 per
1165 371 1313 417 seipsa,
1350 375 1506 418 oportet
1528 381 1574 409 ea
1602 373 1708 410 ordi·

86 417 172 453 nari
212 417 259 454 ad
295 416 364 453 illa
399 425 486 463 quae
520 415 639 454 finem
677 422 992 470 consequuntur,
1025 427 1113 465 quae
1145 422 1306 464 propter
1340 426 1385 456 se
1415 418 1651 457 ordinantur
1666 420 1707 456 in

85 463 204 500 finem
225 474 235 507 3
258 462 363 501 sicut
381 461 474 501 finis
494 464 691 502 exercitus
708 467 769 502 est
786 465 966 509 victoria,
987 474 1105 511 quam
1126 464 1276 502 milites
1304 470 1606 513 consequuntur
1639 475 1710 513 per

86 510 288 556 proprium
310 511 692 595 actumpuffnando,
713 510 780 558 qul
801 511 877 549 soli
911 515 1071 558 propter
1093 521 1137 549 se
1169 511 1211 548 in
1245 512 1420 564 exercitu
1452 516 1705 559 quaeruntur;

83 566 225 595 omnes
246 560 377 594 autem
399 557 466 594 alii
488 567 510 594 a
558 558 636 596 alia
652 557 785 596 officia
806 558 994 605 deputati,
1011 562 1106 605 puta
1125 558 1174 596 ad
1194 559 1480 597 custodiendos
1498 569 1638 608 equos,
1657 561 1706 598 ad

82 604 303 651 parandum
325 613 448 649 arma,
468 609 628 652 propter
647 606 794 643 milites
834 606 873 642 in
905 606 1079 643 exercitu
1109 610 1353 653 quaeruntur.
1373 607 1536 644 Constat
1569 611 1704 645 autem

84 660 132 688 ex
152 652 371 698 praemissis
392 651 510 689 finem
532 653 716 690 ultimum
735 653 910 690 universi
933 655 1055 690 Deum
1069 661 1173 697 esse,
1188 662 1304 699 quem
1319 653 1406 690 sola
1424 654 1706 692 intellectualis

84 702 226 735 natura
246 699 507 746 consequitur
525 699 568 736 in
604 700 755 746 seipso,
776 709 866 737 eum
893 700 1047 737 scilicet
1077 700 1359 746 cognoscendo
1389 703 1427 737 et
1445 701 1642 746 amando,
1665 705 1708 739 ut

85 754 134 782 ex
152 745 269 783 dictis
290 745 390 793 (cap.
410 746 470 793 22)
492 749 610 792 patet.
633 747 725 784 Sola
744 747 867 794 igitur
895 747 1174 784 intellectualis
1210 751 1352 784 natura
1380 751 1441 784 est
1470 752 1629 794 propter
1663 757 1706 787 se

84 793 252 840 quaesita
270 793 312 830 in
336 793 540 838 universo,
562 793 640 831 alia
658 798 788 831 autem
809 795 945 831 omnia
964 798 1124 840 propter
1141 795 1286 840 ipsam.

130 840 231 884 Item,
254 839 295 876 in
315 840 493 887 quolibet
512 844 595 878 toto
614 844 746 888 partes
766 841 1007 887 principales
1023 844 1183 887 propter
1201 850 1245 878 se
1262 841 1475 888 exiguntur
1492 842 1541 879 ad
1561 842 1708 881 consti-

84 885 232 924 tionem
254 887 393 931 totius,
412 887 499 925 alife
516 896 609 925 vero
630 888 677 925 ad
696 889 1055 933 conservationem,
1079 888 1141 925 vel
1173 888 1222 926 ad
1258 889 1431 935 aliquam
1464 890 1707 928 melioratio·

84 941 175 970 nem
196 943 346 971 earum.
370 936 473 971 lnter
491 943 632 972 omnes
648 939 777 972 autem
798 939 930 981 partes
951 935 1125 973 universi
1151 935 1371 973 nobiliores
1401 939 1495 973 sunt
1528 937 1705 975 intellec-

83 980 213 1018 tuales
232 984 435 1025 creaturae,
454 982 548 1028 quia
566 982 696 1029 magis
716 982 764 1018 ad
783 982 1086 1019 similitudinem
1108 982 1282 1019 divinam
1317 983 1524 1020 accedunt.
1545 985 1702 1022 Naturae

84 1035 180 1074 ergo
200 1028 491 1064 intellectuales
511 1032 605 1065 sunt
623 1038 692 1075 per
711 1037 756 1066 se
775 1029 823 1066 ad
847 1029 1021 1066 divinam
1048 1029 1335 1076 providentiam
1365 1034 1599 1076 procuratae,
1624 1031 1703 1068 alia

83 1082 177 1111 vero
196 1074 332 1111 omnia
350 1078 510 1120 propter
530 1075 655 1121 ipsas.

130 1121 318 1162 Praeterea,
341 1121 596 1158 manifestum
616 1125 678 1159 est
696 1125 828 1168 partes
840 1130 981 1159 omnes
1000 1122 1176 1159 ordinari
1196 1122 1245 1160 ad
1263 1123 1548 1169 perfectionem
1562 1125 1700 1162 totius.

81 1168 170 1205 Non
191 1167 297 1205 enim
314 1170 374 1205 est
392 1170 518 1205 totum
533 1172 692 1215 propter
712 1173 858 1215 partes,
877 1169 947 1206 sed
959 1172 1089 1214 partes
1099 1173 1259 1216 propter
1276 1173 1402 1207 totum
1415 1175 1521 1207 sunt.
1546 1172 1703 1209 Naturae

85 1219 216 1252 autem
237 1214 527 1252 intellectuales
547 1217 738 1262 majorem
762 1216 907 1253 liabent
927 1215 1159 1254 affinitatem
1177 1216 1226 1253 ad
1244 1219 1369 1254 totum
1387 1226 1507 1264 quam
1527 1217 1615 1256 aliae
1635 1227 1705 1256 na-

82 1264 206 1307 turae3
232 1270 324 1299 nam
340 1270 589 1310 unaquaeque
612 1263 895 1301 intellectualis
910 1263 1134 1300 substantia
1165 1267 1226 1301 est
1240 1264 1536 1311 quodammodo
1555 1266 1706 1311 omnia,

82 1307 123 1345 in
146 1312 339 1357 quantum
360 1309 484 1347 totius
501 1310 942 1357 entiscomprehensiva
960 1314 1021 1348 est
1036 1319 1111 1348 suo
1130 1310 1332 1349 intellectu
1351 1312 1562 1360 3quaelibet
1576 1316 1708 1350 autem

86 1355 166 1393 alia
186 1356 409 1394 substantia
428 1357 705 1402 particularem
742 1357 870 1395 solam
891 1358 995 1395 entis
1029 1358 1372 1404 participationem
1405 1359 1535 1396 habet.
1558 1360 1708 1397 Conve-

84 1403 241 1440 nienter
259 1403 382 1451 igitur
401 1404 478 1440 alia
497 1407 658 1451 propter
676 1403 923 1442 substantias
943 1405 1233 1442 intellectuales
1267 1406 1524 1451 providentur
1556 1416 1578 1444 a
1611 1409 1706 1445 Deo.

130 1451 274 1490 Adhuc,
298 1450 402 1487 sicut
422 1451 553 1497 agitur
576 1452 889 1499 unumquodque
910 1460 1030 1489 cursu
1048 1455 1213 1492 naturae,
1234 1452 1289 1489 ita
1310 1456 1446 1490 natum
1467 1456 1527 1490 est
1546 1454 1624 1500 agi.
1642 1454 1706 1491 Sic

86 1500 218 1535 autem
238 1496 420 1535 videmus
439 1507 502 1535 res
522 1506 639 1536 eursu
661 1503 813 1536 naturae
832 1508 991 1536 currere
1022 1499 1129 1545 quod
1162 1499 1387 1536 substantia
1422 1500 1702 1539 intellectualis

83 1544 272 1582 omnibus
291 1545 382 1581 aliis
404 1545 527 1582 utitur
543 1549 703 1591 propter
719 1554 788 1590 se;
810 1546 870 1583 vel
893 1545 940 1583 ad
972 1545 1200 1583 intellectus
1221 1547 1519 1593 perfectionem,
1538 1548 1632 1594 quia
1662 1548 1704 1585 in

85 1591 145 1628 eis
165 1591 368 1628 veritatem
401 1591 641 1638 speculatur,
672 1593 734 1629 vel
769 1592 817 1630 ad
849 1601 931 1630 suae
962 1593 1121 1630 virtutis
1153 1593 1428 1631 executionem
1461 1597 1499 1631 et
1526 1594 1704 1632 scientiae

84 1638 402 1684 explicationem,
425 1639 474 1675 ad
495 1639 657 1676 modum
678 1648 758 1687 quo
779 1640 918 1677 artifex
937 1640 1106 1686 explicat
1124 1640 1221 1677 artis
1241 1648 1324 1678 suae
1345 1641 1646 1687 conceptionem
1662 1642 1704 1679 in

83 1685 250 1722 materia
269 1685 464 1731 corporali
482 1697 492 1730 ;
513 1686 573 1723 vel
593 1687 712 1723 etiam
729 1687 776 1724 ad
790 1687 969 1733 corporis
989 1687 1335 1733 sustentationem,
1351 1688 1457 1736 quod
1473 1692 1534 1726 est
1548 1689 1704 1726 unitum

84 1732 227 1769 animae
247 1732 518 1779 intellectuali,
541 1734 645 1770 sieut
664 1734 705 1770 in
727 1734 958 1771 hominibus
976 1737 1095 1780 patet.
1115 1734 1367 1772 Manifestum
1400 1739 1461 1772 est
1485 1744 1580 1782 ergo
1599 1734 1705 1783 quod

83 1783 242 1826 propter
261 1779 507 1816 substantias
528 1780 818 1818 intellectuales
840 1781 976 1818 omnia
996 1781 1074 1818 alia
1090 1781 1281 1819 divinitus
1301 1781 1574 1828 providentur.

133 1825 316 1872 Amplius,
339 1826 443 1873 quod
472 1826 618 1874 aliquis
636 1831 796 1874 propter
824 1836 868 1865 se
900 1828 1071 1874 quaerit3
1107 1834 1266 1874 semper
1295 1829 1394 1866 illud
1425 1830 1566 1876 quaerit
1599 1829 1706 1878 quod

82 1873 188 1912 enim
208 1877 368 1919 propter
387 1882 431 1911 se
462 1877 522 1911 est
544 1883 700 1920 semper
719 1878 808 1912 est:
831 1875 937 1922 quod
967 1883 1061 1912 vero
1079 1875 1227 1922 aliquis
1255 1880 1416 1922 propter
1434 1876 1541 1914 aliud
1563 1877 1706 1924 quaerit

83 1928 166 1958 non
186 1920 459 1968 oportetquod
482 1930 639 1968 semper
656 1921 756 1959 illud
784 1925 946 1969 quaerat,
967 1922 1037 1960 sed
1061 1922 1282 1960 secundum
1315 1923 1424 1970 quod
1453 1924 1641 1970 competit
1669 1924 1706 1962 ei

81 1970 243 2015 propter
259 1967 363 2015 quod
382 1968 583 2014 quaeritur.
606 1970 701 2007 Esse
722 1973 854 2007 autem
875 1979 1007 2006 rerum
1027 1979 1074 2006 ex
1105 1969 1241 2007 divina
1270 1971 1474 2007 voluntate
1502 1970 1705 2017 profluxit,

82 2018 127 2052 ut
146 2023 194 2052 ex
213 2014 488 2061 superioribus
520 2014 603 2062 (lib.
624 2025 653 2061 1,
674 2025 760 2063 cap.
781 2017 843 2062 23)
875 2020 936 2054 est
962 2016 1235 2054 manifestum.
1267 2017 1363 2062 Quae
1395 2017 1518 2065 igitur
1548 2026 1706 2064 semper

82 2061 238 2099 suntin
259 2061 418 2100 entibus
453 2065 546 2099 sunt
574 2067 735 2109 propter
761 2072 805 2101 se
825 2073 848 2101 a
867 2064 947 2101 Deo
964 2064 1115 2110 volita3
1140 2073 1229 2111 quae
1259 2068 1390 2101 autem
1421 2073 1503 2102 non
1534 2073 1705 2112 semper,

83 2115 166 2145 non
184 2112 343 2153 propter
361 2117 418 2152 se,
440 2109 510 2146 sed
531 2113 690 2155 propter
708 2109 830 2147 aliud.
850 2111 1090 2148 Substantias
1109 2115 1241 2149 autem
1261 2111 1553 2149 intellectuales
1573 2113 1706 2149 incor-

82 2154 292 2207 ruptibiles
311 2156 482 2192 maxime
503 2157 697 2193 accedunt
715 2157 763 2194 ad
784 2157 860 2194 hoc
879 2158 985 2205 quod
1006 2158 1087 2195 sint
1102 2167 1271 2205 semper,
1292 2159 1387 2206 quia
1416 2162 1511 2196 sunt
1529 2159 1708 2196 incorru-

81 2200 243 2248 ptibiles
260 2212 269 2245 ;
289 2210 370 2238 non
390 2206 484 2239 sunt
501 2207 632 2240 autem
650 2204 863 2241 mutabiles
884 2205 962 2242 nisi
985 2205 1207 2243 secundum
1228 2206 1480 2243 electionem.
1498 2207 1598 2252 Ergo
1616 2205 1708 2244 suh·

83 2248 241 2286 stantiae
259 2248 550 2287 intellectuales
567 2249 840 2296 gubernantur
857 2255 1017 2298 propter
1036 2260 1094 2297 se,
1116 2252 1205 2290 aliae
1220 2261 1314 2290 vero
1335 2257 1495 2299 propter
1509 2253 1632 2299 ipsas.

130 2296 218 2333 Non
235 2297 296 2332 est
315 2299 444 2333 autem
465 2296 501 2333 ei
525 2297 630 2344 quod
649 2298 870 2344 praemissis
890 2298 1112 2336 rationibus
1127 2302 1187 2336 est
1221 2302 1427 2337 ostensum
1461 2299 1703 2337 eontrarium

83 2342 191 2390 quod
220 2349 360 2380 omnes
381 2346 512 2388 partes
537 2344 711 2382 universi
732 2345 780 2382 ad
799 2345 1080 2391 perfectionem
1100 2346 1225 2383 totius
1244 2346 1490 2383 ordinentur.
1513 2346 1576 2383 Sic
1596 2347 1702 2383 enirn

83 2388 131 2426 ad
152 2389 435 2435 perfectionem
450 2390 574 2428 totius
592 2400 734 2429 omnes
753 2395 885 2438 partes
906 2393 1142 2430 ordinantur
1163 2393 1205 2430 in
1223 2396 1414 2440 quantum
1430 2402 1511 2430 una
1531 2393 1702 2431 deservit

83 2435 220 2481 alteri;
241 2435 400 2473 sicutin
420 2445 585 2483 corpore
605 2438 781 2476 humano
802 2443 962 2486 apparet
980 2439 1086 2488 quod
1105 2440 1242 2486 pulmo
1262 2440 1304 2476 in
1320 2439 1395 2476 hoc
1410 2443 1470 2476 est
1489 2439 1537 2477 de
1555 2441 1704 2486 perfec-

81 2483 193 2521 tione
223 2483 403 2529 corporis
423 2484 530 2531 quod
546 2483 719 2522 deservit
737 2486 861 2523 cordi.
884 2486 993 2523 Unde
1013 2495 1094 2523 non
1114 2490 1175 2523 est
1200 2487 1443 2524 contrarium
1470 2487 1701 2534 pulmonem

83 2538 174 2568 esse
192 2534 352 2577 propter
368 2537 439 2567 cor
472 2534 510 2568 et
524 2535 684 2577 propter
697 2535 823 2569 totum
838 2533 986 2570 animal
1002 2544 1012 2578 ;
1027 2537 1066 2570 et
1082 2533 1265 2570 similiter
1279 2541 1361 2570 non
1378 2537 1440 2570 est
1458 2535 1701 2572 contrarium

82 2576 183 2615 alias
198 2581 361 2615 naturas
375 2585 466 2614 esse
483 2582 643 2624 propter
655 2579 946 2617 intellectuales
960 2582 998 2616 et
1016 2583 1177 2626 propter
1194 2579 1476 2626 perfectionem
1493 2581 1670 2619 universi
1690 2594 1698 2619 :

82 2623 119 2662 si
138 2623 244 2662 enim
268 2623 455 2661 deessent
479 2633 526 2662 ea
545 2634 633 2672 quae
652 2626 818 2674 requirit
833 2625 1068 2664 substantiae
1093 2625 1375 2664 intellectualis
1394 2627 1599 2674 perfectio,
1620 2637 1701 2667 non

83 2674 191 2709 esset
209 2670 441 2709 universum
462 2672 716 2718 completum.

127 2717 317 2760 Similiter
344 2718 463 2756 etiam
495 2718 696 2765 praedictis
741 2728 826 2758 non
864 2720 997 2758 obviat
1029 2719 1135 2768 quod
1172 2720 1377 2758 individua
1418 2724 1512 2760 sunt
1544 2726 1705 2770 propter

81 2765 263 2810 proprias
282 2765 452 2812 species.
467 2766 542 2803 Per
561 2766 637 2803 hoc
655 2766 762 2804 enim
776 2767 882 2814 quod
897 2767 945 2804 ad
965 2776 1061 2805 suas
1081 2768 1237 2813 species
1257 2768 1503 2811 ordinantur,
1519 2770 1700 2808 ordinem

82 2810 231 2848 habent
255 2812 424 2850 ulterius
456 2812 504 2850 ad
539 2812 848 2851 intellectualem
868 2817 1064 2852 naturam.
1084 2815 1172 2852 Non
1203 2815 1309 2852 enim
1328 2815 1480 2862 aliquid
1507 2817 1702 2863 corrupti·

81 2856 224 2895 bilium
243 2858 450 2897 ordinatur
466 2859 516 2898 ad
535 2859 739 2898 hominem
750 2864 909 2907 propter
922 2870 1047 2899 unum
1066 2861 1315 2900 individuum
1332 2862 1509 2901 hominis
1530 2867 1699 2910 tantum,

83 2903 154 2943 sed
174 2908 333 2952 propter
359 2909 484 2945 totam
513 2907 729 2946 humanam
752 2908 941 2955 speciem.
961 2908 1046 2946 Toti
1076 2911 1209 2947 autem
1246 2909 1430 2948 humanae
1449 2910 1597 2958 speciei
1617 2918 1700 2949 non
