1894 3223
685 91 773 126 LlB.
803 91 848 134 Π,
877 91 976 127 CAP.
1005 89 1074 126 XC.
1631 89 1695 126 241

67 174 209 213 anima
227 173 418 217 humana,
440 172 475 209 si
495 175 604 209 esset
634 171 859 209 substantia
886 170 1181 208 intellectualis.
1204 172 1289 208 Non
1312 169 1434 217 igitur
1465 173 1571 208 esset
1591 169 1700 207 ‹liffe-

69 221 204 260 rentia
223 219 446 258 secundum
466 219 640 265 speciem
662 219 765 255 inter
784 218 883 255 illud
905 219 1053 256 animal
1073 222 1110 255 et
1135 218 1352 255 hominem.

117 268 310 306 Similiter
337 270 468 304 autem
494 276 624 314 neque
655 266 812 312 corpori
846 266 1034 311 simplici,
1057 269 1151 311 puta
1170 265 1250 302 aeri
1283 269 1350 301 aut
1381 274 1493 311 aquae
1522 269 1589 302 aut
1614 264 1696 310 igni

71 319 140 352 aut
159 318 285 358 terrai,
307 314 411 350 uniri
434 317 563 359 potest
583 312 806 351 substantia
837 313 1118 350 intellectualis
1151 316 1192 348 ut
1216 312 1354 349 forma.
1379 312 1696 359 Unumquodque

66 363 178 400 enim
207 362 351 399 horum
372 369 584 407 corporum
615 364 676 398 est
695 360 827 397 simile
848 360 889 396 in
910 364 992 397 toto
1012 364 1050 397 et
1072 360 1250 406 partibus
1268 371 1276 404 ;
1297 359 1475 406 ejusdem
1497 360 1602 396 enim
1626 368 1696 395 na-

68 413 168 447 turae
189 412 227 445 ct
243 408 391 454 speciei
412 412 471 445 est
493 417 583 454 pars
603 407 707 444 aeris
723 411 760 444 et
780 411 887 444 totus
911 417 1002 451 acr;
1026 407 1171 444 etenim
1188 407 1370 444 eumdem
1387 410 1539 444 motum
1556 406 1693 450 liabet3

68 460 109 494 et
127 455 313 494 similiter
331 455 378 492 de
407 455 512 493 aliis.
534 454 738 492 similibus
757 459 887 492 autem
906 454 1128 492 motoribus
1147 454 1302 491 similes
1327 454 1463 491 sormze
1485 454 1691 491 debentur.

69 503 111 541 Si
132 503 255 550 igitur
274 502 407 549 aliqua
424 511 516 548 pars
536 501 706 549 alicujus
727 502 922 539 dictorum
943 511 1154 548 corporum
1171 502 1222 538 sit
1237 501 1414 538 animata
1431 501 1565 553 anima
1584 500 1696 537 intel-

70 550 246 595 lectuali,
271 553 365 596 puta
385 549 503 593 aeris,
522 552 630 587 totus
660 559 727 586 aer
755 553 792 586 et
826 558 965 586 omnes
987 553 1118 595 partes
1139 549 1223 595 ejus
1245 548 1382 585 eadem
1405 553 1557 585 ratione
1581 550 1696 584 erunt

70 597 259 635 animata.
282 598 361 634 Hoc
389 600 519 634 autem
550 596 759 634 manifeste
780 601 940 642 apparet
960 606 1049 633 esse
1072 596 1218 633 falsum
1237 607 1245 639 ;
1269 604 1361 632 nam
1382 596 1494 644 nulla
1515 595 1693 641 operatio

71 645 160 681 vitae
181 648 340 689 apparet
365 643 404 679 in
438 644 615 689 partibus
645 644 748 681 aeris
782 645 841 679 vcl
863 644 1032 681 aliorum
1069 643 1315 689 simplicium
1357 651 1585 687 corporum.
1608 645 1694 679 Non

70 691 194 744 igitur
210 690 330 774 ᾶιίοὲιί
365 691 460 736 parti
494 692 597 728 aeris
630 692 689 727 vel
713 691 906 728 similium
928 699 1140 737 corporum
1162 689 1388 727 substantia
1407 689 1693 727 intellectualis

74 742 211 775 unitur
226 742 268 775 ut
304 747 428 775 orma.

118 785 263 826 Adhuc,
284 785 317 822 si
339 785 456 822 alicui
479 785 721 831 simplicium
743 794 954 830 corporum
974 784 1110 821 unitur
1128 784 1262 830 aliqua
1284 783 1698 821 substantiaintellcc-

71 833 193 870 tualis
212 835 254 869 ut
275 833 414 875 torma,
437 837 504 868 aut
526 833 685 870 habebit
707 833 953 868 intellectum
977 835 1126 868 tantum
1149 835 1217 867 aut
1239 831 1398 867 habebit
1421 832 1520 869 alias
1560 835 1699 877 poten·

71 880 165 924 tias,
191 883 324 925 utpote
345 889 432 926 quae
452 880 648 925 pertinent
669 879 716 916 ad
737 884 887 925 partem
910 879 1142 916 sensitivam
1164 881 1232 914 aut
1255 878 1496 923 nutritivam,
1515 878 1619 916 sicut
1640 880 1702 914 est

74 926 116 962 in
137 926 310 963 homine.
333 927 370 964 Si
391 930 522 963 autem
560 927 678 963 habet
710 926 956 962 intellectum
990 929 1156 969 tantum,
1181 926 1327 962 frustra
1359 926 1495 962 unitur
1526 924 1698 972 corpori.

73 974 214 1011 Omnis
234 973 340 1010 enim
380 973 508 1010 forma
528 974 707 1019 corporis
731 973 849 1010 habet
880 973 1054 1020 aliquam
1083 973 1283 1018 propriam
1322 973 1593 1018 operationem
1629 981 1701 1018 per

72 1030 235 1066 corpus.
271 1019 498 1058 Intellectus
536 1025 667 1057 autem
699 1029 780 1057 non
814 1020 931 1057 habet
961 1019 1135 1066 aliquam
1169 1019 1441 1065 operationem
1471 1021 1520 1057 ad
1553 1028 1700 1065 corpus

73 1068 353 1114 pertinentem,
375 1067 457 1104 nisi
479 1068 701 1104 secundum
724 1067 830 1113 quod
847 1071 976 1104 movet
995 1075 1167 1113 corpus3
1188 1066 1410 1114 intelligere
1443 1067 1548 1103 enim
1569 1068 1703 1113 ipsum

75 1123 158 1152 non
174 1117 234 1152 est
251 1114 429 1161 operatio
448 1123 535 1161 quae
555 1124 625 1160 per
644 1123 839 1161 organum
860 1114 1040 1160 corporis
1061 1116 1290 1151 exerceatur
1307 1125 1316 1157 3
1338 1114 1521 1150 eteadem
1533 1115 1700 1161 ratione,

75 1170 148 1199 nec
179 1160 295 1199 velle.
318 1161 610 1198 Elementorum
647 1162 764 1198 etiam
795 1165 927 1198 motus
963 1165 1056 1199 sunt
1091 1171 1114 1198 a
1148 1161 1400 1198 moventibus
1435 1162 1700 1206 naturalibus,

73 1208 275 1246 sciliceta
296 1209 595 1255 generantibus,
613 1212 650 1246 et
669 1218 751 1246 non
773 1213 933 1246 movent
963 1209 1119 1254 seipsa3
1156 1208 1261 1245 unde
1294 1217 1373 1245 non
1408 1212 1562 1254 oportet
1596 1209 1701 1256 quod

76 1259 236 1303 propter
253 1264 390 1293 eorum
411 1260 564 1294 motum
586 1256 668 1293 sint
687 1256 874 1293 animata.
897 1256 936 1293 Si
959 1260 1090 1293 autem
1111 1255 1230 1293 habet
1261 1255 1487 1292 substantia
1521 1256 1700 1294 intellec-

76 1303 210 1348 tualis,
232 1312 320 1349 quae
341 1304 502 1349 ponitur
521 1303 627 1340 uniri
654 1303 851 1341 elemento
885 1307 952 1340 aut
982 1303 1083 1349 parti
1117 1303 1217 1349 eJ'us,
1251 1303 1351 1340 alias
1385 1303 1527 1340 animae
1554 1307 1701 1349 partes,

76 1359 199 1396 quum
217 1353 349 1396 partes
370 1350 448 1387 illae
471 1351 552 1388 sint
571 1354 703 1397 partes
725 1351 950 1398 aliquorum
972 1359 1230 1397 organorum,
1253 1351 1451 1396 oportebit
1472 1351 1512 1386 in
1535 1360 1701 1396 corpore

78 1397 263 1448 elementi
290 1397 469 1434 invenire
499 1398 766 1435 diversitatem
799 1407 1070 1444 organorum3
1093 1398 1198 1444 quod
1231 1401 1426 1444 repugnat
1455 1398 1702 1443 simplicitati

78 1444 221 1490 ipsius.
245 1446 330 1481 Non
351 1444 473 1490 igitur
495 1445 720 1482 substantia
749 1445 1032 1482 intellectualis
1059 1448 1194 1482 »otest
1213 1445 1318 1481 uniri
1345 1448 1387 1481 ut
1421 1444 1550 1481 forma
1582 1445 1702 1482 alicui

76 1491 277 1528 elemento
298 1495 363 1528 aut
386 1491 485 1537 parti
507 1491 608 1537 ejus.

127 1538 311 1584 Amplius,
331 1541 480 1584 quanto
497 1539 657 1585 aliquod
679 1548 824 1584 corpus
844 1541 905 1575 est
924 1539 1188 1585 propinquius
1208 1539 1384 1576 materiae
1415 1539 1567 1585 primae,
1588 1541 1700 1577 tanto

77 1589 140 1622 est
158 1584 393 1632 ignobilius,
415 1589 546 1631 utpote
568 1586 759 1632 magis-in
781 1586 958 1632 potentia
977 1587 1153 1622 existens
1172 1588 1210 1622 et
1241 1586 1376 1623 minus
1396 1586 1438 1622 in
1476 1591 1564 1623 actu
1593 1596 1701 1624 com·

77 1632 197 1679 pleto.
219 1632 421 1684 sslementa
440 1635 572 1669 autem
593 1633 681 1678 ipsa
700 1637 794 1670 sunt
814 1632 1099 1679 propinquiora
1118 1633 1292 1670 materiae
1314 1634 1448 1679 primae
1475 1643 1592 1680 quam
1613 1642 1699 1671 cor-

78 1688 177 1726 pora
194 1683 329 1723 mixta,
351 1688 474 1726 quum
495 1683 533 1716 et
550 1680 638 1726 ipsa
656 1680 738 1717 sint
750 1680 963 1716 mixtorum
976 1689 1186 1726 corporum
1203 1681 1367 1717 materia
1384 1682 1579 1727 proxima.
1603 1682 1702 1718 Sunt

78 1726 201 1779 igitur
219 1726 506 1764 elementorum
529 1735 696 1772 corpora
714 1727 969 1773 ignobiliora,
989 1727 1209 1764 secundum
1224 1736 1336 1764 suam
1354 1728 1542 1774 speciem,
1560 1736 1702 1774 corpo·

75 1773 190 1811 ribus
207 1772 356 1810 mixtis.
378 1773 507 1817 Quum
527 1773 649 1820 igitur
666 1774 877 1811 nobilioris
896 1774 1076 1820 corporis
1109 1775 1162 1811 sit
1178 1774 1353 1811 nobilior
1371 1775 1512 1819 forma,
1550 1775 1701 1821 impos-

76 1819 195 1858 sibile
214 1824 275 1857 est
292 1820 399 1867 quod
419 1820 673 1858 nobilissima
690 1821 831 1866 forma,
851 1831 940 1868 quae
965 1824 1026 1858 est
1045 1822 1179 1858 anima
1205 1821 1462 1868 intellectiva,
1496 1822 1548 1859 sit
1583 1823 1695 1859 unita

77 1867 315 1913 corporibus
338 1867 639 1905 elementorum.

124 1915 226 1955 Item,
246 1914 280 1951 si
302 1923 470 1960 corpora
488 1915 775 1953 elementorum
795 1919 863 1952 aut
883 1915 1025 1962 aliquae
1046 1919 1177 1962 partes
1199 1924 1336 1953 eorum
1357 1920 1493 1953 essent
1522 1916 1700 1954 animata

77 1961 345 1999 nobilissimis
381 1962 605 2008 animabus,
640 1972 726 2010 quae
758 1966 853 2000 sunt
881 1963 1024 2000 animae
1059 1963 1324 2007 intellectivae‚
1357 1966 1556 2010 oporteret
1588 1964 1698 2011 quod

80 2011 228 2055 quanto
249 2008 382 2054 aliqua
402 2018 569 2055 corpora
589 2013 723 2047 essent
750 2010 945 2046 viciniora
982 2010 1203 2054 elementis,
1240 2014 1377 2047 essent
1414 2011 1703 2058 propinquiora

80 2055 129 2092 ad
148 2055 281 2093 vitam.
303 2057 384 2092 Hoc
405 2060 535 2093 autem
555 2066 636 2094 non
662 2062 835 2103 apparet,
858 2057 929 2094 sed
960 2057 1090 2103 magis
1123 2058 1395 2103 contrarium;
1427 2067 1520 2095 nam
1554 2059 1700 2104 plantae

78 2102 214 2141 minus
234 2102 382 2140 habent
400 2103 447 2140 de
462 2104 550 2144 'vita
570 2113 688 2151 quam
724 2104 926 2149 animalia,
961 2114 1083 2151 quum
1114 2108 1247 2141 tamen
1280 2105 1361 2142 sint
1392 2106 1702 2152 propinquiores

76 2153 192 2186 terrae
212 2161 220 2195 ;
239 2153 277 2187 et
297 2149 517 2194 mineralia,
538 2161 626 2198 quae
646 2155 740 2188 sunt
757 2151 886 2188 adhuc
905 2152 1205 2198 propinquiora,
1229 2151 1330 2189 nihil
1350 2152 1496 2190 habent
1526 2154 1572 2189 (le
1606 2154 1699 2190 vita.

75 2198 166 2280 Npifi
185 2196 308 2243 igitur
325 2197 550 2236 substantia
566 2199 848 2236 intellectualis
869 2199 1005 2235 unitur
1024 2199 1143 2236 alicui
1161 2199 1358 2236 elemento
1384 2200 1445 2236 vel
1475 2201 1576 2246 parti
1613 2200 1700 2247 ejus

79 2252 105 2280 u
161 2253 285 2280 orma.

126 2290 272 2342 Adhuc,
299 2291 480 2329 omnium
498 2292 745 2330 moventium
764 2293 1083 2339 corruptibilium
1101 2294 1181 2330 vita
1210 2303 1280 2339 per
1299 2293 1574 2330 excellentiam
1610 2300 1704 2331 con-

76 2339 294 2389 trarietatis
312 2339 604 2384 corrumpitur3
625 2349 719 2376 nam
738 2340 928 2377 animalia
946 2344 985 2377 et
1017 2340 1159 2386 plantae
1179 2339 1471 2377 mortificantur
1504 2341 1551 2377 ab
1576 2341 1703 2377 excel-

79 2383 177 2421 lenti
196 2383 326 2420 calido
342 2388 381 2421 et
400 2385 560 2436 frigido,
580 2386 745 2424 humido
766 2390 834 2423 aut
851 2387 975 2424 sicco.
996 2389 1040 2423 ln
1061 2388 1297 2433 corporibus
1331 2391 1463 2423 autem
1485 2388 1703 2424 elemento-

80 2434 294 2483 rum-sunt
327 2440 526 2483 praecipue
559 2433 802 2470 excellentiae
832 2434 973 2470 harum
1004 2434 1341 2470 contrarietatum.
1367 2435 1454 2470 Non
1486 2434 1610 2481 igitur
1644 2438 1703 2472 est

78 2477 273 2530 possibile
295 2478 469 2530 quod-ln
489 2479 548 2515 eis
574 2479 628 2516 sit
653 2479 761 2523 vita;
798 2480 1051 2526 impossibile
1089 2484 1150 2518 est
1180 2480 1303 2527 igitur
1339 2481 1445 2527 quod
1475 2481 1703 2519 substantia

79 2525 324 2562 intellectiva
344 2528 505 2562 uniatur
524 2525 584 2563 eis
604 2528 646 2562 ut
666 2526 807 2563 forma.

106 2573 310 2625 ‘Amplius
335 2573 545 2618 elementa,
566 2572 641 2610 etsi
669 2573 891 2611 secundum
920 2577 1048 2611 totum
1085 2573 1167 2611 sint
1197 2573 1531 2622 incorruptibilia,
1569 2581 1703 2614 tamen

75 2619 251 2666 singulae
288 2623 419 2665 partes
455 2623 551 2657 sunt
578 2620 871 2665 corruptibiles,
905 2623 1040 2666 utpote
1078 2621 1397 2659 contrarietatem
1433 2623 1641 2662 habentes.
1663 2623 1704 2661 Si

79 2665 203 2712 igitur
221 2666 366 2713 aliquae
387 2671 520 2713 partes
540 2667 827 2704 elementorum
849 2667 1020 2704 habeant
1039 2667 1115 2705 sihi
1140 2669 1272 2706 unitas
1289 2669 1513 2708 subtantias
1534 2680 1704 2718 cognos-

79 2716 231 2758 centes,
252 2714 423 2751 maxime
433 2714 586 2752 videtur
599 2714 704 2761 quod
715 2715 944 2761 assignetur
960 2715 1019 2752 eis
1034 2715 1094 2752 vis
1112 2715 1322 2754 discretiva
1336 2720 1675 2764 corrumpentium
1691 2729 1700 2762 ;

79 2768 170 2811 quae
181 2760 341 2806 quidem
362 2765 423 2799 est
441 2770 587 2799 sensus
607 2764 750 2806 tactus,
773 2762 840 2808 qui
860 2765 922 2798 est
939 2761 1175 2800 discretivus
1193 2763 1309 2800 calidi
1333 2767 1371 2801 et
1389 2763 1522 2812 frigidi
1538 2769 1575 2803 et
1596 2765 1705 2803 simi-

81 2804 181 2858 lium
201 2808 540 2861 contrarietatum,
562 2812 722 2860 propte-r
741 2808 849 2855 quod
868 2808 1001 2861 etiam,
1022 2810 1139 2856 quasi
1161 2811 1414 2848 necessarius
1430 2813 1476 2849 ad
1493 2821 1704 2859 praeserva-

79 2855 230 2890 tionem
252 2864 276 2891 a
300 2860 568 2902 corruptione,
599 2855 787 2894 omnibus
812 2856 1053 2894 animalibus
1083 2857 1202 2895 inest.
1233 2858 1344 2896 Hunc
1373 2863 1504 2897 autem
1537 2868 1702 2897 sensum

1542 2937 1579 2964 46
