1894 3223
210 147 255 184 88
795 145 882 180 LIB.
910 145 939 188 I,
968 144 1067 180 CAP.
1097 144 1255 179 Lxxxn.

819 323 987 364 CAPUT
1023 324 1215 364 LXXXII.

461 441 652 471 RATIONES
679 441 831 471 CONTRA
853 443 1072 480 PRAEMISSA,
1097 441 1148 472 ΕΤ
1170 443 1306 472 EARUM
1332 442 1580 472 SOLUTIONES.

256 551 446 588 Videntur
481 553 614 633 talmen
650 549 763 597 sequi
801 548 1145 594 inconvenientia,
1178 550 1212 587 si
1236 551 1340 587 Deus
1364 559 1411 587 ea
1440 559 1527 598 quae
1561 549 1645 587 vult
1673 558 1754 588 non
1783 560 1831 588 ex

210 598 448 637 necessitate
466 607 512 634 ve
532 597 573 633 it.

259 645 297 682 Si
319 645 421 682 enim
446 644 513 681 Dei
534 644 733 688 voluntas,
755 646 937 689 respectu
956 642 1181 689 aliquorum
1201 643 1428 684 volitorum,
1445 652 1525 681 non
1547 643 1830 681 determinetur

211 695 402 739 quantum
424 691 472 728 ad
503 691 585 735 illa,
606 691 760 727 videtur
792 700 834 728 se
864 690 911 727 ad
944 690 1176 727 utrumlibet
1207 689 1365 727 habere.
1388 691 1526 728 Omnis
1553 694 1684 727 autem
1705 691 1830 729 virtus

211 749 299 786 quae
321 744 379 776 est
408 739 457 775 ad
478 738 707 775 utrumlibet
740 742 800 774 est
826 737 1120 784 quodammodo
1140 736 1182 773 in
1203 737 1406 782 potentia;
1427 746 1519 774 nam
1551 737 1600 773 acl
1622 738 1833 774 utrumlibet

211 785 366 832 species
396 789 456 822 est
486 785 693 830 possibilis
726 784 1009 831 contingentis.
1034 784 1112 820 Erit
1145 793 1239 830 ergo
1274 784 1342 820 Dei
1361 784 1547 821 voluntas
1567 785 1608 820 in
1627 785 1829 830 potentia;

211 841 292 870 non
315 833 437 879 igitur
455 833 528 869 erit
545 832 613 868 Dei
635 832 871 876 substantia,
888 831 927 867 in
950 840 1027 878 qua
1048 831 1159 868 nulla
1179 834 1240 868 est
1255 831 1447 877 potentia,
1463 835 1639 878 utsupra
1654 830 1754 878 (cap.
1772 831 1830 879 16)

211 883 418 917 ostensum
437 882 510 917 est.
917 884 928 899 ·

258 927 401 967 Adhuc,
424 926 457 963 si
492 935 563 963 ens
599 926 640 963 in
673 925 864 972 potentia,
887 925 926 961 in
949 928 1137 972 quantum
1161 924 1405 970 huiusmodi,
1428 928 1563 962 natum
1587 928 1648 963 est
1665 925 1828 970 moveri,

212 974 303 1019 quia
326 973 432 1020 quod
452 976 583 1019 potest
605 982 708 1018 esse,
729 976 859 1019 potest
881 981 962 1009 non
982 981 1086 1017 esse,
1109 973 1288 1019 sequitur
1308 971 1475 1010 ulterius
1497 972 1670 1009 divinam
1690 972 1829 1009 volun-

210 1024 329 1057 tatem
352 1029 440 1057 esse
459 1020 702 1057 variabilem.

258 1069 450 1106 Praeterea,
474 1067 507 1104 si
530 1067 708 1104 naturale
733 1070 792 1103 est
812 1067 890 1102 Deo
912 1065 1062 1113 aliquid
1094 1066 1199 1103 circa
1229 1069 1391 1103 causata
1421 1075 1494 1104 sua
1510 1066 1623 1110 velle,
1645 1074 1829 1103 necessa-

212 1114 313 1151 rium
340 1118 411 1151 est.
433 1115 661 1151 Innaturale
683 1118 812 1150 autem
847 1113 946 1149 nihil
978 1114 1019 1149 in
1053 1121 1098 1150 eo
1133 1121 1221 1150 esse
1252 1117 1408 1159 potest3
1429 1122 1510 1151 non
1543 1114 1649 1150 enim
1678 1113 1719 1149 in
1741 1113 1828 1159 ipso

212 1164 343 1208 potest
364 1170 451 1198 esse
471 1161 619 1208 aliquid
641 1171 710 1208 per
730 1159 931 1205 accidens,
953 1169 1080 1207 neque
1101 1160 1332 1206 violentum,
1349 1164 1391 1197 ut
1408 1169 1528 1207 supra
1548 1160 1647 1207 (cap.
1664 1162 1706 1197 19
1720 1164 1758 1197 et
1769 1160 1828 1206 23)

213 1212 418 1246 ostensum
440 1211 512 1244 est.

260 1256 360 1295 item,
383 1255 417 1292 si
438 1254 542 1301 quod
563 1258 623 1291 est
647 1254 694 1291 ad
723 1253 965 1297 utrumlibet,
988 1253 1258 1291 indifferenter
1282 1263 1324 1291 se
1351 1254 1517 1299 habens,
1539 1263 1620 1291 non
1640 1254 1770 1301 magis
1787 1253 1831 1291 in

211 1310 336 1339 unum
358 1311 474 1348 quam
498 1302 536 1337 in
555 1302 662 1338 aliud
684 1301 821 1344 tendit,
846 1301 923 1338 nisi
947 1300 994 1337 ab
1016 1301 1094 1337 alio
1113 1302 1408 1345 determinetur,
1425 1305 1579 1347 oportet
1599 1301 1703 1347 quod
1725 1303 1830 1339 Deus

211 1349 273 1385 vel
293 1348 392 1385 nihil
414 1358 550 1386 eorum
571 1349 666 1385 velit
697 1348 742 1384 ad
775 1357 861 1394 quae
898 1347 945 1384 ad
979 1349 1209 1385 utrumlibet
1234 1358 1276 1385 se
1303 1347 1432 1392 hahet,
1455 1348 1568 1394 cujtis
1588 1349 1829 1385 contrarium

213 1404 336 1442 supra
356 1395 454 1442 (cap.
472 1396 529 1441 81)
551 1399 756 1432 ostensum
780 1399 838 1431 est
859 1407 866 1438 3
886 1395 946 1430 vel
969 1395 1072 1440 quod
1094 1395 1142 1431 ab
1163 1396 1242 1432 alio
1264 1395 1547 1432 determinetur
1566 1395 1615 1432 ad
1636 1404 1774 1441 unum,
1793 1398 1830 1432 et

214 1442 273 1480 sic
292 1443 365 1479 erit
387 1442 536 1489 aliquid
559 1452 605 1479 eo
626 1442 736 1488 prius
755 1442 859 1487 quod
881 1442 1010 1487 ipsum
1032 1441 1265 1479 determinet
1287 1442 1335 1480 ad
1364 1451 1500 1479 unum.

261 1490 408 1526 Horum
430 1493 558 1526 autem
581 1490 735 1525 nullum
757 1498 921 1525 neeesse
943 1492 1003 1525 est
1022 1488 1149 1534 sequi.

260 1536 316 1573 Ad
339 1536 568 1573 utrumlibet
587 1536 691 1572 enim
715 1544 804 1572 esse
825 1535 944 1572 alicui
965 1535 1098 1572 virtuti
1119 1538 1250 1581 potest
1269 1535 1475 1573 convenire
1495 1535 1728 1582 dupliciter:
1749 1544 1830 1574 uno

211 1583 346 1627 modo,
382 1593 429 1620 ex
460 1586 568 1630 parte
601 1583 663 1620 sui
681 1594 690 1628 ;
721 1583 799 1619 alio
827 1583 959 1627 modo,
980 1592 1026 1618 ex
1045 1587 1154 1628 parte
1174 1582 1260 1629 ejus
1281 1583 1328 1619 ad
1349 1583 1453 1629 quod
1474 1582 1630 1620 dicitur.
1653 1585 1705 1619 Ex
1722 1586 1830 1629 parte

213 1630 371 1677 quidem
394 1630 471 1674 sui,
485 1630 644 1677 quando
659 1630 836 1667 nondum
858 1633 1073 1666 consecuta
1092 1633 1151 1666 est
1173 1638 1287 1666 suam
1307 1630 1603 1676 perfectionem,
1623 1639 1692 1676 per
1711 1639 1829 1677 quam

213 1677 261 1714 ad
284 1686 406 1714 unum
431 1677 738 1721 determinetur3
770 1677 873 1713 unde
909 1677 983 1713 hoc
1011 1677 1052 1713 in
1084 1676 1422 1722 imperfectionem
1443 1677 1599 1714 virtutis
1621 1677 1828 1722 redundat,

212 1728 251 1760 et
280 1724 502 1761 ostenditur
534 1733 623 1761 esse
652 1724 920 1769 potentialitas
942 1724 980 1759 in
1003 1724 1102 1769 ipsa,
1123 1725 1226 1761 sicut
1244 1726 1348 1769 patet
1366 1723 1409 1760 in
1427 1723 1629 1761 intellectu
1648 1724 1830 1761 dubitan-

211 1770 278 1815 tis,
301 1771 367 1817 qui
390 1771 565 1807 nondum
587 1774 796 1808 assecutus
817 1775 875 1807 est
895 1771 1089 1816 principia
1110 1780 1156 1806 ex
1173 1770 1318 1817 quihus
1339 1771 1387 1807 ad
1407 1771 1572 1808 alterum
1595 1771 1830 1808 determine-

211 1819 288 1854 tur.
325 1820 376 1853 Ex
408 1822 515 1863 parte
546 1822 676 1854 autem
713 1817 797 1863 ejus
830 1817 875 1854 ad
910 1817 1015 1863 quod
1049 1817 1205 1861 dicitur,
1228 1817 1427 1854 invenitur
1459 1818 1592 1864 aliqua
1627 1818 1751 1855 virtus
1781 1818 1830 1855 ad

211 1864 444 1901 utrumlibet
464 1873 566 1908 esse,
583 1864 741 1911 quando
762 1865 935 1909 perfecta
956 1864 1132 1909 operatio
1152 1864 1309 1901 virtutis
1328 1874 1351 1901 a
1371 1868 1512 1901 neutro
1532 1865 1740 1910 dependet,
1759 1865 1830 1902 sed

211 1913 344 1948 tamen
376 1915 585 1958 utrumque
619 1920 707 1948 esse
739 1915 880 1957 potest.
906 1911 1014 1948 Sicut
1044 1920 1108 1948 ars
1143 1920 1231 1957 quae
1267 1911 1435 1948 diversis
1467 1911 1745 1949 instrumentis
1772 1912 1828 1949 uti

211 1961 342 2004 potest
364 1958 411 1994 ad
430 1958 534 1995 idem
556 1967 655 2004 opus
676 1958 879 2005 aequaliter
899 1958 1195 2004 perficiendum.
1216 1959 1296 1995 Hoc
1323 1961 1454 1995 autem
1483 1958 1530 1995 ad
1564 1959 1829 2004 imperfectio·

212 2013 303 2041 nem
325 2005 481 2042 virtutis
504 2014 581 2042 non
609 2006 790 2051 pertinet,
813 2006 880 2042 sed
916 2006 1043 2052 magis
1072 2006 1120 2042 ad
1152 2005 1238 2052 ers
1270 2005 1540 2049 eminentiam,
1561 2006 1601 2041 in
1636 2009 1829 2052 quantum

213 2052 442 2089 utrumlibet
471 2053 743 2098 oppositorum
769 2053 933 2096 excedit,
956 2057 994 2088 et
1018 2052 1067 2089 ob
1095 2053 1170 2089 hoc
1191 2052 1473 2089 determinatur
1492 2053 1540 2089 ad
1568 2057 1830 2096 neutrum‚'se

214 2098 263 2136 ad
281 2099 509 2144 utrumlibet
530 2100 693 2137 habens.
715 2099 776 2136 Sic
798 2104 927 2136 autem
949 2103 1009 2137 est
1024 2099 1065 2136 in
1087 2099 1220 2136 divina
1239 2100 1439 2137 voluntate
1459 2103 1641 2146 respectu
1662 2099 1830 2137 aliarum

212 2154 235 2182 a
254 2154 309 2182 se.
335 2148 430 2182 Nam
449 2145 541 2183 finis
566 2146 651 2193 ejtis
672 2156 695 2183 a
714 2146 825 2184 nullo
847 2147 1015 2183 aliorum
1037 2147 1244 2192 dependet,
1268 2156 1356 2183 cum
1378 2150 1508 2183 tamen
1536 2146 1624 2192 ipsa
1652 2146 1721 2183 fini
1755 2155 1829 2184 suo

210 2193 499 2239 perfectissime
531 2194 581 2230 sit
618 2194 741 2231 unita.
775 2195 861 2230 Non
890 2194 1013 2240 igitur
1041 2197 1194 2240 oportet
1222 2193 1550 2240 potentialitatem
1582 2193 1755 2240 aliquam
1787 2194 1829 2230 in

211 2239 344 2277 divina
363 2241 563 2277 voluntate
587 2241 695 2286 poni.

259 2286 448 2323 Similiter
467 2291 597 2324 autem
630 2297 703 2324 nec
728 2287 1044 2324 mutabilitatem.
1068 2287 1106 2324 Si
1135 2287 1239 2324 enim
1272 2287 1314 2324 in
1343 2286 1474 2324 divina
1495 2286 1696 2324 voluntate
1718 2287 1829 2325 nulla

211 2336 272 2371 est
291 2334 573 2379 potentialitas‚
602 2343 682 2371 uon
713 2334 770 2371 sic
802 2335 950 2381 absque
985 2334 1221 2371 necessitate
1241 2334 1408 2371 alterum
1430 2334 1705 2380 oppositorum
1731 2343 1830 2380 prae·

210 2380 354 2426 accipit
386 2381 490 2418 circa
521 2391 594 2418 sua
623 2385 799 2425 causata,
821 2382 935 2428 quasi
965 2381 1238 2418 consideretur
1257 2383 1296 2417 in
1319 2382 1496 2427 potentia
1521 2381 1570 2418 ad
1602 2384 1828 2428 utrumque,

209 2431 253 2465 ut
272 2428 400 2473 primo
425 2429 477 2465 sit
494 2428 633 2466 volens
662 2429 838 2474 potentia
859 2433 1082 2475 utrumque,
1115 2432 1151 2464 et
1182 2428 1436 2474 postmodum
1456 2428 1596 2466 volens
1623 2431 1712 2465 actu
1745 2428 1829 2473 (sed

211 2483 369 2521 semper
394 2479 454 2512 est
483 2476 622 2512 volens
650 2479 752 2520 actu,
775 2476 962 2522 quicquid
982 2475 1078 2520 vult,
1114 2484 1193 2512 non
1224 2476 1353 2513 solum
1384 2476 1490 2513 cirea
1521 2484 1578 2520 se,
1612 2475 1680 2512 sed
1711 2475 1828 2512 etiam

210 2521 315 2559 circa
331 2523 530 2568 causata);
549 2523 618 2559 sed
639 2523 732 2570 quia
750 2523 912 2560 volitum
936 2532 1014 2560 non
1038 2521 1155 2559 habet
1176 2522 1447 2560 necessarium
1468 2522 1646 2560 ordinem
1664 2521 1711 2558 ad
1734 2521 1830 2558 divi-

209 2576 301 2604 nam
321 2568 550 2614 bonitatem,
567 2578 654 2616 quae
669 2574 729 2607 est
746 2571 948 2616 proprium
965 2569 1161 2616 objectum
1178 2570 1320 2607 divinae
1335 2569 1564 2613 voluntatis,
1582 2577 1652 2614 per
1665 2567 1827 2605 modum

210 2624 289 2660 quo
311 2624 391 2651 non
414 2617 654 2661 necessarIa,
677 2617 746 2654 sed
775 2618 983 2663 possibilia
1005 2617 1265 2654 enuntiabilia
1283 2617 1465 2658 dicimus,
1488 2615 1646 2662 quando
1666 2623 1744 2651 non
1768 2618 1829 2652 est

209 2662 462 2699 necessarius
480 2663 577 2700 ordo
598 2664 797 2710 praedicati
818 2665 866 2701 ab
889 2665 1124 2711 subjectum.
1148 2664 1254 2701 Unde
1275 2673 1364 2701 curn
1386 2663 1554 2700 dicitur:
1581 2675 1600 2695 «
1621 2663 1725 2714 Deus
1743 2661 1829 2699 vult

209 2707 285 2745 hoc
319 2712 523 2746 causatum
546 2724 580 2754 »,
613 2711 867 2748 manifestum
902 2715 962 2748 est
991 2720 1079 2748 esse
1097 2711 1340 2748 enuntiabile
1360 2718 1440 2747 non
1461 2717 1732 2746 necessarium
1756 2708 1826 2746 sed

209 2755 415 2801 possibile,
432 2756 500 2792 illo
520 2757 639 2793 modo
661 2767 738 2803 quo
760 2759 902 2795 dicitur
921 2759 1069 2805 aliquid
1090 2758 1296 2804 possibile,
1316 2765 1395 2793 non
1411 2756 1628 2793 secundum
1652 2756 1826 2802 aliquam

209 2802 441 2847 potentiam,
456 2803 523 2839 sed
537 2804 641 2849 quod
659 2813 738 2840 non
754 2814 917 2841 necesse
936 2810 1110 2850 estesse,
1132 2814 1204 2842 nee
1224 2803 1471 2849 impossihile
1489 2807 1665 2845 estesse,
1683 2808 1724 2839 ut
1742 2803 1828 2839 Phi-

209 2849 404 2895 losophus
424 2850 593 2886 traditin
614 2851 752 2897 quinto
767 2853 925 2897 astraph.
945 2854 1049 2898 (text.
1067 2861 1208 2889 comm.
1229 2850 1305 2896 17);
1323 2850 1425 2887 sieut
1451 2863 1470 2883 α
1489 2850 1731 2896 triangulum
1756 2850 1826 2887 lia-

208 2895 300 2933 bere
322 2897 400 2933 duo
422 2896 544 2933 latera
565 2897 733 2944 aequalia
755 2910 774 2930 »
794 2902 854 2935 cst
874 2899 1116 2936 enuntiabile
1134 2898 1338 2944 possibile,
1355 2906 1435 2934 non
1456 2900 1586 2934 tamen
1604 2896 1825 2934 sec-undum
