1894 3223
0 0 153 63 FF&
183 3 185 5 ’

10 88 12 92 ’
669 109 754 144 [AB.
782 109 841 152 tv,
870 108 970 145 ext).
999 109 1143 145 xxxw.
1649 113 1712 146 55¹

94 194 192 230 sicut
210 192 299 229 dicit
319 194 491 228 nummus
512 202 523 226 ι
546 192 716 235 quonium
736 190 948 226 ittltttbitttbo
968 192 1004 226 iu
1027 191 1100 226 iltis
1122 190 1173 236 (II
1187 190 1281 230 Cor„
1303 199 1355 230 Vi,
1373 190 1453 230 iffi:
1477 199 1564 237 quae
1585 194 1717 228 tumen

100 238 332 278 inhabitatio
366 238 588 274 incarnatio
627 237 703 273 dici
736 246 817 274 non
852 241 1004 284 potest;
1043 237 1219 284 alioquin
1258 238 1482 284 frequentur
1517 237 1565 274 ab
1606 238 1717 275 initio

100 286 239 325 mundi
258 287 362 323 Deus
383 284 613 321 incarnatus
634 284 788 321 suisset.

148 335 226 371 Nec
245 333 361 370 etiam
383 331 430 367 acl
463 331 748 368 incarnationis
766 331 957 368 rationem
981 331 1129 369 sufficit
1160 332 1194 368 si
1219 331 1384 367 Vei-hum
1419 332 1484 368 Dei
1520 336 1587 368 aut
1614 333 1753 378 Deus4⁸

102 379 268 427 pleniori
290 379 414 426 gratia
431 378 618 415 habitavit
636 378 675 414 in
698 378 765 415 illo
787 378 960 418 homine,
984 379 1075 430 quia
1096 379 1222 423 magis
1239 382 1275 415 et
1291 379 1423 415 minus
1446 380 1615 424 speciem
1639 388 1719 417 non

99 425 363 464 diversificant
388 426 561 462 unionis.
582 428 708 469 Quum
733 426 851 471 igitur
870 426 1083 462 rhristiaua
1103 426 1244 469 religio
1262 426 1301 461 in
1337 425 1409 461 title
1433 426 1718 467 iucarnationis

101 474 299 516 fundetur,
320 473 519 510 evidenter
541 472 823 519 :tpparotquod
854 473 1039 517 praedicta
1068 474 1214 517 positio
1252 473 1552 510 fundamentum
1590 473 1715 510 chris-

99 521 218 558 tianae
239 520 570 568 religionistoltit.
1301 524 1303 526 ·

146 569 334 610 Prata-ea,
355 577 400 603 ex
420 568 506 613 ipso
539 567 658 603 modo
692 565 879 613 loquendi
912 567 1195 611 scripturarum
1226 566 1378 603 salsitas
1405 567 1597 612 praedict-„e
1618 569 1720 614 posi-

98 615 219 652 tionis
255 618 427 661 apparot.
470 613 793 651 inhabitationem
829 613 934 650 enim
973 613 1083 662 Verbi
1130 613 1195 650 Dei
1232 614 1270 649 in
1310 614 1456 650 sanetis
1487 615 1718 653 hominibus

97 663 306 700 consuevit
335 671 446 699 sacru
483 662 683 706 Scriptura
702 660 765 698 his
795 660 924 698 modis
946 661 1168 707 signithum
1191 672 1199 697 :
1221 662 1374 696 Locutus
1403 665 1453 696 esc
1478 663 1651 698 Dominus
1672 662 1720 699 ad

97 710 258 754 Moysen,
279 709 339 746 vel
362 721 371 745 t
393 710 489 745 Dicit
509 710 680 744 Dominus
701 708 749 743 ad
768 709 912 752 Moysen
932 719 942 742 :
969 709 1116 744 Factum
1146 711 1197 743 cst
1214 708 1360 743 verbum
1379 709 1525 744 Domini
1553 709 1602 744 ad
1627 710 1720 745 ,Τενθ-

98 758 222 798 miam,
245 759 313 793 aut
333 756 380 793 ad
399 756 567 801 aliquem
590 755 758 792 aliorum
787 755 1063 800 prophetarum
1085 767 1092 791 :
1115 757 1262 790 Factum
1282 758 1333 790 est
1352 756 1498 791 verbum
1516 758 1661 792 Domini
1680 758 1719 792 in

98 814 212 839 manu
244 804 374 848 Aqqaet
407 803 601 848 prophetae.
641 804 849 848 Nunquam
877 805 1006 838 autum
1043 802 1184 847 legitur
1215 802 1320 848 quod
1358 802 1525 840 Verbum
1563 803 1719 840 Domini

100 851 247 888 sactum
267 850 318 888 sit
339 850 399 887 vel
417 851 571 896 moises
592 850 651 886 vel
672 849 860 886 ‹lert-mins
893 849 949 885 vel
973 848 1115 895 aliquis
1139 849 1321 885 aliorum.
1346 851 1423 886 lloo
1445 853 1573 886 autom
1598 850 1715 888 modo

100 897 353 945 singulariter
373 897 562 934 unionem
584 896 649 933 Dei
672 896 784 932 Veibi
812 896 860 933 att
887 905 1046 933 carnem
1080 896 1222 933 Christi
1254 896 1434 943 designat
1461 898 1716 942 evangelista,

105 944 236 982 dicens
259 956 267 981 :
286 947 333 981 Ec
355 945 509 981 Verbum
535 954 616 979 caro
637 946 773 986 factum
794 946 843 979 est
865 942 1023 988 (Jocmu.‚
1046 953 1072 985 1,
1100 943 1167 987 tt),
1192 946 1232 980 ut
1262 953 1382 989 supra
1402 944 1621 989 expositum
1644 948 1715 981 est.

97 991 348 1028 Manifestum
370 996 429 1027 est
449 991 567 1037 igitur
584 991 688 1037 quod
705 1000 783 1027 non
805 990 936 1027 solutu
958 1000 1024 1036 pur
1039 990 1199 1027 modum
1225 990 1524 1028 inhabitationis
1545 991 1713 1028 Verbum

102 1038 168 1076 Dei
190 1039 230 1075 in
249 1038 410 1076 bomine
430 1039 583 1075 Christo
607 1039 687 1081 tuit,
717 1038 934 1074 secundum
957 1038 1189 1074 traditiones
1214 1038 1434 1082 Scripturce.

146 1087 246 1126 Item,
280 1094 396 1122 omne
425 1085 526 1131 quod
573 1086 715 1121 laetum
737 1087 796 1120 est
833 1083 978 1130 aliquid
1007 1088 1067 1120 est
1086 1085 1182 1121 illud
1209 1086 1314 1131 quoti
1337 1086 1479 1121 lactum
1503 1090 1574 1125 ost,
1615 1086 1719 1122 sicut

98 1132 206 1179 quod
237 1132 383 1169 sactum
410 1136 470 1168 est
503 1132 620 1168 honio
642 1134 701 1168 est
732 1131 864 1176 homo,
886 1135 924 1167 et
955 1131 1059 1178 quod
1093 1132 1236 1168 sactum
1258 1134 1318 1168 est
1337 1132 1468 1168 album
1493 1136 1551 1169 est
1571 1132 1717 1168 album.

96 1178 173 1216 Sed
191 1178 359 1216 Verbum
379 1178 446 1215 Dei
467 1179 611 1214 sactum
633 1182 693 1214 est
730 1178 863 1222 homo,
885 1181 928 1214 ut
960 1188 1006 1214 ex
1039 1178 1255 1223 praemissis
1287 1177 1466 1215 habetur.
1493 1179 1612 1225 igitur
1629 1181 1718 1215 Ver—

98 1225 192 1264 bum
214 1225 282 1262 Dei
301 1229 361 1262 est
390 1226 524 1262 homo.
566 1225 814 1270 impossibiie
836 1227 896 1262 est
924 1229 1054 1261 autom
1079 1229 1117 1261 ut
1150 1225 1317 1262 duorum
1348 1225 1612 1262 differentium
1633 1235 1719 1271 per-

99 1281 201 1310 sona
217 1277 285 1310 aut
303 1271 509 1319 hypostasi
526 1272 583 1307 vol
608 1273 811 1318 supposito
837 1281 957 1308 unum
980 1271 1026 1308 de
1043 1272 1165 1309 altero
1187 1273 1443 1319 praedioetur3
1466 1282 1585 1319 quum
1613 1274 1718 1310 enim

99 1319 242 1358 dicitur
263 1331 271 1357 :
291 1321 401 1356 Homo
431 1323 483 1356 est
511 1321 661 1363 animal,
691 1320 862 1365 idipsum
885 1319 989 1365 quod
1013 1319 1159 1356 animal
1190 1324 1262 1364 est,
1284 1319 1404 1356 honio
1427 1325 1511 1363 est;
1534 1325 1569 1356 et
1597 1329 1718 1366 quim]

100 1367 244 1404 dicitur
266 1379 274 1403 :
295 1369 404 1402 Homo
427 1370 477 1402 est
497 1367 612 1407 albus,
642 1368 725 1412 ipse
758 1368 874 1403 homo
908 1367 1021 1403 albus
1053 1376 1140 1403 esse
1168 1367 1361 1412 signatur,
1393 1368 1483 1404 licet
1505 1367 1645 1403 albedo
1669 1368 1719 1404 sit

99 1417 208 1451 extra
226 1414 418 1451 rationem
442 1414 724 1457 humanitatis;
745 1418 781 1449 et
810 1414 897 1449 itluo
932 1414 1040 1450 nullo
1061 1414 1178 1450 modo
1201 1414 1277 1450 dici
1306 1417 1436 1460 potest
1455 1414 1559 1460 quod
1581 1415 1717 1451 Socra-

99 1464 160 1497 tes
180 1461 232 1498 sit
251 1461 360 1498 Plato
379 1460 439 1497 vel
462 1460 619 1506 aliquod
642 1461 746 1497 aliud
781 1460 1043 1507 singularium
1076 1461 1253 1505 ejusdem
1273 1462 1333 1497 vet
1362 1462 1523 1498 alterius
1556 1462 1739 1507 speciei.⁴

100 1508 137 1545 Si
161 1507 279 1556 igitur
300 1507 468 1545 Verbum
496 1517 586 1544 curo
620 1509 765 1544 tactum
787 1512 859 1552 est,
879 1507 914 1543 id
939 1511 999 1543 est
1024 1507 1158 1552 homo,
1193 1511 1233 1544 ut
1264 1509 1506 1552 evangelista
1538 1512 1716 1551 testatur,

100 1554 344 1601 impossibile
375 1555 558 1602 estquod
588 1554 699 1591 Verbi
721 1555 786 1591 Dei
808 1559 845 1590 et
880 1554 988 1591 illius
1016 1554 1192 1592 hominis
1218 1555 1299 1592 sint
1331 1555 1416 1591 duae
1440 1564 1618 1601 personae
1658 1555 1718 1592 vel

100 1601 187 1639 duae
208 1602 444 1649 hypostases
459 1601 520 1638 vel
539 1601 618 1638 duo
640 1601 858 1647 supposita.

147 1649 291 1692 Adhuc,
314 1649 551 1695 pronomina
571 1649 879 1685 demonstrativa
908 1649 954 1685 ad
975 1658 1185 1694 personam
1209 1649 1433 1686 referuntur
1452 1650 1512 1687 vel
1534 1650 1718 1697 hyposta-

99 1696 176 1733 sim
197 1696 256 1732 vel
278 1697 552 1742 suppositum;
575 1702 696 1733 nemo·
722 1696 828 1732 enim
861 1696 1007 1733 diceret
1029 1708 1036 1732 :
1057 1698 1133 1740 EsJo
1164 1707 1281 1736 curro,
1316 1697 1395 1733 alio
1422 1702 1617 1741 currente,
1641 1698 1717 1735 nisi

100 1743 201 1780 sorte
221 1742 439 1790 figurative,
463 1746 596 1787 utpote
620 1743 725 1789 quod
761 1743 864 1780 alius
887 1743 974 1780 loco
1000 1743 1085 1788 ejus
1118 1748 1304 1780 curreret.
1323 1743 1397 1780 Set-t
1430 1744 1494 1780 itte
1515 1744 1632 1781 homo
1654 1745 1720 1791 qui

99 1789 230 1827 dictus
259 1793 320 1827 est
343 1791 459 1827 Jesus
485 1790 579 1827 dicit
609 1791 654 1826 tle
677 1799 719 1826 se
742 1802 750 1826 ;
771 1791 979 1836 Antequam
1009 1791 1197 1826 Abraham
1214 1792 1324 1835 fieret,
1347 1802 1407 1836 esso
1444 1801 1523 1826 sum
1560 1792 1716 1837 (Joamz.‚

101 1845 186 1882 VIII,
207 1836 267 1884 58)
285 1848 293 1881 ;
312 1841 350 1874 et
371 1849 379 1872 :
399 1839 475 1881 Egyo
495 1840 528 1872 ec
557 1838 667 1873 Pater
691 1847 804 1872 unum
832 1847 954 1873 sumus
990 1837 1147 1883 (Joann.‚
1169 1846 1207 1881 x,
1227 1838 1298 1883 30),
1323 1843 1359 1874 et
1388 1838 1499 1883 plura
1530 1839 1606 1886 ulia
1633 1847 1719 1885 quae

99 1883 307 1920 manifeste
329 1883 376 1920 ad
399 1883 639 1920 divinitatem
657 1883 770 1921 Verbi
794 1885 1004 1930 pertinent.
1028 1886 1128 1931 Ergo
1149 1885 1404 1921 manifestum
1432 1886 1614 1931 estquod
1637 1895 1720 1932 per-

97 1939 200 1968 sona
217 1930 328 1968 illius
348 1931 521 1968 hominis
543 1931 743 1977 loquentis
764 1935 800 1967 et
822 1931 1050 1978 hypostasis
1077 1935 1137 1968 est
1154 1931 1240 1977 ipsa
1263 1941 1433 1978 persona
1458 1932 1542 1969 Filii
1564 1933 1646 1969 Dei.

144 1977 329 2024 Amplius,
350 1987 397 2014 ex
416 1978 687 2023 superioribus
715 1980 821 2024 patet
840 1978 944 2024 quod
978 1988 1106 2025 neque
1136 1987 1282 2024 corpus
1303 1978 1443 2015 Christi
1465 1979 1512 2016 de
1532 1980 1633 2017 ocelo
1655 1980 1719 2017 de-

99 2025 268 2069 scendit,
288 2024 508 2062 secundum
541 2034 714 2062 errorem
743 2025 952 2067 Valentini,
986 2035 1112 2072 neque
1139 2026 1283 2067 anima,
1307 2027 1526 2063 secundum
1547 2035 1718 2064 errorent

102 2071 312 2118 Origenis3
334 2072 439 2109 unde
463 2075 582 2108 restat
602 2074 708 2119 quod
729 2072 777 2109 ad
795 2073 962 2109 Verbum
979 2074 1046 2108 Dei
1063 2074 1252 2118 pertineat
1273 2073 1378 2120 quod
1398 2074 1540 2110 dicitur
1557 2074 1718 2111 descen-

98 2117 224 2162 disse,
246 2126 328 2155 non
351 2123 461 2155 motu
493 2118 622 2161 locali,
648 2119 718 2155 sed
753 2119 904 2156 ratione
936 2121 1098 2156 unionis
1118 2120 1166 2156 ad
1197 2119 1424 2157 inferiorem
1455 2125 1650 2165 naturam,
1679 2126 1718 2158 ut

99 2173 222 2211 supra
238 2164 386 2202 dictum
409 2169 481 2202 est.
503 2165 654 2202 Sedille
678 2166 812 2210 homo,
835 2176 881 2202 ex
901 2175 1070 2213 persona
1090 2175 1163 2203 sua
1180 2167 1363 2214 loquens,
1381 2167 1476 2204 dicit
1496 2177 1538 2205 se
1561 2168 1721 2205 descen-

99 2211 207 2250 disse
227 2211 276 2249 de
295 2211 397 2249 coelo
419 2224 428 2247 :
449 2213 526 2257 qu
543 2221 622 2248 sum
649 2214 759 2258 panis
785 2213 904 2257 vivus,
927 2214 992 2258 qui
1017 2214 1060 2249 de
1077 2214 1160 2250 ooelo
1189 2213 1369 2250 descendi.
1390 2215 1549 2260 (Joann.,
1568 2223 1624 2259 vr,
1646 2214 1718 2259 51.)

98 2259 271 2344 &eckesze
288 2262 353 2312 est
370 2258 490 2305 igitur
512 2267 725 2305 personam
745 2263 784 2297 et
800 2259 1047 2306 hypostasim
1069 2260 1180 2297 illius
1197 2261 1372 2298 bominis
1399 2270 1487 2298 esse
1508 2270 1719 2307 personam

101 2323 104 2326 ·
128 2314 171 2343 er
199 2315 210 2342 ι
262 2315 312 2342 ei.

146 2353 249 2397 Item,
271 2352 525 2390 manifestum
546 2357 607 2390 est
626 2352 732 2400 quod
752 2353 966 2390 ascendere
984 2353 1022 2390 in
1057 2353 1201 2391 coelum
1228 2353 1384 2392 Christo
1406 2355 1554 2392 homini
1577 2364 1718 2393 conve-

96 2398 171 2444 nit,
199 2399 282 2447 qui,
301 2399 508 2436 videntibus
527 2400 709 2444 apostolis,
742 2401 898 2436 elevatus
920 2403 984 2441 est,
1021 2403 1065 2437 ut
1093 2400 1237 2439 dicitur
1255 2404 1421 2438 Actuum
1442 2411 1469 2446 1,
1493 2404 1527 2438 9.
1549 2403 1719 2439 Descen-

99 2445 193 2483 dere
213 2449 345 2484 autem
367 2445 413 2483 de
431 2446 532 2483 coelo
551 2446 677 2484 Verbo
691 2447 759 2484 Dei
783 2447 980 2484 convenit.
1007 2447 1082 2484 Sed
1099 2448 1313 2494 Apostolus
1334 2448 1427 2486 dicit
1446 2448 1494 2485 ad
1512 2449 1719 2494 Ephesios,

98 2500 155 2537 Π,
178 2494 223 2530 ¹0
243 2504 253 2529 :
275 2492 345 2537 Qui
379 2493 571 2535 descendit,
610 2495 688 2539 ipse
706 2496 809 2530 estet
830 2496 895 2540 qui
928 2494 1103 2530 ascendit.
1120 2497 1209 2541 ipsa
1227 2495 1350 2542 igitur
1379 2499 1440 2532 est
1475 2505 1646 2542 persona
1682 2499 1721 2534 et

100 2538 330 2587 hypostasis
348 2539 460 2577 illius
478 2539 655 2578 hominis
675 2549 762 2587 quae
779 2543 840 2578 est
854 2550 1026 2587 persona
1046 2545 1084 2578 et
1103 2541 1330 2588 hypostasis
1360 2541 1473 2579 Verbi
1494 2542 1576 2580 Dei.

146 2586 292 2628 Adhuc,
314 2585 350 2623 ei
370 2587 437 2633 qui
455 2586 651 2634 originem
670 2586 789 2625 habet
817 2597 863 2624 ex
894 2588 1043 2625 mundo
1064 2590 1103 2625 et
1121 2597 1199 2625 non
1221 2588 1294 2625 fuit
1317 2593 1529 2636 antequam
1550 2593 1658 2628 esset
1676 2590 1718 2628 in

99 2633 250 2671 mundo
269 2641 349 2671 non
380 2633 563 2671 convenit
592 2634 726 2671 venire
757 2635 798 2671 in
827 2634 1034 2672 mundum.
1058 2634 1131 2672 Sed
1162 2635 1282 2673 bomo
1303 2636 1482 2675 Christus
1498 2637 1720 2676 secundum

92 2688 258 2718 carnem
286 2680 482 2728 originem
502 2680 620 2718 babet
638 2691 686 2718 ex
710 2681 874 2726 mundo,
893 2681 987 2727 quia
1015 2690 1151 2719 verum
1181 2691 1326 2729 corpus
1347 2683 1565 2721 humanum
1586 2688 1624 2722 et
1642 2689 1719 2722 ter-

99 2735 241 2765 renum
263 2727 413 2772 habuit,
435 2731 478 2765 ut
503 2730 710 2766 ostensum
739 2731 799 2766 est
819 2727 868 2775 (c.
888 2728 973 2775 27);
996 2728 1216 2766 secundum
1238 2730 1410 2767 animam
1433 2740 1524 2768 vero
1545 2740 1625 2769 non
1645 2731 1719 2770 fuit

91 2777 311 2826 -antequam
347 2779 454 2812 esset
472 2774 514 2811 in
550 2775 726 2819 mundo;
752 2774 887 2812 habuit
907 2775 1012 2812 enim
1044 2785 1175 2813 veram
1211 2776 1384 2815 animam
1407 2778 1633 2823 humanam,
1671 2779 1718 2816 de
1770 2814 1773 2817 ,

102 2828 217 2866 cujus
236 2825 379 2859 natura
397 2826 458 2859 est
480 2826 523 2858 ut
542 2830 624 2858 non
645 2822 694 2858 sit
725 2825 936 2868 antequam
955 2822 1110 2868 corpori
1142 2823 1316 2862 uniatur.
1333 2825 1580 2872 Relinquitur
1597 2825 1719 2871 igitur

93 2867 206 2913 *quod
226 2868 379 2906 homini
401 2868 459 2905 illi
478 2878 525 2905 ex
545 2877 618 2905 sua
652 2869 895 2907 humanitate
916 2878 996 2906 non
1029 2870 1240 2908 conveniat
1274 2871 1408 2909 venire
1435 2872 1477 2909 in
1506 2872 1714 2910 mundum.
