1894 3223
649 121 737 157 [ΑΒ.
764 121 825 166 IV,
851 121 952 157 CAP.
980 120 1122 156 Lxxxl.
1623 121 1686 156 52¹

76 199 245 247 agentis.
268 199 454 244 Quamvis
477 200 598 244 igitur
621 201 850 247 operatione
875 205 1024 238 naturae
1041 201 1118 238 hoc
1133 201 1217 239 fieri
1236 210 1316 238 non
1337 201 1465 247 possit
1483 205 1526 239 ut
1545 210 1690 247 corpus

76 250 305 293 corruptum
325 251 526 291 reparetur
546 248 593 284 ad
616 249 749 291 vitam,
767 252 898 285 tamen
919 248 1059 286 virtute
1078 249 1210 286 divina
1241 248 1280 285 id
1312 247 1395 285 fieri
1430 252 1571 294 potest.
1593 250 1690 285 Nam

106 293 182 331 uod
204 296 344 330 natura
365 293 438 329 lioc
460 295 585 331 tacere
608 304 687 331 nou
717 295 858 341 possit,
888 295 977 332 ideo
1010 298 1083 338 est,
1123 296 1215 341 quia
1256 299 1397 332 natura
1432 304 1587 342 semper
1624 303 1694 342 per

98 342 251 377 'ormam
272 340 442 386 aliquam
465 345 648 385 operatur
668 354 675 383 ;
699 342 804 388 quod
825 346 954 378 autem
987 342 1105 378 habet
1124 343 1306 385 formam,
1340 342 1420 388 J'am
1451 346 1511 378 est
1546 353 1554 378 :
1589 342 1693 380 unde

78 386 178 423 nibil
199 386 374 432 seipsum
409 396 597 432 generare
621 392 761 433 potest,
783 388 853 425 sed
877 394 1038 433 generat
1059 389 1207 434 aliquid
1227 388 1335 425 aliud
1369 389 1442 425 sibi
1475 389 1694 426 secundum

79 434 252 480 speciem
272 434 426 475 simile:
450 444 538 471 cuin
559 444 650 471 vero
670 439 899 480 corruptum
929 439 1003 478 cst,
1044 436 1210 472 formam
1249 435 1394 479 amisit,
1428 445 1514 481 quae
1543 437 1696 480 poterat

79 489 168 517 esse
189 480 354 517 actionis
379 481 611 526 principium
635 491 642 515 ε
669 481 773 518 unde
807 482 1037 526 operatione
1066 482 1349 528 naturae,quod
1377 486 1603 527 corruptum
1637 485 1698 519 est

79 527 181 564 idem
208 536 371 563 numero
393 529 562 573 reparari
585 537 663 564 non
683 531 824 573 potest.
848 528 922 564 Sed
946 528 1075 564 divina
1095 529 1233 571 virtus,
1255 538 1342 574 quae
1363 538 1424 565 res
1446 530 1628 573 produxit
1657 533 1698 568 in

80 583 184 618 esse,
212 574 270 609 sic
293 584 359 619 pei·
379 579 559 611 naturam
580 579 764 620 operatur
793 574 898 621 quod
923 574 1072 620 absque
1093 585 1139 611 ea
1162 574 1343 612 effectum
1367 580 1515 612 naturae
1553 577 1698 623 produ-

80 630 168 658 cere
191 625 330 665 potest,
353 626 392 657 ut
414 621 595 666 superius
618 621 656 666 (l.
678 630 735 665 111,
758 630 842 666 cap.
866 621 924 666 99)
950 624 1154 658 ostensum
1177 626 1237 659 est
1269 633 1277 657 τ
1314 623 1429 665 unde,
1451 632 1540 659 cum
1576 624 1699 663 virtus

80 667 214 705 divina
233 672 389 704 mancat
408 668 569 712 eadem,
583 670 697 704 etiam
720 668 838 704 rebus
858 669 1069 713 corruptis,
1085 672 1214 713 potest
1233 673 1418 714 corrupta
1441 669 1482 706 in
1502 670 1699 717 integrum

79 724 276 760 reparare.

126 762 237 805 Quod
258 771 350 799 vero
372 762 548 799 secundo
570 761 829 807 objiciebatur
849 761 1038 805 impedire
1060 771 1139 798 non
1173 765 1302 808 potest
1331 763 1425 808 quin
1448 762 1567 800 hoino
1594 764 1698 802 idem

79 818 244 845 numero
268 818 472 854 resurgere
495 809 638 854 possit.
657 808 814 845 Nullum
836 808 941 844 enim
963 809 1245 854 principiorum
1266 809 1540 846 essentialium
1571 810 1699 848 homi-

79 855 143 891 nis
165 865 233 900 per
255 860 421 892 mortem
443 856 605 892 omnino
628 855 731 893 cedit
752 855 792 890 in
814 854 984 890 nihilum
1006 867 1013 890 :
1040 864 1130 891 nam
1148 856 1279 892 anima
1296 857 1514 900 rationalis,
1534 867 1620 904 quae
1640 862 1702 896 est

81 901 208 938 forma
229 901 419 946 hominis,
440 907 572 938 manet
592 906 681 948 post
701 905 880 945 mortem,
905 905 945 936 ut
965 903 1148 946 superius
1166 903 1245 948 (lib.
1273 912 1315 945 11,
1337 913 1420 948 cap.
1452 904 1512 950 79)
1541 909 1600 941 est
1634 914 1700 943 os·

79 951 261 992 tensu1n;
284 950 448 987 materia
473 950 589 986 ctiam
612 953 743 985 manet
761 956 848 994 quae
882 948 949 985 tali
971 949 1104 985 t‘ormae
1138 950 1207 985 t'uit
1234 949 1410 994 subjecta
1443 951 1516 987 sub
1549 952 1700 989 dimen-

79 995 265 1032 sionibus
287 996 432 1032 eisdem
471 1006 517 1032 ex
535 996 680 1042 quibus
703 994 871 1031 habebat
895 998 935 1030 ut
954 1000 1060 1031 esset
1079 996 1330 1032 individualis
1350 998 1525 1034 materia.
1543 1000 1595 1034 Ex
1606 1008 1701 1036 con-

75 1041 284 1088 Junctione
305 1043 426 1089 igitur
440 1043 616 1089 eJusdem
638 1042 776 1079 animae
799 1050 966 1078 numero
987 1043 1032 1078 ad
1067 1043 1241 1079 eamdem
1280 1044 1483 1081 materiam
1518 1054 1698 1087 numero,

82 1089 204 1125 homo
228 1098 332 1126 uuus
355 1099 519 1126 numero
541 1090 798 1135 reparabitur.
823 1089 1072 1133 corporeitas
1095 1093 1222 1126 autem
1246 1089 1454 1135 dupliciter
1479 1093 1600 1138 accipi
1631 1102 1701 1138 po-

81 1138 171 1172 test.
195 1137 278 1172 Uno
299 1137 416 1173 modo
437 1137 654 1173 secundum
677 1135 780 1181 quod
803 1139 862 1172 est
882 1136 1010 1172 t'orma
1038 1137 1317 1173 substantialis
1346 1139 1549 1182 corporis,
1587 1143 1703 1184 prout

75 1181 118 1218 in
171 1191 314 1228 genere
366 1183 595 1220 substantae
643 1183 860 1219 collocatur
880 1194 888 1225 ;
933 1186 969 1218 et
1013 1183 1072 1219 sic
1117 1183 1360 1229 corporeitas
1409 1185 1693 1233 cujuscumque

76 1229 258 1274 corporis
280 1229 377 1266 nihil
398 1235 457 1267 est
477 1230 583 1266 aliud
605 1239 720 1275 quam
743 1231 867 1266 torma
883 1229 1158 1267 substantialis
1173 1231 1258 1276 ejus
1276 1231 1493 1268 secundum
1515 1242 1632 1279 quam
1652 1234 1693 1270 in

76 1283 221 1322 genere
242 1280 277 1312 et
298 1277 429 1322 specie
449 1277 686 1319 collocatur3
722 1286 769 1313 ex
795 1286 872 1322 qua
904 1276 1067 1313 debetur
1094 1278 1150 1313 rei
1188 1278 1383 1322 corporali
1412 1278 1518 1324 quod
1552 1279 1695 1317 habeat

76 1326 157 1359 tres
177 1321 461 1361 dimensiones.
482 1325 567 1360 Non
587 1324 692 1359 enim
714 1327 805 1359 sunt
826 1323 990 1360 diversae
1010 1324 1145 1361 formae
1166 1324 1449 1362 substantiales
1480 1326 1517 1362 in
1542 1336 1621 1363 uno
1657 1331 1695 1364 et

77 1369 231 1413 eodem,
254 1380 321 1415 per
341 1380 504 1417 quarum
528 1380 644 1406 unam
667 1370 882 1406 collocatur
904 1370 943 1405 in
964 1380 1107 1416 genere
1127 1376 1431 1416 supremo‚puta
1445 1372 1692 1420 substantiae,

77 1419 116 1453 et
135 1425 203 1461 per
223 1418 339 1453 aliam
362 1418 402 1453 in
422 1427 563 1463 genere
585 1418 777 1462 proximo,
800 1421 892 1462 puta
913 1418 952 1452 iu
987 1427 1132 1463 genere
1154 1419 1372 1464 corporalis
1398 1419 1457 1455 vel
1491 1421 1692 1466 animalis,

77 1465 116 1500 et
131 1471 199 1509 per
219 1464 334 1500 aliam
358 1464 397 1500 in
420 1464 563 1509 specie,
586 1468 678 1509 puta
697 1463 869 1500 hominis
903 1467 969 1499 aut
989 1464 1079 1510 equi
1098 1477 1106 1506 ;
1127 1465 1231 1511 quia,
1251 1465 1285 1502 si
1307 1466 1432 1510 prima
1445 1467 1571 1503 forma
1590 1468 1693 1505 face-

77 1512 136 1561 ret
156 1518 245 1548 esse
266 1510 543 1554 substantiam,
566 1515 778 1556 sequentes
799 1511 932 1547 t‘ormae
949 1510 1029 1556 J‘am
1059 1511 1288 1548 advenirent
1318 1513 1354 1548 ei
1384 1513 1489 1558 quod
1527 1517 1586 1551 est
1618 1515 1694 1553 hoc

78 1557 229 1602 aliquid
249 1558 290 1594 in
311 1562 399 1594 actu
433 1562 470 1594 et
489 1558 715 1594 subsistens
736 1558 773 1594 in
815 1562 978 1600 natura;
1009 1561 1046 1594 et
1081 1558 1140 1595 sic
1171 1559 1414 1604 posteriores
1446 1560 1582 1597 formae
1612 1570 1694 1599 non

78 1603 254 1641 facerent
274 1605 349 1642 hoc
375 1604 534 1650 aliquid,
556 1605 625 1641 sed
647 1608 781 1641 essent
800 1604 838 1639 in
857 1604 1034 1649 subjecto
1055 1605 1161 1651 quod
1194 1610 1253 1642 est
1282 1606 1358 1642 hoo
1391 1606 1553 1654 aliquid,
1588 1609 1694 1645 sicut

78 1650 214 1688 formae
244 1651 522 1688 accidentales.
556 1653 714 1697 Oportet
747 1651 866 1696 igitur
900 1651 1005 1698 quod
1037 1653 1293 1698 corporeitas,
1329 1658 1446 1698 prout
1477 1658 1536 1691 cst
1565 1654 1695 1693 forma

78 1696 355 1736 substantialis
375 1699 415 1734 in
438 1698 611 1737 homine,
636 1707 716 1734 non
738 1697 914 1734 sitatiud
947 1708 1065 1744 quam
1098 1701 1231 1735 anima
1266 1700 1487 1744 rationalis,
1527 1711 1614 1747 quae
1647 1703 1692 1740 in

79 1753 156 1783 sua
177 1746 340 1782 materia
361 1745 435 1782 hoc
458 1745 619 1791 requirit
638 1744 741 1791 quod
765 1744 907 1795 habeat
933 1748 1012 1782 tres
1033 1745 1318 1789 dimensiones,
1350 1752 1409 1784 est
1443 1748 1545 1783 enirn
1580 1752 1693 1786 actus

77 1793 258 1839 corporis
277 1792 458 1838 alic-ujus.
481 1793 566 1828 Alio
589 1792 706 1828 modo
721 1792 909 1836 accipitur
929 1793 1185 1837 corporeitas,
1215 1798 1331 1838 prout
1349 1798 1407 1830 est
1433 1796 1557 1831 torma
1592 1796 1693 1832 acci-

78 1839 264 1882 dentatis,
284 1839 502 1876 secuudum
522 1848 639 1885 quam
658 1839 800 1875 dicitur
819 1848 963 1883 corpus
978 1848 1066 1875 esse
1087 1840 1126 1875 in
1139 1849 1282 1886 genere
1303 1841 1532 1886 quantitatis
1550 1854 1557 1885 ;
1581 1843 1693 1883 etsie

77 1887 325 1934 corporeitas
346 1886 444 1922 nihil
462 1886 567 1922 aliud
590 1889 650 1922 est
675 1894 790 1932 quam
811 1888 889 1921 tres
910 1885 1181 1923 dimensiones
1195 1896 1281 1930 quae
1302 1888 1480 1933 corporis
1500 1889 1694 1927 rationem

76 1935 338 1972 constituunt.
357 1933 436 1970 Etsi
458 1933 575 1980 igitur
596 1932 679 1969 haec
699 1933 941 1978 corporeitas
956 1932 1004 1984 in.
1018 1933 1185 1970 nihilum
1206 1934 1319 1977 cedit,
1340 1944 1505 1980 corpore
1520 1936 1694 1973 humano

77 1985 278 2027 corrupto,
297 1983 430 2016 tamen
450 1979 636 2025 impedire
668 1988 747 2015 non
782 1981 910 2024 potest
940 1988 1035 2025 quin
1068 1980 1171 2016 idem
1209 1990 1376 2017 numero
1410 1986 1607 2030 resurgat,
1647 1992 1694 2020 eo

77 2028 184 2074 quod
203 2027 443 2073 corporeitas
464 2027 581 2063 modo
612 2026 740 2072 primo
769 2026 874 2062 dicta
900 2035 979 2062 non
1013 2026 1053 2062 in
1090 2027 1259 2064 nibilum
1294 2028 1410 2072 cedit,
1450 2029 1519 2066 sed
1557 2029 1694 2067 eadem

78 2077 224 2112 manet.
244 2074 429 2111 Similiter
449 2074 566 2110 etiam
588 2073 713 2109 forma
731 2073 838 2109 mixti
855 2073 1063 2118 dupliciter
1079 2075 1205 2120 accipi
1227 2079 1369 2120 potest.
1392 2077 1477 2112 Uno
1509 2077 1628 2114 modo
1650 2081 1692 2114 ut

78 2130 150 2167 per
170 2121 335 2159 formam
357 2120 465 2156 mixti
494 2120 737 2164 intelligatur
755 2120 881 2156 forma
902 2120 1176 2158 substantialis
1196 2122 1375 2167 corporis
1395 2122 1528 2166 mixti;
1563 2124 1693 2170 etsie,

78 2177 169 2206 cum
184 2168 224 2204 in
247 2167 406 2204 homine
425 2175 505 2202 non
523 2166 672 2203 sit-alia
694 2166 820 2202 forma
841 2166 1115 2218 substantialis
1153 2177 1270 2214 quam
1306 2169 1441 2205 anima
1470 2169 1693 2215 rationalis,

78 2218 122 2252 ut
143 2219 349 2252 ostensum
365 2216 425 2250 est
443 2213 527 2259 (lib.
550 2222 576 2255 1,
598 2222 682 2258 cap.
707 2215 779 2259 58),
803 2222 874 2249 nec
894 2217 1034 2257 poterit
1053 2213 1129 2249 dici
1160 2215 1267 2260 quod
1288 2215 1414 2251 forma
1433 2216 1558 2261 mixti,
1579 2220 1695 2262 prout

79 2265 142 2299 est
162 2262 288 2299 fornia
308 2260 596 2299 substantialis,
618 2259 779 2296 homine
801 2260 1006 2303 moriente,
1038 2261 1151 2296 cedat
1170 2262 1212 2297 in
1240 2262 1424 2298 nihilum.
1456 2262 1542 2299 Alio
1574 2264 1694 2301 modo

79 2308 222 2346 dicitur
242 2309 368 2344 forma
387 2307 497 2343 mixti
517 2306 685 2353 qualitas
703 2306 880 2353 quaedam
896 2307 1129 2351 composita,
1152 2311 1189 2343 et
1208 2312 1502 2354 contemperata
1527 2319 1574 2346 ex
1595 2310 1693 2347 mix-

78 2355 187 2392 tione
205 2354 444 2400 simplicium
467 2353 712 2400 qualitatum,
733 2362 818 2399 quae
839 2353 892 2389 ita
906 2362 948 2389 se
970 2353 1111 2390 habeat
1130 2354 1178 2391 ad
1202 2355 1368 2391 formam
1389 2355 1689 2394 substantialem

78 2403 259 2448 corporis
278 2401 388 2438 mixti
410 2401 511 2437 sicut
531 2409 573 2436 se
596 2399 713 2436 habet
732 2400 902 2445 qualitas
921 2400 1088 2446 simplex
1105 2401 1153 2437 ad
1189 2403 1355 2437 sormam
1388 2402 1691 2441 substantialem

79 2449 258 2494 corporis
280 2448 490 2492 simplicis.
516 2447 636 2488 Unde,
659 2447 692 2483 si
711 2447 835 2482 i'orma
862 2447 1063 2484 mixtionis
1092 2447 1150 2484 sic
1177 2447 1281 2484 dicta
1300 2449 1340 2484 in
1370 2449 1537 2485 nihilum
1567 2451 1692 2494 cedat,

79 2504 160 2532 nou
180 2495 407 2541 praejudicat
428 2494 563 2530 unitati
579 2494 757 2538 corporis
790 2493 1046 2540 resurgentis.
1081 2493 1143 2531 Sic
1175 2496 1292 2531 etiam
1328 2495 1538 2532 dicendum
1569 2501 1630 2533 est
1658 2499 1697 2534 et

79 2541 126 2579 dc
141 2546 248 2587 parte
271 2541 454 2577 nutritiva
472 2545 510 2576 et
530 2540 731 2576 sensitiva.
748 2540 787 2576 Si
806 2540 908 2575 enim
922 2550 990 2586 per
1003 2544 1151 2584 partem
1168 2541 1398 2578 sensitivam
1414 2546 1451 2578 et
1468 2543 1694 2580 nutritivam

78 2588 351 2635 intelligantur
368 2587 464 2632 ipsae
484 2587 681 2632 potentiae,
703 2595 790 2632 quae
819 2590 913 2623 sunt
942 2588 1202 2632 proprietates
1236 2589 1438 2625 naturales
1457 2589 1614 2633 animae,
1633 2590 1694 2628 vel

78 2635 207 2681 magis
227 2634 451 2679 compositi,
473 2638 658 2678 corrupto
677 2641 855 2678 corpore,
872 2638 1204 2678 corrumpuntur;
1242 2644 1314 2671 nec
1344 2639 1476 2671 tamen
1512 2646 1581 2682 per
1616 2637 1692 2675 hoc

79 2681 292 2728 impeditur
313 2681 444 2717 unitas
465 2680 724 2725 resurgentis.
748 2680 787 2716 Si
821 2688 913 2716 vero
947 2689 1016 2725 per
1051 2684 1180 2725 partes
1212 2681 1419 2726 praedictas
1450 2682 1695 2730 intelligatur

77 2728 165 2774 ipsa
183 2727 405 2765 substantia
425 2727 566 2763 animae
587 2726 784 2763 sensitivae
803 2730 841 2762 et
861 2727 1071 2770 nutritivae,
1094 2731 1257 2774 utraque
1290 2737 1424 2765 earum
1462 2733 1523 2766 est
1557 2731 1694 2768 eadem

80 2784 171 2812 cum
193 2774 526 2812 anima·rati0nali
551 2782 659 2809 :non
685 2773 788 2809 enirn
823 2776 917 2809 sunt
948 2773 989 2808 in
1021 2773 1179 2810 homine
1209 2777 1289 2810 tres
1320 2775 1474 2816 animae,
1508 2777 1577 2813 sed
1616 2787 1693 2816 una

80 2825 250 2866 tantum,
269 2825 312 2858 ut
331 2821 372 2857 in
388 2820 565 2857 secundo
581 2820 683 2856 libro
704 2824 908 2856 ostensum
931 2823 1002 2856 est.
1039 2821 1091 2856 De
1121 2820 1361 2858 humanitate
1389 2831 1481 2859 vero
1514 2832 1594 2860 non
1635 2828 1692 2862 est

79 2867 384 2916 intelligendum
402 2866 509 2914 quod
525 2867 578 2903 sit
599 2866 778 2913 quaedam
794 2867 920 2903 forma
931 2875 1179 2913 consurgens
1193 2877 1241 2904 ex
1254 2869 1533 2915 conjunctione
1558 2871 1691 2908 formae
