1894 3223
141 136 211 170 634
699 132 787 167 LIB.
814 131 875 175 IV,
901 131 1002 166 CAP.
1030 131 1200 168 LXXXIX.

736 309 903 350 CAPUT
930 309 1177 350 LXXXVIII.

586 428 638 457 DE
664 429 763 457 SEXU
788 429 837 456 ET
860 429 998 457 AETATE
1023 429 1334 459 RESURGENTIUM.

192 541 279 576 Non
315 542 376 575 est
407 541 540 574 tamen
573 538 849 574 aestimandum
872 539 975 585 quod
998 538 1039 574 in
1070 538 1305 584 corporibus
1337 538 1629 585 resurgentium
1664 539 1770 577 desit

145 595 268 624 sexus
288 585 498 628 femineus,
513 588 556 622 ut
572 585 694 631 aliqui
714 589 973 631 putaverunt3
995 585 1101 632 quia,
1117 595 1239 632 quum
1260 594 1328 631 per
1341 586 1670 622 resurrectionem
1689 587 1771 624 sint

147 632 356 679 reparandi
376 632 553 668 defectus
574 636 738 676 naturae,
760 632 858 668 nibil
881 641 1014 669 eorum
1037 642 1125 678 quae
1145 633 1193 669 ad
1214 632 1496 677 perfectionem
1518 636 1668 670 naturae
1682 643 1769 679 per-

147 680 287 723 tinent,
309 689 329 716 a
352 679 586 724 corporibus
622 680 916 725 resurgentium
952 679 1164 716 auferetur.
1195 680 1301 716 Sicut
1321 682 1453 716 autem
1481 679 1560 716 alia
1586 681 1768 725 corporis

145 727 322 763 membra
342 727 387 762 ad
409 726 671 772 integritatem
694 726 855 762 humani
875 726 1054 771 corporis
1075 726 1282 771 pertinent,
1304 725 1410 763 itaet
1427 736 1474 762 ea
1494 735 1582 773 quae
1602 735 1769 773 genera-

145 774 245 811 tioni
267 773 494 810 deserviunt
510 777 589 809 tam
618 773 658 808 in
675 773 867 818 maribus,
889 782 1007 820 quum
1027 774 1069 809 in
1088 773 1262 809 feminis.
1284 774 1507 819 Resurgent
1525 782 1621 819 ergo
1643 783 1768 811 mem-

146 821 218 858 bra
238 820 467 866 hujusmodi
490 820 531 855 in
553 820 748 866 utrisque.

192 869 325 913 Neque
348 872 478 902 tamen
513 867 605 903 huic
625 867 758 903 obviat
776 867 878 913 quod
902 876 1003 904 usus
1036 867 1179 903 horum
1214 867 1483 905 membrorum
1517 877 1599 905 non
1620 868 1706 911 erit,
1727 871 1771 905 ut

147 924 268 960 supra
288 914 387 960 (cap.
411 914 468 959 85)
491 918 696 950 ostensum
719 918 803 958 est;
825 914 931 960 quia,
953 914 987 951 si
1009 918 1168 960 propter
1186 913 1263 950 hoe
1283 914 1459 951 membra
1494 913 1535 950 in
1557 924 1769 962 resurgen-

147 961 254 998 tibus
277 970 355 997 non
377 965 504 1004 erunt,
528 961 609 1005 pari
631 961 782 997 ratione
804 970 877 997 nec
899 961 1033 998 omnia
1065 961 1244 997 membra
1263 970 1350 1007 quae
1371 961 1614 998 nutrimento
1633 961 1766 999 deser-

145 1009 258 1044 viunt
281 1008 322 1044 in
340 1008 641 1053 resurgentibus
657 1012 805 1051 essent,
821 1008 915 1053 quia
933 1017 1005 1045 nec
1018 1008 1196 1045 ciborum
1212 1016 1310 1045 usus
1323 1012 1414 1053 post
1432 1009 1767 1046 resurrectionem

146 1056 233 1092 erit.
270 1055 333 1091 Sic
361 1055 483 1101 igitur
513 1064 658 1100 magna
695 1064 785 1100 pars
822 1055 1089 1091 membrorum
1133 1055 1288 1100 corpori
1318 1056 1564 1102 resurgentis
1598 1055 1770 1093 deesset.

148 1104 271 1139 Erunt
288 1101 408 1148 igitur
439 1102 573 1138 omnia
597 1102 774 1139 membra
794 1102 1038 1147 hujusmodi,
1059 1102 1241 1148 quamvis
1257 1111 1394 1138 eorum
1414 1111 1513 1139 usus
1534 1112 1616 1139 non
1637 1103 1703 1147 sit,
1722 1102 1772 1140 ad

147 1149 417 1194 integritatem
438 1149 631 1185 naturalis
652 1158 829 1194 corporis
851 1150 1132 1186 restituendam
1157 1162 1165 1185 ;
1188 1149 1292 1186 unde
1314 1150 1460 1186 frustra
1480 1159 1562 1186 non
1582 1154 1709 1186 erunt.

195 1196 383 1232 Similiter
413 1196 531 1231 etiam
553 1205 624 1231 nec
646 1196 854 1233 infirmitas
875 1196 1035 1233 feminei
1058 1205 1178 1233 sexus
1197 1197 1452 1242 perfectionis
1474 1199 1770 1244 resurgentium

147 1241 294 1280 obviat.
326 1245 412 1279 Non
449 1243 554 1278 enim
587 1246 647 1279 est
676 1243 887 1280 infirmitas
917 1253 986 1289 per
1018 1252 1221 1280 recessum
1259 1253 1282 1279 a
1314 1247 1468 1287 natura,
1490 1244 1560 1280 sed
1590 1248 1772 1282 anatura

148 1289 302 1326 intenta
322 1301 332 1323 τ
354 1294 391 1325 et
411 1289 499 1335 ipsa
520 1290 637 1325 etiam
659 1294 808 1326 naturae
829 1290 1032 1327 distinctio
1053 1290 1095 1326 in
1114 1290 1301 1327 omnibus
1315 1291 1598 1336 perfectionem
1619 1295 1771 1329 naturae

153 1336 455 1380 demonstrabit,
478 1340 516 1372 et
535 1336 708 1373 divinam
729 1338 964 1382 sapientiam
986 1337 1151 1374 omnino
1170 1346 1262 1374 cum
1281 1337 1454 1384 quodam
1474 1337 1612 1374 ordine
1633 1338 1766 1384 dispo-

152 1387 312 1420 nentem
334 1383 641 1420 commendabit.

198 1431 277 1466 Nec
300 1430 418 1466 etiam
447 1430 553 1476 cogit
583 1430 632 1466 ad
651 1429 727 1466 hoc
746 1430 910 1467 verbum
936 1431 1113 1476 Apostoli
1134 1430 1240 1477 quod
1261 1430 1356 1467 dicit
1372 1431 1420 1467 ad
1441 1431 1599 1476 Ephes.‚
1617 1441 1673 1476 rv,
1696 1435 1738 1469 13
1759 1441 1770 1467 z

148 1478 264 1513 Donec
281 1487 510 1512 occurramus
532 1487 648 1513 omnes
668 1479 707 1512 in
726 1479 900 1513 unitatem
919 1479 1015 1523 fidei,
1038 1481 1071 1514 et
1086 1479 1282 1522 agnitionis
1301 1479 1388 1514 Filii
1405 1480 1481 1519 Dei,
1501 1480 1540 1514 in
1557 1480 1677 1515 virum
1690 1489 1773 1524 per-

151 1525 297 1567 fectum,
319 1526 358 1559 in
376 1534 582 1559 mensuram
600 1526 718 1559 aetatis
736 1525 981 1570 plenitudinis
1011 1525 1157 1562 Christi.
1179 1527 1265 1562 Non
1289 1525 1395 1562 enim
1416 1525 1492 1562 hoc
1511 1525 1601 1562 ideo
1621 1526 1772 1564 dictum

152 1575 213 1607 est
232 1571 336 1617 quod
358 1571 523 1617 quilibet
543 1571 582 1607 in
605 1571 673 1608 illo
696 1581 865 1608 occursu
886 1581 964 1618 quo
985 1576 1240 1618 resurgentes
1258 1572 1423 1609 exibunt
1442 1572 1598 1609 obviam
1618 1573 1772 1611 Christo

150 1617 192 1653 in
213 1627 306 1654 aera
341 1618 391 1654 sit
413 1627 550 1655 sexum
571 1618 723 1654 virilem
746 1619 980 1663 habiturus;
1006 1619 1077 1658 sed
1113 1619 1161 1656 ad
1183 1619 1470 1665 designandam
1491 1620 1771 1665 perfectionem

149 1665 334 1702 Ecclesiae
355 1669 391 1701 et
412 1666 595 1702 virtutem
617 1675 624 1699 :
647 1669 729 1702 tota
750 1666 855 1703 enim
887 1667 1063 1704 Ecclesia
1079 1667 1153 1703 erit
1172 1667 1286 1713 quasi
1308 1667 1369 1703 vir
1395 1667 1594 1713 perfectus
1614 1668 1772 1705 Christo

150 1720 378 1756 occurrens,
398 1716 441 1748 ut
475 1722 523 1749 ex
554 1713 868 1758 praecedentibus
903 1717 941 1751 et
979 1713 1238 1761 sequentibus
1272 1718 1390 1759 patet.
1414 1716 1456 1750 ln
1493 1717 1604 1751 aetate
1639 1719 1772 1752 autem

154 1757 308 1802 Christi,
331 1768 417 1805 quae
453 1764 514 1797 est
548 1763 643 1797 aetas
672 1760 875 1806 Juvenilis,
898 1764 1051 1807 oportet
1086 1770 1226 1798 omnes
1263 1770 1472 1808 resurgere
1502 1765 1662 1807 propter
1680 1771 1767 1808 per-

151 1805 362 1842 fectionem
396 1809 545 1843 naturae
577 1816 664 1853 quae
685 1808 726 1843 in
758 1807 832 1844 hac
864 1808 952 1845 sola
985 1812 1096 1846 aetate
1132 1808 1317 1845 consistit
1339 1818 1347 1842 :
1370 1807 1532 1853 puerilis
1549 1809 1655 1845 enim
1675 1813 1771 1846 aetas

149 1852 325 1888 nondum
363 1853 646 1900 perfectionem
683 1858 833 1891 naturae
871 1859 1087 1892 consecuta
1118 1858 1180 1892 est
1206 1864 1276 1900 per
1306 1859 1588 1900 augmentum3
1626 1856 1768 1892 senilis

148 1907 241 1936 vero
261 1903 355 1937 aetas
370 1900 451 1946 jam
469 1900 518 1937 ab
538 1909 585 1937 eo
606 1901 772 1938 recessit
790 1905 948 1947 propter
971 1903 1279 1939 decrementum.
1303 1901 1373 1947 (IV
1387 1903 1502 1946 Seni„
1525 1902 1616 1939 dist.
1640 1902 1767 1949 Xle.)

760 2046 929 2088 CAPUT
955 2047 1165 2089 LXXXIX.

378 2164 428 2191 DE
455 2164 673 2197 QUALITATE
699 2165 903 2195 CORPORUM
926 2166 1227 2196 RESURGENTIUM
1250 2169 1290 2198 IN
1316 2169 1530 2200 DAMNATIS.

196 2273 335 2324 Exbis
369 2276 499 2309 autem
534 2274 823 2312 rationabiliter
848 2276 1104 2314 considerare
1135 2287 1354 2323 possumus
1389 2279 1519 2325 qualis
1554 2280 1686 2317 futura
1717 2281 1770 2318 sit

146 2320 322 2370 conditio
343 2329 553 2365 corporum
575 2323 869 2368 resurgentium
885 2324 923 2359 in
945 2323 1196 2363 damnandis.
1214 2327 1373 2372 Oportet
1393 2327 1495 2362 enim
1518 2326 1586 2363 illa
1601 2336 1770 2373 corpora

146 2366 355 2403 animabus
388 2368 704 2405 damnandorum
741 2371 1041 2415 proportionata
1080 2381 1184 2409 esse.
1211 2374 1361 2410 Animae
1400 2376 1531 2410 autem
1570 2374 1767 2411 malorum

147 2417 327 2449 naturam
350 2415 509 2465 quidem
530 2415 675 2452 bonam
697 2416 856 2458 liabent,
880 2422 1012 2463 utpote
1033 2428 1056 2455 a
1085 2420 1164 2456 Deo
1197 2425 1395 2465 creatam;
1425 2420 1494 2458 sed
1523 2421 1767 2458 voluntatem

146 2459 348 2496 habebunt
386 2462 652 2498 inordinatam
699 2468 736 2499 et
769 2475 790 2499 a
828 2463 906 2500 fine
946 2465 1106 2511 proprio
1142 2467 1403 2504 deficientem.
1442 2468 1614 2514 Corpora
1648 2468 1768 2514 igitur

145 2515 297 2559 eorum,
315 2512 504 2553 quantum
526 2509 575 2545 ad
590 2510 628 2545 id
649 2510 755 2556 quod
777 2514 925 2548 naturae
947 2517 1018 2553 est,
1044 2513 1198 2560 integra
1220 2515 1520 2560 reparabuntur,
1542 2516 1636 2562 quia
1657 2515 1764 2552 vide-

142 2552 291 2589 licetin
324 2558 434 2591 ‘aetate
463 2556 636 2607 perfecta
664 2562 872 2604 resurgent
892 2559 1041 2606 absque
1074 2561 1182 2597 omni
1208 2561 1468 2598 diminutione
1496 2562 1765 2600 membrorum

143 2604 180 2650 et
202 2600 349 2653 ubsque
370 2611 477 2638 omni
497 2603 650 2640 defectu
672 2608 709 2640 et
727 2606 994 2650 corruptione,
1014 2616 1130 2653 quern
1156 2617 1266 2645 error
1286 2613 1449 2648 naturae,
1472 2613 1539 2645 aut
1556 2608 1764 2646 infirmitas

141 2648 371 2699 introduxit.
396 2650 503 2686 Unde
533 2651 747 2696 Apostolus
781 2652 888 2697 dicit,
910 2655 924 2689 I
945 2653 993 2690 ad
1015 2655 1204 2699 Corinth„
1228 2664 1296 2700 xv,
1327 2659 1371 2693 52
1391 2668 1400 2692 2
1421 2657 1556 2691 Mortui
1579 2658 1765 2700 resument

141 2697 364 2738 incorrchti3
380 2697 493 2747 'quod
524 2698 778 2749 manifestum
799 2703 860 2736 est
889 2700 936 2736 de
959 2701 1146 2739 omnibus
1168 2703 1309 2739 debere
1341 2703 1510 2749 intelligi
1529 2706 1609 2740 tam
1628 2703 1759 2742 bonis,

142 2748 261 2791 quam
295 2743 424 2785 malis,
446 2753 493 2780 ex
525 2744 588 2796 bis
620 2755 707 2791 quae
743 2746 968 2791 praecedunt
1004 2752 1041 2784 et
1077 2750 1360 2796 sequunturin
1381 2749 1523 2786 littera.
1551 2749 1650 2793 Quia
1668 2758 1762 2786 vero

143 2795 277 2838 anima
308 2797 443 2824 eorum
478 2795 549 2827 erit
584 2792 803 2829 secundum
837 2794 1080 2831 voluntatem
1111 2806 1134 2832 a
1165 2798 1245 2833 Deo
1267 2805 1418 2841 aversa,
1438 2800 1476 2833 et
1504 2796 1580 2832 fine
1600 2796 1761 2841 proprio

144 2832 344 2885 destituta,
367 2844 503 2872 eorum
539 2848 706 2889 corpora
735 2848 817 2876 non
843 2844 958 2877 erunt
989 2842 1224 2888 spiritualia,
1261 2844 1377 2890 quasi
1410 2842 1562 2888 spiritui
1596 2843 1760 2879 omnino

145 2879 335 2928 subjecta,
357 2882 426 2919 sed
446 2892 574 2930 magis
595 2894 732 2923 eorum
767 2886 901 2924 anima
933 2898 1004 2934 per
1022 2888 1208 2928 affectum
1242 2891 1316 2929 erit
1340 2889 1525 2929 carnalis
1561 2890 1640 2934 Nec
1671 2890 1763 2937 ipsa
