1894 3223
0 0 163 45 1³15*-
193 0 201 12 ·

747 143 833 178 LlB.
861 142 908 186 ll,
937 142 1038 178 CAP.
1063 142 1131 177 XX.
1673 143 1736 178 121

126 224 348 265 seeundum
369 222 476 272 quod
497 226 557 261 est
575 226 722 268 motus,
744 226 803 260 est
823 222 1021 260 divisibile
1038 222 1098 259 vel
1113 221 1330 260 secundum
1349 222 1620 268 quantitatem,
1637 222 1738 260 sicut

123 273 168 312 in
188 275 299 311 motu
321 271 438 309 locali
459 270 551 308 etin
571 272 799 317 augmento,
833 270 892 306 vel
923 269 1142 306 secundum
1176 269 1441 306 intensionem
1473 273 1511 305 et
1535 270 1739 307 remissio-

124 328 231 364 nem,
255 319 360 357 sicut
377 318 419 356 in
437 316 683 355 alteratione.
705 317 784 354 Hoc
805 320 934 353 aulem
957 317 1175 353 secundum
1196 316 1392 363 contingit
1411 316 1642 361 dupliciter:
1659 326 1740 355 uno

125 367 261 411 modo,
280 365 373 413 quia
401 364 490 411 ipsa
509 364 652 408 forma,
673 372 760 410 quae
781 367 842 400 est
861 364 1054 400 terminus
1086 368 1232 408 motus,
1264 366 1323 401 est
1352 363 1565 400 divisibilis
1598 373 1740 401 secun-

125 414 219 453 dum
238 411 507 450 intensionem
522 414 560 448 et
585 410 887 454 remissionem;
910 410 1012 447 sicut
1043 414 1148 456 patet
1177 420 1267 448 cum
1301 409 1449 457 aliquid
1480 414 1660 448 movetur
1692 411 1740 448 ad

125 460 374 504 albedinem;
406 458 486 496 alio
516 458 650 502 modo,
685 457 780 505 quia
804 458 894 494 talis
916 457 1058 494 divisio
1079 458 1328 504 contingitin
1341 457 1672 503 dispositionibus
1692 458 1742 496 ad

123 507 244 546 talem
259 507 440 552 sormam,
457 504 561 543 sicut
573 503 656 542 sieri
673 505 778 552 ignis
793 504 1062 542 successivum
1079 508 1138 542 est
1149 508 1306 551 propter
1319 505 1589 542 alterationem
1602 515 1743 551 praece-

127 554 287 592 dentem
321 553 427 591 circa
445 552 732 599 dispositiones
752 551 799 589 ad
821 552 1001 589 sormam.
1024 554 1153 597 Ipsum
1186 556 1315 589 autem
1355 561 1442 594 esse
1481 552 1742 590 substantiale

127 604 318 640 creaturae
348 608 430 637 non
450 603 511 638 est
531 599 730 637 divisibile
750 599 868 636 modo
891 599 1077 645 praedicto
1094 611 1102 643 ;
1120 599 1212 645 quia
1231 596 1454 636 substantia
1475 608 1552 636 non
1575 600 1744 645 suscipit

126 648 258 696 magis
281 651 319 684 et
337 647 494 692 minus;
516 655 589 684 nec
619 647 660 683 in
681 646 879 684 creatione
900 646 1124 692 praecedunt
1144 645 1443 692 dispositiones,
1463 646 1627 683 materia
1663 655 1742 684 non

133 694 441 743 praeexistente:
464 702 556 731 nam
576 693 787 740 dispositio
817 703 864 730 ex
892 697 1001 740 parte
1033 693 1207 730 materiae
1238 695 1310 730 est.
1345 693 1593 740 Relinquitur
1622 693 1744 741 igitur

134 741 241 790 quod
262 742 303 779 in
336 740 536 779 creatione
555 749 633 778 non
656 741 784 787 possit
804 750 891 778 csse
912 740 1046 786 aliqua
1061 739 1280 777 successio.
1453 753 1464 764 ⁶

178 790 374 834 Praeterea,
398 788 604 826 successio
626 788 666 824 in
688 797 817 825 rerum
841 787 1080 824 factionibus
1101 796 1148 823 ex
1171 786 1325 838 defectu
1348 787 1520 825 materiae
1550 787 1741 834 provenit,

136 844 225 884 quae
247 844 329 873 non
348 835 629 873 convenienter
649 838 707 873 est
728 844 749 872 a
767 834 960 881 principio
979 833 1026 870 ad
1056 837 1321 879 receptionem
1355 834 1490 872 formae
1518 834 1714 882 disposita
1734 846 1742 871 :

133 883 242 921 unde
261 882 421 930 quando
441 881 698 929 materiajam
718 882 888 928 perfecte
909 880 1102 926 disposita
1133 885 1193 917 est
1212 880 1259 917 ad
1280 881 1460 926 sormam,
1491 891 1577 919 eam
1608 881 1746 928 recipit

130 928 174 968 in
195 930 383 968 instanti:
407 932 445 967 et
461 929 552 966 inde
565 933 625 966 est
642 928 868 975 quod,quia
888 927 1128 972 diaplianum
1149 936 1306 973 semper
1323 929 1439 965 estin
1454 929 1592 966 ultima
1611 929 1744 975 dispo-

138 976 286 1015 sitione
302 976 350 1014 ad
370 976 514 1021 lucem,
535 975 667 1013 statim
699 974 747 1011 ad
781 975 1032 1020 praesentiam
1052 974 1173 1012 lucidi
1194 974 1234 1011 in
1256 978 1344 1012 actu
1367 975 1637 1020 illuminatur;
1673 984 1745 1013 nec

136 1023 283 1071 aliquis
303 1026 435 1060 motus
450 1022 635 1068 praeeedit
654 1031 700 1059 ex
718 1026 825 1067 parte
845 1021 1134 1066 illuminabilis,
1157 1022 1225 1058 sed
1248 1022 1377 1058 solum
1398 1026 1531 1059 motus
1548 1023 1686 1060 localis
1700 1031 1747 1060 ex

0 1072 3 1114 i
133 1075 243 1118 parte
263 1069 541 1113 illuminantis,
563 1078 632 1115 per
649 1078 764 1115 quem
785 1067 829 1105 fit
846 1077 1036 1114 praesens.
1052 1070 1095 1105 In
1116 1069 1314 1106 creatione
1327 1072 1456 1106 autem
1472 1070 1571 1106 nibil
1589 1069 1750 1116 praeexi-

0 1132 3 1142 =
131 1117 238 1164 gitur
257 1125 305 1154 ex
323 1120 432 1163 parte
446 1115 635 1161 materiae,
650 1125 721 1152 nec
735 1115 884 1162 aliquid
906 1115 1015 1152 deest
1031 1115 1164 1162 agenti
1184 1115 1232 1153 ad
1250 1116 1461 1162 agendum,
1482 1116 1587 1163 quod
1608 1120 1746 1162 postea

131 1172 202 1210 per
217 1167 369 1200 motum
398 1163 434 1200 ei
457 1162 625 1208 eveniat,
646 1172 736 1200 cum
771 1163 823 1199 sit
857 1162 1090 1207 immobilis,
1120 1166 1163 1199 ut
1189 1162 1229 1208 (l.
1250 1172 1278 1205 1,
1300 1172 1335 1200 c.
1359 1163 1414 1209 13)
1435 1167 1639 1201 ostensum
1673 1167 1746 1201 est.

132 1209 384 1258 Relinquitur
402 1209 524 1257 igitur
541 1208 647 1257 quod
666 1210 813 1262 creatio
840 1209 892 1247 sit
912 1210 950 1246 in
976 1210 1138 1246 instanti
1166 1219 1174 1244 :
1203 1209 1307 1246 unde
1328 1210 1447 1247 simul
1467 1211 1630 1257 aliquid,
1653 1210 1746 1248 dum

132 1260 300 1302 creatur,
322 1261 496 1295 creatum
524 1259 597 1302 est,
619 1256 722 1294 sicut
743 1256 863 1294 simul
895 1256 1143 1294 illuminatur
1164 1260 1201 1294 et
1216 1257 1484 1294 illuminatum
1506 1261 1578 1295 est.

181 1305 227 1342 Et
256 1304 360 1342 unde
392 1307 454 1342 est
481 1303 587 1352 quod
617 1304 815 1351 Scriptura
841 1303 975 1340 divina
1005 1304 1245 1342 creationem
1278 1313 1406 1341 rerum
1440 1305 1481 1340 in
1512 1304 1745 1342 indivisibili

132 1354 278 1394 tactam
298 1351 526 1397 pronuntiat
543 1350 680 1389 dicens
702 1362 711 1388 z
732 1352 775 1387 In
790 1352 974 1397 principio
993 1353 1127 1386 creavit
1145 1353 1239 1387 Deus
1261 1352 1384 1387 coelam
1416 1354 1450 1387 et
1468 1354 1601 1388 terram
1622 1351 1745 1399 (Gen,

133 1406 163 1444 1,
183 1401 220 1436 ll
247 1426 255 1436 .
289 1398 402 1443 Quod
433 1398 592 1446 quidem
626 1397 863 1445 principium
898 1398 1069 1447 basilius
1103 1399 1334 1444 principium
1366 1400 1555 1444 temporis
1573 1399 1746 1445 exponit,

135 1454 214 1499 quo
240 1448 407 1540 sop)0rtet
425 1454 514 1484 esse
534 1445 791 1491 indivisibile,
813 1449 856 1483 ut
874 1445 916 1482 in
936 1448 1048 1483 sexto
1068 1446 1177 1491 Phys.
1199 1445 1387 1492 probatur
1408 1446 1513 1493 (text.
1536 1455 1679 1485 comm.
1701 1449 1747 1484 24

137 1496 175 1529 et
192 1501 234 1530 m
255 1501 297 1530 ra
317 1521 326 1531 .

798 1604 964 1646 CAPUT
1000 1605 1086 1647 XX.

536 1718 635 1753 QUOD
661 1719 814 1748 NULLUM
845 1719 987 1748 GORPUS
1012 1718 1156 1748 POTEST
1181 1719 1345 1749 GREARE.

187 1823 238 1860 Ex
259 1821 334 1859 hoc
354 1825 484 1859 autem
515 1821 716 1859 evidenter
750 1826 909 1868 apparet
942 1823 1044 1868 quod
1077 1823 1229 1860 nullum
1263 1832 1407 1869 eorpus
1440 1826 1570 1869 potest
1597 1823 1747 1872 aliquid

138 1878 209 1917 per
227 1869 389 1907 modum
412 1869 626 1907 creationis
640 1869 872 1915 producere.
894 1870 1054 1907 Nullum
1077 1870 1182 1907 enim
1201 1879 1345 1916 corpus
1380 1871 1474 1917 agit,
1494 1871 1570 1908 nisi
1592 1881 1749 1911 movea-

137 1919 216 1962 tur,
237 1925 285 1954 eo
305 1915 410 1963 quod
431 1918 608 1962 oporteat
633 1925 756 1963 agens
773 1920 811 1953 et
829 1916 983 1962 patiens
1004 1926 1092 1954 esse
1108 1917 1241 1962 simul,
1262 1918 1323 1954 vel
1356 1917 1507 1955 faciens
1527 1922 1564 1955 et
1583 1919 1743 1957 sactum.

139 1963 263 2003 Simul
277 1967 406 2001 autem
424 1965 530 2007 sunt,
544 1963 683 2010 quaein
699 1963 836 2001 eodem
852 1964 940 2001 loco
955 1967 1062 2009 sunt,
1077 1965 1293 2001 uthabetur
1306 1964 1346 2001 in
1359 1965 1497 2011 quinto
1511 1967 1622 2010 Phys.
1640 1966 1748 2012 (text.

141 2019 286 2049 comm.
307 2010 388 2058 22);
416 2010 548 2048 locum
579 2013 708 2048 autem
740 2019 820 2048 non
843 2010 1012 2057 acquirit
1031 2020 1176 2057 corpus
1204 2011 1281 2048 nisi
1302 2021 1371 2057 per
1398 2015 1548 2049 motum
1567 2025 1575 2049 :
1595 2013 1748 2050 nullum

141 2061 273 2096 autem
289 2067 362 2110 cor
391 2066 439 2095 us
459 2060 638 2110 movetur
656 2057 735 2095 nisi
757 2057 988 2104 intempore
1013 2069 1021 2094 :
1044 2058 1231 2105 quicquid
1260 2059 1381 2106 igitur
1398 2059 1441 2096 fit
1468 2069 1537 2104 per
1556 2060 1752 2097 actionem

142 2113 337 2151 corpor1s,
386 2108 399 2141 t
419 2113 658 2142 successive.
684 2105 835 2142 Creatio
856 2108 1000 2149 autem,
1023 2109 1285 2143 utostensum
1301 2109 1360 2143 est
1377 2105 1425 2153 (c.
1449 2106 1521 2151 19),
1544 2107 1752 2144 nonhabet

141 2151 454 2236 {pcqeffiimdem‘
472 2151 578 2189 Nihil
597 2151 719 2199 igitur
739 2155 870 2199 potest
887 2161 911 2190 a
927 2161 1092 2198 corpore
1114 2161 1365 2200 quocumque
1384 2162 1454 2199 per
1470 2153 1631 2191 modum
1648 2163 1754 2191 crea·

159 2207 266 2237 ionis
286 2207 356 2245 pro
388 2208 463 2236 uei.

190 2247 382 2290 Praeterea,
415 2254 533 2283 omne
556 2254 688 2293 agens>
713 2245 818 2293 quod
837 2245 919 2293 agit
947 2246 989 2283 in
1010 2249 1201 2293 quantum
1228 2249 1419 2291 movetur,
1450 2247 1497 2283 de
1517 2247 1752 2284 necessitate

143 2295 273 2331 movet
292 2292 389 2330 illud
413 2292 454 2329 in
473 2292 578 2339 quod
599 2292 679 2339 agit
697 2304 706 2329 z
724 2294 870 2330 factum
898 2293 1003 2330 enim
1026 2296 1064 2330 et
1096 2302 1259 2339 passum
1296 2294 1552 2340 consequitur
1583 2294 1752 2339 disposi-

144 2339 296 2377 tionem
318 2339 500 2377 facientis
518 2342 555 2376 et
572 2339 740 2386 agentis,
760 2349 807 2377 eo
828 2340 933 2386 quod
958 2348 1075 2378 omne
1101 2349 1225 2387 agens
1245 2340 1327 2386 agit
1355 2340 1430 2377 sibi
1450 2340 1579 2377 simile
1600 2352 1611 2375 :
1635 2340 1749 2380 unde,

145 2386 181 2425 si
201 2394 324 2434 agens
343 2395 424 2423 non
438 2386 480 2423 in
498 2385 634 2423 eadem
655 2386 918 2432 dispositione
936 2395 979 2424 se
999 2386 1149 2424 habens
1171 2387 1264 2434 agit,
1297 2387 1338 2422 in
1363 2390 1552 2432 quantum
1581 2395 1650 2432 per
1668 2395 1752 2423 mo-

144 2436 229 2471 tum
252 2432 435 2477 variatur,
456 2435 610 2477 oportet
627 2434 731 2480 quod
750 2434 866 2470 etiam
893 2434 935 2470 in
956 2433 1126 2480 patiente
1153 2437 1189 2470 et
1222 2433 1324 2470 sacto
1350 2433 1527 2479 quaedam
1550 2433 1752 2470 renovatio

145 2479 454 2527 dispositionum
475 2479 555 2523 fiat,
576 2480 682 2525 quod
703 2481 789 2517 sine
810 2483 918 2517 motu
939 2489 1028 2518 esse
1049 2489 1130 2517 non
1151 2482 1293 2526 potest.
1313 2480 1436 2516 Omne
1457 2483 1585 2516 autern
1608 2489 1752 2526 corpus

145 2535 228 2565 non
249 2530 379 2564 movet
399 2525 477 2563 nisi
498 2529 663 2570 motum,
682 2530 725 2563 ut
744 2527 948 2572 probatum
981 2529 1053 2564 est.
1086 2526 1191 2563 Nihil
1212 2526 1335 2578 igitur
1368 2525 1412 2562 fit
1444 2535 1466 2563 a
1497 2527 1674 2572 eorporis
1695 2536 1755 2564 ac-

145 2574 255 2612 tione
273 2573 352 2612 nisi
378 2582 447 2620 per
465 2575 615 2611 motum
634 2573 694 2610 vel
715 2575 973 2610 mutationem
1007 2573 1113 2610 facti.
1145 2574 1295 2609 Creatio
1328 2576 1457 2610 autem
1489 2582 1567 2610 non
1590 2577 1650 2610 est
1669 2582 1755 2610 mu·

145 2621 257 2663 tatio,
281 2629 354 2658 nec
374 2626 520 2705 ωοιέε,
543 2622 586 2657 ut
609 2622 814 2657 ostensum
844 2624 916 2658 est.
948 2619 1071 2666 Igitur
1102 2619 1255 2657 nullum
1282 2628 1426 2666 corpus
1449 2623 1580 2667 potest
1604 2619 1754 2668 aliquid

146 2677 312 2708 causare
331 2677 448 2705 crean
479 2676 517 2705 o.

193 2716 294 2756 Item,
316 2724 406 2752 cum
433 2724 556 2761 agens
574 2716 612 2752 et
643 2713 788 2751 sactum
810 2716 988 2759 oporteat
1015 2712 1091 2750 sibi
1123 2721 1212 2751 esse
1238 2713 1399 2759 similia,
1420 2722 1501 2750 non
1519 2716 1754 2760 potestesse

149 2762 425 2810 productivum
444 2762 568 2800 totius
589 2760 821 2799 substantiae
842 2761 933 2797 facti
952 2760 1057 2807 quod
1077 2769 1157 2797 non
1184 2763 1266 2797 tota
1295 2769 1369 2798 sua
1400 2761 1622 2798 substantia
1650 2761 1753 2808 agit;

149 2809 254 2847 sicut
264 2819 285 2846 e
297 2818 488 2846 converso
500 2808 639 2856 probat
649 2808 888 2854 Pliilosopus
901 2807 941 2844 in
954 2807 1122 2852 septimo
1135 2807 1292 2853 Metapa.
1304 2806 1411 2854 (text.
1426 2817 1569 2845 comm.
1580 2808 1639 2855 28)
1649 2807 1754 2854 quod

149 2856 277 2894 forma
295 2855 382 2893 sine
402 2856 579 2902 materia,
602 2858 777 2903 quaetota
792 2864 834 2891 se
853 2854 946 2900 agit,
967 2857 1185 2900 nonpotest
1198 2863 1286 2891 esse
1300 2864 1422 2892 eausa
1435 2855 1613 2900 proxima
1634 2863 1753 2900 gene-

149 2901 331 2950 rationis,
352 2902 571 2943 seeundum
590 2910 707 2951 quam
733 2902 819 2939 sola
841 2902 967 2939 forma
986 2901 1027 2939 in
1059 2904 1189 2940 aetum
1212 2901 1404 2940 educitur.
1435 2901 1593 2940 Nullum
1624 2904 1754 2939 autem
