1894 3223
627 137 713 174 LIB.
740 139 805 180 ΙΙΙ,
834 137 934 174 CAP.
963 136 1122 174 cxxxlt.
1619 137 1688 175 443

66 223 249 266 tempus;
270 217 411 256 deinde
430 217 524 265 quia
537 217 729 263 possibile
749 221 786 255 et
808 217 921 254 facile
937 222 996 254 cst
1011 217 1238 264 hujusmodi
1257 217 1440 264 pretium,
1456 216 1516 254 vel
1546 215 1686 269 fraude

69 268 404 312 dispensatorum,
425 264 486 301 vel
525 265 643 308 furto,
665 268 732 301 aut
770 265 920 309 rapina,
950 265 1141 310 deperire.
1164 264 1437 302 Remauebunt
1472 264 1591 311 igitur
1626 263 1686 302 1111

68 315 134 360 qui
157 313 273 350 talem
294 314 561 357 paupertatem
583 314 785 348 sectantur
805 311 955 358 absque
975 312 1267 349 sustentatione
1287 311 1390 349 vitae.

115 361 215 402 Item,
234 359 358 395 multa
378 357 598 395 accidentia
626 361 720 395 sunt
753 358 899 405 quibus
931 358 1113 396 homines
1139 361 1337 405 coguntur
1361 358 1494 395 locum
1521 361 1687 396 mutare.

69 408 152 443 Non
174 406 296 452 igitur
315 405 388 441 erit
408 404 523 441 facile
544 405 748 450 providere
781 405 844 442 his
878 414 980 451 quos
1009 408 1165 451 oportet
1196 406 1297 442 sorte
1326 415 1395 451 per
1426 405 1582 457 diycrsa
1601 405 1690 443 loca

66 452 241 498 dispergi
263 451 310 488 de
330 452 456 497 pretio
473 455 680 498 assumpto
700 461 747 489 ex
770 452 1100 497 possessionibus
1119 452 1161 490 in
1180 461 1392 490 commune
1411 452 1563 489 relicto.

118 501 184 536 Est
203 503 332 535 autem
355 498 458 535 alius
478 498 622 536 modus
641 498 812 543 vivendi,
832 502 875 536 ut
894 499 1175 544 possessiones
1196 499 1366 538 habeant
1379 508 1626 542 communes,
1643 508 1691 536 ex

67 545 213 629 qissbus
234 545 408 628 εἰυὲυυε
433 545 687 591 provideatur
719 549 838 593 prout
856 545 916 583 eis
948 553 1050 593 opus
1082 545 1212 591 fuerit,
1245 546 1350 583 sicut
1369 546 1411 583 in
1431 546 1688 584 monasteriis

112 592 251 630 urimis
271 601 294 629 o
325 596 517 629 servatur.

66 601 91 640 p
113 639 186 676 Sed
208 648 280 676 nec
299 639 363 676 hic
383 639 527 676 modus
550 639 705 676 videtur
718 640 974 676 conveniens.
995 639 1280 677 possessiones
1295 639 1401 676 enim
1420 643 1585 680 terrenae
1608 640 1688 677 sol·

66 685 314 728 Ucitudinem
333 685 516 730 afferunt,
538 690 577 722 et
605 690 764 733 propter
793 687 1112 732 procurationem
1143 686 1356 730 fructuum,
1377 689 1423 738 ‚et
1442 691 1601 732 propter
1623 687 1688 723 de·

64 732 292 770 ‘sensionem
309 742 444 770 earum
464 736 604 770 contra
623 733 782 770 fraudes
801 737 837 769 et
855 734 1090 777 violentias:
1111 736 1150 770 et
1168 737 1275 771 tanto
1307 741 1496 779 majorem
1515 737 1552 769 et
1571 743 1593 771 a
1608 734 1692 779 plu·

67 779 180 817 ribus
201 783 356 826 oportet
379 779 512 817 haberi
551 779 877 824 sollicitudinem,
911 783 1060 826 quanto
1095 780 1265 826 majores
1296 780 1578 826 possessiones
1601 790 1690 818 esse

69 830 224 872 oportet
244 836 331 873 quae
367 826 569 863 sufficiant
595 827 645 864 acl
678 827 849 872 plurium
886 827 1230 864 sustentationem.
1266 827 1422 873 Deperit
1456 827 1578 872 igitur
1614 828 1690 865 hoc

69 874 188 910 modo
212 872 304 911 finis
329 873 563 911 voluntariae
582 874 838 919 paupertatis,
860 874 906 910 ad
937 874 1069 912 minus
1101 878 1293 920 quantum
1322 874 1371 913 ad
1405 874 1566 921 multos,
1584 883 1686 922 quos

69 924 224 966 oportet
243 920 349 958 circa
367 920 639 966 procurandas
660 921 939 966 possessiones
956 930 1044 958 esse
1066 921 1277 958 sollicitos.

115 968 216 1009 Item,
238 967 464 1004 communis
481 967 688 1013 possessio
708 967 811 1004 solet
828 976 916 1004 esse
932 977 1053 1004 causa
1073 967 1305 1012 discordiam
1331 977 1411 1007 non
1433 968 1537 1005 cuim
1560 967 1693 1005 viden·

68 1017 132 1050 tur
151 1014 306 1058 litigare
325 1014 392 1060 qui
412 1013 511 1052 nibil
532 1014 914 1059 habentcommune,
934 1018 974 1051 ut
988 1015 1150 1060 Hispani
1166 1018 1202 1052 et
1223 1016 1367 1059 Persae,
1390 1015 1461 1053 sed
1481 1015 1548 1062 qui
1568 1015 1689 1052 simul

67 1060 218 1106 aliquid
241 1060 387 1096 habent
406 1069 616 1097 commune
634 1072 642 1105 ;
663 1064 822 1106 propter
841 1060 947 1107 quod
980 1062 1099 1098 etiam
1132 1062 1235 1098 inter
1271 1061 1412 1100 fratres
1433 1066 1526 1098 sunt
1541 1062 1687 1109 Jurgia.

68 1106 274 1143 Discordia
292 1110 422 1143 autem
443 1107 613 1144 maxime
633 1107 794 1152 impedit
818 1108 1065 1144 vocationem
1091 1108 1237 1144 mentis
1267 1108 1374 1146 circa
1393 1108 1539 1151 divina,
1562 1112 1604 1145 ut
1624 1117 1689 1145 su·

68 1162 138 1199 pra
160 1153 208 1199 (c.
232 1153 312 1199 128)
335 1153 481 1190 dictum
504 1157 577 1190 est.
596 1153 755 1192 videtur
774 1154 895 1201 igitur
924 1154 1067 1192 modus
1087 1155 1162 1192 iste
1182 1155 1338 1192 vivendi
1358 1155 1549 1201 impedire
1570 1154 1689 1192 finem

67 1200 301 1237 voluntariae
323 1201 579 1246 paupertatis.

117 1247 254 1284 Adhuc
275 1251 405 1284 autem
428 1251 489 1284 est
508 1247 648 1284 tertius
669 1247 812 1285 modus
830 1248 1001 1292 vivendi,
1019 1252 1062 1285 ut
1080 1248 1128 1285 de
1158 1248 1361 1286 laboribus
1389 1258 1580 1286 manuum
1600 1258 1690 1287 sua·

70 1303 157 1331 rum
178 1295 311 1330 vivant
325 1294 393 1340 qui
409 1294 671 1332 voluntariam
689 1298 957 1341 paupertatem
977 1299 1203 1340 sectantur;
1223 1306 1342 1343 quem
1355 1296 1513 1343 quidem
1534 1296 1691 1333 vivendi

71 1340 232 1377 modum
255 1342 403 1378 Paulus
424 1341 630 1387 apostolus
649 1342 902 1388 sequebatur,
921 1348 959 1379 et
978 1342 1068 1380 aliis
1088 1342 1379 1381 observandum
1401 1352 1475 1381 suo
1510 1344 1690 1389 exemplo

70 1390 109 1424 et
127 1387 378 1424 institutione
399 1387 563 1426 dimisit.
585 1389 736 1426 Dicitur
754 1389 875 1433 enim,
898 1391 929 1426 11
949 1389 1102 1434 Thess„
1122 1398 1180 1435 111,
1201 1392 1290 1428 8·lO
1310 1402 1319 1427 :
1337 1391 1418 1428 Non
1431 1392 1548 1436 aratis
1559 1400 1692 1435 panem

69 1435 370 1470 manducavimus
390 1434 435 1471 ab
453 1435 588 1481 aliquo,
607 1435 670 1472 sed
685 1437 724 1471 in
744 1435 863 1472 labore
881 1438 916 1471 et
932 1436 1161 1480 fatigatione,
1179 1439 1278 1473 nocte
1294 1439 1328 1472 et
1344 1438 1414 1482 die,
1428 1440 1628 1483 operantes,
1647 1447 1692 1473 ne

71 1491 175 1526 quem
193 1484 350 1517 vestrum
369 1491 602 1525 qravaremus
621 1495 633 1518 .·
654 1492 725 1517 non
745 1484 852 1527 quasi
870 1492 941 1518 non
962 1483 1191 1519 habuerimus
1210 1487 1434 1529 potestatem,
1453 1484 1516 1520 scil
1548 1487 1589 1519 ut
1609 1494 1691 1520 nos·

69 1530 238 1573 metipsos
257 1529 413 1572 formam
433 1528 600 1565 daremus
613 1530 712 1565 vobis
741 1529 791 1564 ad
808 1529 1025 1565 imitandum
1043 1540 1120 1566 nos.
1136 1531 1229 1567 Nam
1254 1534 1300 1576 et,
1322 1541 1402 1567 cum
1420 1541 1572 1567 essemus
1591 1531 1692 1575 apud

67 1585 144 1658 gos,
180 1575 242 1610 hoc
271 1575 577 1612 demmciabamus
597 1576 711 1617 vobis,
739 1577 911 1622 quoniam
938 1578 973 1612 si
997 1578 1079 1622 quis
1106 1587 1177 1612 vwzz
1204 1578 1283 1613 vult
1309 1580 1465 1625 operari,
1496 1587 1558 1614 nec
1587 1588 1690 1613 metn-

96 1624 184 1658 acet.

115 1668 191 1705 Sed
210 1677 282 1704 nec
302 1668 378 1705 iste
404 1668 547 1707 modus
578 1669 734 1706 vivendi
758 1670 912 1706 videtur
946 1679 1036 1707 esse
1058 1671 1315 1709 conveniens.
1338 1670 1465 1708 Labor
1484 1672 1589 1708 enim
1612 1680 1691 1709 ma-
1706 1696 1716 1706 .

69 1715 202 1752 nualis
224 1716 477 1753 necessarius
497 1719 558 1753 est
574 1716 620 1753 ad
643 1717 973 1754 sustentationem
994 1717 1097 1762 vitae,
1116 1718 1336 1755 secundum
1357 1718 1462 1765 quod
1480 1719 1688 1764 peripsum

71 1761 223 1809 aliquid
243 1762 474 1808 acquiritur.
494 1763 645 1800 Vanum
663 1767 794 1800 autem
816 1764 969 1800 videtur
987 1765 1092 1810 quod
1107 1765 1202 1811 quis>
1216 1765 1446 1812 relinquens
1468 1765 1563 1802 illud
1584 1766 1690 1812 quod

68 1809 342 1846 necessarium
373 1811 447 1854 est,
481 1809 624 1847 iterum
657 1810 861 1856 acquirere
893 1810 1057 1847 laboret.
1079 1812 1118 1848 Si
1156 1812 1278 1858 igitur
1305 1817 1396 1857 post
1426 1812 1689 1850 voluntariam

68 1858 339 1901 paupertatem
358 1856 629 1894 necessarium
666 1860 728 1894 est
761 1857 902 1893 iterum
924 1858 1127 1904 acquirere
1148 1859 1251 1896 unde
1280 1859 1426 1907 aliquis
1447 1863 1691 1897 sustentetur

68 1911 138 1948 per
157 1902 331 1939 laborem
349 1902 589 1948 manualem,
609 1912 758 1941 vanum
780 1903 854 1942 fuit
873 1903 942 1942 illa
961 1904 1157 1943 dimittere
1180 1906 1317 1945 omnia
1347 1915 1435 1954 quae
1459 1906 1550 1954 quis
1570 1905 1690 1944 habe·

69 1949 134 1986 bat
156 1949 204 1986 ad
225 1949 555 1987 sustentationem
576 1950 678 1988 vitas.

113 1995 259 2040 Adhuc,
279 1996 504 2033 voluntaria
522 2000 734 2044 paupertas
766 1997 815 2035 ad
839 1998 915 2035 hoc
952 1999 1176 2037 consulitur
1196 2004 1238 2037 ut
1254 2010 1324 2046 per
1340 2010 1427 2038 eam
1448 2001 1593 2048 aliquis
1615 2001 1691 2039 dis·

65 2046 237 2089 ponatur
252 2042 301 2080 ad
321 2043 542 2089 expeditius
556 2044 803 2091 sequendum
825 2046 1038 2091 Christum,
1057 2056 1126 2092 per
1145 2047 1220 2085 hoc
1241 2047 1346 2094 quod
1367 2057 1390 2085 a
1409 2048 1690 2086 sollicitudini·

68 2090 147 2126 bus
167 2089 427 2127 saecularibus
442 2090 644 2128 liberatur.
665 2091 848 2138 Majorem
871 2096 1002 2131 autem
1030 2093 1342 2132 sollicitudinem
1363 2095 1562 2142 requirere
1582 2095 1689 2132 vide·

66 2140 132 2172 tur
164 2135 269 2187 quod
291 2136 436 2182 aliquis
467 2137 626 2182 proprio
647 2137 782 2175 labore
813 2139 958 2177 victum
997 2140 1189 2187 acquirat,
1210 2151 1329 2190 quam
1364 2142 1470 2188 quod
1507 2142 1571 2180 his
1602 2151 1689 2189 quae

68 2182 207 2219 habuit
226 2185 359 2218 utatur
395 2182 446 2221 ad
465 2185 798 2222 sustentationem
824 2186 927 2230 vitae,
948 2190 987 2222 et
1013 2188 1211 2233 praecipue
1243 2189 1277 2226 si
1311 2189 1449 2226 habuit
1468 2190 1691 2234 possessio·

67 2237 140 2266 nes
162 2228 400 2280 moderatas,
417 2232 485 2266 aut
516 2230 636 2267 etiam
662 2231 795 2277 aliqua
829 2232 994 2270 mobilia
1020 2242 1070 2271 ex
1106 2235 1251 2281 quibus
1272 2235 1314 2271 in
1343 2239 1527 2281 promptu
1543 2240 1625 2273 erat
1647 2240 1690 2273 ut

69 2278 246 2314 sumeret
260 2278 389 2313 victus
411 2277 651 2329 necessaria.
671 2279 757 2314 Non
781 2278 903 2324 igitur
931 2279 1061 2317 vivere
1079 2280 1126 2317 de
1145 2281 1350 2320 laboribus
1370 2291 1561 2320 manuum
1580 2282 1689 2320 vide—

67 2326 133 2360 tur
152 2330 243 2360 esse
259 2330 502 2360 conveniens
519 2324 723 2370 proposito
743 2326 1033 2363 assumentium
1052 2327 1316 2366 voluntariam
1336 2333 1622 2375 paupertatem.

95 2368 268 2421 ,Ad-hoc
286 2373 418 2406 autem
437 2370 589 2408 accedit
607 2371 713 2417 quod
740 2372 947 2417 Dominus,
961 2374 1272 2413 sollicitudinem
1291 2379 1540 2413 terrenorum
1562 2385 1585 2412 a
1604 2375 1686 2413 dis-

66 2415 215 2461 cipulis
234 2423 458 2468 removens,
479 2416 554 2454 sub
572 2417 835 2456 similitudine
851 2420 1057 2458 voluerum
1075 2424 1113 2458 et
1141 2421 1317 2459 liliorum
1346 2423 1429 2468 agri
1456 2422 1611 2459 videtur
1627 2423 1687 2460 eis

69 2462 248 2501 laborem
279 2462 516 2500 interdicere
542 2465 788 2510 manualem;
810 2465 908 2503 dicit
935 2467 1040 2504 enim
1060 2478 1069 2504 :
1089 2469 1267 2513 Respicite
1291 2469 1457 2505 volatitia
1481 2470 1570 2510 coeli,
1603 2480 1688 2515 quo-

65 2510 169 2545 niam
186 2519 301 2554 neque
320 2511 458 2550 serunt,
477 2519 591 2556 neque
608 2513 757 2555 metunt,
778 2523 891 2557 neque
907 2517 1125 2559 conareqant
1142 2516 1183 2550 in
1201 2515 1332 2552 horrea
1350 2515 1512 2562 (Metam,
1525 2524 1582 2557 VI,
1598 2516 1658 2563 26)
1675 2527 1685 2561 3

67 2556 268 2640 efbiteggm
289 2567 300 2594 ε
320 2556 551 2595 Considerate
569 2558 650 2595 lilia
667 2559 751 2604 ayri
769 2559 941 2605 quomodo
961 2563 1135 2606 crescunt,
1153 2571 1226 2598 aon
1250 2561 1431 2609 laborant,
1452 2572 1566 2610 neque
1584 2565 1683 2600 nent.

65 2601 81 2649 (
116 2603 278 2687 V’idetgr
294 2650 414 2688 etiam
431 2650 496 2688 hic
516 2651 659 2690 modus
678 2651 836 2690 vivendi
855 2652 1119 2692 insufficiens.
1147 2640 1244 2692 Nffii
1271 2655 1385 2693 multi
1417 2661 1511 2695 sunt
1535 2657 1685 2704 persec—

0 2723 5 2731 .
68 2695 221 2733 tionem
239 2696 330 2735 vitae
349 2697 621 2737 desiderantes
640 2698 786 2746 quibus
807 2700 1078 2752 nonsuppetit
1096 2701 1358 2745 facultas,aut
1376 2706 1455 2747 ars,
1473 2705 1688 2751 utpossint

69 2742 206 2795 labore
226 2752 418 2796 manuum
438 2744 558 2782 vitam
578 2746 812 2792 transigere,
831 2756 925 2793 qu1a
943 2756 1024 2784 non
1053 2748 1208 2786 suntin
1235 2749 1299 2786 his
1329 2750 1480 2795 nutriti,
1507 2752 1684 2799 1111411115-

68 2793 202 2826 tructi.
223 2791 288 2827 S1c
307 2791 413 2844 enim
433 2791 613 2829 melioris
637 2793 882 2830 conditionis
906 2797 1042 2831 essent
1068 2794 1117 2832 ad
1142 2795 1424 2841 perfectionem
1442 2798 1531 2836 vitae
1551 2807 1685 2844 capes-

69 2835 410 2891 sendam-’rustici‘
431 2842 471 2876 et
493 2837 660 2885 opifices
694 2848 814 2886 quam
859 2840 928 2887 qui
968 2841 1173 2887 sapientiae
1209 2843 1344 2881 studio
1367 2852 1587 2882 vacaverun
1646 2842 1686 2883 e't

70 2889 112 2921 111
145 2881 309 2932 divitus,
326 2889 366 2924 et
399 2894 440 2924 1n
458 2885 613 2925 deliciis
655 2895 756 2935 quas
781 2891 940 2935 propter
958 2887 1156 2930 Christum
1188 2889 1390 2938 deserunt,
1409 2896 1504 2931 sunt
1528 2901 1581 2930 nu
1612 2892 1681 2931 iti.
