1894 3223
640 55 726 91 [AB.
756 56 818 97 ill,
847 55 947 91 CAP.
974 54 1126 90 xm'ltl.
1622 54 1686 89 317

63 138 248 177 sibilibus
270 138 453 177 sumitur,
475 145 564 173 cum
587 140 624 172 et
662 136 748 181 ipsa
781 136 913 172 anima
934 136 981 172 de
1012 135 1143 181 scipsa
1165 136 1383 181 cognoscat
1407 132 1502 179 quid
1522 135 1596 177 est,
1619 140 1685 179 per

63 185 138 223 hoc
158 185 261 232 quod
282 188 444 222 naturas
464 184 647 229 intelligit
671 183 936 225 sensibilium,
960 186 1001 219 ut
1018 182 1166 218 dictum
1188 186 1247 219 est
1268 182 1367 227 (cap.
1387 181 1459 233 346).
1487 179 1595 217 Unde
1616 188 1689 218 nec

63 242 132 279 per
152 233 253 270 hanc
275 232 378 268 viam
413 240 602 276 cognosci
629 233 730 267 Deus
763 231 892 267 altiori
928 230 1046 266 modo
1066 233 1195 275 potest
1224 237 1342 276 quam
1365 231 1609 268 sicutcausa
1626 235 1693 265 co-

63 280 273 326 gnoscitur
292 288 361 325 per
381 277 577 315 effectum.
601 277 627 324 (l
648 281 762 324 part.,
787 287 824 324 q.
847 285 918 321 xn,
941 280 1012 314 art.
1034 276 1105 324 lt).

688 440 856 483 CAPUT
892 441 1065 482 XLVIII.

278 581 378 616 QUOD
405 581 549 610 ULTlm
576 580 738 609 HOMINIS
772 579 970 608 FELICITAS
1006 578 1085 607 NON
1110 577 1172 607 81'1·
1197 566 1237 606 I'N
1263 577 1341 607 HAG
1368 577 1475 608 VITA.

113 707 150 745 Si
169 716 263 753 ergo
291 707 466 743 humana
503 706 669 744 felicitas
699 706 838 743 ultima
868 713 946 742 non
978 704 1164 741 consistit
1197 704 1237 741 in
1258 704 1487 751 cognitione
1510 703 1591 750 Dei,
1613 712 1692 753 qua

68 754 332 792 communiter
352 755 399 790 ab
433 755 620 790 omnibns
650 754 708 790 vel
732 753 912 799 pluribus
948 752 1207 798 cognoscitur
1227 752 1448 789 secundum
1477 752 1691 799 quamdam

70 802 375 839 aestimationem
395 802 619 842 confusam,
640 810 767 846 neque
800 800 941 836 iterum
972 799 1012 834 in
1035 798 1265 845 cognitione
1288 799 1354 835 Dei
1376 808 1454 846 qua
1481 801 1692 847 cognosci-

70 852 133 886 tur
152 857 220 895 per
248 848 351 885 via'm
385 848 739 885 demonstrationis
768 847 807 883 in
841 846 1021 883 scientiis
1042 845 1310 891 speculativis,
1330 855 1458 893 neque
1486 846 1528 883 in
1557 847 1693 895 cogni-

70 895 177 933 tione
200 895 266 932 Dei
289 904 367 942 qua
398 895 655 941 cognoscitur
675 904 744 940 per
764 893 894 936 fidem,
918 896 960 930 ut
997 893 1037 929 in
1069 892 1343 944 superioribus
1372 892 1472 939 (cap.
1493 894 1614 942 38-40)
1635 895 1694 931 est

72 946 334 980 ostensum—
349 950 430 978 non
451 945 511 979 est
530 945 661 978 autem
684 941 873 987 possibile
895 940 936 976 in
960 940 1033 976 hac
1057 944 1135 976 vita
1149 940 1195 976 ad
1218 939 1396 976 altiorem
1415 940 1481 977 Dei
1498 940 1693 987 cognitio·

71 998 160 1026 nem
195 989 413 1035 pervenire,
436 992 479 1024 ut
507 998 575 1034 per
607 988 820 1024 essentiam
856 990 1135 1033 cognoscatur,
1157 986 1217 1023 vel
1240 987 1377 1023 saltem
1399 987 1452 1023 ita
1478 987 1584 1033 quod
1605 988 1693 1026 aliae

72 1036 306 1073 substantiae
328 1038 519 1081 separatae
540 1036 825 1081 intelligantur,
848 1037 890 1070 ut
911 1044 955 1069 ex
978 1033 1040 1069 his
1061 1034 1189 1078 possit
1211 1035 1314 1070 Deus
1334 1034 1449 1080 quasi
1468 1033 1515 1070 de
1534 1035 1693 1080 propin-

70 1083 200 1129 quiori
233 1083 439 1129 cognosci,
462 1085 504 1118 ut
532 1086 738 1119 ostensum
759 1085 820 1118 est
840 1080 938 1127 (cap.
966 1081 1085 1125 41-46)
1107 1099 1153 1105 --
1173 1083 1326 1126 oportet
1347 1083 1478 1117 autem
1499 1080 1542 1117 in
1562 1081 1695 1128 aliqua

71 1129 138 1166 Dei
163 1130 392 1176 cognitione
414 1129 640 1166 felicitatem
663 1129 842 1165 ultimam
862 1127 971 1174 poni,
987 1130 1029 1163 ut
1050 1136 1170 1172 supra
1191 1126 1292 1172 (cap.
1312 1126 1371 1174 37)
1390 1127 1598 1173 probatum
1619 1131 1692 1166 est.

73 1176 322 1221 impossibile
342 1180 403 1213 est
422 1176 528 1222 quod
549 1177 589 1212 in
611 1176 684 1212 hac
702 1176 782 1213 vita
804 1175 857 1212 sit
877 1175 1015 1211 ultima
1037 1173 1213 1211 hominis
1235 1174 1416 1211 felicitas.

117 1224 218 1264 Item,
256 1223 422 1260 ultimus
454 1223 546 1260 finis
580 1223 755 1260 hominis
790 1222 974 1259 terminat
1007 1221 1094 1267 ejus
1126 1222 1341 1267 appetitum
1377 1222 1611 1262 naturalem,
1640 1221 1695 1260 ita

73 1271 180 1318 quod
198 1279 246 1308 eo
264 1271 399 1308 habito
421 1270 519 1307 nihil
541 1270 646 1307 aliud
669 1270 872 1317 quaeritur.
894 1268 933 1305 Si
967 1269 1074 1305 enim
1108 1267 1237 1305 adbuc
1269 1272 1450 1306 movetur
1480 1269 1529 1307 ad
1571 1268 1692 1311 aliud,

73 1318 252 1355 nondum
275 1317 393 1354 habet
416 1317 532 1354 finem
566 1318 605 1354 in
640 1327 718 1365 quo
748 1317 939 1363 quiescat.
960 1317 1041 1352 Hoc
1071 1319 1203 1352 autem
1233 1315 1275 1352 in
1305 1315 1380 1354 hac
1413 1316 1491 1353 vita
1523 1325 1605 1354 non
1635 1320 1696 1354 est

73 1364 267 1411 possibile
284 1365 478 1401 accidere.
504 1366 659 1409 Quanto
680 1365 785 1401 enim
806 1364 897 1410 plus
918 1363 1062 1409 aliquis
1084 1363 1286 1410 intelligit,
1305 1366 1415 1400 tanto
1436 1364 1564 1410 magis
1587 1363 1629 1400 in
1648 1371 1694 1402 eo

74 1411 318 1449 desiderium
339 1411 586 1458 intelligendi
617 1415 796 1458 augetur,
819 1410 924 1457 quod
957 1414 1016 1446 est
1053 1409 1241 1446 omnibus
1272 1410 1464 1455 naturale,
1485 1410 1563 1448 nisi
1596 1411 1695 1447 forte

75 1459 221 1506 aliquis
240 1459 292 1495 sit
312 1458 379 1505 qui
401 1459 536 1495 omnia
556 1459 763 1504 intelligat,
786 1457 890 1503 quod
914 1457 955 1508 in·
986 1457 1060 1508 liae
1093 1457 1171 1492 vita
1203 1457 1302 1493 nulli
1340 1466 1515 1504 unquam
1552 1457 1696 1495 accidit

74 1506 141 1552 qui
176 1508 282 1542 esset
323 1505 456 1542 solum
488 1505 622 1546 homo,
657 1514 728 1542 nec
759 1508 819 1541 est
849 1503 1042 1550 possibile
1076 1503 1268 1546 accidere,
1301 1513 1390 1540 cum
1422 1504 1463 1540 in
1496 1504 1571 1541 hac
1614 1504 1696 1542 vita

75 1552 321 1591 substantias
340 1555 557 1598 separatas,
580 1561 668 1598 quae
701 1555 795 1589 sunt
828 1551 998 1588 maxime
1033 1550 1314 1596 intelligibilia,
1335 1560 1579 1597 cognoscere
1612 1559 1695 1590 non

74 1600 294 1646 possimus,
331 1603 375 1635 ut
408 1603 614 1636 ostensum
649 1603 709 1636 est
749 1598 850 1644 (cap.
880 1601 924 1634 45
955 1601 993 1633 et
1023 1597 1096 1644 46).
1129 1599 1215 1634 Non
1248 1602 1309 1634 est
1341 1598 1463 1645 igitur
1503 1598 1695 1645 possibile

77 1646 451 1683 ultimam·h0minis
472 1646 700 1682 felicitatem
719 1645 760 1681 in
783 1645 856 1682 hac
876 1645 955 1681 vita
976 1653 1080 1681 esse.

122 1693 265 1733 Adhuc,
288 1701 404 1730 omne
427 1693 531 1739 quod
556 1696 734 1729 movetur
757 1692 797 1728 in
818 1692 936 1728 finem
956 1691 1154 1728 desiderat
1190 1691 1423 1728 naturaliter
1455 1692 1625 1730 stabiliri
1656 1695 1695 1730 et

75 1740 282 1787 quiescere
316 1739 358 1776 in
389 1739 475 1776 illo.
512 1740 617 1776 Unde
649 1749 672 1776 a
699 1739 789 1776 loco
820 1748 899 1786 quo
932 1747 1078 1784 corpus
1110 1738 1343 1775 naturaliter
1387 1743 1580 1783 movetur,
1614 1749 1696 1778 non

75 1786 223 1824 recedit
239 1786 318 1824 nisi
337 1795 408 1833 per
440 1790 591 1823 motum
623 1786 856 1831 violentum,
879 1785 946 1832 qui
982 1784 1249 1822 contrariatur
1283 1785 1487 1831 appetitui.
1511 1787 1695 1825 Felicitas

76 1837 207 1871 autem
239 1836 301 1870 est
330 1833 496 1871 ultimus
534 1833 641 1878 finis,
662 1842 779 1880 quem
813 1833 933 1870 homo
967 1832 1201 1869 naturaliter
1233 1832 1442 1870 desiderat.
1475 1834 1540 1870 Est
1576 1833 1696 1880 igitur

76 1880 253 1918 hominis
273 1880 515 1918 desiderium
538 1881 718 1918 naturale
741 1880 790 1917 ad
811 1880 887 1917 hoc
916 1880 1022 1926 quod
1054 1879 1097 1916 in
1132 1879 1320 1917 felicitate
1353 1880 1589 1918 stabiliatur.
1611 1881 1696 1919 Nisi

76 1927 198 1975 igitur
227 1936 319 1964 cum
351 1928 539 1965 felicitate
571 1928 718 1974 pariter
751 1927 1086 1973 immobiliterque
1120 1926 1377 1964 stabilitatem
1410 1932 1693 1975 consequatur,

75 1975 254 2012 nondum
275 1978 334 2012 est
356 1975 463 2019 felix,
481 1975 568 2022 eJus
588 1975 785 2012 desiderio
807 1974 976 2011 naturali
1000 1973 1174 2010 nondum
1194 1974 1438 2021 quiescente.
1456 1975 1551 2012 Cum
1573 1975 1696 2022 igitur

77 2022 223 2068 aliquis
244 2021 473 2058 felicitatem
496 2022 768 2068 consequitur,
789 2021 936 2068 pariter
957 2021 1214 2058 stabilitatem
1233 2025 1271 2058 et
1290 2021 1462 2069 quietem
1484 2023 1696 2070 consequi·

76 2072 153 2105 tur.
177 2067 283 2104 Unde
300 2071 339 2104 et
357 2069 535 2106 omnium
558 2069 641 2106 haec
662 2073 722 2106 est
742 2068 790 2105 de
809 2068 996 2105 felicitate
1017 2069 1240 2113 conceptio,
1263 2068 1369 2116 quod
1391 2068 1437 2106 de
1459 2069 1522 2105 sui
1540 2070 1695 2108 ratione

77 2114 334 2153 stabilitatem
345 2115 532 2163 requirat.
545 2117 706 2161 Propter
722 2115 827 2162 quod
842 2115 1111 2161 Philosophus
1126 2115 1220 2151 dicit
1234 2115 1274 2152 in
1286 2115 1415 2162 primo
1429 2115 1512 2152 Eth.
1526 2115 1625 2163 (cap.
1638 2117 1695 2164 14)

77 2161 182 2209 quod
204 2161 450 2199 aestimamus
470 2162 670 2199 hominem
693 2171 782 2199 esse
801 2162 1116 2199 chamateontem
1138 2162 1362 2209 quemdam.
1380 2163 1425 2200 In
1454 2163 1534 2200 vita
1563 2167 1695 2202 autem

77 2209 155 2246 ista
175 2217 255 2246 non
276 2212 336 2245 est
353 2209 487 2255 aliqua
506 2214 608 2246 certa
631 2209 841 2246 stabilitas.
864 2209 1031 2245 Cuilibet
1061 2210 1181 2253 enim,
1204 2214 1569 2257 quantumcumque
1602 2210 1696 2248 felix

77 2255 244 2300 dicatur,
266 2256 458 2301 possibile
480 2260 539 2292 est
565 2255 814 2293 infirmitates
835 2259 870 2292 et
891 2256 1110 2292 infortunia
1133 2256 1311 2292 accidere
1329 2256 1475 2302 quibus
1506 2256 1695 2302 impedia-

77 2307 142 2339 tur
161 2303 210 2339 ab
230 2303 473 2348 operatione,
496 2312 754 2350 quaecumque
775 2303 827 2341 sit
847 2303 929 2347 illa,
952 2303 992 2339 in
1014 2312 1091 2350 qua
1114 2303 1272 2349 ponitur
1308 2302 1491 2340 felicitas.
1512 2304 1599 2340 Non
1634 2306 1696 2341 est

77 2349 201 2396 igitur
215 2349 408 2395 possibile
429 2350 470 2386 in
489 2349 562 2386 hac
582 2350 659 2387 vita
681 2359 770 2387 esse
787 2349 968 2387 ultimam
989 2349 1164 2387 bominis
1184 2349 1424 2386 felicitatem.

124 2397 309 2442 Amplius,
330 2396 618 2434 inconveniens
648 2396 803 2434 videtur
834 2401 872 2433 et
903 2396 1188 2441 irrationabile,
1208 2396 1313 2443 quod
1346 2400 1503 2442 tempus
1532 2405 1695 2449 genera-

76 2443 201 2481 tionis
220 2442 391 2489 alicujus
409 2444 464 2480 rei
488 2444 540 2480 sit
560 2452 763 2490 magnum,
784 2447 941 2489 tempus
961 2446 1091 2480 autem
1111 2443 1333 2479 durationis
1354 2443 1482 2489 ipsius
1515 2447 1569 2481 sit
1606 2453 1694 2491 par-

76 2499 183 2528 vum.
206 2492 443 2538 sequeretur
463 2490 569 2527 enim
589 2490 695 2537 quod
716 2494 858 2527 natura
874 2491 916 2526 in
937 2490 1078 2536 majori
1099 2493 1274 2535 tempore
1299 2498 1373 2527 suo
1411 2489 1489 2527 fine
1520 2490 1695 2537 privare-

77 2540 154 2575 tur.
177 2538 286 2575 Unde
313 2537 496 2575 videmus
527 2537 632 2584 quod
665 2537 852 2574 animalia
880 2545 968 2583 quae
1000 2545 1122 2582 parvo
1152 2540 1328 2582 tempore
1358 2536 1508 2582 vivunt,
1532 2547 1693 2584 parvum

75 2584 197 2622 etiam
216 2588 373 2631 tempus
394 2585 443 2622 ad
463 2584 539 2621 hoc
559 2584 665 2631 quod
686 2584 941 2630 perficiantur
958 2583 1117 2620 habent.
1138 2583 1176 2620 Si
1197 2587 1327 2635 autem
1362 2583 1536 2622 humana
1568 2585 1693 2623 felici-

77 2634 140 2668 tas
159 2633 354 2670 consistat
373 2631 414 2668 in
451 2631 624 2677 perfecta
657 2631 884 2677 operatione
921 2630 1140 2667 secundum
1171 2634 1354 2667 virtutem
1384 2631 1596 2677 perfectam
1631 2632 1693 2670 vel

78 2677 386 2717 intellectualem
407 2679 467 2716 vel
486 2679 690 2722 moralem,
714 2677 960 2723 impossibile
992 2681 1052 2714 est
1084 2685 1170 2714 eam
1208 2678 1392 2714 advenire
1426 2678 1580 2716 homini
1613 2680 1692 2717 nisi

78 2729 170 2777 post
197 2729 354 2772 tempus
387 2725 632 2763 diuturnum.
668 2727 711 2761 Et
744 2725 819 2761 hoc
854 2724 1025 2776 maxime
1057 2723 1099 2761 in
1147 2725 1401 2777 speculativis
1446 2729 1619 2772 apparet,
1651 2727 1694 2763 in

79 2771 223 2823 qulbus
243 2773 384 2810 ultima
404 2773 572 2810 felicitas
593 2772 768 2809 hominis
790 2774 963 2817 ponitur,
985 2774 1027 2807 ut
1046 2780 1094 2808 ex
1123 2771 1323 2818 praedictls
1356 2776 1472 2818 patet.
1496 2775 1591 2809 Nam
1627 2774 1692 2810 vix

79 2825 119 2854 in
141 2818 280 2857 ultima
296 2823 409 2858 aetate
428 2820 546 2858 homo
568 2820 615 2856 ad
638 2820 848 2866 perfectam
868 2818 1180 2864 speculationem
1205 2819 1460 2856 scientiarum
1485 2820 1692 2867 pervenire
