1894 3223
678 99 765 135 LIB.
792 99 840 143 11,
868 98 969 135 GAP.
997 98 1159 135 XXXVII.
1664 105 1728 138 ¹45

105 179 378 228 praesupponit
398 178 631 217 substantiae
650 177 951 223 productionem
970 190 978 221 3
999 177 1118 222 unde,
1139 187 1260 224 quum
1276 177 1323 215 de
1335 178 1595 224 productione
1611 180 1684 217 suh
1712 200 1727 209 -

105 227 240 265 tantiae
261 226 349 264 coeli
367 226 512 274 agitur,
529 225 620 262 talis
640 225 765 262 virtus
781 225 1106 270 sempiternitatis
1119 228 1395 272 argumentum
1411 225 1617 264 sufficiens
1638 238 1680 265 es
1707 237 1728 265 e

106 283 187 312 non
235 277 350 311 otest.

154 283 281 358 Moqus
302 320 420 357 etiam
441 319 794 366 sempiternitatem
817 327 895 356 non
918 319 1023 364 cogit
1046 327 1120 356 nos
1144 327 1288 365 ponere
1311 319 1412 356 ratio
1437 325 1728 367 consequenter

107 368 282 405 inducta.
302 368 386 404 Jam
405 367 510 403 enirn
535 370 638 412 patet
656 366 776 412 quod,
793 366 941 411 absque
960 366 1177 402 mutatione
1209 367 1273 403 Dei
1294 367 1462 412 agentis,
1480 372 1608 413 potest
1638 378 1728 406 esse

104 414 213 462 quod
231 423 376 451 novum
398 417 504 459 agat,
529 421 606 449 non
628 413 926 458 sempiternum.
949 413 985 449 Si
1008 416 1136 449 autem
1160 413 1351 459 possibile
1371 418 1430 450 est
1448 414 1496 451 ab
1515 423 1563 451 eo
1579 415 1729 462 aliquid

108 462 172 508 agi
193 461 241 498 de
261 469 378 505 novo,
400 463 505 506 patet
523 460 629 507 quod
651 463 688 496 et
710 459 857 497 moveri
877 471 885 503 ;
906 468 996 496 nam
1020 463 1152 497 motus
1180 460 1484 507 dispositionem
1514 461 1730 500 voluntatis

107 511 267 546 aeternae
287 507 467 554 sequitur
486 506 534 544 de
556 511 666 544 motu
687 514 767 544 non
786 515 943 552 semper
962 506 1147 544 essendo.

155 554 345 592 Similiter
365 554 482 591 etiam
499 553 668 590 intentio
689 553 927 590 naturalium
949 553 1150 599 agentium
1171 553 1218 591 ad
1238 554 1459 600 specierum
1491 556 1730 601 perpetuita-

106 605 202 645 tem,
224 611 272 638 ex
291 610 370 648 qua
386 604 526 647 quarta
548 601 648 637 ratio
668 600 917 646 procedebat,
940 601 1210 653 praesupponit
1238 602 1435 638 naturalia
1464 603 1622 648 agentia
1646 603 1729 648 jam

108 648 324 700 producta;
347 648 451 685 unde
471 647 602 685 locum
624 657 704 684 non
727 647 844 684 habet
862 647 945 684 liaec
966 650 1065 684 ratio
1084 656 1160 684 nisi
1184 656 1223 682 in
1242 647 1360 684 rebus
1381 650 1630 686 naturalibus
1646 650 1728 696 jam

109 703 151 732 in
172 704 261 733 esse
280 694 497 742 productis,
523 704 602 732 non
621 698 752 731 autem
773 703 894 741 quum
911 694 957 730 de
972 703 1098 730 rerum
1112 693 1371 739 productione
1382 695 1579 740 agitur.—
1596 697 1730 733 Utrum

109 745 241 780 autem
262 751 426 826 necgsse
447 742 499 779 sit
522 750 669 788 ponere
689 741 986 789 generationem
1009 744 1196 786 perpetuo
1210 740 1453 787 duraturam,
1473 742 1513 778 in
1530 743 1730 790 sequenti-

98 789 188 826 'bus
208 792 321 826 osten
353 793 452 826 etur.

158 837 270 873 Ratio
290 836 405 873 etiam
429 836 582 882 quinta,
603 845 650 873 ex
671 840 846 882 tempore
867 834 1041 879 inducta,
1063 835 1319 887 aeternitatem
1342 839 1474 873 motus
1495 837 1623 883 magis
1639 846 1729 884 sup-

110 883 223 929 ponit
245 892 362 929 quam
384 883 535 928 probat.
559 884 687 927 Quum
705 883 809 920 enim
830 883 939 928 prius
954 885 991 917 et
1012 885 1256 927 posteriuset
1273 883 1518 921 continuitas
1536 886 1728 930 temporis

110 933 301 977 sequatur
320 929 431 976 prius
452 933 490 966 et
508 930 707 976 posterius
728 933 766 967 et
786 929 1087 965 continuitatem
1110 933 1256 972 motus,
1273 929 1491 967 secundum
1506 930 1730 968 Aristotelis

110 976 331 1014 doctrinam
353 975 541 1023 (Physic.‚
562 984 619 1019 Π,
640 979 734 1013 text.
756 984 900 1013 comm.
923 974 996 1021 99),
1018 978 1123 1021 patet
1141 975 1246 1022 quod
1268 975 1471 1027 ideoidem
1489 977 1644 1016 instans
1670 983 1730 1017 est

110 1023 349 1069 principium
370 1022 489 1059 futuri
525 1025 563 1059 et
591 1022 683 1060 finis
711 1022 912 1069 praeteriti,
933 1021 1027 1069 quia
1052 1022 1202 1069 aliquid
1228 1022 1429 1069 signatum
1461 1024 1502 1060 in
1531 1029 1639 1062 motu
1670 1030 1730 1063 est

110 1069 348 1121 principium
365 1072 402 1106 et
422 1068 513 1106 finis
533 1069 777 1107 diversarum
798 1069 965 1115 partium
988 1073 1134 1106 molus.
1158 1070 1244 1106 Non
1264 1070 1461 1115 oportebit
1479 1071 1728 1117 igituromne

108 1119 264 1153 instans
284 1115 512 1163 hujusmodi
531 1124 634 1160 esse,
657 1116 734 1153 nisi
751 1125 868 1153 omne
886 1116 1045 1163 signum
1068 1115 1109 1152 in
1131 1119 1307 1162 tempore
1327 1121 1530 1163 acceptum
1564 1119 1615 1156 sit
1646 1129 1727 1157 me-

102 1161 217 1199 -dium
238 1162 341 1200 inter
359 1163 469 1209 prius
490 1166 528 1199 et
546 1163 744 1209 posterius
765 1163 806 1199 in
824 1166 954 1207 motu;
976 1162 1082 1209 quod
1103 1166 1163 1200 est
1183 1172 1329 1208 ponere
1349 1168 1500 1201 motum
1521 1167 1728 1212 sempiter-

109 1217 218 1246 num.
239 1211 396 1247 Ponens
416 1212 548 1247 autem
567 1214 717 1247 motum
740 1219 829 1247 esse
849 1218 931 1247 non
951 1210 1235 1256 sempiternum
1256 1213 1385 1256 potest
1405 1211 1535 1248 dicere
1555 1214 1727 1259 primum

109 1256 268 1294 instans
288 1257 478 1303 temporis
499 1265 589 1294 esse
608 1257 846 1303 principium
880 1257 1000 1294 futuri
1035 1260 1072 1293 et
1106 1257 1258 1309 nullius
1277 1259 1462 1303 praeteriti
1495 1258 1628 1297 finem.
1651 1263 1730 1298 Nec

109 1307 306 1350 repugnat
324 1303 574 1342 successioni
595 1305 786 1350 temporis
806 1304 911 1351 quod
930 1306 1100 1349 ponatur
1118 1313 1159 1340 in
1180 1313 1268 1350 ipso
1290 1305 1451 1351 aliquod
1469 1316 1563 1342 nunc
1582 1307 1728 1353 princi—

109 1350 218 1396 pium
239 1353 278 1388 et
296 1359 377 1389 non
397 1349 505 1396 finis,
527 1355 686 1398 propter
704 1351 779 1388 hoc
802 1351 908 1398 quod
929 1351 1034 1388 linea
1053 1351 1093 1387 in
1112 1360 1191 1397 qua
1209 1351 1370 1397 ponitur
1388 1356 1560 1398 punctus
1583 1354 1730 1401 aliquis

109 1397 348 1444 principium
370 1401 408 1435 et
428 1406 508 1435 non
527 1397 635 1444 finis,
682 1402 742 1435 est
770 1401 882 1436 stans
901 1401 940 1435 et
966 1406 1046 1435 non
1074 1398 1228 1441 ssuens3
1262 1399 1355 1444 quia
1385 1400 1503 1436 etiam
1536 1401 1578 1437 in
1619 1406 1728 1438 motu

111 1443 246 1491 aliquo
265 1445 508 1490 particulari,
527 1445 595 1492 qui
628 1445 747 1482 etiam
780 1454 860 1483 non
894 1447 955 1482 est
984 1448 1095 1481 stans
1122 1445 1191 1481 sed
1224 1444 1368 1496 fluens,
1396 1446 1547 1493 signari
1579 1447 1729 1494 aliquid

111 1494 241 1535 potest
268 1495 311 1529 ut
336 1492 574 1538 principium
608 1496 742 1529 motus
771 1495 924 1529 tantum
946 1494 1079 1528 etnon
1115 1495 1158 1528 ut
1181 1491 1295 1537 finis;
1323 1493 1437 1531 aliter
1464 1493 1570 1531 enim
1597 1496 1729 1532 omnis

111 1541 244 1574 motus
265 1542 369 1575 esset
393 1542 619 1584 perpetuus,
641 1539 747 1585 quod
767 1542 828 1576 est
843 1538 1107 1584 impossibile.

158 1585 271 1628 Quod
290 1589 419 1622 autem
439 1586 548 1630 prius
564 1586 724 1631 ponitur
744 1594 935 1623 non-esse
956 1585 1144 1630 temporis
1164 1595 1282 1632 quam
1297 1586 1382 1632 ejus
1403 1596 1506 1633 esse,
1522 1589 1555 1626 si
1568 1593 1725 1636 tempus

107 1631 270 1678 incepit,
291 1640 371 1669 non
389 1633 494 1679 cogit
512 1641 586 1670 nos
602 1632 731 1670 dicere
751 1632 870 1680 quod,
891 1632 925 1669 si
946 1633 1105 1678 ponitur
1125 1636 1281 1679 tempus
1314 1643 1417 1676 esse,
1441 1639 1612 1681 ponatur
1642 1646 1724 1676 non

108 1686 214 1723 esse,
237 1682 281 1716 ut
307 1682 418 1716 sexta
449 1680 549 1717 ratio
587 1679 857 1717 conclu-debat.
887 1681 982 1716 Nam
1012 1679 1136 1725 prius,
1169 1680 1275 1726 quod
1307 1680 1478 1719 dicimus
1508 1687 1721 1731 antequam

108 1728 265 1771 tempus
284 1729 404 1767 esset,
428 1735 507 1763 non
526 1727 637 1772 ponit
660 1726 834 1772 aliquam
864 1727 1054 1772 temporis
1085 1727 1296 1772 partemin
1328 1736 1383 1773 re,
1415 1729 1482 1766 sed
1513 1730 1644 1768 solum
1679 1732 1721 1769 in

109 1773 418 1820 imaginatione3
440 1782 561 1819 quum
584 1773 690 1810 enim
709 1773 879 1810 dicimus
901 1785 909 1809 :
931 1775 1099 1818 Tempus
1131 1773 1249 1810 hahet
1279 1782 1368 1811 esse
1400 1779 1491 1821 post
1518 1786 1727 1823 non-esse,

107 1820 370 1866 intelligimus
392 1820 499 1867 quod
519 1828 599 1857 non
620 1820 694 1856 fuit
713 1820 847 1866 aliqua
868 1828 959 1866 pars
976 1819 1166 1866 temporis
1184 1823 1274 1857 ante
1296 1821 1371 1858 hoc
1388 1832 1485 1858 mmo
1499 1824 1724 1870 signatum3

109 1867 213 1904 sicut
232 1876 354 1914 quum
374 1867 544 1904 dicimus
564 1867 669 1914 quod
689 1876 809 1913 supra
828 1867 971 1904 coelum
996 1867 1095 1903 nihil
1117 1872 1190 1912 est,
1218 1876 1299 1904 non
1331 1869 1593 1916 intelligimus
1621 1872 1726 1918 quod

108 1914 254 1960 aliquis
274 1914 387 1952 loeus
407 1914 460 1952 sit
478 1917 586 1951 extra
606 1914 764 1958 coelum,
788 1914 854 1961 qui
880 1913 1010 1960 possit
1036 1913 1114 1950 dici
1147 1922 1267 1966 supra
1305 1921 1485 1961 respectu
1516 1918 1619 1959 coeli,
1655 1919 1725 1956 sed

109 1961 214 2008 quod
231 1969 312 1998 non
332 1963 393 1999 est
412 1961 524 1998 locus
541 1970 588 1998 eo
608 1961 802 2006 superior.
825 1961 1037 2007 Utrobique
1057 1963 1188 2013 autem
1209 1962 1441 2008 imaginatio
1462 1968 1592 2009 potest
1624 1974 1730 2002 111611,

102 2016 242 2045 suram
263 2008 435 2055 aliquam
457 2007 512 2045 rei
532 2007 716 2045 existenti
737 2007 1452 2059 apponereffationecujus,sicutnon
1464 2014 1525 2048 est
1541 2012 1725 2058 ponenda

109 2055 309 2101 quantitas
346 2055 526 2101 eorporis
562 2054 730 2099 infinita,
757 2059 801 2092 ut
829 2055 974 2092 dicitur
1004 2054 1047 2092 in
1075 2057 1190 2092 tertio
1219 2055 1455 2101 physicorum
1482 2057 1584 2098 libro
1617 2059 1723 2106 (text.

108 2109 252 2138 comm.
274 2100 348 2148 60),
369 2101 424 2138 ita
443 2110 515 2138 nec
534 2105 690 2148 tempus
712 2102 753 2138 in
774 2105 978 2139 aeternum.

155 2148 305 2185 Veritas
323 2151 453 2185 autem
473 2149 806 2195 propositionum,
830 2158 957 2201 quam·
981 2151 1136 2195 oportet
1154 2149 1372 2187 concedere
1392 2151 1510 2189 etiam
1545 2154 1724 2199 proposi-

107 2194 240 2231 tiones
267 2198 491 2240 negantem,
509 2205 557 2232 ex
587 2205 666 2241 qua
694 2196 864 2242 septima
887 2199 988 2233 ratio
1019 2195 1268 2241 procedebat,
1299 2197 1415 2234 habet
1446 2201 1722 2237 necessitatem

106 2240 261 2278 ordinis
278 2241 345 2288 qui
362 2244 422 2279 est
440 2242 639 2288 praedieati
658 2242 706 2280 ad
727 2243 971 2289 subjeetum;
994 2242 1097 2280 unde
1118 2251 1199 2280 non
1218 2244 1325 2290 cogit
1342 2245 1515 2291 aliquam
1532 2255 1612 2283 rem
1632 2256 1722 2284 esse

108 2295 277 2333 semper,
298 2288 377 2326 nisi
397 2288 496 2325 forte
517 2289 760 2327 intellectum
780 2289 970 2330 divinum,
992 2289 1034 2326 in
1050 2298 1129 2337 quo
1149 2293 1209 2327 est
1229 2291 1340 2328 radix
1366 2292 1498 2329 omnis
1531 2294 1719 2334 veritatis,

107 2337 152 2370 ut
172 2337 376 2372 ostensum
393 2339 455 2372 est
473 2335 515 2381 (l.
537 2345 564 2380 1,
586 2346 619 2372 c.
636 2335 709 2382 54).

155 2382 266 2418 Patet
284 2381 405 2427 igitur
423 2382 526 2428 quod
550 2382 725 2419 rationes
742 2391 790 2419 ex
809 2383 1001 2421 creaturi-s
1023 2382 1193 2421 inductae
1219 2392 1299 2421 non
1329 2388 1479 2430 cogunt
1507 2384 1557 2421 ad
1585 2385 1722 2422 mundi

105 2427 366 2465 aeternitatem
388 2428 627 2473 ponendam.

721 2555 888 2596 CAPUT
914 2555 1110 2596 XXXVII.

247 2650 479 2692 SOLUTloNEs
498 2660 699 2690 RATIONUM
721 2662 955 2691 SUMPTARUM
978 2663 1031 2690 EX
1057 2663 1184 2692 PARTE
1209 2663 1410 2694 FACTIONIS
1440 2664 1585 2695 RERUM·

155 2758 288 2795 Restat
305 2761 438 2795 autem
458 2758 667 2795 ostendere
687 2759 793 2806 quod
814 2767 887 2796 nec
905 2768 954 2796 ex
985 2763 1093 2806 parte
1122 2760 1395 2806 productionis
1427 2771 1558 2799 rerum
1592 2763 1723 2810 aliqua

101 2803 207 2842 satio
228 2808 386 2850 sumpta
407 2813 549 2851 cogere
570 2805 698 2850 possit
717 2806 765 2842 ad
785 2805 904 2842 idem.

157 2850 384 2889 Communis
405 2852 510 2889 enim
536 2852 868 2899 philosophorum
897 2851 1046 2898 positio
1079 2853 1311 2900 ponentium
1332 2864 1379 2892 ex
1408 2856 1533 2892 nihilo
1554 2855 1653 2899 fieri,
1675 2863 1721 2891 ex

1502 2935 1540 2964 ιο
