1894 3223
687 140 775 175 LIB.
803 140 868 184 III,
896 140 996 176 CAP.
1024 140 1173 176 CXLIII.
1674 141 1739 176 461

115 226 195 260 tem
214 221 413 274 bonorum
433 228 598 267 operum
619 219 681 257 vel
702 220 914 265 malorum,
935 223 1092 266 oportet
1111 220 1218 268 quod
1239 221 1292 258 sit
1311 220 1521 259 diversitas
1536 228 1742 267 poenarum

115 272 155 308 et
201 275 440 305 raemiorum.

163 278 263 356 Rem,
284 313 480 360 contingit
515 321 724 351 excessum
755 322 844 351 esse
867 314 908 350 in
937 314 1125 360 operibus
1150 314 1268 351 bonis
1301 318 1340 351 et
1365 314 1483 352 malis
1500 314 1710 360 dupliciter
1734 326 1742 351 :

118 371 202 402 uno
219 360 353 406 modo,
376 360 596 398 secundum
618 369 843 404 numerum,
861 365 976 406 prout
999 371 1102 399 unus
1119 361 1199 398 alio
1219 361 1335 398 habet
1356 370 1475 406 opera
1496 364 1621 407 plura,
1639 361 1746 399 bona

116 409 178 447 vel
200 408 326 453 mala;
348 408 426 460 alio
449 407 581 452 modo,
597 407 817 445 secundum
848 408 1075 454 qualitatem
1111 417 1289 454 operum,
1312 413 1429 454 prout
1460 418 1564 445 unus
1585 409 1664 445 alio
1685 408 1744 446 vel

116 455 262 494 melius
282 454 343 492 vel
365 464 477 501 pejus
498 464 599 501 opus
621 454 750 492 habet.
775 455 936 500 Oportet
956 459 1085 491 autem
1105 456 1211 502 quod
1232 455 1414 492 excessui
1435 456 1501 501 qui
1525 459 1585 492 est
1604 464 1744 493 secun-

116 502 212 541 dum
236 511 447 540 numerum
481 511 644 549 operum
667 502 905 547 respondeat
924 511 1113 539 excessus
1147 502 1401 547 praemiorum
1422 502 1483 538 vel
1516 512 1743 548 poenarum;

116 549 232 595 alias,
248 558 329 587 non
366 548 477 587 fieret
507 549 824 595 recompensatio
857 549 898 586 in
917 548 1051 586 divino
1068 548 1221 595 judicio
1241 558 1312 594 pro
1333 549 1522 586 omuibus
1546 560 1633 596 quie
1655 550 1745 596 quis

116 596 214 643 agit,
233 596 269 634 si
306 595 441 643 aliqua
472 596 576 634 mala
594 598 844 634 remanerent
881 596 1078 644 impunita
1103 599 1143 632 et
1162 596 1297 642 aliqua
1314 595 1416 632 bona
1440 596 1742 634 irremunerata.

117 643 206 696 Pari
227 652 269 680 er
299 652 322 680 o
354 644 521 688 ratione,
542 643 725 681 excessui
766 643 832 689 qui
867 647 928 680 est
964 642 1185 681 secundum
1222 643 1532 690 inaequalitatem
1577 653 1741 689 operum

117 699 275 737 tnaequa
294 690 369 728 itas
384 691 637 736 praemiorum
655 694 692 728 et
709 699 915 736 poenarum
930 689 1156 736 respondet.

166 737 265 775 Hinc
282 741 343 775 est
363 738 468 785 quod
483 738 628 776 dicitur
646 749 655 774 τ
676 739 746 774 Pro
764 748 935 774 mensura
948 739 1171 784 peecatierz't
1186 739 1221 773 et
1239 737 1438 784 plagarum
1463 738 1589 773 modus
1609 737 1744 784 (Dent,

117 791 213 877 ῗΙΧῩ,
233 784 358 831 2);1n
383 796 553 877 mensura
582 787 707 822 contra
734 795 952 826 mensuram,
982 794 1063 821 cum
1095 784 1237 830 abJecta
1264 785 1399 830 fuerit,
1430 784 1616 830 ffuclt'eubz's
1653 795 1744 820 eam.

153 832 239 875 sai.,
257 839 385 876 xxvtt,
407 834 439 869 8.

99 904 103 910 .
170 878 338 930 Per-hoc
358 883 490 916 autem
510 879 734 916 excluditur
754 887 863 916 error
882 878 1144 926 quorumdam
1162 878 1379 916 dicentium
1393 878 1436 916 in
1455 877 1589 916 futuro
1610 877 1748 915 omnia

120 933 285 972 praemla
304 929 343 963 et
359 935 497 972 poenas
519 935 608 963 esse
627 925 810 973 aequalia.

749 1065 918 1107 CAPUT
953 1065 1125 1106 CXLIII.

339 1181 390 1210 DE
414 1181 532 1211 POENA
557 1181 645 1214 QUAE
669 1180 848 1209 DEBETUR
872 1178 1043 1208 PECCATO
1073 1178 1247 1207 MORTALI
1271 1178 1322 1207 ET
1345 1179 1520 1216 VENIAm,

555 1239 630 1269 PER
653 1238 877 1268 RESPEGTUM
899 1238 953 1267 AD
978 1237 1153 1267 ULTIMUM
1176 1237 1308 1267 FINEM.

167 1350 236 1387 Est
254 1352 385 1386 autem
409 1358 457 1385 ex
473 1347 673 1394 praedictis
695 1346 951 1384 manifestum
983 1345 1091 1393 quod
1111 1345 1323 1392 dupliciter
1339 1344 1538 1391 contingit
1556 1354 1745 1392 peccare:

120 1404 203 1434 uno
224 1396 343 1434 modo
363 1395 423 1433 sic
443 1395 550 1442 quod
566 1395 740 1432 totaliter
756 1394 924 1431 intentio
941 1394 1086 1431 mentis
1102 1396 1299 1430 avertatur
1318 1392 1365 1429 ab
1381 1392 1520 1429 ordine
1539 1393 1588 1429 ad
1603 1395 1742 1438 Deum,

121 1443 190 1490 qui
211 1447 272 1480 est
306 1443 473 1480 ultimus
493 1441 585 1479 finis
605 1442 817 1485 honorum,
840 1444 876 1477 et
907 1441 982 1477 hoc
1003 1444 1063 1477 est
1081 1444 1287 1486 peceatum
1307 1440 1500 1484 mortale;
1523 1441 1603 1477 alio
1628 1441 1747 1478 modo

122 1491 182 1528 sic
203 1490 323 1538 quod,
339 1493 523 1527 manente
543 1489 682 1525 ordine
705 1488 888 1525 humanae
905 1487 1051 1525 mentis
1068 1487 1118 1523 ad
1139 1487 1323 1524 ultimum
1343 1486 1749 1532 finem‚impedimen·

121 1540 206 1574 tum
241 1537 403 1584 aliquod
438 1534 625 1573 afferatur
643 1544 722 1582 quo
742 1535 963 1572 retardatur
995 1542 1045 1571 ne
1083 1533 1205 1571 libere
1240 1533 1375 1570 tendat
1394 1534 1433 1569 in
1456 1533 1590 1578 finem,
1612 1538 1648 1570 et
1671 1534 1747 1571 hoc

122 1584 269 1622 dieitur
299 1587 501 1630 peccatum
533 1582 700 1619 veniale.
734 1581 774 1618 Si
805 1590 901 1628 ergo
938 1580 1157 1619 secundum
1196 1579 1461 1618 differentiam
1493 1584 1745 1627 peccatorum

123 1634 280 1678 oportet
300 1640 389 1668 esse
407 1629 670 1668 differentiam
692 1637 914 1675 poenarum,
935 1637 1189 1674 consequens
1221 1631 1282 1664 est
1300 1627 1405 1674 quod
1426 1627 1492 1664 ille
1513 1628 1579 1674 qui
1599 1632 1745 1665 morta·

124 1678 216 1715 liter
246 1682 382 1724 peceat
418 1677 470 1714 sit
489 1675 811 1724 puniendus,sic
831 1674 937 1722 quod
956 1675 1109 1713 excidat
1128 1675 1176 1712 ab
1203 1674 1380 1711 hominis
1398 1674 1475 1710 fine
1494 1686 1502 1719 ;
1525 1675 1591 1721 qui
1614 1679 1746 1713 autem

122 1729 262 1772 peccat
291 1724 499 1762 venialiter
518 1732 598 1761 non
639 1724 694 1760 ita
719 1722 824 1770 quod
845 1722 1012 1767 excidat,
1033 1723 1103 1759 sed
1123 1722 1175 1758 ita
1194 1721 1300 1768 quod
1322 1721 1541 1758 retardetur
1560 1725 1627 1758 aut
1645 1721 1747 1759 diffi-

122 1772 310 1809 cultatem
336 1771 508 1818 patiatur
527 1771 569 1807 in
586 1769 844 1816 adipiscendo
861 1769 978 1806 finem
997 1781 1006 1813 3
1028 1769 1086 1806 sie
1110 1769 1216 1806 enim
1234 1768 1400 1815 justitiae
1420 1772 1599 1805 servatur
1615 1778 1747 1815 aequa-

123 1819 216 1857 litas
237 1822 291 1862 ut‚
314 1817 515 1865 quomodo
536 1817 655 1854 homo
676 1816 877 1862 peccando
898 1816 1118 1853 voluntarie
1137 1825 1161 1852 a
1179 1815 1257 1852 fine
1274 1824 1317 1852 se
1335 1815 1504 1861 divertit,
1526 1815 1580 1853 ita
1611 1825 1746 1861 poena—

123 1865 216 1904 liter
230 1869 368 1903 eontra
388 1874 500 1902 suam
521 1864 765 1901 voluntatem
787 1864 827 1900 in
848 1863 941 1900 finis
962 1863 1172 1908 adeptione
1191 1862 1442 1909 impediatur.

170 1912 317 1959 Adhuc,
338 1912 443 1950 sicut
476 1915 537 1949 est
555 1911 741 1948 voluntas
763 1910 806 1947 in
833 1909 1079 1954 hominibus,
1096 1910 1152 1947 ita
1178 1913 1239 1947 est
1256 1909 1464 1946 inclinatio
1496 1910 1690 1946 naturalis
1706 1909 1748 1946 in

124 1960 245 1998 rebus
266 1959 529 1997 naturalibus.
552 1958 591 1996 Si
612 1961 744 1995 autem
763 1958 811 1995 ab
833 1957 966 2004 aliqua
986 1967 1027 1994 re
1049 1956 1221 1994 naturali
1250 1956 1415 1994 tollatur
1433 1956 1642 1994 inclinatio
1661 1956 1748 2003 ejus

125 2007 175 2045 ad
193 2007 325 2052 finem,
342 2007 507 2044 omnino
533 2004 653 2043 finem
685 2005 797 2042 illurn
816 2004 1008 2051 consequi
1029 2013 1112 2041 non
1141 2006 1298 2050 potest;
1316 2003 1421 2041 sicut
1448 2013 1594 2051 eorpus
1614 2013 1746 2050 grave,

125 2063 247 2101 quum
269 2054 499 2101 gravitatem
532 2052 711 2089 amiserit
734 2061 803 2098 per
821 2052 1117 2097 corruptionem
1137 2054 1175 2088 et
1207 2050 1354 2088 sactum
1391 2050 1510 2087 fuerit
1546 2051 1644 2096 leve,
1667 2059 1748 2088 non

124 2102 327 2148 perveniet
359 2101 408 2137 ad
437 2099 637 2143 medium;
659 2099 693 2136 si
722 2102 854 2136 autem
875 2099 1055 2135 fueritin
1087 2107 1162 2136 suo
1182 2101 1294 2135 motu
1313 2097 1563 2145 impeditum,
1585 2097 1750 2135 inclina-

123 2148 236 2184 tione
256 2147 304 2184 ad
332 2146 452 2184 finem
485 2149 683 2190 manente,
699 2149 852 2183 remoto
891 2145 1138 2191 prohibente,
1160 2144 1363 2192 perveniet
1396 2144 1444 2182 ad
1470 2144 1604 2182 finem.
1628 2147 1668 2181 ln
1701 2153 1748 2182 eo

125 2198 259 2231 autem
287 2193 354 2241 qui
370 2196 506 2240 peccat
535 2192 767 2237 mortaliter,
789 2192 954 2229 omnino
974 2192 1163 2229 avertitur
1186 2191 1356 2229 intentio
1378 2192 1596 2230 voluntatis
1616 2200 1640 2228 a
1671 2190 1749 2227 fine

125 2241 290 2285 ultimo;
311 2241 353 2277 in
382 2240 452 2277 illo
473 2243 604 2277 autem
625 2239 692 2286 qui
723 2238 930 2275 venialiter
948 2243 1098 2284 peccat,
1116 2243 1250 2276 manet
1276 2238 1447 2275 intentio
1486 2247 1679 2275 conversa
1699 2237 1748 2274 ad

125 2287 263 2334 finem,
283 2287 354 2325 sed
375 2286 598 2334 aliqualiter
616 2285 830 2332 impeditur
848 2295 896 2322 ex
915 2285 991 2323 hoc
1013 2285 1120 2332 quod
1139 2285 1230 2331 plus
1250 2285 1381 2322 debito
1396 2284 1562 2323 inhaeret
1583 2285 1645 2321 his
1661 2294 1748 2331 quae

125 2338 223 2372 sunt
259 2334 308 2372 ad
328 2333 462 2371 finem.
480 2333 605 2379 Igitur
641 2332 676 2370 ei
713 2332 782 2379 qui
815 2337 952 2378 peceat
982 2333 1204 2369 mortaliter
1240 2332 1324 2370 haee
1355 2341 1473 2378 poena
1503 2332 1668 2368 debetur
1704 2334 1748 2367 ut

126 2381 294 2419 omnino
320 2380 552 2418 excludatur
580 2389 604 2417 a
628 2379 913 2417 consecutione
933 2378 1027 2417 finis
1044 2391 1053 2424 ;
1071 2380 1107 2415 ei
1131 2382 1263 2416 autem
1284 2378 1352 2425 qui
1369 2382 1506 2424 peccat
1524 2378 1745 2422 venialiter,

124 2428 232 2476 quod
253 2427 525 2466 difficultatem
548 2427 722 2474 aliquam
743 2426 914 2472 patiatur
933 2429 1145 2473 antequam
1163 2426 1212 2463 ad
1233 2425 1353 2462 finem
1371 2424 1586 2470 perveniat.

172 2476 356 2520 Amplius,
377 2483 499 2521 quum
531 2473 677 2520 aliquis
697 2474 956 2520 consequitur
981 2473 1141 2520 aliquod
1166 2472 1317 2509 bonum
1338 2470 1445 2517 quod
1465 2480 1547 2508 non
1566 2471 1748 2509 intende·

124 2522 206 2567 bat,
228 2527 288 2559 est
323 2532 346 2559 a
367 2521 525 2558 fortuna
554 2524 593 2556 et
616 2529 727 2557 casu,
747 2520 786 2557 Si
810 2520 932 2566 igitur
962 2519 1028 2556 ille
1057 2519 1173 2565 quus
1192 2518 1362 2555 intentio
1387 2521 1448 2555 est
1467 2526 1607 2555 aversa
1625 2527 1648 2555 a
1667 2517 1746 2556 fine

126 2570 269 2607 ultimo
289 2568 409 2605 finem
430 2568 613 2605 ultimum
635 2570 884 2613 assequatur,
903 2566 977 2602 erit
997 2566 1072 2603 hoc
1090 2576 1113 2603 a
1133 2566 1293 2602 fortuna
1316 2568 1355 2602 et
1385 2573 1495 2602 casu.
1515 2566 1596 2602 Hoe
1615 2569 1746 2602 autem

126 2616 417 2654 inconveniens
454 2618 527 2659 est,
563 2613 657 2660 quia
692 2613 856 2651 ultimus
896 2612 988 2649 finis
1021 2616 1081 2649 est
1124 2612 1274 2649 bonum
1311 2611 1560 2656 intellectus;
1589 2611 1748 2650 fortuna

127 2667 259 2701 autem
282 2662 501 2700 intellectui
529 2663 735 2707 repugnat,
757 2660 851 2707 quia
870 2659 1031 2696 fortuita
1051 2659 1201 2705 absque
1227 2657 1478 2695 ordinatione
1513 2659 1741 2697 intellectus

126 2710 386 2757 proveniunt3
405 2708 693 2746 inconveniens
722 2711 853 2744 autem
872 2710 932 2743 est
951 2705 1058 2753 quod
1085 2706 1312 2742 intellectus
1327 2714 1444 2743 suum
1473 2704 1592 2742 finem
1609 2715 1749 2743 eonse-

128 2761 272 2804 quatur
290 2766 371 2796 non
389 2765 459 2803 per
478 2756 581 2792 viam
597 2753 904 2800 intelligibilem.
918 2754 1005 2790 Non
1020 2760 1114 2799 ergo
1134 2756 1402 2799 consequetur
1420 2752 1540 2790 finem
1561 2752 1746 2790 ultimum

128 2804 196 2851 qui
216 2813 386 2849 peccans
410 2803 630 2840 mortaliter
647 2802 764 2838 habet
783 2800 1046 2837 intentionem
1066 2808 1244 2836 aversam
1267 2799 1315 2836 ab
1332 2799 1472 2836 ultimo
1493 2799 1585 2836 fine.

175 2851 275 2894 Item,
295 2851 461 2888 materia
478 2858 558 2886 non
576 2847 836 2894 consequitur
855 2847 1022 2883 formam
1043 2846 1092 2883 ab
1115 2850 1271 2892 agente,
1285 2846 1362 2883 nisi
1382 2846 1500 2883 suerit
1515 2847 1560 2882 ad
1578 2847 1746 2883 formam

129 2896 324 2944 disposita
353 2896 649 2935 convenienter.
671 2894 780 2933 Finis
816 2897 949 2933 autem
967 2896 1004 2931 et
1023 2893 1173 2931 bonum
1202 2896 1265 2931 est
1287 2893 1477 2941 perfectio
1513 2893 1745 2938 voluntatis,
