1894 3223
210 133 254 168 66
807 126 896 162 LIB.
923 126 954 169 I,
982 125 1084 161 CAP.
1112 125 1232 162 LXIII.

210 212 315 250 enim
336 219 472 247 verum
492 212 565 248 est,
588 207 694 254 quod
713 207 918 243 intellectu
938 206 1188 253 dijudicatur,
1212 207 1307 254 quia
1325 216 1390 244 res
1409 206 1464 244 ita
1474 216 1519 243 se
1540 206 1671 248 habet,
1690 210 1728 244 et
1748 216 1830 246 non

210 268 231 296 e
243 266 450 296 converso.
471 255 698 292 Intellectus
712 257 842 290 autem
860 253 1018 291 divinus
1028 263 1097 300 per
1116 263 1231 291 suam
1247 254 1455 290 scientiam
1475 257 1536 290 est
1549 262 1672 291 causa
1683 263 1830 300 rerum,

209 305 315 342 unde
330 307 486 349 oportet
505 301 608 348 quod
625 300 793 337 scientia
813 300 899 346 ejus
920 301 972 337 sit
991 310 1182 338 mensura
1201 310 1346 341 rerum,
1367 300 1471 337 sicut
1485 309 1550 337 ars
1565 303 1625 337 est
1641 310 1833 339 mensura

212 351 527 391 artificiatorum‚
552 356 721 393 quorum
743 347 1055 394 unumquodque
1075 348 1117 384 in
1142 351 1293 384 tantum
1313 347 1531 393 perfectum
1552 351 1626 391 est,
1647 347 1689 383 in
1708 357 1833 394 quan-

209 403 291 434 tum
314 397 385 434 arti
410 394 636 432 concordat.
664 394 769 430 Talis
790 394 911 439 igitur
930 398 991 431 est
1022 395 1265 440 comparatio
1285 394 1511 431 intellectus
1533 394 1656 431 divini
1682 395 1730 430 ad
1751 404 1831 440 res,

210 445 340 491 qualis
360 447 421 479 est
454 450 584 478 rerum
615 440 663 477 ad
694 441 939 478 intellectum
973 442 1205 478 humanum.
1227 441 1394 478 Falsitas
1428 445 1560 478 autem
1599 445 1764 478 causata
1785 451 1833 479 ex

209 489 476 536 inaequalitate
497 487 723 524 intellectus
743 488 907 524 humani
929 491 967 524 et
979 489 1049 532 rei,
1072 497 1153 525 non
1174 492 1234 526 est
1253 488 1294 524 in
1309 488 1442 531 rebus,
1463 488 1533 525 sed
1547 488 1588 524 in
1604 488 1825 525 intellectu.

209 537 249 574 Si
273 537 394 582 igitur
413 544 495 572 non
513 538 619 571 esset
638 534 869 571 omnimoda
887 534 1108 581 adaequatio
1129 535 1354 572 intellectus
1375 535 1497 572 divini
1513 535 1561 572 ad
1577 544 1654 580 res,
1677 535 1835 572 falsitas

209 588 316 621 esset
336 583 377 619 in
398 582 530 626 rebus,
553 590 634 618 non
654 581 696 617 in
721 581 923 618 intellectu
943 581 1092 619 divino.
1113 583 1193 618 Nec
1215 585 1346 619 tamen
1375 582 1415 618 in
1439 581 1559 619 rebus
1580 586 1642 619 est
1661 581 1832 626 falsitas,

208 631 303 677 quia
326 633 517 676 quantum
538 628 852 675 unumquodque
881 627 1000 665 habet
1034 628 1082 665 de
1103 637 1206 672 esse,
1227 633 1380 666 tantum
1418 628 1536 666 habet
1568 628 1616 666 de
1651 629 1830 666 veritate.

207 677 324 715 Nulla
341 677 463 724 igitur
483 675 733 722 inaequalitas
754 679 814 712 est
850 675 954 711 inter
979 675 1222 712 intellectum
1245 675 1421 712 divinum
1442 679 1481 712 et
1505 684 1584 721 res,
1606 685 1680 713 nec
1699 676 1833 723 aliqua

208 724 364 761 falsitas
386 723 427 759 in
447 722 650 759 intellectu
673 722 807 759 divino
828 731 918 758 csse
938 725 1081 768 potest.

254 772 355 810 Item,
379 770 482 806 sicut
500 778 635 806 verum
657 773 717 806 est
736 769 885 805 bonum
919 769 1160 813 intellectus,
1182 768 1238 805 ita
1262 768 1407 806 falsum
1429 773 1489 806 est
1517 769 1664 806 malum
1685 769 1829 815 ipsius.

209 817 447 855 Naturaliter
467 817 572 853 enim
598 817 821 862 appetimus
838 825 975 852 verum
996 825 1240 862 cognoscere
1259 819 1297 852 et
1312 815 1534 861 refugimus
1560 816 1660 853 falso
1685 816 1829 862 decipi.

208 864 352 901 Malum
391 867 521 900 autem
546 864 589 899 in
626 865 706 900 Deo
735 872 825 900 esse
857 872 939 900 non
968 866 1112 909 potest,
1135 866 1178 899 ut
1195 862 1404 908 probatum
1444 866 1504 900 est
1529 862 1629 909 (cap.
1647 863 1721 910 39).
1744 865 1831 900 Non

208 915 339 958 potest
358 911 530 957 igiturin
553 919 600 946 eo
621 919 710 947 esse
732 910 900 947 salsitas.

258 959 355 994 Hinc
377 962 434 994 est
451 957 556 1004 quod
573 957 729 1001 dicitur,
746 959 874 1001 Rom.,
888 966 946 1001 111,
962 959 984 993 4
998 969 1006 993 :
1021 959 1088 994 Est
1105 959 1223 992 autem
1235 958 1329 992 Deus
1343 966 1477 1000 υθναως
1492 958 1622 1002 Num„
1637 965 1750 1002 xxm,
1768 959 1830 994 19:

208 1005 289 1042 Non
310 1007 361 1040 est
379 1007 472 1039 Deus
497 1007 538 1040 ut
557 1005 658 1040 homo
676 1007 718 1040 ut
736 1005 958 1047 mennatum
981 1007 1019 1040 et
1035 1006 1165 1049 Joan.,
1186 1013 1214 1048 1,
1235 1006 1256 1039 5
1273 1015 1282 1040 :
1297 1005 1392 1040 Deus
1411 1004 1477 1039 lucc
1492 1006 1557 1050 est,
1573 1007 1608 1040 et
1625 1004 1777 1041 tenebrae
1792 1005 1834 1040 in

209 1061 248 1088 eo
265 1062 337 1087 non
353 1054 436 1087 sunt
454 1052 550 1087 ullae.

859 1149 1028 1191 CAPUT
1060 1149 1181 1190 LXII.

445 1258 546 1292 QUOD
568 1257 710 1287 DIVINA
734 1258 904 1286 VERITAS
930 1258 1001 1286 EST
1031 1258 1153 1286 PRIMA
1179 1257 1230 1285 ET
1256 1257 1388 1286 SUMMA
1411 1258 1591 1286 VERITAS.

258 1357 312 1392 Ex
330 1355 392 1391 his
413 1359 542 1391 autem
564 1364 651 1401 quae
666 1359 829 1391 ostensa
849 1357 954 1398 sunt,
984 1353 1193 1391 manifeste
1215 1354 1381 1390 habetur
1400 1355 1506 1401 quod
1528 1355 1664 1392 divina
1679 1356 1829 1394 veritas

209 1401 263 1439 sit
297 1402 424 1447 prima
441 1406 478 1438 et
504 1410 659 1438 summa
688 1401 847 1437 veritas.
871 1402 979 1437 Sicut
997 1401 1103 1437 enim
1118 1405 1177 1438 est
1195 1400 1407 1446 dispositio
1430 1411 1563 1438 rerum
1585 1403 1626 1438 in
1647 1411 1751 1446 esse,
1773 1405 1830 1440 ita

209 1452 250 1486 et
268 1448 308 1484 in
329 1449 505 1492 veritate,
528 1452 569 1484 ut
588 1452 694 1494 patet
712 1457 781 1493 per
802 1447 1089 1493 Philosophum
1106 1447 1147 1483 in
1169 1447 1346 1484 secundo
1366 1449 1527 1493 Metaph.
1553 1449 1659 1495 (text.
1682 1458 1827 1486 comm.

207 1495 260 1542 4).
282 1496 323 1530 Et
345 1495 420 1531 hoc
453 1495 557 1539 ideo,
579 1495 672 1541 quia
702 1504 839 1531 verum
859 1498 898 1530 et
923 1504 994 1532 ens
1016 1503 1059 1531 se
1079 1494 1248 1531 invicem
1288 1499 1601 1541 consequuntur.
1626 1497 1691 1532 Est
1725 1496 1831 1533 enim

207 1551 359 1585 verum,
381 1551 469 1578 cum
490 1542 634 1578 dicitur
648 1551 736 1578 esse
756 1541 862 1588 quod
879 1541 1025 1585 est,vel
1048 1549 1128 1578 non
1147 1550 1236 1578 esse
1253 1541 1359 1588 quod
1378 1550 1460 1579 non
1475 1545 1546 1579 est.
1562 1542 1637 1579 Sed
1652 1542 1830 1580 divinum

209 1597 301 1626 esse
319 1593 378 1625 est
393 1589 564 1634 primum
577 1592 613 1625 et
629 1588 976 1634 perfectissimum.
987 1590 1088 1635 Ergo
1101 1591 1139 1624 et
1152 1597 1227 1625 sua
1235 1588 1379 1625 veritas
1394 1592 1453 1626 est
1467 1590 1594 1635 prima
1609 1592 1646 1626 et
1659 1599 1830 1628 summa.

256 1637 357 1680 Item,
380 1636 485 1682 quod
504 1645 574 1682 per
593 1635 806 1672 essentiam
847 1636 965 1672 alicui
1000 1635 1197 1680 convenit,
1219 1635 1508 1682 perfectissime
1543 1637 1578 1673 ei
1610 1637 1797 1674 convenit
1817 1650 1828 1673 :

210 1682 281 1720 sed
300 1682 445 1719 veritas
466 1684 545 1720 Deo
565 1682 792 1720 attribuitur
812 1682 1091 1727 essentialiter,
1119 1686 1162 1719 ut
1196 1686 1403 1720 ostensum
1432 1687 1494 1720 est
1525 1683 1626 1730 (cap.
1645 1684 1704 1731 60)
1726 1696 1735 1721 :
1758 1693 1834 1722 sua

209 1729 334 1776 igitur
352 1730 499 1766 veritas
520 1733 581 1766 est
607 1738 765 1767 summa
784 1733 822 1766 et
842 1729 970 1776 prima
986 1729 1146 1766 veritas.

257 1777 449 1821 Praeterea,
469 1777 615 1813 veritas
636 1777 678 1812 in
698 1779 836 1813 nostro
856 1777 1059 1813 intellectu
1089 1786 1137 1813 ex
1170 1775 1247 1813 hoc
1279 1780 1341 1814 est
1368 1777 1475 1823 quod
1507 1777 1738 1824 adaequatur
1771 1778 1830 1816 rei

209 1822 434 1860 intellectae.
456 1824 703 1869 AEqualitatis
724 1827 854 1860 aulem
875 1832 996 1860 causa
1016 1825 1077 1860 est
1096 1823 1243 1868 unitas,
1265 1827 1309 1860 ut
1323 1824 1484 1869 patetin
1505 1829 1645 1871 quarto
1663 1826 1827 1870 Metaph.

211 1869 318 1916 (text.
337 1879 481 1907 comm.
503 1870 577 1916 20).
600 1871 694 1907 Cum
713 1870 885 1916 igiturin
904 1870 1106 1906 intellectu
1125 1870 1258 1907 divino
1277 1870 1330 1907 sit
1345 1871 1509 1908 omnino
1525 1871 1630 1908 idem
1647 1871 1827 1909 intellec-

211 1920 277 1954 tus
295 1920 333 1953 et
351 1917 456 1963 quod
470 1917 719 1963 intelligitur,
738 1926 812 1954 sua
826 1917 971 1954 veritas
991 1918 1064 1953 erit
1084 1918 1212 1962 prima
1231 1921 1270 1954 et
1289 1926 1448 1954 summa
1468 1918 1630 1956 veritas.

257 1964 441 2009 Amplius,
464 1964 562 2000 illud
583 1964 687 2010 quod
711 1967 772 2001 est
789 1973 976 2001 mensura
994 1964 1035 2000 in
1056 1972 1299 2011 unoquoque
1315 1974 1473 2011 genere,
1495 1968 1557 2003 cst
1585 1965 1829 2012 perfectissi-

211 2019 321 2048 mum
342 2011 452 2048 illius
478 2011 637 2057 generis
659 2023 668 2047 :
686 2011 792 2048 unde
818 2020 958 2048 omnes
993 2010 1149 2048 colores
1169 2016 1452 2049 mensurantur
1471 2012 1576 2049 albo.
1599 2012 1675 2050 Sed
1695 2013 1832 2051 divina

207 2057 354 2094 veritas
375 2061 435 2094 est
453 2066 644 2094 mensura
662 2058 794 2095 omnis
813 2058 1003 2095 veritatis.
1023 2058 1175 2095 Veritas
1195 2058 1301 2095 enim
1322 2059 1449 2096 nostri
1469 2058 1697 2097 intellectus
1717 2069 1830 2097 men-

211 2108 372 2142 suratur
390 2115 413 2141 a
435 2115 490 2145 re,
509 2114 596 2152 quae
616 2108 677 2142 est
695 2109 805 2142 extra
824 2106 1014 2142 animum.
1038 2107 1092 2141 Ex
1107 2105 1183 2142 hoc
1202 2105 1307 2142 enim
1322 2106 1550 2143 intellectus
1560 2110 1698 2144 noster
1712 2115 1829 2144 verus

209 2151 368 2195 dicitur,
389 2152 496 2198 quod
516 2155 712 2189 consonat
731 2153 801 2189 rei.
824 2153 975 2190 Veritas
998 2156 1130 2189 autem
1150 2152 1207 2189 rei
1225 2157 1480 2190 mensuratur
1498 2153 1547 2190 ad
1584 2154 1830 2192 intellectum

210 2198 389 2235 divinum
409 2199 476 2245 qui
498 2202 558 2235 est
578 2207 699 2236 causa
718 2208 849 2236 rerum
870 2203 915 2236 ut
933 2199 1037 2236 infra
1054 2199 1095 2246 (l.
1114 2208 1157 2244 11,
1179 2209 1213 2236 c.
1234 2199 1294 2247 24)
1330 2200 1574 2246 probabitur,
1596 2201 1701 2238 sicut
1734 2201 1834 2238 veri-

209 2248 271 2282 tas
289 2245 587 2283 art-iiiciatorum
606 2246 655 2283 ad
675 2249 800 2283 artem
820 2246 997 2284 artificis.
1019 2248 1126 2283 Tunc
1140 2247 1247 2283 enim
1259 2256 1353 2284 vera
1367 2251 1429 2285 est
1447 2257 1539 2284 arca
1552 2248 1712 2294 quando
1725 2256 1821 2285 con-

210 2296 328 2330 sonat
348 2293 435 2329 arti.
459 2294 552 2329 Cum
573 2295 691 2330 etiam
711 2294 816 2331 Deus
836 2294 890 2331 sit
907 2294 1060 2340 primus
1078 2293 1305 2332 intellectus
1323 2297 1362 2331 et
1373 2294 1546 2340 primum
1561 2294 1830 2342 intelligibile,

211 2343 367 2386 oportet
386 2340 492 2386 quod
513 2340 659 2377 veritas
684 2340 909 2377 intellectus
943 2340 1156 2386 cujuslibet
1191 2340 1277 2387 ejus
1310 2342 1475 2378 veritate
1506 2346 1774 2387 mensuretur,
1794 2341 1832 2379 si

210 2387 524 2433 unumquodque
549 2391 803 2425 mensuratur
825 2388 954 2434 primo
986 2388 1049 2424 sui
1074 2388 1247 2434 generis,
1270 2391 1313 2425 ut
1337 2388 1610 2434 Philosophus
1635 2388 1756 2425 tradit
1786 2388 1831 2425 in

210 2432 366 2470 decimo
387 2434 544 2478 Metaph.
569 2433 675 2478 (text.
692 2443 836 2471 comm.
853 2436 906 2479 7).
921 2434 1063 2471 Divina
1078 2434 1200 2481 igitur
1217 2436 1361 2472 veritas
1380 2438 1443 2473 est
1461 2436 1592 2482 prima
1613 2444 1773 2474 summa
1790 2437 1832 2471 et

211 2481 503 2528 perfectissima
523 2482 680 2518 veritas.
704 2482 734 2528 (I
752 2485 868 2528 part„
890 2491 929 2529 q.
946 2489 1030 2526 xvi,
1052 2487 1123 2517 art.
1146 2482 1197 2528 5.)

862 2599 1031 2642 CAPUT
1057 2600 1196 2641 LXIII.

291 2696 480 2724 airtoxns
506 2696 733 2725 vomxrmir
757 2697 784 2725 A
808 2696 884 2725 nno
912 2697 1166 2726 snm-amnne
1190 2677 1455 2726 coanmoxmr
1479 2695 1755 2725 smenmmmr.

263 2789 358 2824 Sunt
379 2790 509 2823 autem
529 2786 687 2832 quidam
712 2787 779 2833 qui
802 2788 1037 2833 perfectioni
1059 2788 1204 2826 divinae
1222 2786 1465 2834 cognitionis
1480 2786 1745 2834 singularium
1765 2797 1838 2826 no·

216 2833 597 2917 titiamdsltrilbtrahere
617 2834 809 2871 nituntur.
829 2835 886 2871 Ad
906 2835 1012 2882 quod
1035 2835 1194 2882 quidem
1225 2833 1542 2871 confirmandum
1578 2838 1730 2881 septem
1760 2836 1842 2874 viis

216 2890 335 2927 proce
442 2908 451 2917 .
