1838 3227
204 111 251 149 vl
543 108 679 145 BERN.
707 108 863 145 MARIAE
890 108 949 142 DE
974 106 1140 142 RUBEIS
1167 98 1479 144 DISSERTATio'.

205 210 438 253 versionem
462 210 705 250 Maurorum
737 210 779 247 et
809 206 1060 255 infidelium,
1095 207 1312 247 memoriae
1346 210 1614 259 posterorum
1647 208 1781 249 tradid
1821 193 1838 237 D

205 277 354 316 Petrus
372 274 593 315 Marsilius.
616 270 922 313 Tertiodecimo
944 271 1115 321 saeculo,
1137 274 1179 312 et
1211 271 1448 322 insequenti
1481 272 1669 321 ineunte,
1693 273 1787 313 flore
1822 271 1835 313 Ρ

207 340 279 380 bat
308 339 370 378 vir
401 338 588 387 illustris,
623 336 840 376 Catalanus
876 335 1061 384 natione,
1096 335 1250 375 domus
1279 337 1434 375 nostrae
1470 336 1788 376 Barchinonens
1824 333 1838 363 θ’

208 404 416 455 professus
435 401 598 441 Ordinis
612 398 958 447 Praedicatorum,
978 399 1120 439 multis
1139 399 1380 440 nominibus
1400 399 1618 450 probitatis
1637 403 1680 440 et
1698 400 1789 440 litte
1824 398 1837 427 Β

208 477 350 506 rarum
370 466 530 517 peritiae
555 461 805 514 spectabilis.
829 463 1186 504 commentarium
1217 463 1384 515 scripsit
1401 462 1460 503 De
1489 464 1606 517 qestis
1624 462 1764 504 Jacobz·
1780 483 1790 503 ι

208 530 311 583 reqis
329 530 556 581 Aruqonum
575 538 595 577 ,·
613 538 699 578 quo
719 538 770 567 ex
790 537 917 576 opere
935 527 1139 567 hactenus
1167 527 1326 568 inedito
1359 527 1569 579 prolixum
1603 528 1654 568 de
1673 530 1791 568 sanct
1827 519 1835 556 ἴ

208 595 443 635 Raimundo
481 590 770 631 testimonium
803 591 1072 641 desumptum
1100 594 1260 641 prostat
1286 592 1397 641 apud
1431 591 1703 633 Franciscum
1724 593 1792 633 Dia
1827 592 1838 632 l

210 669 308 711 gum
340 657 384 695 in
413 655 595 696 Historia
625 655 813 706 ejusdem
847 654 980 694 sancti
1017 654 1232 705 hispanice
1266 655 1447 705 scripta,
1482 667 1531 696 ac
1563 656 1674 709 typis
1706 656 1791 697 edit

209 733 318 763 anno
341 721 458 770 1601,
480 723 521 760 et
540 720 651 771 apud
671 720 875 760 Joannem
898 720 1082 770 Tamayo
1109 720 1160 758 de
1177 719 1343 758 Salazar
1362 722 1480 759 tomo
1497 720 1514 759 I
1533 720 1790 772 Martyrolog
1830 721 1838 751 1

207 784 429 836 hispanici,
446 795 496 824 ac
516 785 688 824 demum
707 784 817 824 inter
848 783 1104 823 Testimonia
1133 784 1302 832 selecta,
1325 795 1419 833 quae
1446 783 1616 823 Summae
1636 784 1795 824 Raimur
1831 789 1838 815 ¹

210 849 309 890 dinae
327 847 541 899 praemissa
559 847 736 899 legimus
754 847 797 887 in
815 847 999 888 editione
1014 848 1066 888 ab
1085 849 1298 887 Honorato
1311 847 1531 888 Vincentio
1552 849 1682 900 Laget
1701 859 1797 889 accc
1835 842 1838 858 ²

208 914 313 960 rata,
329 922 377 950 ac
387 911 578 959 Veronae,
595 922 704 950 anno
720 912 838 959 1744,
851 922 1014 951 recusa.
1029 911 1162 951 Verba
1175 916 1272 951 sunt
1289 925 1298 951 ;
1319 927 1337 947 «
1354 912 1678 951 Conversionem
1694 912 1798 952 etiae

210 974 444 1015 infidelium
477 975 673 1015 ardenter
710 974 963 1023 desiderans,
1000 975 1160 1026 rogavit
1197 975 1397 1014 eximium
1437 976 1656 1014 doctorem
1693 985 1799 1014 sacri

209 1039 377 1091 Paginae
398 1038 641 1091 Magistrum
654 1039 697 1078 in
716 1038 942 1090 Theologia
956 1040 1001 1078 F.
1023 1039 1229 1078 Thomam
1245 1040 1295 1078 de
1308 1039 1489 1089 Aquino,
1505 1038 1693 1089 ejusdem
1708 1038 1800 1078 Ordi

210 1103 344 1144 nis...
368 1107 414 1142 ut
434 1115 540 1154 opus
560 1103 731 1154 aliquod
750 1104 908 1143 faceret
929 1106 1076 1143 contra
1095 1102 1327 1142 infidelium
1349 1114 1524 1151 errores,
1547 1113 1621 1153 per
1647 1103 1760 1153 quod
1781 1113 1801 1141 e
1837 1123 1838 1135 ι

210 1167 481 1208 tenebrarum
494 1167 713 1207 tolleretur
733 1167 882 1219 caligo,
905 1172 947 1208 et
966 1168 1052 1208 veri
1072 1167 1167 1207 solis
1188 1167 1379 1206 doctrina
1391 1166 1561 1206 credere
1580 1166 1798 1206 nolentibu

212 1232 481 1283 panderetur.
497 1231 613 1271 Fecit
634 1231 831 1283 magister
849 1232 934 1280 ille,
955 1232 1068 1283 quod
1089 1232 1195 1271 tanti
1215 1232 1351 1271 Patris
1379 1230 1548 1270 humilis
1582 1230 1804 1281 deprecati«

210 1295 476 1348 requirebat:
499 1299 542 1336 et
560 1295 779 1346 Summam,
800 1307 895 1347 quae
911 1302 1048 1335 contra
1081 1294 1246 1336 Gentiles
1277 1295 1535 1343 intitulatur,
1569 1294 1805 1346 composuit

212 1371 307 1410 quae
328 1372 403 1411 pro
418 1361 488 1400 illa
509 1360 683 1400 materia
703 1371 789 1400 non
808 1360 1001 1400 habuisse
1018 1371 1162 1410 parem
1178 1359 1378 1400 creditur.
1401 1359 1577 1409 Suppari
1591 1359 1688 1399 testi
1701 1359 1806 1400 dene

211 1425 346 1476 ganda
366 1426 467 1465 fides
486 1436 572 1464 non
589 1427 665 1465 est.
681 1424 742 1464 Ad
763 1435 921 1464 annum
943 1427 1045 1464 1275
1080 1425 1205 1464 vitam
1235 1424 1320 1476 egit
1340 1424 1380 1463 S.
1413 1424 1672 1464 Raimundus
1693 1437 1703 1463 ε
1724 1434 1807 1475 pro-

211 1500 295 1540 que
308 1489 414 1537 zelo,
436 1500 521 1539 quo
541 1489 844 1528 Saracenorum
862 1492 904 1529 et
923 1490 1156 1530 infidelium
1178 1490 1357 1528 salutem
1371 1491 1571 1528 aeternam
1585 1487 1803 1540 deperibat

211 1552 350 1603 potuit
380 1552 577 1603 Aquinati
610 1564 714 1602 opus
744 1553 978 1605 injungere,
1015 1556 1087 1592 aut
1118 1553 1255 1603 operis
1278 1553 1368 1604 J'am
1408 1553 1601 1603 concepti
1633 1553 1809 1604 comple·

214 1620 403 1656 mentum
436 1618 625 1666 suadere,
648 1617 762 1667 quod
788 1627 936 1657 eorum
957 1617 1009 1656 ad
1031 1616 1345 1657 conversionem
1373 1617 1555 1657 maxime
1574 1617 1678 1658 utile
1697 1618 1809 1660 foret

214 1681 380 1720 Galamo
398 1681 511 1721 Petri
531 1681 701 1721 Marsilii
715 1680 871 1732 scripta
883 1683 1042 1732 prostat
1060 1680 1107 1721 S.
1127 1680 1342 1721 Raz'muncli
1362 1680 1464 1729 Vita,
1477 1681 1718 1732 eademque,
1731 1685 1810 1724 Bar

214 1744 409 1792 chinone,
423 1756 532 1784 anno
549 1745 668 1794 1601,
681 1744 789 1796 typis
804 1744 916 1785 edita
935 1757 944 1784 :
959 1756 1054 1796 quae
1069 1748 1213 1784 tamen
1226 1756 1312 1785 non
1329 1748 1408 1794 est,
1420 1743 1499 1785 nisi
1514 1743 1764 1798 Excerptum
1777 1759 1812 1790 e:

215 1809 522 1862 Commentario
542 1808 601 1849 De
619 1808 731 1848 rebus
748 1809 864 1862 qestis
883 1808 1023 1850 Jacohz·
1046 1809 1081 1858 J,
1103 1809 1205 1862 reqz‘s
1232 1809 1475 1861 Araqonum.
1510 1809 1707 1861 Elogium
1727 1812 1812 1864 ejus

215 1873 578 1914 accuratissimum
610 1874 783 1914 consule
814 1874 925 1925 apud
957 1874 1195 1914 Echardum
1215 1904 1225 1922 ,
1259 1873 1368 1913 inter
1403 1873 1627 1924 scriptores
1660 1874 1813 1918 Ordini:

213 1937 558 1978 Praedicatorum.

266 2003 317 2042 ΙΙ.
349 2002 749 2042 Praestantissimum
776 2015 880 2053 opus
910 2003 954 2042 in
991 2003 1112 2042 editis
1144 2003 1298 2054 passim
1331 2003 1532 2053 exemplis
1563 2003 1808 2046 inscribitur

215 2066 379 2106 Summa
398 2066 595 2105 catholicae
611 2066 706 2119 fidei
733 2073 869 2107 eontra
891 2066 1056 2107 Gentiles
1078 2079 1093 2106 .·
1112 2071 1184 2106 aut
1213 2065 1385 2106 Summae
1404 2066 1604 2108 catholieae
1621 2068 1718 2121 fidei
1733 2081 1816 2109 eon-

216 2137 280 2171 tra
300 2130 464 2171 Gentiles
493 2130 586 2170 libri
611 2136 792 2183 quatuor.
820 2132 879 2172 De
908 2130 1020 2170 tituli
1052 2130 1302 2181 antiquitate
1334 2130 1528 2172 dubitare
1559 2145 1645 2172 non
1681 2133 1816 2172 sinunt

214 2196 448 2235 Bernardus
470 2196 682 2243 GuidoniS,
706 2197 885 2235 Joannes
902 2195 1122 2244 Columna,
1136 2196 1286 2234 Petrus
1300 2194 1520 2236 Marsilius.
1543 2196 1611 2237 Ait
1630 2197 1790 2247 primus
1812 2211 1817 2235 2

215 2259 386 2309 Scripsit
405 2263 446 2299 et
475 2259 628 2298 librum
643 2260 714 2310 qui
729 2259 967 2299 intitulatur
978 2258 1142 2298 Summa
1161 2264 1301 2298 eontra
1325 2257 1508 2299 Gentiles.
1529 2261 1647 2301 Alter
1669 2273 1679 2299 ε
1702 2259 1818 2300 Sum-

214 2335 319 2362 mum
344 2328 479 2362 eontra
513 2322 680 2363 Gentiles
708 2324 821 2364 fecit.
853 2325 1093 2363 Postremus
1116 2336 1126 2363 :
1149 2322 1352 2362 Summam
1384 2335 1470 2376 quae
1488 2329 1626 2365 contra
1658 2322 1819 2366 Gentilei

215 2387 467 2436 intitulatur,
507 2388 799 2438 composuit».
833 2389 924 2426 Non
961 2388 1064 2430 adso
1095 2390 1360 2429 consi-‚estem
1389 2389 1498 2428 hanc
1526 2388 1654 2429 fuisse
1683 2389 1820 2440 operis

135 2475 137 2477 ·
214 2449 545 2500 inscriptionem,
578 2451 756 2494 aliorum
775 2454 1018 2494 testimonia
1038 2454 1226 2494 evincere
1257 2453 1467 2494 videntur.
1501 2452 1609 2492 Illud
1643 2453 1820 2503 appellat

215 2513 470 2553 Ptolomaeus
490 2516 705 2568 Lucensis,
729 2518 892 2558 Librum
908 2523 1043 2557 contra
1066 2516 1230 2558 Gentiles
1243 2528 1260 2565 ,·
1278 2516 1526 2569 Logotheta‚
1554 2515 1657 2567 Opus
1686 2521 1820 2556 contra

218 2574 382 2616 Gentiles
401 2588 417 2627 ,·
434 2578 679 2622 Guiilelmus
693 2583 743 2621 de
762 2584 915 2630 Tocco,
935 2581 1098 2619 Librum
1114 2581 1183 2633 qui
1210 2580 1436 2619 intitulatur
1462 2584 1599 2618 contra
1638 2575 1816 2621 Gentiles.

215 2639 262 2679 In
283 2651 378 2680 mSS·
399 2641 572 2685 demum
600 2645 812 2684 codicibus
839 2646 999 2683 dictum
1033 2644 1224 2696 legimus,
1258 2643 1420 2682 Librum
1451 2642 1496 2680 de
1537 2640 1704 2680 Vei-itate
1731 2643 1822 2694 fidei

214 2708 351 2743 contra
369 2717 521 2749 errores
533 2707 762 2760 infidelium.

267 2767 614 2812 Secundumlibri
634 2771 756 2821 primi
774 2774 901 2819 caput
919 2770 1156 2820 diligentius
1176 2770 1412 2820 expendens
1430 2777 1524 2817 eg0‚
1540 2766 1813 2813 intentionem

214 2836 400 2877 auctoris
419 2839 460 2876 et
480 2834 742 2885 propositum
769 2844 967 2883 assequor
989 2846 998 2871 ε
1022 2834 1418 2881 inscribendumque
1450 2833 1680 2880 putaverim
1715 2847 1817 2887 opus
