1894 3223
640 68 729 106 LIB.
756 69 803 114 11,
831 69 932 106 CAP.
960 68 1137 108 LXXXIII.
1630 77 1699 112 225

80 160 149 190 eas
180 151 300 189 otiam
324 154 495 189 aeternas
523 154 712 189 asserunt
742 160 833 188 cum
861 151 1037 197 Platone,
1065 154 1105 189 et
1123 159 1192 190 eas
1212 150 1261 190 de
1282 159 1449 200 corpore
1479 152 1529 191 ad
1553 163 1699 201 corpus

78 201 266 236 transtre.

125 244 200 282 Sed
235 244 282 282 de
303 243 410 281 sacili
440 243 597 282 ostendi
630 248 762 291 potest
795 244 1024 290 praemissas
1056 245 1278 290 positiones
1308 255 1388 284 non
1419 256 1509 285 esse
1534 249 1698 288 veritate

78 292 286 331 subnixas.
320 290 432 336 Quod
455 291 561 329 enim
579 300 661 329 non
681 292 732 329 sit
754 300 858 329 unus
888 292 1066 328 oninium
1088 292 1313 331 intellectus
1341 295 1547 339 possibilis
1569 305 1699 343 neque

79 347 219 386 agens,
238 338 319 386 jam
350 347 472 384 supra
504 338 554 385 (e.
584 341 632 376 73
664 342 703 375 et
727 338 788 384 76)
819 343 878 375 est
909 342 1129 375 ostensum.
1159 339 1266 377 Unde
1297 344 1417 377 restat
1441 346 1579 379 eontra
1599 344 1699 382 istas

77 386 303 433 positiones
320 385 533 432 procedere
553 394 641 432 quae
659 385 795 422 dieunt
820 386 953 437 plures
974 386 1129 423 animas
1151 395 1239 424 esse
1260 387 1481 429 hominum,
1503 393 1541 425 et
1566 394 1698 429 tamen

77 436 234 480 ponunt
258 441 326 470 eas
347 435 437 469 ante
457 440 626 478 corpora
656 432 871 477 exstitisse,
895 441 977 469 sive
999 432 1046 469 ab
1065 437 1226 477 aeterno,
1249 434 1331 471 sive
1351 445 1372 471 a
1394 435 1529 473 mundi
1548 438 1697 476 eonsti-

77 480 232 519 tutione
255 491 265 524 ;
287 478 393 526 quod
420 479 580 526 quidem
603 479 758 517 videtur
778 479 1065 517 inconveniens
1087 480 1149 518 bis
1170 481 1409 519 rationibus.

128 528 343 564 ostensum
373 529 434 563 est
459 526 565 563 enim
601 535 724 573 supra
755 526 803 573 (e.
826 527 885 574 57)
919 527 1091 564 animam
1114 527 1218 564 uniri
1239 529 1395 574 corpori
1413 532 1455 566 ut
1475 529 1641 569 sormam
1662 535 1702 570 et

79 577 211 611 aetum
232 573 374 620 ipsius.
394 575 514 611 Actus
534 576 680 617 autem,
701 574 793 611 lic-et
812 574 863 611 sit
885 574 1118 611 naturaliter
1148 575 1256 620 prior
1276 576 1464 620 potentia,
1485 581 1631 623 tamen,
1654 579 1696 618 in

79 621 235 665 eodem,
267 623 443 666 tempore
476 624 536 658 est
556 621 777 667 posterior;
808 625 987 658 movetur
1007 621 1112 658 enim
1142 621 1291 668 aliquid
1311 622 1358 658 de
1381 625 1555 667 potentia
1576 626 1616 661 in
1636 636 1700 664 ae-

78 671 177 705 tum.
197 667 312 705 Prius
333 667 455 715 igitur
475 667 548 705 suit
568 677 719 720 semen,
739 668 845 716 quod
857 668 1016 716 quidem
1029 668 1274 715 estpotentia
1293 669 1439 715 vivum,
1461 680 1579 717 quam
1594 676 1703 712 esset

80 715 230 760 anima,
251 723 340 762 quae
360 718 421 752 est
439 718 554 752 aetus
575 719 676 752 vitae.

126 762 272 806 Adhuc,
294 761 509 808 unicuique
530 761 667 799 formae
686 762 865 800 naturale
886 766 945 800 est
965 761 1134 808 propriae
1153 762 1327 800 materiae
1359 764 1486 809 uniri;
1519 765 1701 813 alioquin

80 808 344 847 constitutum
364 817 412 845 ex
436 810 562 846 forma
582 813 620 846 et
639 810 804 847 materia
821 813 927 847 esset
946 808 1096 856 aliquid
1116 813 1256 854 praeter
1275 813 1470 848 naturam.
1492 813 1606 851 Prius
1624 822 1700 851 au-

79 859 160 894 tem
187 855 415 894 attribuitur
433 856 649 903 unicuique
680 856 786 903 quod
817 856 1003 894 convenit
1039 855 1073 892 ei
1111 856 1331 894 seeundum
1361 862 1542 896 naturam
1581 869 1701 906 quam

81 902 189 950 quod
209 903 396 940 convenit
418 903 453 940 ei
474 906 615 949 praeter
633 907 835 947 naturam;
858 902 963 950 quod
984 902 1090 939 enim
1111 904 1297 955 convenit
1316 903 1435 942 alicui
1465 909 1606 951 praeter
1631 916 1702 945 na-

79 953 224 994 turam,
246 950 351 987 inest
370 949 406 987 ei
426 958 496 996 per
516 950 720 995 accidens;
741 950 847 997 quod
863 954 993 986 autem
1009 953 1194 986 convenit
1212 951 1247 987 ei
1266 952 1484 989 seeundum
1502 957 1699 996 naturam,

80 997 188 1034 inest
207 996 243 1034 ei
263 1006 332 1043 per
346 1005 390 1034 se
409 1007 418 1033 z
440 996 547 1044 quod
567 1000 698 1034 autem
719 1005 788 1043 per
813 997 999 1034 accidens
1031 1000 1105 1041 est,
1137 1005 1293 1043 semper
1320 1000 1519 1044 posterius
1555 1004 1616 1038 est
1652 1010 1701 1039 eo

80 1043 188 1091 quod
211 1048 272 1081 est
288 1052 358 1090 per
375 1051 432 1081 se.
452 1043 603 1080 Animae
623 1043 747 1090 igitur
766 1044 876 1090 prius
899 1043 1085 1081 convenit
1104 1052 1193 1081 esse
1214 1045 1366 1082 unitam
1395 1047 1551 1092 corpori
1581 1057 1701 1094 quam

80 1099 171 1129 esse
192 1099 216 1127 a
233 1098 399 1137 corpore
420 1094 657 1137 separatam.
678 1092 765 1129 Non
785 1094 846 1129 est
867 1091 989 1137 igitur
1008 1093 1139 1128 creata
1159 1094 1249 1128 ante
1269 1100 1414 1139 corpus
1433 1095 1495 1130 eui
1514 1094 1662 1131 unitur.

125 1137 311 1184 Amplius,
330 1136 463 1175 omnis
479 1146 572 1183 pars
592 1147 616 1174 a
634 1146 710 1175 suo
728 1140 811 1175 toto
832 1141 1014 1186 separata
1033 1140 1094 1176 est
1110 1137 1352 1184 imperfecta.
1383 1140 1524 1178 Anima
1554 1144 1702 1188 autem,

80 1193 206 1233 quum
228 1184 281 1222 sit
300 1183 442 1229 forma,
463 1187 506 1221 ut
525 1184 734 1230 probatum
755 1188 815 1223 est
835 1185 884 1232 (e.
904 1185 980 1231 47),
1002 1188 1063 1222 est
1081 1194 1172 1231 pars
1188 1185 1334 1232 speciei
1349 1186 1546 1225 humanae.
1564 1189 1702 1234 Igitur,

80 1232 281 1270 exsistens
298 1240 368 1278 per
394 1240 438 1268 se
457 1231 608 1278 absque
636 1240 815 1278 corpore,
843 1235 903 1270 est
934 1232 1177 1278 imperfecta.
1217 1233 1436 1271 Perfectum
1473 1238 1604 1273 autem
1643 1239 1704 1274 est

78 1279 192 1325 prius
208 1278 453 1324 imperfecto,
475 1279 518 1315 in
535 1287 667 1316 rerum
687 1279 929 1317 naturalium
960 1279 1112 1317 ordine.
1140 1281 1227 1317 Non
1258 1280 1380 1327 igitur
1411 1283 1599 1328 competit
1631 1292 1701 1320 na-

80 1329 180 1378 turae
200 1325 331 1363 ordini
352 1325 459 1373 quod
479 1325 613 1364 anima
630 1326 748 1364 fuerit
766 1327 878 1374 prius
904 1330 1038 1365 creata
1063 1335 1230 1374 corpore
1254 1331 1387 1374 exuta,
1412 1338 1531 1376 quam
1546 1330 1703 1377 corpori

80 1376 206 1411 unita.

128 1419 311 1465 Amplius,
333 1419 368 1457 si
389 1420 533 1458 animae
553 1423 648 1458 sunt
666 1423 807 1458 creatae
825 1420 974 1468 absque
987 1421 1235 1467 corporibus,
1252 1422 1509 1469 quaerendum
1527 1427 1588 1461 est
1601 1433 1701 1471 quo-

81 1466 202 1504 modo
217 1466 298 1502 sint
312 1467 546 1512 corporibus
561 1467 695 1505 unitae.
708 1471 783 1505 Aut
800 1468 905 1504 enim
924 1468 1000 1504 hoe
1020 1468 1094 1505 suit
1109 1469 1315 1512 violenter,
1332 1473 1400 1506 aut
1418 1479 1487 1515 per
1502 1474 1700 1508 naturam.

127 1513 167 1550 Si
186 1516 318 1551 autem
335 1513 528 1551 violenter
551 1513 683 1560 (omne
701 1518 833 1551 autem
853 1514 1070 1552 violentum
1103 1519 1164 1552 est
1192 1519 1330 1552 contra
1356 1517 1568 1564 naturam),
1604 1517 1702 1555 unio

80 1560 204 1607 igitur
224 1560 367 1598 animae
386 1560 435 1597 ad
453 1569 598 1606 eorpus
621 1564 684 1598 est
694 1565 842 1616 praeter
864 1564 1066 1606 naturam;
1089 1561 1209 1599 homo
1225 1563 1359 1608 igitur,
1382 1563 1449 1609 qui
1466 1573 1513 1601 ex
1533 1568 1702 1611 utroque

81 1607 348 1653 componitur,
372 1611 432 1645 est
451 1607 547 1654 quid
563 1608 807 1653 innaturale;
828 1608 934 1655 quod
954 1611 1060 1654 patet
1087 1617 1177 1646 esse
1198 1609 1357 1647 salsum.
1380 1611 1586 1656 Praeterea,
1609 1612 1702 1649 sub-

81 1654 547 1695 stantiaeintellectuales
568 1655 721 1692 altioris
742 1655 895 1692 ordinis
907 1658 1132 1702 suntquam
1149 1665 1316 1702 corpora
1336 1657 1531 1702 coelestia;
1554 1658 1596 1696 in
1613 1668 1701 1696 eor-

79 1701 245 1748 poribus
265 1704 397 1738 autem
417 1701 661 1746 coelestibus,
683 1702 783 1738 nihil
804 1702 1004 1739 invenitur
1022 1703 1240 1740 violentum
1267 1713 1395 1751 neque
1416 1708 1555 1743 contra
1585 1709 1702 1744 natu·

80 1757 188 1793 ram;
206 1747 332 1785 multo
351 1747 474 1794 igitur
492 1748 627 1786 minus
645 1749 686 1784 in
704 1749 941 1786 substantiis
965 1749 1316 1788 intellectualibus.

126 1795 165 1832 Si
189 1798 322 1832 autem
338 1794 570 1832 naturaliter
589 1795 732 1832 animae
753 1799 847 1832 sunt
881 1796 1116 1842 corporibus
1146 1797 1280 1841 unitae,
1314 1797 1547 1836 naturaliter
1577 1798 1701 1846 igitur

79 1841 223 1879 animae
243 1841 285 1878 in
303 1841 368 1879 sui
387 1841 587 1880 creatione
607 1842 856 1889 appetierunt
876 1843 1111 1889 corporibus
1126 1844 1245 1881 uniri.
1263 1845 1468 1891 Appetitus
1481 1850 1613 1883 autem
1632 1856 1699 1885 na·

78 1889 221 1926 turalis
240 1888 375 1926 statim
392 1888 523 1935 prodit
540 1889 582 1926 in
600 1893 745 1930 aetum,
767 1889 846 1927 nisi
867 1890 920 1927 sit
938 1890 1088 1937 aliquid
1106 1890 1343 1937 impediens,
1376 1892 1481 1930 sicut
1515 1896 1623 1938 patet
1657 1894 1701 1932 in

78 1939 189 1973 motu
211 1935 391 1983 gravium
414 1939 452 1973 et
471 1936 637 1981 levium3
659 1940 800 1973 natura
816 1937 923 1974 enim
943 1946 1100 1983 semper
1117 1947 1199 1975 uno
1218 1938 1337 1976 modo
1349 1942 1547 1985 operatur.
1562 1940 1701 1978 Statim

78 1991 175 2029 ergo
194 1991 218 2019 a
234 1982 429 2028 principio
449 1992 533 2021 suae
553 1984 782 2027 creationis,
809 1984 980 2021 fuissent
995 1985 1229 2030 corporibus
1251 1985 1385 2030 unitae,
1407 1985 1486 2024 nisi
1502 1990 1609 2024 esset
1629 1988 1700 2024 ali-

77 2028 175 2076 quid
193 2028 430 2075 impediens.
466 2030 542 2068 Sed
573 2039 692 2068 omne
717 2030 939 2077 impediens
971 2031 1244 2069 executionem
1265 2033 1460 2071 naturalis
1488 2034 1696 2080 appetitus,

79 2080 142 2114 est
181 2076 412 2114 violentiam
451 2077 641 2115 inferens.
661 2079 734 2115 Per
751 2078 981 2116 violentiam
1002 2079 1124 2125 igitur
1143 2079 1217 2116 fuit
1250 2079 1356 2126 quod
1388 2080 1532 2118 animae
1565 2086 1701 2119 essent

78 2123 214 2170 aliquo
230 2126 405 2169 tempore
425 2133 449 2160 a
468 2125 703 2171 corporibus
726 2129 936 2171 separatae3
957 2126 1063 2172 quod
1082 2129 1143 2163 est
1159 2126 1461 2172 inconveniens,
1491 2131 1575 2165 tum
1604 2128 1699 2175 quia

77 2169 120 2207 in
140 2170 222 2208 illis
243 2170 480 2209 substantiis
500 2181 582 2209 non
599 2175 730 2218 potest
749 2181 839 2209 esse
859 2172 1011 2219 aliquid
1028 2173 1261 2219 violentum,
1287 2177 1330 2210 ut
1347 2182 1468 2220 supra
1488 2178 1696 2212 ostensum

78 2220 152 2261 est,
175 2220 259 2254 tum
279 2217 374 2265 quia
390 2218 610 2257 violentum
629 2222 667 2256 et
686 2219 791 2266 quod
812 2223 872 2256 est
885 2222 1023 2256 eontra
1042 2223 1238 2265 naturam,
1267 2230 1387 2267 quum
1410 2221 1463 2259 sit
1494 2231 1564 2267 pei·
1596 2222 1697 2259 acci-

78 2262 192 2314 dens,
214 2272 296 2302 non
313 2267 444 2311 potest
460 2274 550 2304 esse
567 2266 678 2312 prius
698 2275 746 2304 eo
766 2266 872 2313 quod
892 2270 952 2304 est
968 2267 1187 2304 secundum
1209 2271 1404 2312 naturam,
1428 2277 1555 2315 neque
1570 2272 1694 2305 totam

77 2317 252 2355 spectem
272 2319 538 2359 consequens.
559 2314 766 2358 Praeterea,
788 2322 910 2360 quum
929 2314 1241 2360 unumquodque
1270 2314 1504 2351 naturaiiter
1538 2318 1697 2359 appetat

79 2364 194 2393 suam
213 2357 510 2403 perfectionem,
531 2360 706 2397 materiae
726 2364 787 2397 est
806 2363 987 2406 appetere
1019 2361 1202 2404 formam,
1239 2363 1278 2397 et
1313 2369 1395 2397 non
1427 2370 1449 2397 e
1484 2368 1694 2398 converso.

78 2403 220 2440 Anima
238 2407 370 2441 autem
389 2409 640 2451 comparatur
658 2407 707 2443 ad
727 2416 872 2452 eorpus
901 2407 1006 2443 sicut
1025 2407 1153 2443 forma
1172 2406 1220 2443 ad
1242 2407 1463 2449 materiam,
1497 2410 1540 2444 ut
1573 2416 1694 2453 supra

78 2449 128 2497 (c.
149 2453 191 2486 57
215 2453 253 2487 et
272 2450 330 2496 65)
352 2454 559 2489 ostensum
579 2455 653 2490 est.
673 2455 760 2490 Non
781 2453 902 2499 igitur
923 2453 1017 2489 unio
1034 2454 1177 2490 animae
1193 2452 1244 2491 ad
1264 2461 1411 2499 corpus
1428 2452 1472 2490 fit
1493 2462 1562 2499 per
1580 2463 1695 2501 appe-

77 2496 193 2534 titum
214 2497 370 2541 animae,
391 2497 460 2534 sed
482 2498 611 2544 magis
630 2508 700 2544 per
720 2500 935 2545 appetitum
957 2499 1151 2544 eorporis.

124 2544 163 2581 Si
183 2548 314 2581 autem
336 2544 491 2582 dicatur
508 2545 614 2591 quod
634 2549 846 2592 utrumque
865 2549 927 2583 est
945 2546 1088 2582 animae
1108 2545 1301 2590 naturale,
1318 2545 1471 2583 seilicet
1486 2546 1591 2583 uniri
1606 2556 1693 2585 eor-

78 2590 165 2637 pori
185 2594 224 2627 et
240 2599 330 2628 esse
350 2600 374 2628 a
395 2600 559 2638 corpore
581 2595 803 2638 separatam
831 2601 901 2637 pro
931 2592 1101 2629 diversis
1135 2592 1395 2638 temporibus,
1433 2593 1509 2630 hoe
1542 2594 1696 2632 videtur

80 2645 170 2674 esse
190 2637 454 2684 impossibile,
475 2638 570 2685 quia
589 2648 636 2676 ea
655 2648 742 2685 quae
757 2638 991 2675 naturaliter
1006 2638 1208 2676 variantur
1227 2639 1333 2690 eirea
1352 2639 1574 2687 subjeetum
1601 2646 1696 2678 sunt

79 2683 311 2729 accidentia,
332 2685 437 2723 sicut
451 2685 639 2731 juventus
660 2689 698 2722 et
716 2689 916 2722 senectus.
936 2686 972 2721 Si
992 2685 1114 2731 igitur
1133 2685 1238 2722 uniri
1265 2687 1421 2732 corpori
1449 2692 1488 2724 et
1518 2689 1694 2733 separari

78 2740 104 2767 a
117 2739 282 2778 corpore
296 2732 528 2770 naturaliter
547 2733 653 2770 eirca
671 2732 845 2769 animam
861 2731 1046 2776 varietur,
1068 2731 1142 2768 erit
1160 2732 1346 2785 accidens
1366 2733 1509 2771 animae
1537 2735 1695 2781 corpori

80 2777 204 2861 unii-(Y
225 2781 265 2815 et
282 2779 341 2817 sic
364 2788 412 2817 ex
431 2780 505 2817 hae
525 2780 674 2817 unione
691 2779 811 2816 homo
829 2779 1070 2816 constitutus
1090 2786 1172 2816 non
1191 2782 1267 2816 erit
1285 2788 1358 2818 ens
1377 2789 1449 2827 per
1466 2790 1524 2826 se,
1541 2781 1611 2819 sed
1626 2790 1699 2828 per

79 2831 162 2862 acci
192 2833 277 2863 ens.

1532 2906 1571 2937 15
