<?xml version="1.0" encoding="UTF-8"?>
<!DOCTYPE html PUBLIC "-//W3C//DTD XHTML 1.0 Transitional//EN"
    "http://www.w3.org/TR/xhtml1/DTD/xhtml1-transitional.dtd">
<html xmlns="http://www.w3.org/1999/xhtml" xml:lang="en" lang="en">
 <head>
  <title>
</title>
<meta http-equiv="Content-Type" content="text/html;charset=utf-8" />
  <meta name='ocr-system' content='tesseract 3.04.00' />
  <meta name='ocr-capabilities' content='ocr_page ocr_carea ocr_par ocr_line ocrx_word'/>
</head>
<body>
  <div class='ocr_page' id='page_1' title='image "./deveritatecathol00thomuoft_0385.png"; bbox 0 0 1894 3223; ppageno 0'>
   <div class='ocr_carea' id='block_1_1' title="bbox 635 61 1679 107">
    <p class='ocr_par' dir='ltr' id='par_1_1' title="bbox 635 61 1679 107">
     <span class='ocr_line' id='line_1_1' title="bbox 635 61 1679 107; baseline 0.001 -7"><span class='ocrx_word' id='word_1_1' title='bbox 635 61 724 100; x_wconf 73' lang='lat' dir='ltr'><strong>mu.</strong></span> <span class='ocrx_word' id='word_1_2' title='bbox 750 61 816 107; x_wconf 73' lang='lat'><strong>111,</strong></span> <span class='ocrx_word' id='word_1_3' title='bbox 842 61 944 100; x_wconf 76' lang='lat' dir='ltr'>GAP.</span> <span class='ocrx_word' id='word_1_4' title='bbox 968 61 1084 103; x_wconf 71' lang='lat' dir='ltr'><strong>Lxlx.</strong></span> <span class='ocrx_word' id='word_1_5' title='bbox 1603 65 1679 101; x_wconf 70' lang='lat'><strong>345·</strong></span> 
     </span>
    </p>
   </div>
   <div class='ocr_carea' id='block_1_2' title="bbox 43 143 1671 2402">
    <p class='ocr_par' dir='ltr' id='par_1_2' title="bbox 44 143 1671 567">
     <span class='ocr_line' id='line_1_2' title="bbox 46 143 1671 192; baseline 0.001 -10"><span class='ocrx_word' id='word_1_6' title='bbox 46 147 178 192; x_wconf 71' lang='lat' dir='ltr'><strong>potest</strong></span> <span class='ocrx_word' id='word_1_7' title='bbox 196 152 362 182; x_wconf 81' lang='lat' dir='ltr'>causare</span> <span class='ocrx_word' id='word_1_8' title='bbox 376 143 502 182; x_wconf 74' lang='lat' dir='ltr'><strong>virtus</strong></span> <span class='ocrx_word' id='word_1_9' title='bbox 521 143 673 182; x_wconf 78' lang='lat' dir='ltr'><strong>motiva</strong></span> <span class='ocrx_word' id='word_1_10' title='bbox 689 143 836 190; x_wconf 82' lang='lat' dir='ltr'><strong>expleri</strong></span> <span class='ocrx_word' id='word_1_11' title='bbox 857 147 1028 190; x_wconf 83' lang='lat' dir='ltr'>possunt</span> <span class='ocrx_word' id='word_1_12' title='bbox 1043 153 1114 191; x_wconf 79' lang='lat' dir='ltr'><strong>per</strong></span> <span class='ocrx_word' id='word_1_13' title='bbox 1134 153 1216 182; x_wconf 85' lang='lat' dir='ltr'><strong>cor.</strong></span> <span class='ocrx_word' id='word_1_14' title='bbox 1238 145 1326 182; x_wconf 88' lang='lat' dir='ltr'><strong>Non</strong></span> <span class='ocrx_word' id='word_1_15' title='bbox 1345 147 1406 183; x_wconf 85' lang='lat' dir='ltr'><strong>est</strong></span> <span class='ocrx_word' id='word_1_16' title='bbox 1436 148 1569 184; x_wconf 88' lang='lat' dir='ltr'><strong>autem</strong></span> <span class='ocrx_word' id='word_1_17' title='bbox 1598 144 1671 183; x_wconf 82' lang='lat' dir='ltr'><strong>ali·</strong></span> 
     </span>
     <span class='ocr_line' id='line_1_3' title="bbox 47 190 1670 239; baseline 0.001 -11"><span class='ocrx_word' id='word_1_18' title='bbox 47 200 126 239; x_wconf 90' lang='lat' dir='ltr'><strong>qua</strong></span> <span class='ocrx_word' id='word_1_19' title='bbox 139 194 320 230; x_wconf 84' lang='lat' dir='ltr'><strong>creatura</strong></span> <span class='ocrx_word' id='word_1_20' title='bbox 334 198 406 238; x_wconf 88' lang='lat' dir='ltr'><strong>per</strong></span> <span class='ocrx_word' id='word_1_21' title='bbox 423 199 542 238; x_wconf 82' lang='lat' dir='ltr'><strong>quarn</strong></span> <span class='ocrx_word' id='word_1_22' title='bbox 562 193 700 237; x_wconf 85' lang='lat' dir='ltr'><strong>posset</strong></span> <span class='ocrx_word' id='word_1_23' title='bbox 714 190 862 237; x_wconf 81' lang='lat' dir='ltr'><strong>expleri</strong></span> <span class='ocrx_word' id='word_1_24' title='bbox 883 191 1074 238; x_wconf 87' lang='lat' dir='ltr'><strong>quidquid</strong></span> <span class='ocrx_word' id='word_1_25' title='bbox 1088 190 1222 229; x_wconf 89' lang='lat' dir='ltr'><strong>divina</strong></span> <span class='ocrx_word' id='word_1_26' title='bbox 1235 192 1360 230; x_wconf 82' lang='lat' dir='ltr'><strong>virtus</strong></span> <span class='ocrx_word' id='word_1_27' title='bbox 1375 192 1505 230; x_wconf 85' lang='lat' dir='ltr'><strong>facere</strong></span> <span class='ocrx_word' id='word_1_28' title='bbox 1521 195 1670 238; x_wconf 79' lang='lat' dir='ltr'><strong>potest,</strong></span> 
     </span>
     <span class='ocr_line' id='line_1_4' title="bbox 45 236 1668 286; baseline 0 -9"><span class='ocrx_word' id='word_1_29' title='bbox 45 246 170 286; x_wconf 87' lang='lat' dir='ltr'><strong>quum</strong></span> <span class='ocrx_word' id='word_1_30' title='bbox 185 237 319 276; x_wconf 83' lang='lat' dir='ltr'><strong>divina</strong></span> <span class='ocrx_word' id='word_1_31' title='bbox 341 236 466 276; x_wconf 81' lang='lat' dir='ltr'><strong>virtus</strong></span> <span class='ocrx_word' id='word_1_32' title='bbox 486 236 650 275; x_wconf 81' lang='lat' dir='ltr'><strong>excedat</strong></span> <span class='ocrx_word' id='word_1_33' title='bbox 670 237 713 274; x_wconf 91' lang='lat' dir='ltr'><strong>in</strong></span> <span class='ocrx_word' id='word_1_34' title='bbox 733 236 936 276; x_wconf 83' lang='lat' dir='ltr'><strong>infinitum</strong></span> <span class='ocrx_word' id='word_1_35' title='bbox 952 237 1170 285; x_wconf 83' lang='lat' dir='ltr'><strong>quamlibet</strong></span> <span class='ocrx_word' id='word_1_36' title='bbox 1188 247 1270 276; x_wconf 87' lang='lat' dir='ltr'><strong>rem</strong></span> <span class='ocrx_word' id='word_1_37' title='bbox 1286 242 1472 283; x_wconf 86' lang='lat' dir='ltr'><strong>creatam,</strong></span> <span class='ocrx_word' id='word_1_38' title='bbox 1491 242 1536 277; x_wconf 87' lang='lat' dir='ltr'><strong>ut</strong></span> <span class='ocrx_word' id='word_1_39' title='bbox 1549 248 1668 286; x_wconf 85' lang='lat' dir='ltr'><strong>appa-</strong></span> 
     </span>
     <span class='ocr_line' id='line_1_5' title="bbox 45 282 1671 333; baseline 0.001 -10"><span class='ocrx_word' id='word_1_40' title='bbox 45 288 105 324; x_wconf 81' lang='lat' dir='ltr'><strong>ret</strong></span> <span class='ocrx_word' id='word_1_41' title='bbox 123 294 171 323; x_wconf 87' lang='lat' dir='ltr'><strong>ex</strong></span> <span class='ocrx_word' id='word_1_42' title='bbox 189 284 254 323; x_wconf 88' lang='lat' dir='ltr'><strong>his</strong></span> <span class='ocrx_word' id='word_1_43' title='bbox 274 293 362 332; x_wconf 80' lang='lat' dir='ltr'><strong>quae</strong></span> <span class='ocrx_word' id='word_1_44' title='bbox 381 287 546 322; x_wconf 82' lang='lat' dir='ltr'><strong>ostensa</strong></span> <span class='ocrx_word' id='word_1_45' title='bbox 565 288 658 322; x_wconf 87' lang='lat' dir='ltr'><strong>sunt</strong></span> <span class='ocrx_word' id='word_1_46' title='bbox 671 282 755 331; x_wconf 90' lang='lat' dir='ltr'><strong>(lib.</strong></span> <span class='ocrx_word' id='word_1_47' title='bbox 776 293 803 329; x_wconf 90' lang='lat'><strong>1,</strong></span> <span class='ocrx_word' id='word_1_48' title='bbox 825 294 910 331; x_wconf 87' lang='lat' dir='ltr'><strong>cap.</strong></span> <span class='ocrx_word' id='word_1_49' title='bbox 928 284 1310 331; x_wconf 80' lang='lat' dir='ltr'><strong>43).1nc0nveniens</strong></span> <span class='ocrx_word' id='word_1_50' title='bbox 1324 289 1384 324; x_wconf 86' lang='lat' dir='ltr'><strong>est</strong></span> <span class='ocrx_word' id='word_1_51' title='bbox 1399 286 1522 333; x_wconf 81' lang='lat' dir='ltr'><strong>igitur</strong></span> <span class='ocrx_word' id='word_1_52' title='bbox 1539 286 1671 325; x_wconf 74' lang='lat' dir='ltr'><strong>dicere</strong></span> 
     </span>
     <span class='ocr_line' id='line_1_6' title="bbox 45 330 1668 380; baseline 0.002 -11"><span class='ocrx_word' id='word_1_53' title='bbox 45 331 152 380; x_wconf 89' lang='lat' dir='ltr'><strong>quod</strong></span> <span class='ocrx_word' id='word_1_54' title='bbox 172 330 307 369; x_wconf 79' lang='lat' dir='ltr'><strong>divina</strong></span> <span class='ocrx_word' id='word_1_55' title='bbox 324 331 427 369; x_wconf 88' lang='lat' dir='ltr'><strong>actio</strong></span> <span class='ocrx_word' id='word_1_56' title='bbox 448 339 530 369; x_wconf 87' lang='lat' dir='ltr'><strong>non</strong></span> <span class='ocrx_word' id='word_1_57' title='bbox 545 339 588 369; x_wconf 89' lang='lat' dir='ltr'><strong>se</strong></span> <span class='ocrx_word' id='word_1_58' title='bbox 608 330 794 369; x_wconf 82' lang='lat' dir='ltr'><strong>extendat</strong></span> <span class='ocrx_word' id='word_1_59' title='bbox 814 331 863 368; x_wconf 85' lang='lat' dir='ltr'><strong>ad</strong></span> <span class='ocrx_word' id='word_1_60' title='bbox 883 331 963 369; x_wconf 83' lang='lat' dir='ltr'><strong>alia</strong></span> <span class='ocrx_word' id='word_1_61' title='bbox 982 332 1060 370; x_wconf 92' lang='lat' dir='ltr'><strong>nisi</strong></span> <span class='ocrx_word' id='word_1_62' title='bbox 1080 331 1279 371; x_wconf 80' lang='lat' dir='ltr'><strong>mediante</strong></span> <span class='ocrx_word' id='word_1_63' title='bbox 1300 341 1382 371; x_wconf 88' lang='lat' dir='ltr'><strong>uno</strong></span> <span class='ocrx_word' id='word_1_64' title='bbox 1401 333 1548 380; x_wconf 87' lang='lat' dir='ltr'><strong>primo.</strong></span> <span class='ocrx_word' id='word_1_65' title='bbox 1581 335 1668 372; x_wconf 85' lang='lat' dir='ltr'><strong>Non</strong></span> 
     </span>
     <span class='ocr_line' id='line_1_7' title="bbox 45 377 1668 426; baseline 0.001 -8"><span class='ocrx_word' id='word_1_66' title='bbox 45 382 107 418; x_wconf 87' lang='lat' dir='ltr'><strong>est</strong></span> <span class='ocrx_word' id='word_1_67' title='bbox 122 378 243 426; x_wconf 85' lang='lat' dir='ltr'><strong>igitur</strong></span> <span class='ocrx_word' id='word_1_68' title='bbox 262 386 441 425; x_wconf 83' lang='lat' dir='ltr'><strong>praesens</strong></span> <span class='ocrx_word' id='word_1_69' title='bbox 466 378 509 415; x_wconf 89' lang='lat' dir='ltr'><strong>in</strong></span> <span class='ocrx_word' id='word_1_70' title='bbox 530 387 612 416; x_wconf 91' lang='lat' dir='ltr'><strong>uno</strong></span> <span class='ocrx_word' id='word_1_71' title='bbox 643 381 798 416; x_wconf 83' lang='lat' dir='ltr'><strong>tantum</strong></span> <span class='ocrx_word' id='word_1_72' title='bbox 818 387 983 417; x_wconf 88' lang='lat' dir='ltr'><strong>suorum</strong></span> <span class='ocrx_word' id='word_1_73' title='bbox 1013 377 1241 423; x_wconf 83' lang='lat' dir='ltr'><strong>effectuum,</strong></span> <span class='ocrx_word' id='word_1_74' title='bbox 1272 380 1344 418; x_wconf 86' lang='lat' dir='ltr'><strong>sed</strong></span> <span class='ocrx_word' id='word_1_75' title='bbox 1377 379 1421 419; x_wconf 88' lang='lat' dir='ltr'><strong>in</strong></span> <span class='ocrx_word' id='word_1_76' title='bbox 1456 380 1668 426; x_wconf 84' lang='lat' dir='ltr'><strong>omuibus;</strong></span> 
     </span>
     <span class='ocr_line' id='line_1_8' title="bbox 44 423 1669 475; baseline 0.001 -11"><span class='ocrx_word' id='word_1_77' title='bbox 44 425 182 465; x_wconf 82' lang='lat' dir='ltr'><strong>eadem</strong></span> <span class='ocrx_word' id='word_1_78' title='bbox 201 425 308 463; x_wconf 89' lang='lat' dir='ltr'><strong>enim</strong></span> <span class='ocrx_word' id='word_1_79' title='bbox 328 425 481 463; x_wconf 83' lang='lat' dir='ltr'><strong>ratione</strong></span> <span class='ocrx_word' id='word_1_80' title='bbox 499 423 740 472; x_wconf 79' lang='lat' dir='ltr'>opinabitur,</span> <span class='ocrx_word' id='word_1_81' title='bbox 770 425 805 463; x_wconf 91' lang='lat' dir='ltr'><strong>si</strong></span> <span class='ocrx_word' id='word_1_82' title='bbox 838 426 930 473; x_wconf 87' lang='lat' dir='ltr'><strong>quis</strong></span> <span class='ocrx_word' id='word_1_83' title='bbox 954 426 1060 464; x_wconf 81' lang='lat' dir='ltr'><strong>dicat</strong></span> <span class='ocrx_word' id='word_1_84' title='bbox 1078 435 1170 464; x_wconf 89' lang='lat' dir='ltr'><strong>eum</strong></span> <span class='ocrx_word' id='word_1_85' title='bbox 1193 433 1284 464; x_wconf 87' lang='lat' dir='ltr'><strong>esse</strong></span> <span class='ocrx_word' id='word_1_86' title='bbox 1315 427 1358 464; x_wconf 92' lang='lat' dir='ltr'><strong>in</strong></span> <span class='ocrx_word' id='word_1_87' title='bbox 1391 426 1595 475; x_wconf 86' lang='lat' dir='ltr'><strong>aliquibus</strong></span> <span class='ocrx_word' id='word_1_88' title='bbox 1630 431 1669 465; x_wconf 83' lang='lat' dir='ltr'><strong>et</strong></span> 
     </span>
     <span class='ocr_line' id='line_1_9' title="bbox 44 471 1668 521; baseline 0.001 -11"><span class='ocrx_word' id='word_1_89' title='bbox 44 481 127 510; x_wconf 89' lang='lat' dir='ltr'><strong>non</strong></span> <span class='ocrx_word' id='word_1_90' title='bbox 149 473 190 510; x_wconf 88' lang='lat' dir='ltr'><strong>in</strong></span> <span class='ocrx_word' id='word_1_91' title='bbox 211 472 415 517; x_wconf 81' lang='lat' dir='ltr'><strong>omnibus,</strong></span> <span class='ocrx_word' id='word_1_92' title='bbox 433 471 527 520; x_wconf 88' lang='lat' dir='ltr'><strong>quia</strong></span> <span class='ocrx_word' id='word_1_93' title='bbox 541 481 792 520; x_wconf 88' lang='lat' dir='ltr'><strong>quocumque</strong></span> <span class='ocrx_word' id='word_1_94' title='bbox 813 473 934 511; x_wconf 89' lang='lat' dir='ltr'><strong>modo</strong></span> <span class='ocrx_word' id='word_1_95' title='bbox 956 472 1122 512; x_wconf 82' lang='lat' dir='ltr'><strong>effectus</strong></span> <span class='ocrx_word' id='word_1_96' title='bbox 1153 472 1277 511; x_wconf 86' lang='lat' dir='ltr'><strong>divini</strong></span> <span class='ocrx_word' id='word_1_97' title='bbox 1303 474 1564 521; x_wconf 78' lang='lat' dir='ltr'><strong>accipiantur,</strong></span> <span class='ocrx_word' id='word_1_98' title='bbox 1586 482 1668 512; x_wconf 90' lang='lat' dir='ltr'><strong>non</strong></span> 
     </span>
     <span class='ocr_line' id='line_1_10' title="bbox 44 519 1329 567; baseline 0 -9"><span class='ocrx_word' id='word_1_99' title='bbox 44 519 290 559; x_wconf 83' lang='lat' dir='ltr'><strong>sufficienter</strong></span> <span class='ocrx_word' id='word_1_100' title='bbox 309 519 465 566; x_wconf 84' lang='lat' dir='ltr'><strong>explere</strong></span> <span class='ocrx_word' id='word_1_101' title='bbox 485 523 672 567; x_wconf 84' lang='lat' dir='ltr'><strong>poterunt</strong></span> <span class='ocrx_word' id='word_1_102' title='bbox 692 519 836 558; x_wconf 81' lang='lat' dir='ltr'><strong>divinae</strong></span> <span class='ocrx_word' id='word_1_103' title='bbox 860 521 1018 558; x_wconf 78' lang='lat' dir='ltr'><strong>virtutis</strong></span> <span class='ocrx_word' id='word_1_104' title='bbox 1040 520 1329 558; x_wconf 75' lang='lat' dir='ltr'><strong>executionem.</strong></span> 
     </span>
    </p>

    <p class='ocr_par' dir='ltr' id='par_1_3' title="bbox 43 566 1669 992">
     <span class='ocr_line' id='line_1_11' title="bbox 90 566 1668 615; baseline 0.002 -11"><span class='ocrx_word' id='word_1_105' title='bbox 90 568 280 608; x_wconf 67' lang='lat' dir='ltr'><strong>Praeterea,</strong></span> <span class='ocrx_word' id='word_1_106' title='bbox 302 575 467 605; x_wconf 88' lang='lat' dir='ltr'><strong>necesse</strong></span> <span class='ocrx_word' id='word_1_107' title='bbox 485 570 544 605; x_wconf 89' lang='lat' dir='ltr'><strong>est</strong></span> <span class='ocrx_word' id='word_1_108' title='bbox 565 571 608 605; x_wconf 92' lang='lat' dir='ltr'><strong>ut</strong></span> <span class='ocrx_word' id='word_1_109' title='bbox 627 576 749 605; x_wconf 86' lang='lat' dir='ltr'><strong>causa</strong></span> <span class='ocrx_word' id='word_1_110' title='bbox 767 576 892 614; x_wconf 83' lang='lat' dir='ltr'><strong>agens</strong></span> <span class='ocrx_word' id='word_1_111' title='bbox 912 568 965 605; x_wconf 88' lang='lat' dir='ltr'><strong>sit</strong></span> <span class='ocrx_word' id='word_1_112' title='bbox 981 567 1103 605; x_wconf 82' lang='lat' dir='ltr'><strong>simul</strong></span> <span class='ocrx_word' id='word_1_113' title='bbox 1120 576 1212 605; x_wconf 87' lang='lat' dir='ltr'><strong>cum</strong></span> <span class='ocrx_word' id='word_1_114' title='bbox 1231 576 1309 606; x_wconf 87' lang='lat' dir='ltr'><strong>suo</strong></span> <span class='ocrx_word' id='word_1_115' title='bbox 1328 566 1470 606; x_wconf 67' lang='lat' dir='ltr'><strong>offlectu</strong></span> <span class='ocrx_word' id='word_1_116' title='bbox 1486 569 1668 615; x_wconf 81' lang='lat' dir='ltr'><strong>proximo</strong></span> 
     </span>
     <span class='ocr_line' id='line_1_12' title="bbox 45 613 1669 662; baseline 0.001 -10"><span class='ocrx_word' id='word_1_117' title='bbox 45 616 84 652; x_wconf 89' lang='lat' dir='ltr'><strong>et</strong></span> <span class='ocrx_word' id='word_1_118' title='bbox 102 613 350 652; x_wconf 78' lang='lat' dir='ltr'><strong>immediato.</strong></span> <span class='ocrx_word' id='word_1_119' title='bbox 366 615 409 652; x_wconf 85' lang='lat' dir='ltr'><strong>In</strong></span> <span class='ocrx_word' id='word_1_120' title='bbox 431 613 606 662; x_wconf 84' lang='lat' dir='ltr'><strong>qualibet</strong></span> <span class='ocrx_word' id='word_1_121' title='bbox 626 618 757 652; x_wconf 79' lang='lat' dir='ltr'><strong>autem</strong></span> <span class='ocrx_word' id='word_1_122' title='bbox 779 623 821 651; x_wconf 89' lang='lat' dir='ltr'><strong>re</strong></span> <span class='ocrx_word' id='word_1_123' title='bbox 842 619 902 652; x_wconf 80' lang='lat' dir='ltr'><strong>est</strong></span> <span class='ocrx_word' id='word_1_124' title='bbox 920 614 1067 662; x_wconf 86' lang='lat' dir='ltr'><strong>aliquis</strong></span> <span class='ocrx_word' id='word_1_125' title='bbox 1081 613 1466 662; x_wconf 70' lang='lat' dir='ltr'><strong>effectusproximus</strong></span> <span class='ocrx_word' id='word_1_126' title='bbox 1483 619 1520 652; x_wconf 92' lang='lat' dir='ltr'><strong>et</strong></span> <span class='ocrx_word' id='word_1_127' title='bbox 1534 616 1669 653; x_wconf 84' lang='lat' dir='ltr'><strong>imme-</strong></span> 
     </span>
     <span class='ocr_line' id='line_1_13' title="bbox 45 660 1668 710; baseline 0.001 -11"><span class='ocrx_word' id='word_1_128' title='bbox 45 660 178 700; x_wconf 83' lang='lat' dir='ltr'><strong>diatus</strong></span> <span class='ocrx_word' id='word_1_129' title='bbox 194 660 324 710; x_wconf 88' lang='lat' dir='ltr'><strong>ipsius</strong></span> <span class='ocrx_word' id='word_1_130' title='bbox 343 661 412 699; x_wconf 90' lang='lat' dir='ltr'><strong>Dei</strong></span> <span class='ocrx_word' id='word_1_131' title='bbox 429 673 442 706; x_wconf 86' lang='lat'>;</span> <span class='ocrx_word' id='word_1_132' title='bbox 461 665 668 699; x_wconf 85' lang='lat' dir='ltr'><strong>ostensum</strong></span> <span class='ocrx_word' id='word_1_133' title='bbox 689 665 750 699; x_wconf 85' lang='lat' dir='ltr'><strong>est</strong></span> <span class='ocrx_word' id='word_1_134' title='bbox 769 661 875 699; x_wconf 88' lang='lat' dir='ltr'><strong>enim</strong></span> <span class='ocrx_word' id='word_1_135' title='bbox 897 661 980 708; x_wconf 89' lang='lat' dir='ltr'><strong>(lib.</strong></span> <span class='ocrx_word' id='word_1_136' title='bbox 1007 670 1052 706; x_wconf 81' lang='lat'><strong>11,</strong></span> <span class='ocrx_word' id='word_1_137' title='bbox 1072 670 1158 708; x_wconf 79' lang='lat' dir='ltr'><strong>cap.</strong></span> <span class='ocrx_word' id='word_1_138' title='bbox 1188 660 1251 708; x_wconf 82' lang='grc'><strong>21)</strong></span> <span class='ocrx_word' id='word_1_139' title='bbox 1281 661 1388 709; x_wconf 87' lang='lat' dir='ltr'><strong>quod</strong></span> <span class='ocrx_word' id='word_1_140' title='bbox 1421 661 1534 700; x_wconf 80' lang='lat' dir='ltr'><strong>solus</strong></span> <span class='ocrx_word' id='word_1_141' title='bbox 1564 663 1668 700; x_wconf 87' lang='lat' dir='ltr'><strong>Deus</strong></span> 
     </span>
     <span class='ocr_line' id='line_1_14' title="bbox 44 706 1669 762; baseline 0 -15"><span class='ocrx_word' id='word_1_142' title='bbox 44 716 183 747; x_wconf 80' lang='lat' dir='ltr'><strong>creare.</strong></span> <span class='ocrx_word' id='word_1_143' title='bbox 198 711 329 762; x_wconf 78' lang='lat' dir='ltr'><strong>potest</strong></span> <span class='ocrx_word' id='word_1_144' title='bbox 344 719 355 754; x_wconf 94' lang='lat'>;</span> <span class='ocrx_word' id='word_1_145' title='bbox 373 708 417 746; x_wconf 89' lang='lat' dir='ltr'><strong>in</strong></span> <span class='ocrx_word' id='word_1_146' title='bbox 435 708 612 756; x_wconf 88' lang='lat' dir='ltr'><strong>qualibet</strong></span> <span class='ocrx_word' id='word_1_147' title='bbox 631 712 761 746; x_wconf 81' lang='lat' dir='ltr'><strong>autem</strong></span> <span class='ocrx_word' id='word_1_148' title='bbox 781 718 822 761; x_wconf 78' lang='lat' dir='ltr'><strong>re</strong></span> <span class='ocrx_word' id='word_1_149' title='bbox 843 712 903 747; x_wconf 88' lang='lat' dir='ltr'><strong>est</strong></span> <span class='ocrx_word' id='word_1_150' title='bbox 922 706 1071 760; x_wconf 82' lang='lat' dir='ltr'><strong>aliquid</strong></span> <span class='ocrx_word' id='word_1_151' title='bbox 1090 707 1201 756; x_wconf 81' lang='lat' dir='ltr'><strong>quod-</strong></span> <span class='ocrx_word' id='word_1_152' title='bbox 1216 717 1288 761; x_wconf 84' lang='lat' dir='ltr'><strong>per</strong></span> <span class='ocrx_word' id='word_1_153' title='bbox 1307 709 1549 761; x_wconf 82' lang='lat' dir='ltr'><strong>creationem</strong></span> <span class='ocrx_word' id='word_1_154' title='bbox 1581 720 1669 747; x_wconf 89' lang='lat' dir='ltr'><strong>cau·</strong></span> 
     </span>
     <span class='ocr_line' id='line_1_15' title="bbox 44 755 1667 802; baseline 0 -8"><span class='ocrx_word' id='word_1_155' title='bbox 44 758 181 794; x_wconf 83' lang='lat' dir='ltr'><strong>satur:</strong></span> <span class='ocrx_word' id='word_1_156' title='bbox 199 764 242 794; x_wconf 84' lang='lat' dir='ltr'><strong>in</strong></span> <span class='ocrx_word' id='word_1_157' title='bbox 262 755 381 794; x_wconf 87' lang='lat' dir='ltr'><strong>rebus</strong></span> <span class='ocrx_word' id='word_1_158' title='bbox 445 755 575 794; x_wconf 89' lang='lat' dir='ltr'><strong>uidem</strong></span> <span class='ocrx_word' id='word_1_159' title='bbox 610 755 900 802; x_wconf 78' lang='lat' dir='ltr'><strong>corporalibus,</strong></span> <span class='ocrx_word' id='word_1_160' title='bbox 935 764 1071 802; x_wconf 79' lang='lat' dir='ltr'><strong>prima·</strong></span> <span class='ocrx_word' id='word_1_161' title='bbox 1093 759 1288 801; x_wconf 84' lang='lat' dir='ltr'><strong>maler1a;</strong></span> <span class='ocrx_word' id='word_1_162' title='bbox 1306 765 1349 794; x_wconf 83' lang='lat' dir='ltr'><strong>in</strong></span> <span class='ocrx_word' id='word_1_163' title='bbox 1383 756 1503 794; x_wconf 86' lang='lat' dir='ltr'><strong>rebus</strong></span> <span class='ocrx_word' id='word_1_164' title='bbox 1534 760 1667 795; x_wconf 88' lang='lat' dir='ltr'><strong>autem</strong></span> 
     </span>
     <span class='ocr_line' id='line_1_16' title="bbox 43 802 1666 850; baseline 0.001 -10"><span class='ocrx_word' id='word_1_165' title='bbox 43 802 311 850; x_wconf 79' lang='lat' dir='ltr'><strong>incorporeis,</strong></span> <span class='ocrx_word' id='word_1_166' title='bbox 330 803 434 850; x_wconf 82' lang='lat' dir='ltr'><strong>simp</strong></span> <span class='ocrx_word' id='word_1_167' title='bbox 453 803 536 841; x_wconf 85' lang='lat' dir='ltr'><strong>ices</strong></span> <span class='ocrx_word' id='word_1_168' title='bbox 556 812 692 841; x_wconf 81' lang='lat' dir='ltr'><strong>earum</strong></span> <span class='ocrx_word' id='word_1_169' title='bbox 713 803 917 847; x_wconf 78' lang='lat' dir='ltr'><strong>essentiae,</strong></span> <span class='ocrx_word' id='word_1_170' title='bbox 936 807 978 841; x_wconf 82' lang='lat' dir='ltr'><strong>ut</strong></span> <span class='ocrx_word' id='word_1_171' title='bbox 992 812 1039 840; x_wconf 80' lang='lat' dir='ltr'><strong>ex</strong></span> <span class='ocrx_word' id='word_1_172' title='bbox 1060 802 1126 841; x_wconf 87' lang='lat' dir='ltr'><strong>his</strong></span> <span class='ocrx_word' id='word_1_173' title='bbox 1142 805 1303 849; x_wconf 86' lang='lat' dir='ltr'><strong>apparet</strong></span> <span class='ocrx_word' id='word_1_174' title='bbox 1318 811 1406 850; x_wconf 82' lang='lat' dir='ltr'><strong>quae</strong></span> <span class='ocrx_word' id='word_1_175' title='bbox 1429 806 1525 842; x_wconf 86' lang='lat' dir='ltr'><strong>sunt</strong></span> <span class='ocrx_word' id='word_1_176' title='bbox 1540 804 1666 842; x_wconf 84' lang='lat' dir='ltr'><strong>deter-</strong></span> 
     </span>
     <span class='ocr_line' id='line_1_17' title="bbox 45 849 1666 897; baseline 0.001 -9"><span class='ocrx_word' id='word_1_177' title='bbox 45 850 198 888; x_wconf 83' lang='lat' dir='ltr'><strong>minata</strong></span> <span class='ocrx_word' id='word_1_178' title='bbox 224 849 308 897; x_wconf 79' lang='lat' dir='ltr'><strong>(lib.</strong></span> <span class='ocrx_word' id='word_1_179' title='bbox 335 858 378 894; x_wconf 84' lang='lat'><strong>11,</strong></span> <span class='ocrx_word' id='word_1_180' title='bbox 397 859 483 896; x_wconf 81' lang='lat' dir='ltr'><strong>cap.</strong></span> <span class='ocrx_word' id='word_1_181' title='bbox 506 852 552 888; x_wconf 72' lang='lat'><strong>¹5</strong></span> <span class='ocrx_word' id='word_1_182' title='bbox 583 854 623 887; x_wconf 81' lang='lat' dir='ltr'><strong>el</strong></span> <span class='ocrx_word' id='word_1_183' title='bbox 653 849 769 897; x_wconf 67' lang='lat' dir='ltr'><strong>seq).</strong></span> <span class='ocrx_word' id='word_1_184' title='bbox 799 851 960 897; x_wconf 84' lang='lat' dir='ltr'><strong>Oportet</strong></span> <span class='ocrx_word' id='word_1_185' title='bbox 987 850 1109 896; x_wconf 85' lang='lat' dir='ltr'><strong>igitur</strong></span> <span class='ocrx_word' id='word_1_186' title='bbox 1140 849 1261 888; x_wconf 76' lang='lat' dir='ltr'><strong>simul</strong></span> <span class='ocrx_word' id='word_1_187' title='bbox 1296 850 1420 888; x_wconf 89' lang='lat' dir='ltr'><strong>Deum</strong></span> <span class='ocrx_word' id='word_1_188' title='bbox 1452 849 1595 889; x_wconf 83' lang='lat' dir='ltr'><strong>adesse</strong></span> <span class='ocrx_word' id='word_1_189' title='bbox 1625 851 1666 889; x_wconf 85' lang='lat' dir='ltr'><strong>in</strong></span> 
     </span>
     <span class='ocr_line' id='line_1_18' title="bbox 46 896 1664 945; baseline 0 -11"><span class='ocrx_word' id='word_1_190' title='bbox 46 897 234 935; x_wconf 88' lang='lat' dir='ltr'><strong>omnibus</strong></span> <span class='ocrx_word' id='word_1_191' title='bbox 253 896 389 942; x_wconf 86' lang='lat' dir='ltr'><strong>rebus,</strong></span> <span class='ocrx_word' id='word_1_192' title='bbox 407 896 627 944; x_wconf 83' lang='lat' dir='ltr'><strong>praesertim</strong></span> <span class='ocrx_word' id='word_1_193' title='bbox 652 906 774 944; x_wconf 88' lang='lat' dir='ltr'><strong>quum</strong></span> <span class='ocrx_word' id='word_1_194' title='bbox 796 906 844 934; x_wconf 86' lang='lat' dir='ltr'><strong>ea</strong></span> <span class='ocrx_word' id='word_1_195' title='bbox 868 906 957 945; x_wconf 80' lang='lat' dir='ltr'><strong>quae</strong></span> <span class='ocrx_word' id='word_1_196' title='bbox 976 896 1028 934; x_wconf 84' lang='lat' dir='ltr'><strong>de</strong></span> <span class='ocrx_word' id='word_1_197' title='bbox 1055 905 1139 934; x_wconf 85' lang='lat' dir='ltr'><strong>non</strong></span> <span class='ocrx_word' id='word_1_198' title='bbox 1169 906 1259 935; x_wconf 86' lang='lat' dir='ltr'><strong>esse</strong></span> <span class='ocrx_word' id='word_1_199' title='bbox 1285 897 1335 935; x_wconf 86' lang='lat' dir='ltr'><strong>ad</strong></span> <span class='ocrx_word' id='word_1_200' title='bbox 1356 906 1446 935; x_wconf 88' lang='lat' dir='ltr'><strong>esse</strong></span> <span class='ocrx_word' id='word_1_201' title='bbox 1476 897 1664 944; x_wconf 84' lang='lat' dir='ltr'><strong>produxit</strong></span> 
     </span>
     <span class='ocr_line' id='line_1_19' title="bbox 47 943 1465 992; baseline -0.001 -9"><span class='ocrx_word' id='word_1_202' title='bbox 47 944 238 983; x_wconf 88' lang='lat' dir='ltr'><strong>continuo</strong></span> <span class='ocrx_word' id='word_1_203' title='bbox 255 947 294 981; x_wconf 89' lang='lat' dir='ltr'><strong>et</strong></span> <span class='ocrx_word' id='word_1_204' title='bbox 312 952 396 981; x_wconf 86' lang='lat' dir='ltr'><strong>sem</strong></span> <span class='ocrx_word' id='word_1_205' title='bbox 426 953 468 981; x_wconf 87' lang='lat' dir='ltr'><strong>er</strong></span> <span class='ocrx_word' id='word_1_206' title='bbox 487 943 530 982; x_wconf 86' lang='lat' dir='ltr'><strong>in</strong></span> <span class='ocrx_word' id='word_1_207' title='bbox 543 952 633 982; x_wconf 86' lang='lat' dir='ltr'><strong>esse</strong></span> <span class='ocrx_word' id='word_1_208' title='bbox 654 947 874 988; x_wconf 86' lang='lat' dir='ltr'><strong>conservet,</strong></span> <span class='ocrx_word' id='word_1_209' title='bbox 899 947 940 982; x_wconf 91' lang='lat' dir='ltr'><strong>ut</strong></span> <span class='ocrx_word' id='word_1_210' title='bbox 958 947 1166 982; x_wconf 89' lang='lat' dir='ltr'><strong>ostensum</strong></span> <span class='ocrx_word' id='word_1_211' title='bbox 1186 948 1248 982; x_wconf 86' lang='lat' dir='ltr'><strong>est</strong></span> <span class='ocrx_word' id='word_1_212' title='bbox 1265 943 1367 991; x_wconf 76' lang='lat' dir='ltr'><strong>(cap.</strong></span> <span class='ocrx_word' id='word_1_213' title='bbox 1391 944 1465 992; x_wconf 81' lang='lat'>65).</span> 
     </span>
    </p>

    <p class='ocr_par' dir='ltr' id='par_1_4' title="bbox 46 990 1670 1084">
     <span class='ocr_line' id='line_1_20' title="bbox 95 990 1670 1038; baseline -0.001 -9"><span class='ocrx_word' id='word_1_214' title='bbox 95 991 193 1029; x_wconf 82' lang='lat' dir='ltr'><strong>Hinc</strong></span> <span class='ocrx_word' id='word_1_215' title='bbox 206 993 268 1028; x_wconf 87' lang='lat' dir='ltr'><strong>est</strong></span> <span class='ocrx_word' id='word_1_216' title='bbox 279 990 386 1038; x_wconf 90' lang='lat' dir='ltr'><strong>quod</strong></span> <span class='ocrx_word' id='word_1_217' title='bbox 429 990 544 1028; x_wconf 87' lang='lat' dir='ltr'><strong>&#39;citur</strong></span> <span class='ocrx_word' id='word_1_218' title='bbox 557 1003 566 1028; x_wconf 86' lang='grc'>;</span> <span class='ocrx_word' id='word_1_219' title='bbox 581 990 712 1029; x_wconf 80' lang='lat' dir='ltr'><strong>Goezum</strong></span> <span class='ocrx_word' id='word_1_220' title='bbox 725 993 759 1026; x_wconf 80' lang='lat' dir='ltr'><strong>et</strong></span> <span class='ocrx_word' id='word_1_221' title='bbox 771 993 905 1027; x_wconf 76' lang='lat' dir='ltr'><strong>terram</strong></span> <span class='ocrx_word' id='word_1_222' title='bbox 916 1001 978 1035; x_wconf 75' lang='lat'><strong>&lt;290</strong></span> <span class='ocrx_word' id='word_1_223' title='bbox 991 990 1293 1036; x_wconf 63' lang='lat' dir='ltr'><strong>impleo-Herm„</strong></span> <span class='ocrx_word' id='word_1_224' title='bbox 1312 999 1429 1035; x_wconf 76' lang='lat' dir='ltr'><strong>xxm,</strong></span> <span class='ocrx_word' id='word_1_225' title='bbox 1446 991 1508 1038; x_wconf 74' lang='lat'><strong>24)</strong></span> <span class='ocrx_word' id='word_1_226' title='bbox 1521 1003 1532 1036; x_wconf 90' lang='lat'>;</span> <span class='ocrx_word' id='word_1_227' title='bbox 1547 995 1586 1028; x_wconf 87' lang='lat' dir='ltr'><strong>et</strong></span> <span class='ocrx_word' id='word_1_228' title='bbox 1601 1004 1609 1029; x_wconf 72' lang='grc' dir='ltr'>ι</span> <span class='ocrx_word' id='word_1_229' title='bbox 1627 991 1670 1030; x_wconf 72' lang='grc' dir='ltr'><strong>δι’</strong></span> 
     </span>
     <span class='ocr_line' id='line_1_21' title="bbox 46 1037 1668 1084; baseline 0 -8"><span class='ocrx_word' id='word_1_230' title='bbox 46 1038 239 1076; x_wconf 73' lang='lat' dir='ltr'><strong>dscmdero</strong></span> <span class='ocrx_word' id='word_1_231' title='bbox 247 1039 288 1074; x_wconf 83' lang='lat' dir='ltr'><strong>in</strong></span> <span class='ocrx_word' id='word_1_232' title='bbox 301 1037 488 1082; x_wconf 48' lang='lat' dir='ltr'><strong>autumna</strong></span> <span class='ocrx_word' id='word_1_233' title='bbox 500 1037 643 1080; x_wconf 64' lang='lat' dir='ltr'><strong>illicem</strong></span> <span class='ocrx_word' id='word_1_234' title='bbox 653 1039 686 1074; x_wconf 83' lang='lat' dir='ltr'><strong>si</strong></span> <span class='ocrx_word' id='word_1_235' title='bbox 695 1037 906 1074; x_wconf 81' lang='lat' dir='ltr'><strong>descendero</strong></span> <span class='ocrx_word' id='word_1_236' title='bbox 920 1037 970 1073; x_wconf 85' lang='lat' dir='ltr'><strong>ad</strong></span> <span class='ocrx_word' id='word_1_237' title='bbox 981 1038 1180 1081; x_wconf 71' lang='lat' dir='ltr'><strong>infernum,</strong></span> <span class='ocrx_word' id='word_1_238' title='bbox 1194 1038 1281 1074; x_wconf 84' lang='lat' dir='ltr'><strong>ades</strong></span> <span class='ocrx_word' id='word_1_239' title='bbox 1292 1037 1608 1084; x_wconf 82' lang='lat' dir='ltr'><strong>(Psa1.cxxxvirr‚</strong></span> <span class='ocrx_word' id='word_1_240' title='bbox 1618 1039 1668 1084; x_wconf 87' lang='grc'><strong>8).</strong></span> 
     </span>
    </p>

    <p class='ocr_par' dir='ltr' id='par_1_5' title="bbox 44 1083 1669 1648">
     <span class='ocr_line' id='line_1_22' title="bbox 93 1083 1667 1131; baseline 0.001 -9"><span class='ocrx_word' id='word_1_241' title='bbox 93 1085 166 1122; x_wconf 87' lang='lat' dir='ltr'><strong>Per</strong></span> <span class='ocrx_word' id='word_1_242' title='bbox 186 1084 262 1123; x_wconf 83' lang='lat' dir='ltr'><strong>boc</strong></span> <span class='ocrx_word' id='word_1_243' title='bbox 280 1087 415 1122; x_wconf 85' lang='lat' dir='ltr'><strong>autem</strong></span> <span class='ocrx_word' id='word_1_244' title='bbox 433 1083 656 1122; x_wconf 81' lang='lat' dir='ltr'><strong>excluditur</strong></span> <span class='ocrx_word' id='word_1_245' title='bbox 671 1093 782 1122; x_wconf 84' lang='lat' dir='ltr'><strong>error</strong></span> <span class='ocrx_word' id='word_1_246' title='bbox 804 1084 1069 1131; x_wconf 81' lang='lat' dir='ltr'><strong>quorumdam</strong></span> <span class='ocrx_word' id='word_1_247' title='bbox 1088 1084 1304 1123; x_wconf 73' lang='lat' dir='ltr'><strong>dicentium</strong></span> <span class='ocrx_word' id='word_1_248' title='bbox 1325 1086 1448 1122; x_wconf 84' lang='lat' dir='ltr'><strong>Deum</strong></span> <span class='ocrx_word' id='word_1_249' title='bbox 1469 1085 1513 1122; x_wconf 85' lang='lat' dir='ltr'><strong>in</strong></span> <span class='ocrx_word' id='word_1_250' title='bbox 1533 1086 1667 1131; x_wconf 83' lang='lat' dir='ltr'><strong>aliqua</strong></span> 
     </span>
     <span class='ocr_line' id='line_1_23' title="bbox 44 1130 1667 1180; baseline 0.001 -11"><span class='ocrx_word' id='word_1_251' title='bbox 44 1134 155 1180; x_wconf 83' lang='lat' dir='ltr'><strong>parte</strong></span> <span class='ocrx_word' id='word_1_252' title='bbox 174 1130 313 1169; x_wconf 83' lang='lat' dir='ltr'><strong>mundi</strong></span> <span class='ocrx_word' id='word_1_253' title='bbox 333 1130 593 1169; x_wconf 84' lang='lat' dir='ltr'><strong>determinata</strong></span> <span class='ocrx_word' id='word_1_254' title='bbox 612 1140 722 1175; x_wconf 81' lang='lat' dir='ltr'><strong>esse,</strong></span> <span class='ocrx_word' id='word_1_255' title='bbox 738 1134 833 1177; x_wconf 86' lang='lat' dir='ltr'><strong>puta</strong></span> <span class='ocrx_word' id='word_1_256' title='bbox 858 1131 901 1168; x_wconf 91' lang='lat' dir='ltr'><strong>in</strong></span> <span class='ocrx_word' id='word_1_257' title='bbox 917 1132 1045 1178; x_wconf 83' lang='lat' dir='ltr'><strong>primo</strong></span> <span class='ocrx_word' id='word_1_258' title='bbox 1070 1131 1174 1170; x_wconf 76' lang='lat' dir='ltr'><strong>eoelo</strong></span> <span class='ocrx_word' id='word_1_259' title='bbox 1203 1134 1242 1169; x_wconf 74' lang='lat' dir='ltr'><strong>et</strong></span> <span class='ocrx_word' id='word_1_260' title='bbox 1272 1132 1315 1169; x_wconf 87' lang='lat' dir='ltr'><strong>in</strong></span> <span class='ocrx_word' id='word_1_261' title='bbox 1346 1134 1457 1177; x_wconf 83' lang='lat' dir='ltr'><strong>parte</strong></span> <span class='ocrx_word' id='word_1_262' title='bbox 1486 1132 1667 1177; x_wconf 80' lang='lat' dir='ltr'><strong>orientis,</strong></span> 
     </span>
     <span class='ocr_line' id='line_1_24' title="bbox 45 1177 1667 1225; baseline -0.001 -7"><span class='ocrx_word' id='word_1_263' title='bbox 45 1177 152 1218; x_wconf 71' lang='lat' dir='ltr'><strong>unde</strong></span> <span class='ocrx_word' id='word_1_264' title='bbox 171 1181 232 1216; x_wconf 85' lang='lat' dir='ltr'><strong>est</strong></span> <span class='ocrx_word' id='word_1_265' title='bbox 249 1177 489 1225; x_wconf 84' lang='lat' dir='ltr'><strong>principium</strong></span> <span class='ocrx_word' id='word_1_266' title='bbox 506 1182 640 1216; x_wconf 83' lang='lat' dir='ltr'><strong>motus</strong></span> <span class='ocrx_word' id='word_1_267' title='bbox 659 1178 764 1216; x_wconf 86' lang='lat' dir='ltr'><strong>coeli.</strong></span> <span class='ocrx_word' id='word_1_268' title='bbox 787 1178 961 1222; x_wconf 85' lang='lat' dir='ltr'><strong>Quorum</strong></span> <span class='ocrx_word' id='word_1_269' title='bbox 981 1181 1118 1216; x_wconf 78' lang='lat' dir='ltr'><strong>tamen</strong></span> <span class='ocrx_word' id='word_1_270' title='bbox 1135 1177 1287 1217; x_wconf 76' lang='lat' dir='ltr'><strong>dictum</strong></span> <span class='ocrx_word' id='word_1_271' title='bbox 1304 1178 1494 1216; x_wconf 78' lang='lat' dir='ltr'><strong>sustineri</strong></span> <span class='ocrx_word' id='word_1_272' title='bbox 1515 1183 1667 1225; x_wconf 73' lang='lat' dir='ltr'><strong>posset,</strong></span> 
     </span>
     <span class='ocr_line' id='line_1_25' title="bbox 45 1224 1668 1273; baseline -0.001 -8"><span class='ocrx_word' id='word_1_273' title='bbox 45 1225 85 1265; x_wconf 83' lang='lat' dir='ltr'><strong>si</strong></span> <span class='ocrx_word' id='word_1_274' title='bbox 101 1233 199 1264; x_wconf 84' lang='lat' dir='ltr'><strong>Sane</strong></span> <span class='ocrx_word' id='word_1_275' title='bbox 219 1225 449 1272; x_wconf 82' lang='lat' dir='ltr'><strong>accipiatur¹</strong></span> <span class='ocrx_word' id='word_1_276' title='bbox 470 1228 517 1264; x_wconf 77' lang='lat' dir='ltr'><strong>ul.</strong></span> <span class='ocrx_word' id='word_1_277' title='bbox 533 1224 688 1263; x_wconf 79' lang='lat' dir='ltr'><strong>scilicet</strong></span> <span class='ocrx_word' id='word_1_278' title='bbox 705 1234 786 1263; x_wconf 86' lang='lat' dir='ltr'><strong>uon</strong></span> <span class='ocrx_word' id='word_1_279' title='bbox 804 1226 1077 1272; x_wconf 75' lang='lat' dir='ltr'><strong>intelligamus</strong></span> <span class='ocrx_word' id='word_1_280' title='bbox 1090 1227 1215 1264; x_wconf 78' lang='lat' dir='ltr'><strong>Deum</strong></span> <span class='ocrx_word' id='word_1_281' title='bbox 1236 1225 1372 1273; x_wconf 82' lang='lat' dir='ltr'><strong>aliqua</strong></span> <span class='ocrx_word' id='word_1_282' title='bbox 1403 1225 1668 1264; x_wconf 79' lang='lat' dir='ltr'><strong>determinata</strong></span> 
     </span>
     <span class='ocr_line' id='line_1_26' title="bbox 45 1272 1666 1320; baseline -0.001 -8"><span class='ocrx_word' id='word_1_283' title='bbox 45 1272 184 1312; x_wconf 90' lang='lat' dir='ltr'><strong>mundi</strong></span> <span class='ocrx_word' id='word_1_284' title='bbox 204 1276 314 1318; x_wconf 83' lang='lat' dir='ltr'><strong>parte</strong></span> <span class='ocrx_word' id='word_1_285' title='bbox 334 1281 425 1310; x_wconf 89' lang='lat' dir='ltr'><strong>esse</strong></span> <span class='ocrx_word' id='word_1_286' title='bbox 444 1272 696 1317; x_wconf 86' lang='lat' dir='ltr'><strong>conclusum,</strong></span> <span class='ocrx_word' id='word_1_287' title='bbox 720 1272 790 1311; x_wconf 86' lang='lat' dir='ltr'><strong>sed</strong></span> <span class='ocrx_word' id='word_1_288' title='bbox 839 1272 905 1309; x_wconf 90' lang='lat' dir='ltr'><strong>uia</strong></span> <span class='ocrx_word' id='word_1_289' title='bbox 919 1272 1097 1310; x_wconf 87' lang='lat' dir='ltr'><strong>omnium</strong></span> <span class='ocrx_word' id='word_1_290' title='bbox 1130 1281 1413 1320; x_wconf 81' lang='lat' dir='ltr'><strong>corporearum</strong></span> <span class='ocrx_word' id='word_1_291' title='bbox 1442 1273 1666 1311; x_wconf 89' lang='lat' dir='ltr'><strong>motionum</strong></span> 
     </span>
     <span class='ocr_line' id='line_1_27' title="bbox 45 1282 1669 1374; baseline -0.001 -16"><span class='ocrx_word' id='word_1_292' title='bbox 45 1319 175 1369; x_wconf 76' lang='lat' dir='ltr'><strong>princi</strong></span> <span class='ocrx_word' id='word_1_293' title='bbox 204 1320 302 1365; x_wconf 89' lang='lat' dir='ltr'><strong>ium,</strong></span> <span class='ocrx_word' id='word_1_294' title='bbox 333 1319 556 1359; x_wconf 85' lang='lat' dir='ltr'><strong>secundum-</strong></span> <span class='ocrx_word' id='word_1_295' title='bbox 582 1323 733 1358; x_wconf 83' lang='lat' dir='ltr'><strong>naturae</strong></span> <span class='ocrx_word' id='word_1_296' title='bbox 766 1282 961 1372; x_wconf 50' lang='lat' dir='ltr'><strong>ordinem,</strong></span> <span class='ocrx_word' id='word_1_297' title='bbox 995 1319 1048 1357; x_wconf 79' lang='lat' dir='ltr'><strong>ah</strong></span> <span class='ocrx_word' id='word_1_298' title='bbox 1074 1319 1211 1373; x_wconf 74' lang='lat' dir='ltr'><strong>aliqua</strong></span> <span class='ocrx_word' id='word_1_299' title='bbox 1234 1320 1496 1374; x_wconf 75' lang='lat' dir='ltr'><strong>determinata</strong></span> <span class='ocrx_word' id='word_1_300' title='bbox 1527 1320 1669 1368; x_wconf 84' lang='lat' dir='ltr'><strong>incipit</strong></span> 
     </span>
     <span class='ocr_line' id='line_1_28' title="bbox 46 1365 1668 1415; baseline 0.001 -11"><span class='ocrx_word' id='word_1_301' title='bbox 46 1370 170 1415; x_wconf 84' lang='lat' dir='ltr'><strong>parte,</strong></span> <span class='ocrx_word' id='word_1_302' title='bbox 221 1375 270 1404; x_wconf 92' lang='lat' dir='ltr'><strong>eo</strong></span> <span class='ocrx_word' id='word_1_303' title='bbox 288 1370 497 1405; x_wconf 84' lang='lat' dir='ltr'><strong>movente:</strong></span> <span class='ocrx_word' id='word_1_304' title='bbox 518 1370 678 1414; x_wconf 86' lang='lat' dir='ltr'><strong>propter</strong></span> <span class='ocrx_word' id='word_1_305' title='bbox 697 1365 805 1414; x_wconf 85' lang='lat' dir='ltr'><strong>quod</strong></span> <span class='ocrx_word' id='word_1_306' title='bbox 823 1369 861 1404; x_wconf 86' lang='lat' dir='ltr'><strong>et</strong></span> <span class='ocrx_word' id='word_1_307' title='bbox 880 1375 921 1404; x_wconf 84' lang='lat' dir='ltr'><strong>in</strong></span> <span class='ocrx_word' id='word_1_308' title='bbox 941 1375 1057 1405; x_wconf 86' lang='lat' dir='ltr'><strong>sacra</strong></span> <span class='ocrx_word' id='word_1_309' title='bbox 1075 1367 1278 1413; x_wconf 82' lang='lat' dir='ltr'><strong>Scriptura</strong></span> <span class='ocrx_word' id='word_1_310' title='bbox 1295 1368 1401 1405; x_wconf 87' lang='lat' dir='ltr'><strong>Deus</strong></span> <span class='ocrx_word' id='word_1_311' title='bbox 1421 1367 1566 1405; x_wconf 84' lang='lat' dir='ltr'><strong>dicitur</strong></span> <span class='ocrx_word' id='word_1_312' title='bbox 1579 1377 1668 1414; x_wconf 82' lang='lat' dir='ltr'><strong>spe·</strong></span> 
     </span>
     <span class='ocr_line' id='line_1_29' title="bbox 47 1413 1665 1463; baseline -0.001 -11"><span class='ocrx_word' id='word_1_313' title='bbox 47 1413 201 1452; x_wconf 77' lang='lat' dir='ltr'><strong>cialiter</strong></span> <span class='ocrx_word' id='word_1_314' title='bbox 219 1422 309 1451; x_wconf 89' lang='lat' dir='ltr'><strong>esse</strong></span> <span class='ocrx_word' id='word_1_315' title='bbox 326 1413 368 1452; x_wconf 88' lang='lat' dir='ltr'><strong>in</strong></span> <span class='ocrx_word' id='word_1_316' title='bbox 388 1413 492 1463; x_wconf 86' lang='lat' dir='ltr'><strong>coelo</strong></span> <span class='ocrx_word' id='word_1_317' title='bbox 510 1413 733 1453; x_wconf 89' lang='lat' dir='ltr'><strong>secundum</strong></span> <span class='ocrx_word' id='word_1_318' title='bbox 753 1413 850 1451; x_wconf 88' lang='lat' dir='ltr'><strong>illud</strong></span> <span class='ocrx_word' id='word_1_319' title='bbox 874 1413 1031 1452; x_wconf 72' lang='lat' dir='ltr'><strong>:Goelum</strong></span> <span class='ocrx_word' id='word_1_320' title='bbox 1045 1423 1128 1451; x_wconf 79' lang='lat' dir='ltr'><strong>mea</strong></span> <span class='ocrx_word' id='word_1_321' title='bbox 1141 1414 1241 1451; x_wconf 75' lang='lat' dir='ltr'><strong>sedes</strong></span> <span class='ocrx_word' id='word_1_322' title='bbox 1261 1413 1378 1460; x_wconf 82' lang='lat' dir='ltr'><strong>(Isai.,</strong></span> <span class='ocrx_word' id='word_1_323' title='bbox 1397 1422 1508 1459; x_wconf 71' lang='lat' dir='ltr'><strong>wa,</strong></span> <span class='ocrx_word' id='word_1_324' title='bbox 1532 1415 1565 1462; x_wconf 80' lang='lat'><strong>1)</strong></span> <span class='ocrx_word' id='word_1_325' title='bbox 1583 1427 1591 1458; x_wconf 88' lang='lat'>;</span> <span class='ocrx_word' id='word_1_326' title='bbox 1609 1418 1665 1451; x_wconf 86' lang='lat' dir='ltr'><strong>et:</strong></span> 
     </span>
     <span class='ocr_line' id='line_1_30' title="bbox 48 1459 1668 1508; baseline 0.001 -11"><span class='ocrx_word' id='word_1_327' title='bbox 48 1461 178 1498; x_wconf 76' lang='lat' dir='ltr'><strong>Coelum</strong></span> <span class='ocrx_word' id='word_1_328' title='bbox 191 1461 269 1496; x_wconf 75' lang='lat' dir='ltr'><strong>coelz·</strong></span> <span class='ocrx_word' id='word_1_329' title='bbox 286 1462 435 1496; x_wconf 75' lang='lat' dir='ltr'><strong>Domino</strong></span> <span class='ocrx_word' id='word_1_330' title='bbox 456 1460 569 1505; x_wconf 87' lang='lat' dir='ltr'><strong>(Psal.</strong></span> <span class='ocrx_word' id='word_1_331' title='bbox 590 1469 698 1504; x_wconf 80' lang='lat' dir='ltr'><strong>exin,</strong></span> <span class='ocrx_word' id='word_1_332' title='bbox 722 1461 792 1507; x_wconf 83' lang='lat'>16).</span> <span class='ocrx_word' id='word_1_333' title='bbox 809 1459 884 1498; x_wconf 85' lang='lat' dir='ltr'><strong>Sed</strong></span> <span class='ocrx_word' id='word_1_334' title='bbox 904 1470 952 1498; x_wconf 84' lang='lat' dir='ltr'><strong>ex</strong></span> <span class='ocrx_word' id='word_1_335' title='bbox 970 1460 1051 1499; x_wconf 84' lang='lat' dir='ltr'><strong>hoc</strong></span> <span class='ocrx_word' id='word_1_336' title='bbox 1066 1460 1188 1508; x_wconf 85' lang='lat' dir='ltr'><strong>quod,</strong></span> <span class='ocrx_word' id='word_1_337' title='bbox 1207 1464 1349 1507; x_wconf 82' lang='lat' dir='ltr'><strong>praeter</strong></span> <span class='ocrx_word' id='word_1_338' title='bbox 1376 1464 1527 1499; x_wconf 81' lang='lat' dir='ltr'><strong>naturae</strong></span> <span class='ocrx_word' id='word_1_339' title='bbox 1563 1461 1668 1499; x_wconf 80' lang='lat' dir='ltr'><strong>ordi-</strong></span> 
     </span>
     <span class='ocr_line' id='line_1_31' title="bbox 48 1506 1666 1554; baseline 0.001 -9"><span class='ocrx_word' id='word_1_340' title='bbox 48 1516 154 1552; x_wconf 82' lang='lat' dir='ltr'><strong>nem,</strong></span> <span class='ocrx_word' id='word_1_341' title='bbox 175 1506 296 1545; x_wconf 85' lang='lat' dir='ltr'><strong>etiam</strong></span> <span class='ocrx_word' id='word_1_342' title='bbox 315 1507 356 1544; x_wconf 89' lang='lat' dir='ltr'><strong>in</strong></span> <span class='ocrx_word' id='word_1_343' title='bbox 369 1507 518 1545; x_wconf 84' lang='lat' dir='ltr'><strong>infimis</strong></span> <span class='ocrx_word' id='word_1_344' title='bbox 533 1507 766 1554; x_wconf 81' lang='lat' dir='ltr'><strong>corporibus</strong></span> <span class='ocrx_word' id='word_1_345' title='bbox 782 1509 885 1545; x_wconf 89' lang='lat' dir='ltr'><strong>Deus</strong></span> <span class='ocrx_word' id='word_1_346' title='bbox 902 1506 1052 1554; x_wconf 86' lang='lat' dir='ltr'><strong>aliquid</strong></span> <span class='ocrx_word' id='word_1_347' title='bbox 1066 1511 1252 1554; x_wconf 80' lang='lat' dir='ltr'><strong>operatur</strong></span> <span class='ocrx_word' id='word_1_348' title='bbox 1269 1506 1376 1554; x_wconf 87' lang='lat' dir='ltr'><strong>quod</strong></span> <span class='ocrx_word' id='word_1_349' title='bbox 1389 1508 1531 1546; x_wconf 83' lang='lat' dir='ltr'><strong>virtute</strong></span> <span class='ocrx_word' id='word_1_350' title='bbox 1550 1509 1666 1546; x_wconf 87' lang='lat' dir='ltr'><strong>coele·</strong></span> 
     </span>
     <span class='ocr_line' id='line_1_32' title="bbox 49 1554 1666 1601; baseline 0 -9"><span class='ocrx_word' id='word_1_351' title='bbox 49 1555 121 1593; x_wconf 84' lang='lat' dir='ltr'><strong>slis</strong></span> <span class='ocrx_word' id='word_1_352' title='bbox 143 1554 322 1601; x_wconf 88' lang='lat' dir='ltr'><strong>corporis</strong></span> <span class='ocrx_word' id='word_1_353' title='bbox 343 1554 499 1592; x_wconf 84' lang='lat' dir='ltr'><strong>causari</strong></span> <span class='ocrx_word' id='word_1_354' title='bbox 522 1562 605 1592; x_wconf 90' lang='lat' dir='ltr'><strong>non</strong></span> <span class='ocrx_word' id='word_1_355' title='bbox 624 1558 766 1601; x_wconf 78' lang='lat' dir='ltr'><strong>potest,</strong></span> <span class='ocrx_word' id='word_1_356' title='bbox 788 1555 999 1592; x_wconf 83' lang='lat' dir='ltr'><strong>manifeste</strong></span> <span class='ocrx_word' id='word_1_357' title='bbox 1014 1554 1238 1593; x_wconf 84' lang='lat' dir='ltr'><strong>ostenditur</strong></span> <span class='ocrx_word' id='word_1_358' title='bbox 1256 1555 1394 1600; x_wconf 86' lang='lat' dir='ltr'><strong>Deum,</strong></span> <span class='ocrx_word' id='word_1_359' title='bbox 1418 1563 1501 1593; x_wconf 88' lang='lat' dir='ltr'><strong>non</strong></span> <span class='ocrx_word' id='word_1_360' title='bbox 1534 1556 1666 1594; x_wconf 89' lang='lat' dir='ltr'><strong>solum</strong></span> 
     </span>
     <span class='ocr_line' id='line_1_33' title="bbox 49 1600 1349 1648; baseline -0.001 -8"><span class='ocrx_word' id='word_1_361' title='bbox 49 1602 202 1640; x_wconf 81' lang='lat' dir='ltr'><strong>coelesti</strong></span> <span class='ocrx_word' id='word_1_362' title='bbox 220 1602 393 1648; x_wconf 86' lang='lat' dir='ltr'><strong>corpori,</strong></span> <span class='ocrx_word' id='word_1_363' title='bbox 411 1601 483 1640; x_wconf 87' lang='lat' dir='ltr'><strong>sed</strong></span> <span class='ocrx_word' id='word_1_364' title='bbox 501 1601 620 1639; x_wconf 80' lang='lat' dir='ltr'><strong>etiam</strong></span> <span class='ocrx_word' id='word_1_365' title='bbox 640 1600 791 1639; x_wconf 80' lang='lat' dir='ltr'><strong>infimis</strong></span> <span class='ocrx_word' id='word_1_366' title='bbox 811 1601 929 1639; x_wconf 87' lang='lat' dir='ltr'><strong>rebus</strong></span> <span class='ocrx_word' id='word_1_367' title='bbox 946 1601 1175 1640; x_wconf 79' lang='lat' dir='ltr'><strong>immediate</strong></span> <span class='ocrx_word' id='word_1_368' title='bbox 1191 1601 1349 1639; x_wconf 78' lang='lat' dir='ltr'><strong>adesse.</strong></span> 
     </span>
    </p>

    <p class='ocr_par' dir='ltr' id='par_1_6' title="bbox 48 1648 1666 1789">
     <span class='ocr_line' id='line_1_34' title="bbox 95 1648 1665 1697; baseline 0 -10"><span class='ocrx_word' id='word_1_369' title='bbox 95 1650 182 1687; x_wconf 91' lang='lat' dir='ltr'><strong>Non</strong></span> <span class='ocrx_word' id='word_1_370' title='bbox 194 1651 256 1686; x_wconf 89' lang='lat' dir='ltr'><strong>est</strong></span> <span class='ocrx_word' id='word_1_371' title='bbox 270 1652 401 1686; x_wconf 85' lang='lat' dir='ltr'><strong>autem</strong></span> <span class='ocrx_word' id='word_1_372' title='bbox 423 1648 702 1687; x_wconf 61' lang='lat' dir='ltr'><strong>aestimandum</strong></span> <span class='ocrx_word' id='word_1_373' title='bbox 721 1650 845 1686; x_wconf 86' lang='lat' dir='ltr'><strong>Deum</strong></span> <span class='ocrx_word' id='word_1_374' title='bbox 867 1649 926 1686; x_wconf 87' lang='lat' dir='ltr'><strong>sic</strong></span> <span class='ocrx_word' id='word_1_375' title='bbox 946 1657 1036 1687; x_wconf 87' lang='lat' dir='ltr'><strong>esse</strong></span> <span class='ocrx_word' id='word_1_376' title='bbox 1069 1648 1216 1697; x_wconf 85' lang='lat' dir='ltr'><strong>ubique</strong></span> <span class='ocrx_word' id='word_1_377' title='bbox 1249 1648 1354 1696; x_wconf 88' lang='lat' dir='ltr'><strong>quod</strong></span> <span class='ocrx_word' id='word_1_378' title='bbox 1384 1657 1453 1696; x_wconf 90' lang='lat' dir='ltr'><strong>per</strong></span> <span class='ocrx_word' id='word_1_379' title='bbox 1485 1648 1665 1687; x_wconf 79' lang='lat' dir='ltr'><strong>locorum</strong></span> 
     </span>
     <span class='ocr_line' id='line_1_35' title="bbox 48 1695 1666 1743; baseline -0.001 -8"><span class='ocrx_word' id='word_1_380' title='bbox 48 1695 176 1743; x_wconf 81' lang='lat' dir='ltr'><strong>spatia</strong></span> <span class='ocrx_word' id='word_1_381' title='bbox 195 1695 406 1740; x_wconf 83' lang='lat' dir='ltr'><strong>dividatur,</strong></span> <span class='ocrx_word' id='word_1_382' title='bbox 425 1696 540 1743; x_wconf 84' lang='lat' dir='ltr'><strong>quasi</strong></span> <span class='ocrx_word' id='word_1_383' title='bbox 558 1704 637 1733; x_wconf 88' lang='lat' dir='ltr'><strong>una</strong></span> <span class='ocrx_word' id='word_1_384' title='bbox 657 1704 747 1741; x_wconf 81' lang='lat' dir='ltr'><strong>pars</strong></span> <span class='ocrx_word' id='word_1_385' title='bbox 763 1695 848 1742; x_wconf 85' lang='lat' dir='ltr'><strong>ejus</strong></span> <span class='ocrx_word' id='word_1_386' title='bbox 869 1696 921 1732; x_wconf 86' lang='lat' dir='ltr'><strong>sit</strong></span> <span class='ocrx_word' id='word_1_387' title='bbox 941 1695 1004 1733; x_wconf 88' lang='lat' dir='ltr'><strong>hic</strong></span> <span class='ocrx_word' id='word_1_388' title='bbox 1023 1695 1149 1733; x_wconf 82' lang='lat' dir='ltr'><strong>etalia</strong></span> <span class='ocrx_word' id='word_1_389' title='bbox 1168 1695 1263 1734; x_wconf 90' lang='lat' dir='ltr'><strong>alibi</strong></span> <span class='ocrx_word' id='word_1_390' title='bbox 1279 1707 1288 1740; x_wconf 86' lang='lat'>;</span> <span class='ocrx_word' id='word_1_391' title='bbox 1305 1695 1374 1733; x_wconf 86' lang='lat' dir='ltr'><strong>sed</strong></span> <span class='ocrx_word' id='word_1_392' title='bbox 1394 1699 1502 1734; x_wconf 89' lang='lat' dir='ltr'><strong>totus</strong></span> <span class='ocrx_word' id='word_1_393' title='bbox 1519 1696 1666 1743; x_wconf 87' lang='lat' dir='ltr'><strong>ubique</strong></span> 
     </span>
     <span class='ocr_line' id='line_1_36' title="bbox 49 1742 1346 1789; baseline 0 -9"><span class='ocrx_word' id='word_1_394' title='bbox 49 1746 136 1787; x_wconf 80' lang='lat' dir='ltr'><strong>est3</strong></span> <span class='ocrx_word' id='word_1_395' title='bbox 158 1743 261 1780; x_wconf 91' lang='lat' dir='ltr'><strong>Deus</strong></span> <span class='ocrx_word' id='word_1_396' title='bbox 278 1742 398 1786; x_wconf 89' lang='lat' dir='ltr'><strong>enim,</strong></span> <span class='ocrx_word' id='word_1_397' title='bbox 420 1751 542 1789; x_wconf 90' lang='lat' dir='ltr'><strong>quum</strong></span> <span class='ocrx_word' id='word_1_398' title='bbox 565 1743 617 1779; x_wconf 87' lang='lat' dir='ltr'><strong>sit</strong></span> <span class='ocrx_word' id='word_1_399' title='bbox 637 1743 801 1780; x_wconf 88' lang='lat' dir='ltr'><strong>omnino</strong></span> <span class='ocrx_word' id='word_1_400' title='bbox 822 1742 1005 1789; x_wconf 84' lang='lat' dir='ltr'><strong>simplex,</strong></span> <span class='ocrx_word' id='word_1_401' title='bbox 1025 1742 1207 1788; x_wconf 81' lang='lat' dir='ltr'><strong>partibus</strong></span> <span class='ocrx_word' id='word_1_402' title='bbox 1226 1746 1346 1780; x_wconf 82' lang='lat' dir='ltr'><strong>caret.</strong></span> 
     </span>
    </p>

    <p class='ocr_par' dir='ltr' id='par_1_7' title="bbox 45 1788 1668 2218">
     <span class='ocr_line' id='line_1_37' title="bbox 93 1788 1667 1837; baseline 0 -10"><span class='ocrx_word' id='word_1_403' title='bbox 93 1791 227 1837; x_wconf 88' lang='lat' dir='ltr'><strong>Neque</strong></span> <span class='ocrx_word' id='word_1_404' title='bbox 249 1788 309 1827; x_wconf 89' lang='lat' dir='ltr'><strong>sic</strong></span> <span class='ocrx_word' id='word_1_405' title='bbox 329 1789 499 1836; x_wconf 81' lang='lat' dir='ltr'><strong>simplex</strong></span> <span class='ocrx_word' id='word_1_406' title='bbox 517 1793 576 1827; x_wconf 85' lang='lat' dir='ltr'><strong>est</strong></span> <span class='ocrx_word' id='word_1_407' title='bbox 597 1788 699 1827; x_wconf 87' lang='lat' dir='ltr'><strong>sicut</strong></span> <span class='ocrx_word' id='word_1_408' title='bbox 719 1793 890 1835; x_wconf 83' lang='lat' dir='ltr'><strong>punctus</strong></span> <span class='ocrx_word' id='word_1_409' title='bbox 913 1789 980 1836; x_wconf 87' lang='lat' dir='ltr'><strong>qui</strong></span> <span class='ocrx_word' id='word_1_410' title='bbox 994 1793 1055 1827; x_wconf 88' lang='lat' dir='ltr'><strong>est</strong></span> <span class='ocrx_word' id='word_1_411' title='bbox 1073 1790 1268 1828; x_wconf 86' lang='lat' dir='ltr'><strong>terminus</strong></span> <span class='ocrx_word' id='word_1_412' title='bbox 1283 1789 1479 1834; x_wconf 83' lang='lat' dir='ltr'><strong>continui,</strong></span> <span class='ocrx_word' id='word_1_413' title='bbox 1500 1793 1540 1827; x_wconf 90' lang='lat' dir='ltr'><strong>et</strong></span> <span class='ocrx_word' id='word_1_414' title='bbox 1553 1799 1667 1837; x_wconf 85' lang='lat' dir='ltr'><strong>prop-</strong></span> 
     </span>
     <span class='ocr_line' id='line_1_38' title="bbox 46 1835 1667 1882; baseline 0.002 -9"><span class='ocrx_word' id='word_1_415' title='bbox 46 1840 105 1874; x_wconf 82' lang='lat' dir='ltr'><strong>ter</strong></span> <span class='ocrx_word' id='word_1_416' title='bbox 125 1836 214 1879; x_wconf 91' lang='lat' dir='ltr'><strong>hoc,</strong></span> <span class='ocrx_word' id='word_1_417' title='bbox 235 1835 540 1875; x_wconf 87' lang='lat' dir='ltr'><strong>determinatum</strong></span> <span class='ocrx_word' id='word_1_418' title='bbox 559 1836 679 1874; x_wconf 85' lang='lat' dir='ltr'><strong>situm</strong></span> <span class='ocrx_word' id='word_1_419' title='bbox 710 1836 752 1873; x_wconf 93' lang='lat' dir='ltr'><strong>in</strong></span> <span class='ocrx_word' id='word_1_420' title='bbox 773 1837 965 1874; x_wconf 87' lang='lat' dir='ltr'><strong>contiuuo</strong></span> <span class='ocrx_word' id='word_1_421' title='bbox 981 1836 1126 1882; x_wconf 82' lang='lat' dir='ltr'><strong>habet3</strong></span> <span class='ocrx_word' id='word_1_422' title='bbox 1151 1836 1256 1874; x_wconf 89' lang='lat' dir='ltr'><strong>unde</strong></span> <span class='ocrx_word' id='word_1_423' title='bbox 1288 1845 1370 1874; x_wconf 89' lang='lat' dir='ltr'><strong>non</strong></span> <span class='ocrx_word' id='word_1_424' title='bbox 1398 1839 1530 1882; x_wconf 86' lang='lat' dir='ltr'><strong>potest</strong></span> <span class='ocrx_word' id='word_1_425' title='bbox 1561 1845 1667 1876; x_wconf 84' lang='lat' dir='ltr'><strong>unus</strong></span> 
     </span>
     <span class='ocr_line' id='line_1_39' title="bbox 46 1883 1665 1932; baseline 0 -11"><span class='ocrx_word' id='word_1_426' title='bbox 46 1887 218 1932; x_wconf 90' lang='lat' dir='ltr'><strong>punctus</strong></span> <span class='ocrx_word' id='word_1_427' title='bbox 235 1883 314 1922; x_wconf 87' lang='lat' dir='ltr'><strong>nisi</strong></span> <span class='ocrx_word' id='word_1_428' title='bbox 335 1883 377 1921; x_wconf 93' lang='lat' dir='ltr'><strong>in</strong></span> <span class='ocrx_word' id='word_1_429' title='bbox 395 1892 476 1922; x_wconf 92' lang='lat' dir='ltr'><strong>uno</strong></span> <span class='ocrx_word' id='word_1_430' title='bbox 494 1884 583 1921; x_wconf 92' lang='lat' dir='ltr'><strong>loco</strong></span> <span class='ocrx_word' id='word_1_431' title='bbox 602 1883 837 1921; x_wconf 86' lang='lat' dir='ltr'><strong>indivisibili</strong></span> <span class='ocrx_word' id='word_1_432' title='bbox 866 1892 969 1921; x_wconf 89' lang='lat' dir='ltr'><strong>esse.</strong></span> <span class='ocrx_word' id='word_1_433' title='bbox 1008 1886 1112 1922; x_wconf 83' lang='lat' dir='ltr'><strong>Deus</strong></span> <span class='ocrx_word' id='word_1_434' title='bbox 1141 1887 1274 1922; x_wconf 87' lang='lat' dir='ltr'><strong>autem</strong></span> <span class='ocrx_word' id='word_1_435' title='bbox 1303 1883 1562 1922; x_wconf 89' lang='lat' dir='ltr'><strong>indivisibilis</strong></span> <span class='ocrx_word' id='word_1_436' title='bbox 1591 1889 1665 1927; x_wconf 87' lang='lat' dir='ltr'><strong>est,</strong></span> 
     </span>
     <span class='ocr_line' id='line_1_40' title="bbox 47 1930 1668 1979; baseline 0 -11"><span class='ocrx_word' id='word_1_437' title='bbox 47 1930 161 1978; x_wconf 87' lang='lat' dir='ltr'><strong>quasi</strong></span> <span class='ocrx_word' id='word_1_438' title='bbox 177 1930 342 1968; x_wconf 89' lang='lat' dir='ltr'><strong>omnino</strong></span> <span class='ocrx_word' id='word_1_439' title='bbox 358 1934 466 1969; x_wconf 84' lang='lat' dir='ltr'><strong>extra</strong></span> <span class='ocrx_word' id='word_1_440' title='bbox 482 1939 610 1979; x_wconf 83' lang='lat' dir='ltr'><strong>genus</strong></span> <span class='ocrx_word' id='word_1_441' title='bbox 630 1931 808 1968; x_wconf 74' lang='lat' dir='ltr'><strong>continui</strong></span> <span class='ocrx_word' id='word_1_442' title='bbox 830 1931 1028 1976; x_wconf 79' lang='lat' dir='ltr'><strong>existens3</strong></span> <span class='ocrx_word' id='word_1_443' title='bbox 1048 1930 1152 1969; x_wconf 91' lang='lat' dir='ltr'><strong>unde</strong></span> <span class='ocrx_word' id='word_1_444' title='bbox 1185 1939 1267 1969; x_wconf 89' lang='lat' dir='ltr'><strong>non</strong></span> <span class='ocrx_word' id='word_1_445' title='bbox 1300 1930 1585 1969; x_wconf 84' lang='lat' dir='ltr'><strong>determinatur</strong></span> <span class='ocrx_word' id='word_1_446' title='bbox 1619 1931 1668 1969; x_wconf 85' lang='lat' dir='ltr'><strong>ad</strong></span> 
     </span>
     <span class='ocr_line' id='line_1_41' title="bbox 45 1977 1667 2026; baseline 0 -11"><span class='ocrx_word' id='word_1_447' title='bbox 45 1977 179 2016; x_wconf 88' lang='lat' dir='ltr'><strong>locum</strong></span> <span class='ocrx_word' id='word_1_448' title='bbox 199 1977 260 2015; x_wconf 88' lang='lat' dir='ltr'><strong>vel</strong></span> <span class='ocrx_word' id='word_1_449' title='bbox 279 1987 485 2025; x_wconf 77' lang='lat' dir='ltr'><strong>magnum,</strong></span> <span class='ocrx_word' id='word_1_450' title='bbox 501 1978 564 2016; x_wconf 80' lang='lat' dir='ltr'><strong>vel</strong></span> <span class='ocrx_word' id='word_1_451' title='bbox 583 1986 761 2025; x_wconf 88' lang='lat' dir='ltr'><strong>parvum,</strong></span> <span class='ocrx_word' id='word_1_452' title='bbox 781 1988 828 2016; x_wconf 83' lang='lat' dir='ltr'><strong>ex</strong></span> <span class='ocrx_word' id='word_1_453' title='bbox 846 1978 1084 2016; x_wconf 78' lang='lat' dir='ltr'><strong>necessitate</strong></span> <span class='ocrx_word' id='word_1_454' title='bbox 1104 1987 1188 2017; x_wconf 83' lang='lat' dir='ltr'><strong>suae</strong></span> <span class='ocrx_word' id='word_1_455' title='bbox 1209 1978 1408 2023; x_wconf 74' lang='lat' dir='ltr'><strong>essentiae,</strong></span> <span class='ocrx_word' id='word_1_456' title='bbox 1424 1978 1538 2026; x_wconf 86' lang='lat' dir='ltr'><strong>quasi</strong></span> <span class='ocrx_word' id='word_1_457' title='bbox 1552 1987 1667 2024; x_wconf 90' lang='lat' dir='ltr'><strong>opor-</strong></span> 
     </span>
     <span class='ocr_line' id='line_1_42' title="bbox 45 2025 1668 2073; baseline 0.001 -11"><span class='ocrx_word' id='word_1_458' title='bbox 45 2027 127 2062; x_wconf 90' lang='lat' dir='ltr'><strong>teat</strong></span> <span class='ocrx_word' id='word_1_459' title='bbox 146 2033 236 2062; x_wconf 88' lang='lat' dir='ltr'><strong>eum</strong></span> <span class='ocrx_word' id='word_1_460' title='bbox 257 2033 346 2063; x_wconf 86' lang='lat' dir='ltr'><strong>esse</strong></span> <span class='ocrx_word' id='word_1_461' title='bbox 364 2025 406 2062; x_wconf 90' lang='lat' dir='ltr'><strong>in</strong></span> <span class='ocrx_word' id='word_1_462' title='bbox 426 2025 560 2071; x_wconf 85' lang='lat' dir='ltr'><strong>aliquo</strong></span> <span class='ocrx_word' id='word_1_463' title='bbox 574 2025 676 2070; x_wconf 88' lang='lat' dir='ltr'><strong>loco,</strong></span> <span class='ocrx_word' id='word_1_464' title='bbox 699 2033 820 2073; x_wconf 88' lang='lat' dir='ltr'><strong>quum</strong></span> <span class='ocrx_word' id='word_1_465' title='bbox 853 2026 939 2072; x_wconf 85' lang='lat' dir='ltr'><strong>ipse</strong></span> <span class='ocrx_word' id='word_1_466' title='bbox 974 2026 1091 2063; x_wconf 84' lang='lat' dir='ltr'><strong>fuerit</strong></span> <span class='ocrx_word' id='word_1_467' title='bbox 1123 2025 1171 2063; x_wconf 88' lang='lat' dir='ltr'><strong>ab</strong></span> <span class='ocrx_word' id='word_1_468' title='bbox 1199 2028 1348 2063; x_wconf 81' lang='lat' dir='ltr'><strong>aeterno</strong></span> <span class='ocrx_word' id='word_1_469' title='bbox 1385 2029 1476 2063; x_wconf 79' lang='lat' dir='ltr'><strong>ante</strong></span> <span class='ocrx_word' id='word_1_470' title='bbox 1508 2034 1668 2064; x_wconf 88' lang='lat' dir='ltr'><strong>omnem</strong></span> 
     </span>
     <span class='ocr_line' id='line_1_43' title="bbox 46 2070 1666 2120; baseline 0 -10"><span class='ocrx_word' id='word_1_471' title='bbox 46 2071 206 2116; x_wconf 90' lang='lat' dir='ltr'><strong>locum;</strong></span> <span class='ocrx_word' id='word_1_472' title='bbox 227 2070 298 2109; x_wconf 85' lang='lat' dir='ltr'><strong>sed</strong></span> <span class='ocrx_word' id='word_1_473' title='bbox 318 2071 582 2109; x_wconf 89' lang='lat' dir='ltr'><strong>immensitate</strong></span> <span class='ocrx_word' id='word_1_474' title='bbox 601 2081 684 2111; x_wconf 78' lang='lat' dir='ltr'><strong>suae</strong></span> <span class='ocrx_word' id='word_1_475' title='bbox 707 2072 864 2110; x_wconf 85' lang='lat' dir='ltr'><strong>virtutis</strong></span> <span class='ocrx_word' id='word_1_476' title='bbox 894 2072 1052 2119; x_wconf 84' lang='lat' dir='ltr'><strong>attingit</strong></span> <span class='ocrx_word' id='word_1_477' title='bbox 1083 2072 1220 2110; x_wconf 85' lang='lat' dir='ltr'><strong>omnia</strong></span> <span class='ocrx_word' id='word_1_478' title='bbox 1247 2082 1334 2120; x_wconf 82' lang='lat' dir='ltr'><strong>quae</strong></span> <span class='ocrx_word' id='word_1_479' title='bbox 1363 2075 1458 2110; x_wconf 83' lang='lat' dir='ltr'><strong>sunt</strong></span> <span class='ocrx_word' id='word_1_480' title='bbox 1486 2072 1530 2111; x_wconf 87' lang='lat' dir='ltr'><strong>in</strong></span> <span class='ocrx_word' id='word_1_481' title='bbox 1561 2072 1666 2117; x_wconf 88' lang='lat' dir='ltr'><strong>loco,</strong></span> 
     </span>
     <span class='ocr_line' id='line_1_44' title="bbox 48 2117 1667 2167; baseline 0 -11"><span class='ocrx_word' id='word_1_482' title='bbox 48 2127 175 2167; x_wconf 89' lang='lat' dir='ltr'><strong>quum</strong></span> <span class='ocrx_word' id='word_1_483' title='bbox 197 2117 250 2155; x_wconf 84' lang='lat' dir='ltr'><strong>sit</strong></span> <span class='ocrx_word' id='word_1_484' title='bbox 270 2118 507 2157; x_wconf 88' lang='lat' dir='ltr'><strong>universalis</strong></span> <span class='ocrx_word' id='word_1_485' title='bbox 526 2128 648 2157; x_wconf 84' lang='lat' dir='ltr'><strong>causa</strong></span> <span class='ocrx_word' id='word_1_486' title='bbox 665 2119 838 2164; x_wconf 87' lang='lat' dir='ltr'><strong>essendi,</strong></span> <span class='ocrx_word' id='word_1_487' title='bbox 861 2123 904 2156; x_wconf 82' lang='lat' dir='ltr'><strong>ut</strong></span> <span class='ocrx_word' id='word_1_488' title='bbox 924 2119 1072 2157; x_wconf 88' lang='lat' dir='ltr'><strong>dictum</strong></span> <span class='ocrx_word' id='word_1_489' title='bbox 1092 2123 1166 2158; x_wconf 86' lang='lat' dir='ltr'><strong>est.</strong></span> <span class='ocrx_word' id='word_1_490' title='bbox 1187 2119 1252 2158; x_wconf 90' lang='lat' dir='ltr'><strong>Sic</strong></span> <span class='ocrx_word' id='word_1_491' title='bbox 1283 2119 1405 2167; x_wconf 85' lang='lat' dir='ltr'><strong>igitur</strong></span> <span class='ocrx_word' id='word_1_492' title='bbox 1436 2119 1524 2166; x_wconf 89' lang='lat' dir='ltr'><strong>ipse</strong></span> <span class='ocrx_word' id='word_1_493' title='bbox 1557 2122 1667 2157; x_wconf 84' lang='lat' dir='ltr'><strong>totus</strong></span> 
     </span>
     <span class='ocr_line' id='line_1_45' title="bbox 48 2164 1664 2218; baseline -0.001 -12"><span class='ocrx_word' id='word_1_494' title='bbox 48 2168 110 2206; x_wconf 82' lang='lat' dir='ltr'><strong>est</strong></span> <span class='ocrx_word' id='word_1_495' title='bbox 129 2164 367 2212; x_wconf 83' lang='lat' dir='ltr'><strong>ubicumque</strong></span> <span class='ocrx_word' id='word_1_496' title='bbox 391 2169 463 2211; x_wconf 85' lang='lat' dir='ltr'><strong>est,</strong></span> <span class='ocrx_word' id='word_1_497' title='bbox 485 2166 579 2218; x_wconf 88' lang='lat' dir='ltr'><strong>quia</strong></span> <span class='ocrx_word' id='word_1_498' title='bbox 596 2175 666 2212; x_wconf 87' lang='lat' dir='ltr'><strong>per</strong></span> <span class='ocrx_word' id='word_1_499' title='bbox 682 2166 904 2212; x_wconf 88' lang='lat' dir='ltr'><strong>simplicem</strong></span> <span class='ocrx_word' id='word_1_500' title='bbox 923 2175 1036 2204; x_wconf 86' lang='lat' dir='ltr'><strong>suam</strong></span> <span class='ocrx_word' id='word_1_501' title='bbox 1053 2166 1239 2205; x_wconf 82' lang='lat' dir='ltr'><strong>virtutem</strong></span> <span class='ocrx_word' id='word_1_502' title='bbox 1274 2166 1462 2205; x_wconf 85' lang='lat' dir='ltr'><strong>universa</strong></span> <span class='ocrx_word' id='word_1_503' title='bbox 1493 2166 1664 2213; x_wconf 81' lang='lat' dir='ltr'><strong>attingit.</strong></span> 
     </span>
    </p>

    <p class='ocr_par' dir='ltr' id='par_1_8' title="bbox 48 2212 1670 2402">
     <span class='ocr_line' id='line_1_46' title="bbox 89 2212 1670 2260; baseline 0.001 -11"><span class='ocrx_word' id='word_1_504' title='bbox 89 2213 176 2250; x_wconf 83' lang='lat' dir='ltr'><strong>Non</strong></span> <span class='ocrx_word' id='word_1_505' title='bbox 195 2215 255 2250; x_wconf 83' lang='lat' dir='ltr'><strong>est</strong></span> <span class='ocrx_word' id='word_1_506' title='bbox 273 2216 406 2250; x_wconf 86' lang='lat' dir='ltr'><strong>tamen</strong></span> <span class='ocrx_word' id='word_1_507' title='bbox 427 2212 702 2250; x_wconf 76' lang='lat' dir='ltr'><strong>aestimandum</strong></span> <span class='ocrx_word' id='word_1_508' title='bbox 721 2213 826 2260; x_wconf 89' lang='lat' dir='ltr'><strong>quod</strong></span> <span class='ocrx_word' id='word_1_509' title='bbox 848 2213 906 2252; x_wconf 88' lang='lat' dir='ltr'><strong>sic</strong></span> <span class='ocrx_word' id='word_1_510' title='bbox 926 2214 979 2250; x_wconf 85' lang='lat' dir='ltr'><strong>sit</strong></span> <span class='ocrx_word' id='word_1_511' title='bbox 998 2214 1041 2250; x_wconf 89' lang='lat' dir='ltr'><strong>in</strong></span> <span class='ocrx_word' id='word_1_512' title='bbox 1060 2213 1181 2251; x_wconf 84' lang='lat' dir='ltr'><strong>rebus</strong></span> <span class='ocrx_word' id='word_1_513' title='bbox 1200 2213 1316 2260; x_wconf 86' lang='lat' dir='ltr'><strong>quasi</strong></span> <span class='ocrx_word' id='word_1_514' title='bbox 1341 2213 1491 2251; x_wconf 83' lang='lat' dir='ltr'><strong>mixtus</strong></span> <span class='ocrx_word' id='word_1_515' title='bbox 1510 2225 1520 2258; x_wconf 92' lang='lat'>;</span> <span class='ocrx_word' id='word_1_516' title='bbox 1540 2218 1670 2250; x_wconf 83' lang='lat' dir='ltr'><strong>osten·</strong></span> 
     </span>
     <span class='ocr_line' id='line_1_47' title="bbox 50 2258 1666 2308; baseline 0 -12"><span class='ocrx_word' id='word_1_517' title='bbox 50 2267 139 2296; x_wconf 88' lang='lat' dir='ltr'><strong>sum</strong></span> <span class='ocrx_word' id='word_1_518' title='bbox 161 2261 222 2296; x_wconf 86' lang='lat' dir='ltr'><strong>est</strong></span> <span class='ocrx_word' id='word_1_519' title='bbox 241 2258 346 2296; x_wconf 89' lang='lat' dir='ltr'><strong>enim</strong></span> <span class='ocrx_word' id='word_1_520' title='bbox 368 2259 450 2306; x_wconf 85' lang='lat' dir='ltr'><strong>(lib.</strong></span> <span class='ocrx_word' id='word_1_521' title='bbox 471 2268 501 2304; x_wconf 84' lang='lat'><strong>1,</strong></span> <span class='ocrx_word' id='word_1_522' title='bbox 522 2269 606 2306; x_wconf 87' lang='lat' dir='ltr'><strong>cap.</strong></span> <span class='ocrx_word' id='word_1_523' title='bbox 624 2262 670 2297; x_wconf 78' lang='lat'><strong>26</strong></span> <span class='ocrx_word' id='word_1_524' title='bbox 689 2263 726 2297; x_wconf 88' lang='lat' dir='ltr'><strong>et</strong></span> <span class='ocrx_word' id='word_1_525' title='bbox 744 2260 804 2306; x_wconf 77' lang='lat'><strong>27)</strong></span> <span class='ocrx_word' id='word_1_526' title='bbox 823 2260 929 2307; x_wconf 90' lang='lat' dir='ltr'><strong>quod</strong></span> <span class='ocrx_word' id='word_1_527' title='bbox 947 2269 1076 2307; x_wconf 85' lang='lat' dir='ltr'><strong>neque</strong></span> <span class='ocrx_word' id='word_1_528' title='bbox 1097 2261 1263 2298; x_wconf 88' lang='lat' dir='ltr'><strong>materia</strong></span> <span class='ocrx_word' id='word_1_529' title='bbox 1290 2269 1420 2308; x_wconf 88' lang='lat' dir='ltr'><strong>neque</strong></span> <span class='ocrx_word' id='word_1_530' title='bbox 1450 2259 1578 2298; x_wconf 83' lang='lat' dir='ltr'><strong>forma</strong></span> <span class='ocrx_word' id='word_1_531' title='bbox 1607 2264 1666 2296; x_wconf 84' lang='lat' dir='ltr'><strong>est</strong></span> 
     </span>
     <span class='ocr_line' id='line_1_48' title="bbox 49 2305 1665 2355; baseline 0.001 -12"><span class='ocrx_word' id='word_1_532' title='bbox 49 2305 236 2353; x_wconf 83' lang='lat' dir='ltr'><strong>alicujus,</strong></span> <span class='ocrx_word' id='word_1_533' title='bbox 257 2306 328 2343; x_wconf 86' lang='lat' dir='ltr'><strong>sed</strong></span> <span class='ocrx_word' id='word_1_534' title='bbox 346 2306 465 2344; x_wconf 89' lang='lat' dir='ltr'><strong>estin</strong></span> <span class='ocrx_word' id='word_1_535' title='bbox 483 2306 670 2353; x_wconf 88' lang='lat' dir='ltr'><strong>operibus</strong></span> <span class='ocrx_word' id='word_1_536' title='bbox 689 2316 759 2354; x_wconf 86' lang='lat' dir='ltr'><strong>per</strong></span> <span class='ocrx_word' id='word_1_537' title='bbox 778 2307 940 2346; x_wconf 87' lang='lat' dir='ltr'><strong>modum</strong></span> <span class='ocrx_word' id='word_1_538' title='bbox 971 2316 1104 2346; x_wconf 81' lang='lat' dir='ltr'><strong>causae</strong></span> <span class='ocrx_word' id='word_1_539' title='bbox 1123 2307 1292 2355; x_wconf 54' lang='lat' dir='ltr'><strong>agentis.</strong></span> <span class='ocrx_word' id='word_1_540' title='bbox 1316 2307 1355 2346; x_wconf 60' lang='lat' dir='ltr'><strong>(R</strong></span> <span class='ocrx_word' id='word_1_541' title='bbox 1366 2310 1482 2354; x_wconf 61' lang='lat' dir='ltr'><strong>part„</strong></span> <span class='ocrx_word' id='word_1_542' title='bbox 1512 2316 1550 2354; x_wconf 87' lang='lat' dir='ltr'><strong>q.</strong></span> <span class='ocrx_word' id='word_1_543' title='bbox 1579 2315 1665 2351; x_wconf 84' lang='lat' dir='ltr'><strong>vm,</strong></span> 
     </span>
     <span class='ocr_line' id='line_1_49' title="bbox 48 2353 906 2402; baseline 0.002 -13"><span class='ocrx_word' id='word_1_544' title='bbox 48 2355 121 2393; x_wconf 78' lang='lat' dir='ltr'><strong>art.</strong></span> <span class='ocrx_word' id='word_1_545' title='bbox 145 2356 178 2399; x_wconf 81' lang='lat' dir='ltr'><strong>l,</strong></span> <span class='ocrx_word' id='word_1_546' title='bbox 200 2354 266 2391; x_wconf 85' lang='lat' dir='ltr'><strong>etl</strong></span> <span class='ocrx_word' id='word_1_547' title='bbox 285 2353 400 2400; x_wconf 66' lang='lat' dir='ltr'><strong>sent„</strong></span> <span class='ocrx_word' id='word_1_548' title='bbox 418 2353 511 2397; x_wconf 87' lang='lat' dir='ltr'><strong>dist,</strong></span> <span class='ocrx_word' id='word_1_549' title='bbox 531 2360 632 2399; x_wconf 84' lang='lat' dir='ltr'><strong>xvn,</strong></span> <span class='ocrx_word' id='word_1_550' title='bbox 655 2364 693 2401; x_wconf 89' lang='lat' dir='ltr'><strong>q..</strong></span> <span class='ocrx_word' id='word_1_551' title='bbox 710 2363 738 2399; x_wconf 87' lang='lat'><strong>1,</strong></span> <span class='ocrx_word' id='word_1_552' title='bbox 763 2358 834 2392; x_wconf 85' lang='lat' dir='ltr'><strong>art.</strong></span> <span class='ocrx_word' id='word_1_553' title='bbox 855 2354 906 2402; x_wconf 83' lang='lat' dir='ltr'><strong>l.)</strong></span> 
     </span>
    </p>
   </div>
   <div class='ocr_carea' id='block_1_3' title="bbox 685 2498 1032 2540">
    <p class='ocr_par' dir='ltr' id='par_1_9' title="bbox 685 2498 1032 2540">
     <span class='ocr_line' id='line_1_50' title="bbox 685 2498 1032 2540; baseline 0 -1"><span class='ocrx_word' id='word_1_554' title='bbox 685 2498 852 2540; x_wconf 84' lang='lat' dir='ltr'><strong>CAPUT</strong></span> <span class='ocrx_word' id='word_1_555' title='bbox 893 2499 1032 2539; x_wconf 83' lang='lat' dir='ltr'>LXIX.</span> 
     </span>
    </p>
   </div>
   <div class='ocr_carea' id='block_1_4' title="bbox 141 2610 1574 2693">
    <p class='ocr_par' dir='ltr' id='par_1_10' title="bbox 141 2610 1574 2693">
     <span class='ocr_line' id='line_1_51' title="bbox 141 2610 1574 2645; baseline -0.001 -2"><span class='ocrx_word' id='word_1_556' title='bbox 141 2613 192 2643; x_wconf 79' lang='lat' dir='ltr'><strong>DE</strong></span> <span class='ocrx_word' id='word_1_557' title='bbox 211 2612 394 2642; x_wconf 71' lang='lat' dir='ltr'>OPINIONE</span> <span class='ocrx_word' id='word_1_558' title='bbox 418 2612 549 2642; x_wconf 74' lang='lat' dir='ltr'>EORUM</span> <span class='ocrx_word' id='word_1_559' title='bbox 571 2612 636 2645; x_wconf 82' lang='lat' dir='ltr'><strong>QUI</strong></span> <span class='ocrx_word' id='word_1_560' title='bbox 668 2612 791 2640; x_wconf 79' lang='lat' dir='ltr'><strong>REBL‘S</strong></span> <span class='ocrx_word' id='word_1_561' title='bbox 811 2611 1084 2641; x_wconf 75' lang='lat' dir='ltr'>NATURALIBUS</span> <span class='ocrx_word' id='word_1_562' title='bbox 1103 2610 1291 2641; x_wconf 84' lang='lat' dir='ltr'><strong>PROPRIAS</strong></span> <span class='ocrx_word' id='word_1_563' title='bbox 1321 2612 1574 2642; x_wconf 71' lang='lat' dir='ltr'><strong>SUBTRAHUNT</strong></span> 
     </span>
     <span class='ocr_line' id='line_1_52' title="bbox 757 2665 957 2693; baseline -0.005 0"><span class='ocrx_word' id='word_1_564' title='bbox 757 2665 957 2693; x_wconf 83' lang='lat' dir='ltr'><strong>ACTIONES.</strong></span> 
     </span>
    </p>
   </div>
   <div class='ocr_carea' id='block_1_5' title="bbox 52 2772 1667 2866">
    <p class='ocr_par' dir='ltr' id='par_1_11' title="bbox 52 2772 1667 2866">
     <span class='ocr_line' id='line_1_53' title="bbox 98 2772 1666 2821; baseline -0.002 -8"><span class='ocrx_word' id='word_1_565' title='bbox 98 2776 152 2813; x_wconf 85' lang='lat' dir='ltr'><strong>Ex</strong></span> <span class='ocrx_word' id='word_1_566' title='bbox 167 2775 243 2813; x_wconf 88' lang='lat' dir='ltr'><strong>hoc</strong></span> <span class='ocrx_word' id='word_1_567' title='bbox 263 2778 394 2814; x_wconf 86' lang='lat' dir='ltr'><strong>autem</strong></span> <span class='ocrx_word' id='word_1_568' title='bbox 414 2773 574 2821; x_wconf 83' lang='lat' dir='ltr'><strong>quidam</strong></span> <span class='ocrx_word' id='word_1_569' title='bbox 596 2772 850 2810; x_wconf 83' lang='lat' dir='ltr'><strong>occasionem</strong></span> <span class='ocrx_word' id='word_1_570' title='bbox 877 2772 1033 2809; x_wconf 83' lang='lat' dir='ltr'><strong>errandi</strong></span> <span class='ocrx_word' id='word_1_571' title='bbox 1054 2777 1324 2819; x_wconf 83' lang='lat' dir='ltr'><strong>sumpserunt,</strong></span> <span class='ocrx_word' id='word_1_572' title='bbox 1344 2778 1529 2820; x_wconf 83' lang='lat' dir='ltr'><strong>putantes</strong></span> <span class='ocrx_word' id='word_1_573' title='bbox 1563 2774 1666 2820; x_wconf 80' lang='lat' dir='ltr'><strong>quod</strong></span> 
     </span>
     <span class='ocr_line' id='line_1_54' title="bbox 52 2819 1667 2866; baseline -0.001 -7"><span class='ocrx_word' id='word_1_574' title='bbox 52 2820 164 2859; x_wconf 81' lang='lat' dir='ltr'><strong>nulla</strong></span> <span class='ocrx_word' id='word_1_575' title='bbox 182 2825 363 2859; x_wconf 77' lang='lat' dir='ltr'><strong>creatura</strong></span> <span class='ocrx_word' id='word_1_576' title='bbox 379 2821 498 2859; x_wconf 72' lang='lat' dir='ltr'><strong>babet</strong></span> <span class='ocrx_word' id='word_1_577' title='bbox 518 2821 691 2863; x_wconf 72' lang='lat' dir='ltr'><strong>aliquam</strong></span> <span class='ocrx_word' id='word_1_578' title='bbox 713 2819 909 2857; x_wconf 79' lang='lat' dir='ltr'><strong>actionem</strong></span> <span class='ocrx_word' id='word_1_579' title='bbox 928 2819 970 2856; x_wconf 84' lang='lat' dir='ltr'><strong>in</strong></span> <span class='ocrx_word' id='word_1_580' title='bbox 989 2819 1249 2866; x_wconf 84' lang='lat' dir='ltr'><strong>productione</strong></span> <span class='ocrx_word' id='word_1_581' title='bbox 1275 2819 1486 2859; x_wconf 86' lang='lat' dir='ltr'><strong>effectuum</strong></span> <span class='ocrx_word' id='word_1_582' title='bbox 1509 2824 1667 2858; x_wconf 75' lang='lat' dir='ltr'><strong>nutura-</strong></span> 
     </span>
    </p>
   </div>
  </div>
 </body>
</html>
