1894 3223
760 164 849 200 LlB.
877 164 905 207 Ι,
933 164 1034 200 CAP.
1062 164 1130 200 xL.
1704 167 1747 200 123

121 254 168 285 se
187 245 335 283 habent
356 244 594 289 admixtum;
615 244 710 282 iicet
730 244 766 281 id
788 244 892 291 quod
915 248 974 281 est
995 245 1158 290 bonum,
1183 245 1311 291 possit
1329 244 1479 292 aliquid
1497 248 1638 292 praeter
1659 255 1746 282 esse

122 297 161 330 et
181 292 398 330 bonitatem
419 292 575 329 habere.
599 292 702 328 Nihil
739 292 844 328 enim
865 292 1047 337 probibet
1069 293 1143 329 hoc
1176 293 1282 339 quod
1313 296 1370 329 est
1407 292 1474 328 uni
1511 292 1743 338 perfectioni

122 339 391 387 suppositum,
413 339 529 375 etiam
549 338 617 375 alii
639 338 809 384 supponi
834 339 963 375 :sicut
978 340 1081 385 quod
1102 343 1160 376 est
1180 349 1337 385 corpus,
1360 343 1593 385 potestesse
1613 339 1746 377 album

123 390 161 423 et
200 386 328 424 dulce.
371 385 684 432 Unumquodque
722 389 852 421 autem
894 385 995 421 intra
1033 395 1129 422 suos
1163 387 1330 423 rationis
1361 386 1553 423 terminos
1587 387 1746 423 conclu-

123 433 242 477 ditur,
265 437 308 469 ut
327 433 427 470 nihil
450 437 679 470 extraneum
705 432 807 468 intra
830 442 871 469 se
889 442 1027 477 capere
1048 434 1187 478 possit.
1214 436 1316 470 Deus
1337 437 1468 470 autem
1488 437 1547 470 est
1568 433 1741 477 bonitas,

125 489 202 518 uon
225 480 356 518 solum
378 480 522 524 bonus,
549 482 589 516 ut
607 483 814 516 ostensum
834 484 893 516 est
922 480 1022 526 (cap.
1046 483 1086 516 37
1110 485 1147 516 et
1168 483 1240 527 38).
1275 482 1358 517 Non
1395 484 1525 526 potest
1554 480 1676 528 igitur
1707 480 1746 517 in

120 536 171 566 eo
192 536 282 565 esse
301 526 451 574 aliquid
472 535 552 564 non
575 526 746 569 bonitas,
770 527 880 563 etita
900 527 1044 563 malum
1069 527 1108 563 in
1128 537 1174 564 eo
1197 528 1361 565 omnino
1383 537 1472 564 csso
1495 536 1573 564 non
1603 531 1746 573 potest.

170 575 354 620 Amplius,
377 574 414 610 id
449 574 553 621 quod
584 578 644 611 est
676 574 904 619 oppositum
942 575 1126 611 essentia]
1166 574 1335 621 aliqu’us
1370 575 1441 617 rei,
1472 575 1547 611 sibi
1581 575 1745 612 omnino

122 621 335 658 convenire
369 630 448 658 non
482 624 625 667 potest,
654 620 746 657 dum
779 625 930 663 manet;
955 622 1058 657 sicut
1091 622 1239 657 homini
1264 631 1342 658 non
1374 626 1503 667 potest
1533 622 1745 658 convenire

123 667 451 705 irrationabilitas
484 668 543 704 vel
578 668 882 712 insensibilitas,
906 669 982 704 nisi
1022 669 1141 705 honio
1175 678 1263 705 esse
1298 669 1476 709 desistat.
1506 669 1578 705 Sed
1612 669 1746 705 divina

120 716 297 752 essentia
313 720 370 751 cst
389 715 475 760 ipsa
489 714 662 758 bonitas,
676 719 716 751 ut
731 718 937 751 ostensum
954 719 1012 751 est
1030 715 1129 761 (cap.
1151 715 1345 760 praeced).
1362 717 1460 761 Ergo
1477 716 1623 751 malum
1641 715 1746 762 quod

123 765 184 799 est
203 762 310 799 bono
331 762 558 807 oppositum
580 762 620 797 in
640 771 686 798 eo
706 763 835 798 locuni
858 762 1000 798 habero
1028 771 1106 798 non
1136 766 1278 806 potest,
1297 762 1372 798 nisi
1402 771 1490 798 esse
1521 763 1745 808 desisteret,

123 809 228 856 quod
257 813 315 846 cst
337 809 599 855 impossibile,
623 818 712 845 cum
735 809 786 845 sit
807 813 1012 851 aeternum,
1035 812 1077 844 ut
1098 818 1218 853 supra
1238 813 1445 845 ostensum
1469 813 1529 845 est
1549 809 1647 855 (cap.
1674 810 1744 855 15).

168 856 313 900 Adhuc,
336 865 457 903 quum
479 858 581 893 Deus
603 856 654 892 sit
675 865 789 892 suurn
813 865 916 897 csse,
937 856 1035 891 niliil
1059 856 1328 900 participative
1345 855 1392 892 de
1413 858 1492 892 Deo
1509 856 1585 892 ilici
1601 860 1743 903 potest.

123 906 166 939 ut
186 907 290 949 patet
310 913 356 940 ex
379 904 529 940 ratione
551 912 672 948 supra
692 903 866 939 inducta.
891 902 928 938 Si
952 902 1073 948 igitur
1094 902 1241 938 malum
1277 902 1323 938 de
1356 902 1444 948 ipso
1476 903 1641 947 dicatur,
1666 913 1746 940 non

122 949 277 987 dicetur
296 950 582 996 participative,
604 949 671 986 sed
695 949 977 986 essentialiter.
998 948 1062 986 Sic
1096 953 1227 985 autem
1262 949 1410 986 malum
1446 949 1492 986 de
1527 951 1637 987 nullo
1667 951 1744 987 (lici

122 1000 266 1043 potest,
289 1001 330 1034 ut
350 997 401 1033 sit
422 996 598 1034 essentia
618 995 803 1041 alicujuS.
828 996 867 1032 Ei
888 996 993 1032 enim
1016 1004 1106 1033 esse
1126 995 1310 1033 deficeret
1343 997 1447 1043 quod
1482 997 1631 1034 honum
1669 1002 1744 1039 cst,

123 1046 166 1080 ut
198 1043 297 1091 (cap.
330 1043 388 1090 37)
421 1046 628 1080 ostensum
662 1046 736 1080 est.
772 1044 814 1078 ln
846 1042 998 1079 malitia
1032 1046 1162 1079 autem
1197 1051 1278 1080 non
1310 1047 1440 1089 potest
1472 1054 1560 1082 esse
1593 1045 1744 1092 aliquid

120 1093 354 1128 extraneum
379 1090 612 1134 admixtum,
635 1089 739 1127 sicut
767 1098 839 1126 nec
870 1089 911 1126 in
944 1089 1134 1127 bonitate.
1156 1090 1300 1127 Malum
1332 1091 1453 1138 igitur
1484 1092 1531 1128 de
1556 1094 1633 1128 Deo
1666 1092 1744 1129 dici

122 1145 202 1174 non
224 1140 366 1183 potest.
877 1167 889 1177 ,

166 1185 267 1229 Item,
290 1184 437 1221 malum
459 1183 566 1221 bono
587 1183 814 1230 oppositum
833 1186 906 1220 est.
928 1184 1041 1220 Ratio
1062 1188 1193 1221 antem
1214 1184 1307 1222 boni
1326 1184 1368 1220 in
1388 1185 1632 1231 perfectione
1655 1195 1760 1224 con-.

120 1230 242 1275 sistit,
263 1240 357 1278 ergo
378 1230 478 1268 ratio
493 1231 585 1267 mali
612 1232 652 1267 in
687 1231 1001 1277 imperfectione.
1021 1231 1204 1268 Defectus
1240 1235 1371 1268 autem
1404 1232 1463 1269 vel
1495 1233 1744 1279 imperfectio

121 1277 163 1314 in
184 1279 277 1319 Deo,
300 1278 367 1325 qui
386 1281 447 1315 est
465 1287 555 1314 vere
576 1278 789 1323 perfectus,
812 1287 901 1315 esse
937 1287 1014 1315 non
1042 1278 1169 1319 debet,
1187 1283 1229 1315 ut
1263 1287 1383 1325 supra
1405 1279 1504 1326 (cap.
1524 1281 1583 1327 28)
1615 1285 1747 1317 osten-

62 1332 65 1336 *
120 1333 211 1362 sum
230 1328 303 1362 est.
329 1327 370 1362 tn
391 1326 471 1362 Deo
492 1325 614 1372 igitur
633 1325 781 1362 malum
803 1334 893 1362 esse
917 1334 995 1362 non
1016 1329 1155 1370 potest.

167 1373 362 1417 Praeterea,
384 1372 602 1418 perfectum
623 1376 684 1409 est
704 1372 855 1419 aliquid
874 1373 1093 1409 secundum
1116 1373 1220 1419 quod
1243 1375 1304 1410 est
1335 1377 1439 1410 actu.
1467 1375 1567 1420 Ergo
1602 1374 1744 1419 imper-

121 1417 268 1456 fectum
291 1419 364 1456 erit
384 1419 605 1456 secundum
628 1419 734 1466 quod
756 1423 815 1456 est
830 1418 1020 1456 deficiens
1039 1420 1086 1456 ab
1101 1424 1204 1457 actu.
1220 1422 1319 1466 Ergo
1334 1421 1482 1457 matum
1498 1421 1557 1457 vel
1576 1421 1744 1467 privatio

119 1469 195 1511 est,
217 1466 278 1503 vel
299 1466 561 1512 privationem
582 1466 766 1503 includit.
788 1467 1027 1504 privationis
1049 1471 1179 1504 autem
1201 1467 1423 1514 subjectum
1457 1472 1517 1505 cst
1552 1469 1741 1514 potentia.

123 1513 205 1550 Hoc
223 1516 354 1550 autem
377 1514 417 1550 in
438 1515 518 1550 Deo
539 1522 628 1551 esse
650 1522 730 1550 non
748 1517 893 1559 potest,
919 1514 1040 1560 igitur
1059 1524 1130 1550 nec
1153 1515 1315 1551 malum.

167 1561 360 1604 Praeterea,
381 1560 415 1596 si
436 1560 583 1597 bonum
605 1563 664 1597 «st
685 1561 788 1607 quod
810 1561 858 1597 ab
880 1561 1069 1597 omnibus
1091 1562 1299 1606 appetitur,
1323 1561 1445 1609 igitur
1463 1562 1609 1599 malum
1645 1573 1742 1599 una-

120 1615 277 1653 quaque
298 1610 440 1644 natura
470 1607 613 1654 refugit
642 1609 683 1643 in
717 1611 909 1654 quantum
944 1608 1192 1654 hujusmodi;
1229 1609 1334 1655 quod
1367 1613 1495 1645 autem
1531 1614 1591 1646 est
1623 1610 1742 1647 alicui

121 1657 260 1690 contra
298 1658 448 1691 motum
483 1653 678 1691 naturalis
717 1654 927 1700 appetitus,
953 1659 1013 1691 est
1044 1655 1261 1692 violentum
1299 1659 1336 1692 et
1368 1660 1509 1702 praeter
1545 1660 1740 1694 naturam.

119 1700 264 1737 Malum
285 1701 408 1747 igitur
428 1701 468 1737 in
488 1709 729 1748 unoquoque
749 1705 809 1738 est
829 1701 1046 1738 violentum
1068 1706 1105 1738 et
1136 1706 1278 1747 praeter
1298 1705 1493 1748 naturam,
1522 1704 1741 1741 secundum

121 1747 229 1794 quod
250 1752 310 1785 est
330 1748 365 1784 ei
384 1748 547 1791 malum,
576 1748 649 1784 etsi
681 1747 810 1793 possit
830 1749 865 1785 ei
890 1758 979 1786 esse
1008 1749 1186 1786 naturale
1219 1750 1438 1786 secundum
1473 1751 1622 1797 aliquid
1657 1751 1742 1797 eJus

120 1793 161 1831 in
182 1794 302 1832 rebus
323 1795 572 1840 compositis.
594 1796 700 1831 Deus
718 1799 848 1832 autem
873 1797 1120 1842 compositus
1156 1805 1238 1833 non
1270 1800 1342 1841 est,
1366 1806 1438 1834 nec
1470 1797 1620 1844 aliquid
1654 1807 1743 1835 esse

120 1844 253 1886 potest
272 1841 311 1877 in
334 1851 381 1879 co
418 1842 652 1886 violentum,
672 1842 734 1878 vel
761 1847 902 1888 praeter
931 1847 1126 1888 naturam,
1148 1847 1191 1880 ut
1219 1846 1425 1880 ostensum
1459 1848 1518 1881 est
1546 1844 1645 1891 (cap.
1671 1845 1741 1891 19).

118 1887 263 1925 Malum
285 1888 408 1935 igitur
428 1889 467 1925 in
492 1891 569 1925 Deo
592 1898 680 1926 esse
698 1898 779 1926 non
800 1893 943 1935 potest.

166 1936 249 1972 Hoc
272 1935 389 1972 etiam
410 1945 524 1973 sacra
537 1937 739 1982 Scriptura
759 1937 980 1974 confirmat.
1003 1938 1152 1974 Dicitur
1173 1938 1276 1974 enim
1294 1940 1449 1981 IJoan.‚
1465 1948 1491 1978 1,
1508 1941 1528 1975 5
1546 1950 1555 1975 :
1571 1940 1665 1974 Deus
1680 1940 1744 1975 lux

116 1984 182 2023 est,
205 1984 239 2018 et
257 1983 408 2019 tenebrae
418 1984 456 2018 in
467 1993 505 2019 eo
516 1993 588 2019 non
607 1986 693 2020 sunt
709 1984 813 2028 ultae3
835 1987 874 2022 et
892 1985 977 2030 Job,
1002 1993 1141 2030 XXXIV,
1159 1988 1203 2022 10
1226 1997 1234 2022 :
1256 1986 1365 2022 Absit
1382 1996 1406 2022 a
1423 1987 1494 2022 Deo
1514 1987 1695 2031 impietas,
1712 1990 1746 2023 et

115 2029 166 2066 ab
195 2029 441 2075 omnipotente
458 2031 650 2076 iniquitas.

793 2178 963 2220 CAPUT
989 2178 1074 2221 XL.

554 2297 657 2332 QUOD
679 2297 780 2327 1313th
804 2298 876 2327 EST
901 2298 1019 2327 OMNIS
1044 2299 1136 2328 BONI
1161 2298 1308 2329 BONUM.

168 2404 399 2442 ostenditur
429 2405 547 2442 etiam
583 2415 631 2442 ex
659 2407 860 2453 praedictis
893 2407 998 2454 quod
1032 2410 1138 2446 Deus
1170 2408 1223 2446 sit
1255 2408 1390 2446 omnis
1429 2408 1526 2446 boni
1574 2408 1738 2446 bonum.

119 2451 283 2489 Bonitas
304 2451 410 2488 enim
430 2452 749 2504 uniuscujusque
769 2457 830 2491 est
846 2455 1035 2500 perfectio
1056 2455 1200 2500 ipsius,
1223 2459 1265 2492 ut
1302 2455 1450 2492 dictum
1480 2459 1540 2492 est
1569 2455 1669 2502 (cap.
1691 2457 1739 2502 3).

119 2499 225 2536 Deus
247 2501 377 2535 autem
399 2507 488 2535 cum
509 2501 562 2535 s1t
581 2501 814 2546 simpliciter
832 2501 1044 2546 perfectus,
1068 2511 1140 2538 sua
1162 2502 1417 2547 perfectione,
1439 2511 1580 2539 omnes
1609 2512 1740 2540 rerum

118 2545 385 2592 perfectiones
404 2545 716 2591 comprehendit,
734 2552 774 2584 ut
794 2551 1003 2585 ostensum
1025 2551 1085 2584 est
1101 2547 1201 2594 (cap.
1216 2548 1290 2596 28).
1307 2550 1384 2586 Sua
1408 2549 1531 2596 igitur
1563 2549 1741 2587 bonitate

117 2600 262 2633 omnes
281 2591 482 2629 bonitates
501 2593 813 2638 comprehendit,
833 2597 871 2631 et
889 2595 944 2630 ita
965 2597 1025 2631 est
1045 2595 1177 2632 omnis
1198 2595 1293 2632 boni
1314 2595 1480 2633 bonum.

163 2640 266 2687 Item,
284 2639 393 2686 >quod
413 2648 482 2685 per
499 2639 840 2686 participationem
881 2641 1026 2677 dicitur
1056 2641 1242 2689 aliquale,
1264 2651 1344 2679 non
1375 2642 1519 2681 dicitur
1553 2643 1630 2680 tale
1662 2644 1740 2682 nisi

118 2685 162 2723 in
199 2690 393 2733 quantum
429 2685 547 2723 habet
575 2686 794 2733 quamdam
817 2687 1122 2724 similitudinem
1150 2688 1237 2736 ejus
1269 2690 1377 2736 quod
1408 2700 1479 2736 per
1521 2692 1736 2728 essentiam

118 2732 279 2778 dicitur,
301 2732 404 2770 sicut
421 2733 568 2770 ferrum
591 2733 734 2770 dicitur
750 2734 919 2780 ignitum
940 2734 982 2771 in
998 2739 1190 2782 quantum
1205 2736 1418 2783 quamdam
1435 2737 1738 2776 similitudinem

119 2777 227 2826 ignis
246 2780 456 2826 participat
474 2792 482 2817 :
506 2780 575 2817 sed
599 2782 704 2817 Deus
725 2785 783 2818 est
804 2780 935 2818 honus
955 2790 1024 2827 per
1044 2783 1274 2828 essentiam,
1297 2784 1433 2821 omnia
1451 2794 1544 2822 vero
1566 2785 1646 2823 alia
1671 2796 1740 2833 per

89 2863 92 2866 Δ
119 2826 478 2875 participationem,
499 2830 544 2864 ut
578 2832 785 2865 ostensum
815 2831 875 2864 est
895 2827 994 2874 (cap.
1021 2829 1094 2876 38).
1116 2830 1242 2877 Igitur
1273 2831 1373 2868 nihil
1407 2832 1559 2869 dicetur
1589 2833 1737 2872 bonum

120 2872 200 2924 nisi
219 2873 262 2910 in
282 2877 472 2920 quantum
494 2874 613 2927 babet
634 2874 808 2927 aliquam
829 2874 1134 2914 similitudinem
1154 2877 1298 2917 divinae
1311 2877 1518 2918 bonitatis.
1536 2881 1603 2918 Est
1616 2880 1740 2929 igitur

118 2928 206 2966 ‘pse
226 2919 376 2958 honum
399 2930 532 2959 omnis
550 2921 660 2959 bom.
729 2927 735 2935 “
