1803 3223
109 59 136 94 X
452 58 588 92 BERN.
615 57 772 91 MARIAE
798 56 857 91 DE
883 55 1049 91 RUBEIS
1076 54 1388 91 DISSERTATIO.

109 158 286 208 Spiritus
299 155 571 204 sancti‚Verbi
587 156 658 194 Dei
676 154 923 203 incarnatio,
938 166 1021 194 una
1035 154 1078 193 in
1100 155 1254 204 duplici
1267 158 1417 193 natura
1433 166 1608 203 persona
1625 166 1722 194 cum
1775 140 1799 146 ..

112 222 268 272 duplici
290 221 506 259 voluntate
528 223 570 258 et
601 217 861 267 operatione,
883 219 1104 269 conceptio
1137 231 1186 257 ex
1213 218 1381 270 Virgine
1414 222 1561 267 matre,
1586 230 1724 258 sacra-

113 289 272 335 menta,
289 284 541 324 resurrectio
561 292 803 331 corporum,
822 281 1031 332 judicium
1049 283 1227 322 finale».
1251 282 1378 321 Tertii
1395 282 1619 332 superioris
1633 282 1725 321 libri

113 354 276 402 partem
291 349 500 388 residuam
522 347 565 385 in
584 345 634 384 iis
656 346 911 395 exponendis
931 347 1034 398 legis
1056 347 1305 398 evangelicae
1326 347 1590 386 documentis
1611 347 1726 385 insu-

114 416 206 463 mit,
229 425 323 465 quae
342 413 392 452 ad
414 414 577 463 partem
605 410 808 448 moralem
826 411 1037 460 pertinent
1059 424 1067 450 :
1097 425 1115 448 «
1136 412 1293 451 Ultima
1313 423 1409 450 vera
1434 410 1617 449 hominis
1635 410 1728 449 bea·

114 481 259 527 titate,
296 488 439 516 amore
470 474 545 514 Dei
577 473 752 525 ejusque
784 473 917 522 cultu,
949 474 1130 514 consiliis
1159 476 1426 527 evangelicis,
1458 479 1654 525 peccato,
1687 478 1727 513 et

115 544 280 589 merito,
301 553 349 580 ac
370 540 510 579 debita
532 551 668 589 poena,
692 538 842 578 divinae
865 540 1008 590 gratiae
1028 539 1190 578 auxiliis
1210 554 1247 579 n.

169 608 216 646 ll.
239 609 328 645 Non
351 606 498 643 eodem
521 603 563 641 in
595 607 773 653 utraque
792 602 1033 654 Theologia,
1055 603 1235 641 naturali
1262 607 1303 642 et
1331 604 1518 653 revelata,
1539 603 1728 654 procedit

118 673 243 711 modo
264 670 449 720 prudens
475 680 523 707 ac
544 668 709 718 sapiens
743 667 936 706 Thomas.
959 667 1089 705 Primi
1112 667 1273 718 generis
1292 667 1485 706 veritates
1517 667 1726 717 explanat,

117 734 431 784 contrariosque
467 733 641 771 errantis
691 733 888 771 humanae
928 730 1078 770 mentis
1113 730 1268 769 refellit
1313 730 1469 779 lapsus,
1516 730 1730 780 principiis

117 799 310 840 adhibitis
328 801 490 837 naturae
522 797 681 836 lumine
701 797 826 845 notis,
852 808 898 835 ac
918 795 1264 846 philosophorum
1292 794 1544 833 testimoniis
1569 807 1578 833 :
1601 795 1730 833 robu-

116 869 308 914 stamque
335 861 699 902 confirmationem
731 861 862 909 addit,
895 871 989 911 quae
1021 859 1201 898 sumitur
1221 870 1271 897 ex
1291 858 1429 899 diuina
1453 857 1728 907 revelatione,

117 932 445 977 sanctorumque
476 926 673 965 Ecclesiae
702 927 877 964 Patrum
904 923 1184 973 documentiS,
1202 935 1239 962 V.
1268 935 1324 974 g.,
1346 922 1420 961 Dei
1449 922 1730 961 aeternitatem

118 992 373 1046 argumentis
392 990 596 1041 plurimis,
632 1001 726 1040 quaa
747 989 949 1028 naturalis
981 987 1152 1027 luminis
1186 987 1478 1038 penetratione
1502 986 1726 1026 efforman-

117 1063 203 1105 tur,
241 1057 390 1108 probat
426 1067 474 1094 ac
513 1054 679 1094 evincit.
725 1055 831 1092 Tum
868 1052 1130 1092 revelationis
1174 1051 1468 1090 testimonium
1514 1054 1730 1101 postremo

118 1122 303 1162 adducit.
331 1120 472 1158 «Huic
502 1123 643 1157 autem
676 1118 854 1166 veritati,
877 1116 1085 1167 inquiens,
1119 1115 1257 1155 divina
1286 1116 1513 1154 auctoritas
1545 1115 1732 1154 testimo·

117 1187 235 1226 nium
259 1184 464 1235 perhibet.
486 1184 605 1223 Unde
633 1183 780 1232 psalm.
804 1193 840 1222 c1
865 1194 874 1221 ε
913 1181 970 1220 Tu
989 1185 1131 1227 autem,
1153 1178 1330 1227 Domine,
1360 1179 1400 1217 in
1425 1185 1609 1218 aeternum
1638 1192 1732 1231 per-

117 1260 264 1287 manes.
284 1250 335 1287 Ft
355 1248 455 1286 ibid.
479 1247 570 1286 :Tu
590 1253 717 1285 autem
734 1246 832 1285 edem
860 1247 939 1298 ipse
957 1258 1010 1294 es,
1039 1250 1077 1283 et
1108 1244 1204 1283 anni
1232 1243 1290 1282 tui
1310 1257 1385 1282 non
1402 1243 1619 1296 deficient».
1637 1244 1732 1283 Pari

119 1315 246 1353 modo
268 1312 565 1363 philosophicis
582 1311 816 1351 rationibus
832 1311 970 1366 docet,
993 1321 1085 1360 cap.
1106 1311 1172 1357 22,
1192 1323 1211 1344 «
1232 1309 1344 1359 quod
1368 1308 1411 1346 in
1430 1310 1517 1348 Deo
1538 1308 1650 1348 idem
1672 1310 1733 1347 est

119 1390 206 1419 esse
239 1381 281 1417 et
318 1376 496 1416 essentia
530 1390 548 1413 n
594 1389 602 1414 :
642 1375 840 1426 additque
876 1376 949 1414 Dei
986 1373 1285 1414 revelationem
1324 1373 1367 1411 in
1405 1365 1539 1413 calce
1552 1372 1730 1423 capitis:

127 1456 145 1480 «
166 1444 281 1482 Hanc
301 1446 443 1481 autem
463 1440 686 1480 sublimem
712 1440 949 1487 veritatem,
972 1438 1183 1489 inquiens,
1218 1439 1378 1489 Moyses
1412 1450 1436 1477 a
1464 1437 1643 1476 Domino
1673 1439 1736 1475 est

122 1507 314 1553 edoctus,
337 1506 426 1555 qui,
450 1515 547 1544 cum
569 1506 779 1554 quaereret
797 1515 820 1542 a
837 1503 1034 1551 Domino,
1061 1503 1192 1541 Exodi
1211 1514 1271 1550 111,
1300 1502 1441 1541 dicens
1463 1515 1473 1541 ε
1497 1501 1549 1542 Sz'
1565 1500 1739 1540 dixerint

119 1570 174 1610 ad
190 1582 253 1622 me*
266 1569 345 1622 filia·
362 1568 501 1615 lsrael,
517 1568 622 1621 quod
631 1573 688 1607 est
698 1580 833 1607 nomen
849 1567 955 1620 eju33
972 1566 1068 1620 quid
1082 1566 1207 1606 dicam
1223 1566 1303 1607 eis?
1317 1566 1503 1605 Dominus
1517 1564 1737 1618 respondit:

119 1635 210 1688 Eyo
229 1648 326 1682 sum,
352 1635 423 1686 qui
438 1646 522 1672 sum
542 1644 557 1674 .·
576 1633 630 1672 sz'e
641 1632 739 1671 dices
752 1632 846 1685 fillis
859 1631 987 1672 Israel
998 1645 1038 1671 ».
1054 1633 1170 1671 Hanc
1191 1631 1357 1682 passim,
1381 1633 1455 1669 aut
1474 1629 1736 1680 frequentius

121 1699 292 1739 adhibet
311 1699 397 1746 ille,
414 1701 633 1748 servatque
652 1696 916 1737 methodum.

173 1763 343 1803 Generis
375 1762 547 1801 alterius
579 1761 793 1810 veritates,
812 1772 907 1811 quae
938 1760 1125 1813 mysterza
1152 1760 1248 1812 fidei
1281 1759 1563 1810 appellantur,
1586 1758 1735 1798 dizinae

121 1827 386 1868 revelationis
406 1826 580 1873 lumine,
605 1825 718 1876 quod
737 1825 895 1877 fulget
885 1837 928 1864 in
944 1824 1104 1864 Veteris
1123 1823 1311 1874 Novique
1331 1812 1586 1862 Testainenti
1604 1821 1734 1869 libris,

122 1892 251 1933 veluti
272 1891 442 1942 proprio
460 1902 510 1930 ac
538 1890 679 1929 nativo
711 1889 891 1929 illustrat
921 1889 1137 1939 Aquinas.
1160 1888 1458 1938 naturalesque
1494 1888 1658 1936 postea,
1689 1896 1738 1925 ac

122 1955 432 2009 philosophicas
452 1954 636 1994 rationes
657 1953 788 2003 addit,
811 1956 859 1992 ut
877 1953 1028 1992 lumini
1043 1953 1224 1992 naturali
1243 1952 1357 1991 haud
1377 1962 1565 2001 unquam
1586 1950 1738 1990 revela-

121 2023 281 2062 tionem
300 2031 533 2071 repugnare
549 2019 755 2066 ostendat,
779 2018 1054 2069 ejusdemque
1082 2017 1254 2057 luminis
1274 2016 1480 2055 industria
1502 2014 1736 2066 probabiles

121 2086 324 2138 quasdam
344 2083 643 2135 mysteriorum
668 2083 764 2123 fidei
797 2082 1182 2129 verisimilitudines
1212 2084 1437 2132 proponat,
1471 2092 1520 2119 ac
1552 2079 1737 2119 hostium

57 2183 64 2188 .
122 2151 195 2202 qui
215 2150 365 2190 eodem
383 2149 617 2188 abutuntur
637 2148 797 2186 lumine
818 2148 1076 2198 sophismata
1088 2147 1284 2196 depellat.
1303 2145 1470 2196 Insigne
1493 2144 1734 2194 exemplum

124 2215 250 2256 offert
269 2214 502 2254 secundum
524 2215 652 2262 caput
669 2211 764 2251 libri
784 2212 938 2263 quarti,
963 2212 1031 2251 ubi
1054 2211 1257 2261 quaeritur
1282 2223 1290 2249 :
1318 2224 1336 2246 «
1360 2209 1466 2255 Quid
1487 2209 1541 2247 sit
1561 2219 1736 2259 genera·

121 2281 197 2329 tio,
218 2278 447 2330 paternitas
476 2280 520 2318 et
548 2276 694 2316 filiatio
729 2276 773 2315 in
806 2275 985 2315 divinis?
1006 2289 1023 2312 n
1058 2274 1232 2314 Thomae
1264 2273 1478 2324 responsio
1511 2273 1603 2311 haec
1639 2276 1732 2311 est:

125 2341 426 2392 «Principium
460 2343 604 2380 autem
637 2339 984 2380 considerationis
1012 2350 1036 2378 a
1069 2342 1233 2378 secreto
1272 2338 1423 2377 divinae
1458 2335 1739 2389 generationis

124 2410 354 2454 sumentes,
376 2406 477 2456 quid
499 2406 550 2446 de
568 2417 616 2445 ea
636 2405 870 2445 secundum
899 2414 1026 2443 sacrae
1057 2403 1284 2453 Scripturae
1316 2403 1571 2442 documenta
1603 2400 1737 2439 teneri

124 2471 288 2519 debeat,
319 2470 640 2520 praemittamus.
670 2468 829 2509 Dehinc
856 2479 954 2507 vero
987 2479 1049 2517 ea,
1085 2478 1180 2518 quae
1210 2469 1357 2506 contra
1385 2465 1603 2505 veritatem
1641 2462 1737 2501 fidei

127 2534 350 2573 infidelitas
364 2533 591 2582 adinvenit,
606 2536 853 2585 argumenta
868 2544 1096 2584 ponamus:
1112 2543 1292 2583 quorum
1308 2530 1516 2570 solutione
1530 2527 1734 2578 subjecta,

122 2599 249 2650 hujus
269 2597 615 2637 considerationis
637 2598 900 2648 propositum
932 2608 1254 2647 consequemur.
1282 2594 1424 2634 Tradit
1455 2593 1585 2644 igitur
1617 2590 1739 2630 nobis

123 2674 239 2703 sacra
259 2663 474 2713 Scriptura
492 2662 536 2701 in
569 2662 716 2700 divinis
748 2662 1026 2712 paternitatis,
1060 2664 1102 2701 et
1133 2660 1343 2700 filiationis
1370 2657 1567 2703 nomina;
1590 2656 1736 2695 Jesum

124 2727 332 2768 Christum
351 2727 503 2766 Filium
523 2726 599 2765 Dei
617 2729 868 2775 contestans,
893 2727 1006 2778 quod
1026 2726 1070 2765 in
1090 2726 1328 2775 Scripstura
1356 2721 1457 2761 Novi
1477 2719 1735 2760 Testamenti

123 2792 461 2844 frequentissime
497 2791 723 2831 invenitur.
758 2790 921 2830 Dicitur
965 2790 1106 2840 enim,
1141 2788 1307 2836 Matth.,
1346 2797 1386 2826 xi
1426 2798 1435 2825 :
1472 2784 1593 2824 Nemo
1632 2782 1739 2822 πουτί
