1894 3223
161 125 233 159 200
752 121 841 156 LIB.
869 120 916 165 11,
944 120 1045 156 CAP.
1072 121 1222 155 LXXIII.

160 202 333 249 prompti
371 201 418 237 ad
453 201 710 238 scientiarum
749 200 1105 245 considerationes,
1131 200 1352 238 secundum
1391 200 1589 238 diversam
1610 201 1785 248 disposi-

160 250 312 287 tionem
333 247 493 283 virtutis
518 248 741 293 cogitativae
761 251 800 284 et
817 247 1096 294 imaginativae.

209 295 280 331 Sed
297 295 373 330 ista
387 294 656 340 promptitudo
669 294 863 340 dependet
880 295 1024 331 abillis
1038 295 1250 332 virtutibus
1274 295 1377 332 sicut
1392 304 1440 331 ex
1451 294 1786 341 dispositionibus

163 341 342 383 remotis,
366 344 482 385 prout
504 341 622 378 etiam
643 341 838 387 dependet
853 351 876 378 a
894 342 1070 378 bonitate
1090 346 1218 380 tactus
1241 346 1279 378 et
1297 342 1476 387 corporis
1493 343 1782 389 complexione,

160 387 380 425 secundum
403 387 509 434 quod
530 388 625 424 dicit
643 388 889 425 Aristoteles.
913 388 976 435 (De>
995 391 1131 433 anima,
1150 398 1192 433 11,
1208 393 1301 426 text.
1325 398 1468 425 comm.
1494 390 1566 435 94.)
1601 390 1787 427 homines

158 434 254 485 1³0}ss
287 438 415 486 tactus
446 438 484 470 et
515 435 651 472 mollis
683 435 815 472 carnis
848 444 938 472 esse
969 435 1069 472 bene
1097 440 1210 481 aptos
1241 440 1386 472 mente.
1411 438 1463 472 Ex
1492 436 1630 473 habitu
1654 441 1782 473 autem

160 484 338 519 scientiae
371 484 477 518 inest
511 482 680 519 facultas
713 482 1008 526 considerandi,
1031 483 1135 519 sicut
1162 493 1209 519 ex
1228 483 1409 529 proximo
1430 483 1626 529 principio
1645 488 1782 528 actus;

159 531 314 574 oportet
334 528 439 565 enim
460 529 567 575 quod
589 529 749 566 habitus
771 529 952 566 scientiae
972 529 1149 574 perficiat
1168 530 1385 575 potentiam
1409 539 1487 576 qua
1504 530 1782 577 intelligimus,

158 580 202 613 ut
224 578 316 621 agat
335 583 458 621 quum
489 576 659 613 voluerit
686 576 868 621 faciliter,
891 576 994 613 sicut
1015 580 1053 612 et
1081 576 1149 612 alii
1174 577 1332 614 habitus
1352 577 1551 623 potentias
1571 577 1613 614 in
1637 577 1783 625 quibus

160 626 269 660 sunt.

205 671 304 712 Item,
329 668 617 715 dispositiones
637 670 915 716 praedictarum
932 670 1122 706 virtutum
1140 673 1233 707 sunt
1254 680 1301 707 ex
1320 674 1430 716 parte
1451 670 1608 717 objecti,
1631 671 1786 708 scilicet

156 716 450 763 phantasmatis
485 717 607 764 quod,
627 722 787 763 propter
815 717 1033 754 bonitatem
1065 717 1206 753 harum
1232 718 1438 762 virtutum,
1459 721 1702 764 praeparatur
1734 718 1785 756 ad

158 764 235 802 hoc
268 763 373 808 quod
395 763 565 801 faciliter
582 764 650 801 fiat
678 764 932 811 intelligibile
950 768 1038 801 actu
1068 773 1137 809 per
1158 764 1402 801 intellectum
1423 769 1620 811 agentem.
1642 765 1785 810 Dispo-

157 811 328 848 sitiones
346 815 476 848 autem
498 821 585 858 quae
606 816 699 848 sunt
719 821 767 848 ex
784 815 892 857 parte
914 811 1160 857 objectorum
1180 820 1262 848 non
1280 815 1373 849 sunt
1406 811 1580 855 habitus,
1603 811 1673 848 sed
1695 820 1784 859 quae

134 889 137 891 ,
158 862 252 896 sunt
273 866 320 893 ex
339 862 448 903 parte
468 859 763 904 potentiarum,
784 867 866 895 non
887 858 992 895 enim
1007 858 1294 903 dispositiones
1310 858 1455 905 quibus
1476 858 1669 895 terribilia
1684 858 1785 896 fiunt

93 944 97 945 ⁷
157 906 288 952 magis
329 905 560 950 toleranda,
597 910 689 943 sunt
723 905 883 942 habitus
919 905 1180 950 fortitudinis,
1217 906 1287 942 sed
1323 905 1535 951 dispositio
1575 915 1653 952 qua
1691 914 1785 952 pars

158 953 316 994 animae,
351 952 505 990 scilicet
524 952 755 997 irascibilis,
779 952 1006 998 disponitur
1025 952 1073 989 ad
1094 952 1288 989 terribilia
1308 953 1557 990 sustinenda.
1579 955 1681 999 Ergo
1701 962 1785 990 ma-

157 1000 350 1038 nifestum
371 999 551 1046 estquod
571 1000 731 1037 habitus
753 1000 929 1037 scientiae
951 1009 1031 1036 non
1054 1002 1114 1037 est
1130 1000 1172 1036 in
1187 1000 1390 1037 intellectu
1411 1000 1584 1045 passivo,
1609 1004 1652 1036 ut
1670 1000 1784 1037 Com-

157 1047 358 1084 mentator
377 1047 589 1093 praedictus
611 1047 718 1087 dicit,
741 1047 812 1084 sed
830 1047 958 1093 magis
980 1047 1020 1083 in
1040 1047 1243 1084 intellectu
1263 1047 1463 1093 possibili.

204 1095 308 1141 Item,
348 1094 382 1131 si
419 1103 526 1131 unus
558 1098 619 1131 est
647 1094 873 1131 intellectus
906 1094 1113 1139 possibilis
1143 1095 1323 1131 omnium
1355 1095 1588 1138 hominum,
1629 1098 1786 1140 oportet

155 1150 306 1187 ponere
327 1141 573 1178 intellectum
593 1141 826 1187 possibilem
843 1150 998 1186 semper
1018 1141 1157 1186 fuisse,
1173 1142 1207 1178 si
1228 1141 1412 1178 homines
1434 1150 1590 1187 semper
1608 1140 1784 1187 fuerunt,

157 1188 263 1226 sicut
279 1191 457 1235 ponunt;
479 1192 517 1225 et
538 1189 663 1225 multo
683 1189 813 1234 magis
835 1188 1080 1225 intellectum
1101 1192 1298 1234 agentem,
1321 1188 1415 1235 quia
1434 1197 1558 1235 agens
1579 1191 1641 1226 est
1660 1189 1785 1226 hono-

156 1234 324 1274 rabilius
345 1235 532 1281 patiente,
553 1239 597 1272 ut
615 1235 849 1273 Aristoteles
872 1235 966 1272 dicit
987 1235 1050 1281 (De
1070 1237 1207 1275 anima,
1230 1244 1289 1280 111,
1311 1239 1404 1272 text.
1428 1244 1572 1272 comm.
1597 1235 1669 1281 19).
1691 1236 1782 1282 Sed,

157 1282 192 1319 si
211 1291 336 1329 agens
356 1286 416 1319 est
435 1286 626 1319 aeternum
645 1286 683 1319 et
716 1283 913 1328 recipiens
934 1286 1139 1326 aeternum,
1159 1285 1314 1328 oportet
1335 1286 1492 1328 recepta
1512 1291 1601 1320 esse
1619 1285 1781 1320 aeterna.

156 1330 258 1376 Ergo
280 1330 436 1376 species
469 1328 743 1376 intelligibiles
764 1329 812 1366 ab
831 1334 980 1366 aeterno
1002 1329 1160 1366 fuerunt
1181 1330 1222 1365 in
1243 1329 1448 1366 intellectu
1469 1329 1677 1375 possibili;
1700 1339 1784 1367 non

155 1376 279 1423 igitur
295 1377 347 1416 de
381 1385 486 1413 novo
514 1376 588 1413 erit
609 1376 717 1422 quod
737 1376 902 1422 recipiat
937 1376 1092 1422 aliquas
1115 1376 1270 1421 species
1290 1376 1580 1421 intelligibiles.
1600 1376 1656 1413 Ad
1681 1377 1784 1415 nihil

156 1427 288 1461 autem
310 1432 456 1461 sensus
476 1426 514 1460 et
532 1423 745 1469 phantasia
764 1427 860 1460 sunt
890 1423 1119 1460 necessaria
1138 1423 1186 1459 ad
1208 1423 1525 1470 intelligendum,
1547 1422 1626 1460 nisi
1654 1427 1698 1460 ut
1734 1424 1784 1461 ab

155 1470 215 1507 eis
246 1471 492 1516 accipiantur
511 1470 668 1517 species
691 1469 981 1517 intelligibiles.
1002 1471 1152 1508 Sensus
1172 1470 1294 1516 igitur
1315 1479 1397 1507 non
1429 1471 1503 1506 erit
1526 1470 1783 1508 necessarius

156 1517 205 1556 ad
226 1517 545 1565 intelligendum,
570 1526 699 1565 neque
718 1517 944 1563 phantasia,
965 1520 1004 1554 et
1021 1516 1165 1554 redibit
1184 1517 1320 1563 opinio
1338 1517 1516 1554 Platonis
1542 1517 1597 1564 (in
1619 1517 1785 1564 Menone)

155 1565 263 1611 quod
296 1565 505 1602 scientiam
534 1573 615 1601 non
652 1564 896 1611 acquirimus
928 1573 999 1610 per
1033 1572 1192 1609 sensus,
1215 1565 1286 1602 sed
1316 1565 1365 1602 ab
1396 1565 1456 1602 eis
1489 1565 1708 1602 excitamur
1734 1565 1784 1602 ad

153 1612 503 1649 rememorandum
524 1612 636 1658 prius
658 1613 772 1649 scita.

203 1659 277 1696 Sed
310 1659 359 1696 ad
382 1659 458 1696 hoc
486 1658 701 1705 respondet
731 1658 945 1705 praedictus
966 1660 1263 1697 commentator
1282 1659 1387 1706 quod
1407 1659 1562 1706 species
1592 1658 1784 1706 intelligi-

153 1704 256 1744 biles
290 1707 438 1743 habent
467 1705 613 1752 duplex
649 1706 905 1752 subjectum:
938 1715 986 1743 ex
1018 1715 1099 1743 uno
1133 1715 1303 1753 quorum
1334 1706 1482 1744 habent
1508 1707 1782 1752 aeternitatem,

154 1754 308 1791 scilicet
329 1753 377 1791 ab
398 1753 600 1790 intellectu
619 1753 803 1799 possibili
821 1765 829 1798 ;
853 1753 901 1790 ab
921 1753 1000 1790 alio
1017 1757 1149 1790 autem
1173 1753 1319 1791 habent
1338 1754 1568 1798 novitatem,
1591 1754 1785 1791 sciliceta

152 1800 454 1847 phantasmate;
481 1800 586 1838 sicut
603 1801 721 1837 etiam
747 1800 894 1846 speciei
914 1800 1087 1838 visibilis
1124 1801 1347 1847 subjectum
1368 1805 1428 1838 est
1448 1801 1606 1847 duplex,
1628 1801 1784 1839 scilicet

152 1856 218 1886 res
254 1851 364 1885 extra
395 1847 569 1885 animam
591 1850 630 1884 et
657 1847 835 1894 potentia
864 1847 1004 1884 visiva.
1036 1848 1126 1885 Haec
1159 1851 1291 1886 autem
1323 1849 1537 1895 responsio
1557 1852 1663 1886 stare
1699 1857 1782 1886 non

183 1898 300 1932 otest.

152 1902 177 1942 p
201 1939 454 1988 Impossibile
470 1940 576 1979 enim
595 1944 656 1979 est
675 1940 781 1989 quod
801 1941 904 1978 actio
925 1944 963 1977 et
982 1940 1171 1987 perfectio
1189 1941 1325 1979 aeterni
1347 1941 1626 1987 dependeatab
1645 1941 1782 1989 aliquo

153 1989 377 2035 temporali.
398 1988 681 2027 Phantasmata
714 1992 845 2025 autem
877 1988 1113 2034 temporalia
1134 1992 1229 2025 sunt
1260 1992 1299 2025 et
1330 1988 1378 2025 de
1406 1996 1510 2025 novo
1530 1989 1708 2035 quotidie
1739 1989 1783 2027 in

153 2036 272 2073 nobis
294 2037 398 2074 facta
419 2045 467 2073 ex
494 2044 631 2073 sensu.
661 2035 913 2081 Impossibile
937 2039 996 2072 est
1025 2035 1148 2082 igitur
1173 2035 1279 2082 quod
1312 2036 1468 2081 species
1488 2035 1780 2082 intelligibiles,

153 2083 299 2130 quibus
334 2083 560 2120 intellectus
590 2082 798 2129 possibilis
830 2082 873 2119 fit
895 2086 986 2120 actu
1015 2086 1054 2119 et
1085 2085 1286 2128 operatur,
1320 2082 1570 2128 dependeant
1608 2092 1632 2120 a
1660 2083 1784 2129 phan-

151 2131 404 2182 tasmatibus,
425 2129 530 2167 sicut
556 2130 712 2176 species
742 2129 924 2168 visibiles
957 2129 1180 2176 dependent
1207 2138 1231 2168 a
1261 2128 1382 2167 rebus
1415 2139 1503 2176 quae
1539 2133 1633 2167 sunt
1669 2135 1781 2168 extra

152 2186 341 2215 animam.

197 2226 381 2270 Amplius,
398 2223 498 2261 nihil
518 2223 658 2270 recipit
673 2223 779 2270 quod
796 2223 878 2270 jam
898 2223 1030 2268 habet,
1052 2223 1147 2271 quia
1163 2223 1361 2269 recipiens
1379 2227 1537 2270 oportet
1556 2232 1644 2261 esse
1660 2223 1782 2262 denu-

152 2271 286 2309 datum
308 2281 332 2308 a
349 2270 578 2318 recipiendo
597 2270 818 2308 secundum
837 2271 1088 2309 Aristotelem
1112 2270 1177 2318 (De
1195 2273 1333 2311 anima,
1351 2280 1410 2316 111,
1431 2274 1526 2308 text.
1549 2279 1694 2309 comm.
1716 2273 1772 2318 4).

150 2318 223 2356 Sed
254 2320 406 2365 species
438 2317 724 2365 intelligibiles,
745 2321 836 2355 ante
867 2327 1000 2356 meum
1021 2319 1171 2356 sentire
1187 2318 1250 2356 vel
1270 2322 1398 2363 tuum,
1419 2317 1580 2355 fuerunt
1596 2318 1639 2355 in
1660 2319 1779 2356 intel-

149 2365 253 2403 lectu
272 2365 483 2412 possibili;
511 2373 593 2402 non
618 2365 724 2402 enim
753 2365 820 2412 qui
842 2365 1002 2403 fuerunt
1017 2369 1108 2403 ante
1128 2373 1206 2403 nos
1236 2365 1542 2409 intellexissent,
1562 2365 1641 2403 nisi
1662 2365 1779 2403 intel-

151 2412 278 2450 lectus
298 2412 507 2460 possibilis
526 2412 670 2450 fuisset
688 2411 939 2464 reductusein
957 2416 1089 2450 actum
1107 2421 1178 2458 per
1197 2412 1353 2459 species
1373 2412 1663 2459 intelligibiles.
1680 2412 1778 2458 (Nec

150 2464 282 2506 potest
308 2460 385 2498 dici
407 2459 513 2508 quod
530 2460 687 2506 species
720 2459 812 2505 illae,
832 2468 944 2506 prius
967 2463 1134 2506 receptae
1153 2459 1193 2496 in
1229 2459 1432 2497 intellectu
1463 2459 1663 2506 possibili,
1688 2468 1779 2497 esse

151 2510 431 2553 cessaverunt;
450 2507 546 2555 quia
563 2507 791 2545 intellectus
815 2507 1022 2553 possibilis
1049 2515 1128 2544 non
1149 2506 1282 2545 solum
1302 2506 1456 2553 recipit,
1473 2506 1544 2544 sed
1563 2509 1776 2544 conservat

152 2554 427 2606 quaetrecipit3
446 2553 568 2599 unde,
592 2554 635 2591 in
656 2553 770 2591 tertio
785 2555 835 2590 De
852 2556 977 2590 anima
996 2554 1275 2606 (text-comm.
1297 2554 1349 2600 6),
1369 2554 1515 2591 dicitur
1537 2561 1627 2590 esse
1643 2552 1777 2605 ‘locus

151 2608 387 2646 specierum.
408 2601 533 2648 Igitur
550 2611 599 2639 ex
615 2601 961 2647 phantasmatibus
992 2604 1144 2638 nostr1s
1175 2610 1258 2639 non
1278 2601 1526 2647 recipiuntur
1544 2608 1700 2646 speeies
1734 2608 1787 2637 1n.

150 2646 354 2699 intellectu
380 2648 596 2695 possibili).
617 2649 777 2686 Frustra
795 2648 919 2695 igitur
946 2657 1016 2696 per
1034 2647 1280 2687 intellectum
1306 2650 1489 2696 agentem
1507 2645 1775 2684 fiuntintelli·

152 2693 291 2740 gibilia
310 2697 398 2731 actu
415 2699 553 2733 nostra
569 2694 864 2742 phantasmata.

197 2741 298 2785 Item,
319 2745 519 2787 receptum
540 2743 662 2780 estin
685 2742 899 2789 recipiente
913 2751 983 2789 per
1001 2743 1165 2781 modum
1184 2740 1429 2789 recipientis,
1448 2739 1521 2792 Sed
1541 2739 1774 2792 intellectus

148 2788 371 2871 secungulrrti
392 2797 436 2825 se
451 2792 511 2826 est
528 2797 649 2835 supra
665 2793 830 2827 motum.
852 2792 954 2837 Ergo
971 2790 1076 2838 quod
1096 2789 1285 2836 recipitur
1303 2788 1345 2825 in
1365 2796 1412 2824 eo
1432 2791 1622 2834 recipltur
1641 2787 1717 2826 fixe
1734 2791 1776 2826 et

150 2843 274 2872 immo
305 2845 347 2872 11
368 2844 422 2872 er.

197 2883 387 2923 Praeterea,
409 2891 530 2930 quum
563 2882 791 2921 intellectus
821 2883 874 2922 sit
902 2883 1085 2931 superior
1111 2883 1239 2921 virtus
1267 2890 1386 2930 quam
1414 2890 1579 2929 sensus,
1615 2884 1775 2930 oportet
