1894 3223
161 139 228 172 606
749 131 836 165 LIB.
867 131 926 170 1V,
953 130 1054 164 CAP.
1081 129 1197 165 LXXI.

209 216 396 251 Fraterea,
429 209 672 255 superfluum
703 209 858 245 videtur
877 218 948 246 eos
977 208 1138 245 admore
1167 217 1217 246 ne
1236 213 1401 256 peccent
1426 210 1493 256 qui
1514 218 1677 255 peccare
1699 219 1778 247 non

161 261 344 307 possunt.
380 257 467 299 Sed,
490 265 559 302 per
586 256 856 302 evangelicam
891 260 928 292 et
959 255 1220 301 apostolicam
1256 256 1488 301 doctrinam,
1518 256 1781 293 admonentur

161 306 298 343 fideles
323 304 404 347 jam
437 312 506 348 per
538 305 788 339 sacramenta
821 303 991 347 Spiritus
1026 302 1153 338 sancti
1181 303 1348 348 gratiam
1380 303 1611 346 consecuti;
1634 303 1780 339 dicitur

161 353 266 388 enim
286 362 294 385 :
318 350 612 394 Comtcnzplantes
633 360 678 384 ne
697 351 778 393 quis
797 349 890 384 desit
909 350 1037 393 qratiae
1055 350 1135 392 Dei,
1151 359 1196 383 ne
1209 359 1282 394 qua
1299 349 1412 384 radice
1430 351 1689 385 amaritudinis
1702 360 1782 385 sar-

159 409 236 434 sum
258 399 467 441 permittatis
485 397 660 441 impediat
678 395 794 441 (Heb.‚
815 404 885 440 XII,
910 396 992 441 16);
1019 399 1080 432 et:
1103 396 1221 432 Nolite
1240 397 1452 431 contristare
1481 397 1658 442 Spiritum
1675 406 1780 432 sanc-

159 449 234 480 tam
255 445 333 482 Dei,
357 446 395 477 in
410 454 476 488 quo
491 445 629 487 signati
642 445 726 478 estis
743 443 902 488 (Ephes.,
924 452 980 485 lv,
1003 442 1062 489 30)
1082 454 1091 486 ;
1113 445 1151 478 et
1168 454 1178 479 t
1199 443 1270 485 Qui
1283 452 1321 478 se
1337 444 1520 478 existimat
1538 443 1782 487 sta2=e,vtdeat

159 502 201 527 m
231 491 340 526 cadat
369 491 401 535 (Ι
427 490 521 529 σωκ,
545 498 585 533 x,
609 489 691 536 12);
726 490 811 535 ipse
841 490 956 525 etiam
976 489 1190 534 Apostolus
1211 489 1259 526 de
1289 498 1333 526 se
1353 489 1448 525 dicit
1465 499 1473 523 :
1490 490 1633 535 Casttqo
1651 499 1780 535 corpus

158 549 286 580 mcum,
309 540 342 572 ct
371 539 411 571 in
431 539 638 572 servitutem
666 537 802 580 redtqo,
836 547 880 572 ne
899 539 1005 579 forte,
1028 546 1140 581 quum
1160 537 1244 571 aliis
1257 535 1547 582 praedicaverim,
1569 539 1645 582 ipse
1659 547 1780 582 repro-

161 586 224 620 bas
242 585 394 629 efficiar.
419 584 452 628 (I
467 584 562 627 Cor„
584 592 639 626 ix,
658 583 734 629 27.)
756 585 838 619 Non
862 583 982 628 igitur
1001 592 1070 628 per
1091 583 1258 629 gratiam
1278 583 1319 619 in
1340 584 1598 620 sacramentis
1619 593 1778 630 percep-

159 636 237 667 tam
256 631 440 667 homines
461 630 741 675 impeccabiles
759 630 990 666 redduntur.

210 680 281 714 Per
311 677 387 713 hoc
422 677 643 713 excluditur
675 677 937 723 quorumdam
962 677 1238 713 haereticorum
1269 685 1391 721 error,
1422 676 1488 723 qui
1512 676 1648 713 dicunt
1673 676 1779 724 quod

159 725 294 768 homo,
317 728 525 770 postquam
549 724 715 770 gratiam
738 724 906 768 Spiritus
926 724 1051 760 sancti
1074 724 1261 769 percepit,
1282 732 1445 771 peccare
1463 732 1543 760 non
1563 727 1706 769 potest,
1727 728 1778 769 et,

160 773 194 809 si
216 775 363 817 peccat,
389 780 590 817 nunquam
611 771 777 817 gratiam
797 771 965 816 Spiritus
985 771 1109 807 sancti
1131 770 1283 807 habuit.

205 822 422 855 Assumunt
444 821 571 854 autem
594 818 634 854 in
655 818 929 854 fulcimentum
951 817 1013 854 sui
1034 818 1181 855 erroris
1195 817 1301 864 quod
1321 817 1487 854 dicitur:
1510 817 1677 854 Charitas
1689 828 1781 854 nun-

160 876 269 912 quam
285 865 420 900 eoecictit
439 865 472 910 (I
488 865 583 908 Corn,
604 873 692 908 xm,
711 867 730 900 8
735 874 746 910 )
763 876 771 908 ;
792 868 830 900 et
848 865 944 901 illud
963 874 972 898 t
995 865 1117 900 Omnis
1138 866 1203 910 qui
1223 866 1264 900 in
1284 875 1320 900 eo
1339 868 1471 904 manet,
1487 874 1559 900 non
1578 868 1701 910 peccat
1713 877 1724 908 ;
1747 869 1783 902 et

160 914 274 948 omnis
293 913 358 957 qui
380 915 517 956 peccat,
549 922 619 946 non
638 912 733 946 vidit
753 922 844 955 eum,
866 922 928 946 nec
948 913 1112 955 cognovit
1131 922 1210 947 eum
1235 911 1269 957 (I
1283 913 1428 951 Joann„
1451 920 1510 955 111,
1539 911 1598 957 6);
1621 916 1659 948 et
1677 911 1782 949 infra

161 959 415 1004 expressius:
436 959 560 994 Omnis
590 960 655 1004 qui
674 961 782 993 natus
803 961 855 993 est
873 969 918 993 ca:
936 960 1008 993 Deo
1023 961 1211 1004 peccatum
1240 969 1311 994 non
1331 960 1446 1002 facit‚·
1468 960 1636 1003 qttoniam
1663 968 1782 994 semen

161 1009 278 1052 ipsias
302 1008 340 1041 in
357 1015 394 1041 eo
414 1009 547 1048 manet,
568 1009 602 1041 et
628 1016 700 1040 non
721 1008 838 1050 potest
851 1015 1012 1050 peccare,
1035 1007 1206 1051 quoniam
1223 1016 1268 1041 ex
1287 1008 1357 1042 Deo
1372 1009 1481 1041 natus
1500 1008 1564 1041 est.
1585 1005 1707 1051 (Ibid.,
1729 1005 1782 1051 9.)

209 1053 282 1089 Sed
305 1053 387 1089 haec
409 1053 456 1089 ad
479 1061 616 1088 eorum
634 1053 883 1098 propositum
911 1052 1201 1089 ostendendum
1230 1052 1408 1089 efficacia
1439 1061 1518 1088 non
1553 1055 1659 1089 sunt.
1693 1053 1781 1089 Non

162 1101 264 1137 euim
285 1099 427 1135 dicitur
442 1099 546 1145 quod
563 1099 736 1136 charitas
748 1108 949 1145 nunquam
965 1099 1276 1145 exciditpropter
1291 1100 1366 1136 hoc
1383 1099 1488 1146 quod
1502 1098 1567 1135 ille
1576 1099 1643 1145 qui
1662 1098 1782 1136 habet

161 1147 391 1184 charitatem
415 1156 498 1182 eam
531 1146 770 1192 quandoque
798 1155 877 1183 non
907 1146 1071 1189 amittat,
1107 1156 1228 1192 quum
1250 1146 1427 1183 dicatur:
1448 1146 1566 1182 Habeo
1589 1145 1782 1194 adversum

161 1197 205 1234 te,
228 1194 321 1238 qaod
339 1194 552 1228 charitatem
566 1197 667 1228 tuam
681 1195 839 1238 primam
858 1194 1039 1238 reliquisti
1056 1193 1198 1238 (Apoc.‚
1219 1202 1262 1236 ΙΙ,
1277 1193 1314 1239 4)
1331 1205 1340 1238 ;
1356 1192 1425 1230 sed
1446 1193 1534 1229 ideo
1555 1192 1702 1229 dictum
1720 1196 1781 1229 est

161 1241 266 1287 quod
293 1239 464 1276 charitas
493 1248 696 1286 nunquam
726 1240 880 1279 excidit.
909 1240 1013 1286 quia,
1033 1249 1154 1286 quum
1183 1245 1322 1276 caetera
1342 1240 1446 1277 dona
1465 1240 1632 1284 Spiritus
1652 1240 1779 1276 sancti

160 1288 208 1324 de
230 1287 290 1324 sui
313 1287 465 1323 ratione
487 1287 826 1332 imperfectionem
850 1287 1050 1330 habentia,
1074 1291 1208 1332 utpote
1229 1287 1392 1332 spiritus
1412 1286 1630 1333 prophetiae
1649 1290 1687 1322 et
1707 1287 1779 1323 hu-

156 1334 347 1380 jusmodi,
378 1337 618 1370 evacuentur
646 1343 766 1380 quum
798 1334 947 1370 venerit
974 1333 1079 1379 quod
1113 1334 1328 1378 perfectum
1359 1337 1432 1374 est,
1455 1333 1627 1370 charitas
1646 1333 1688 1369 in
1709 1333 1782 1370 illo

159 1381 416 1427 perfectionis
444 1384 547 1416 statu
569 1380 799 1416 remanebit.
820 1401 864 1406 —-
887 1382 937 1416 Ea
952 1389 1044 1417 vero
1065 1390 1152 1426 quae
1173 1390 1219 1416 ex
1240 1380 1414 1425 Epistola
1432 1380 1597 1416 Joannis
1619 1379 1782 1418 inducta

160 1432 253 1464 sunt
286 1427 374 1463 ideo
408 1427 593 1464 dicuntur
622 1427 714 1474 quia
734 1426 840 1464 dona
859 1427 1028 1472 Spiritus
1049 1427 1175 1463 sancti
1196 1427 1342 1474 quibus
1374 1427 1493 1464 homo
1512 1426 1720 1472 adoptatur
1738 1427 1781 1464 in

159 1474 283 1511 tilium
316 1474 377 1510 vel
408 1474 629 1510 renascitur
659 1474 700 1510 in
729 1473 855 1510 filium
886 1474 968 1515 Dei.
1004 1478 1196 1520 quantum
1222 1478 1284 1511 est
1309 1474 1356 1510 de
1383 1483 1441 1518 se,
1462 1477 1616 1510 tantum
1635 1473 1781 1511 babent

157 1522 339 1557 virtutem
359 1521 465 1567 quod
485 1520 686 1557 bominem
708 1521 795 1557 sine
813 1525 974 1566 peccato
993 1529 1228 1558 conservare
1248 1525 1417 1566 possunt
1435 1533 1444 1564 ;
1466 1529 1540 1557 nec
1560 1520 1681 1557 homo
1695 1530 1784 1566 pec-

159 1578 248 1605 care
269 1571 399 1613 potest
418 1568 638 1604 secundum
660 1577 707 1604 ea
721 1568 884 1611 vivens;
906 1571 1036 1613 potest
1056 1572 1189 1604 tamen
1210 1572 1349 1605 contra
1376 1577 1422 1604 ea
1442 1576 1572 1614 agere,
1594 1571 1633 1604 et
1651 1567 1699 1604 ab
1721 1568 1781 1606 eis

159 1615 398 1652 discedendo
431 1624 608 1661 peccare.
643 1615 707 1651 Sic
730 1615 835 1651 enim
857 1615 1005 1651 dictum
1037 1617 1121 1651 est:
1155 1616 1235 1652 Non
1257 1618 1377 1660 potest
1389 1625 1538 1660 peccare
1558 1615 1622 1659 qai
1647 1624 1693 1650 em
1711 1616 1785 1651 Deo

157 1666 263 1697 natas
279 1665 330 1698 est
350 1662 383 1707 (I
399 1663 552 1704 Joann.‚
569 1670 627 1705 111,
649 1661 698 1708 9),
715 1662 817 1699 sicut
832 1662 865 1698 si
888 1662 1084 1698 diceretur
1103 1662 1208 1708 quod
1229 1662 1402 1699 calidum
1423 1669 1500 1698 non
1522 1663 1653 1708 potest
1671 1661 1783 1698 infri-

158 1709 291 1755 gidare
323 1708 376 1755 (id
402 1713 531 1745 tamen
566 1709 672 1755 quod
705 1712 765 1745 est
790 1709 959 1745 calidum
987 1712 1117 1754 potest
1142 1708 1226 1745 fieri
1249 1708 1451 1756 frigidum,
1481 1712 1519 1745 et
1547 1708 1606 1745 sic
1627 1708 1780 1754 infrigi-

159 1756 294 1808 dabit),
316 1756 376 1791 vel
401 1756 504 1793 sicut
525 1756 558 1792 si
579 1755 949 1793 diceretuerustus
971 1755 1120 1802 injusta
1139 1765 1220 1793 non
1241 1757 1335 1803 agit,
1359 1755 1513 1793 scilicet
1526 1755 1565 1791 in
1588 1759 1779 1802 quantum

162 1807 221 1839 est
238 1807 386 1849 justus.

794 1904 962 1945 CAPUT
995 1903 1132 1943 LXXI.

304 2016 403 2050 QUOD
424 2015 532 2044 HOMO
550 2016 722 2045 PECCANS
741 2017 837 2046 POST
857 2016 1195 2045 SACRAMENTORUM
1213 2015 1401 2052 GRATIAM,
1423 2016 1566 2044 POTEST
1585 2016 1636 2045 AD

764 2076 941 2105 GRATIAM
960 2075 1165 2104 CONVERTI.

203 2181 256 2215 Ex
275 2178 494 2224 praemissis
514 2180 643 2215 autem
661 2177 864 2223 apparebit
884 2177 1052 2214 ulterius
1073 2176 1178 2224 quod
1196 2177 1331 2218 homo,
1347 2180 1438 2223 post
1452 2177 1778 2215 sacramentalem

156 2226 320 2272 gratiam
351 2228 578 2271 susceptam
604 2225 645 2261 in
674 2228 878 2270 peccatum
910 2224 1072 2267 cadens,
1098 2224 1241 2261 iterum
1269 2225 1443 2271 reparari
1466 2229 1598 2271 potest
1623 2225 1672 2262 ad
1690 2234 1779 2272 gra-

154 2273 264 2310 tiam.

202 2321 246 2356 L‘t
267 2320 368 2356 enim
396 2323 603 2356 ostensum
625 2322 698 2363 est,
720 2318 908 2365 quamdiu
937 2317 1001 2355 hic
1021 2318 1179 2363 vivitur,
1205 2318 1391 2356 voluntas
1409 2318 1614 2356 mutabilis
1635 2322 1696 2355 est
1715 2327 1778 2355 se-

155 2368 328 2403 cundum
349 2367 487 2403 vitium
504 2371 542 2403 et
560 2366 756 2402 virtutem.
773 2366 881 2402 Sicut
900 2365 1022 2412 igitur
1034 2369 1125 2411 post
1143 2369 1343 2411 acceptam
1364 2366 1531 2412 gratiani
1545 2369 1779 2412 potestpec-

154 2423 257 2458 care,
281 2414 336 2450 ita
357 2418 394 2450 et
415 2424 437 2450 a
456 2417 632 2459 peccato,
656 2417 697 2449 ut
715 2413 882 2455 videtur,
905 2415 1036 2458 potest
1056 2413 1101 2449 ad
1124 2413 1307 2449 virtutem
1326 2413 1464 2450 redire.

202 2462 302 2501 Item,
324 2461 580 2497 manifestum
597 2463 656 2496 est
672 2459 821 2496 bonum
844 2468 933 2496 esse
953 2461 1154 2505 potentius
1173 2459 1279 2496 malo
1297 2471 1305 2503 ;
1328 2469 1419 2496 nam
1438 2460 1587 2497 malum
1602 2468 1682 2496 non
1697 2459 1779 2506 agit

154 2507 232 2544 nisi
262 2508 403 2544 virtute
423 2507 534 2548 boni,
557 2511 600 2544 ut
620 2516 741 2553 supra
770 2510 832 2543 est
862 2510 1070 2543 ostensum
1093 2507 1132 2552 (l,
1155 2515 1213 2551 111,
1240 2516 1274 2543 c.
1299 2507 1369 2552 14).
1392 2507 1430 2543 Si
1451 2507 1573 2552 igitur
1591 2507 1777 2544 voluntas

153 2553 330 2591 hominis
356 2564 379 2591 a
397 2559 498 2591 statu
522 2554 659 2601 gratiae
690 2562 761 2599 per
779 2557 985 2600 peccatum
1007 2554 1209 2598 avertitur,
1230 2553 1355 2590 multo
1373 2555 1502 2601 magis
1523 2563 1593 2601 per
1609 2553 1775 2601 gratiam

152 2606 282 2645 potest
303 2612 325 2638 a
343 2606 504 2647 peccato
526 2602 716 2638 revocari.
1725 2645 1731 2651 ,

199 2649 342 2693 Adhuc,
363 2649 624 2685 immobilitas
644 2648 861 2685 voluntatis
882 2656 963 2684 non
985 2647 1174 2693 competit
1193 2647 1328 2692 alicui,
1353 2646 1541 2692 quamdiu
1556 2650 1616 2684 est
1635 2647 1675 2683 in
1696 2655 1772 2682 via.

152 2694 240 2737 Sed,
264 2695 453 2740 quamdiu
474 2696 538 2732 hic
560 2696 680 2732 homo
701 2695 809 2739 vivit,
831 2698 891 2732 est
914 2695 955 2731 in
975 2694 1039 2731 via
1056 2694 1244 2731 tendendi
1261 2694 1302 2730 in
1325 2693 1506 2731 ultimum
1533 2692 1773 2745 finem-Non

150 2740 271 2787 igitur
292 2742 408 2778 habet
427 2742 673 2779 immobilem
693 2742 937 2779 voluntatem
955 2741 996 2777 in
1015 2741 1135 2786 malo,
1168 2745 1210 2777 ut
1239 2749 1320 2778 non
1350 2740 1480 2786 possit
1502 2749 1572 2786 per
1602 2739 1773 2776 divlnam

150 2788 317 2834 gratiam
338 2789 478 2824 reverti
497 2789 544 2825 ad
565 2789 731 2826 honum.
1575 2832 1581 2837 ,

196 2835 380 2880 Amplius,
403 2836 659 2873 manifestum
680 2839 741 2873 est
760 2836 867 2882 quod
886 2846 908 2873 a
927 2835 1101 2882 peccatis
1121 2844 1208 2882 quae
1224 2834 1331 2882 quiS,
1363 2835 1651 2884 ante-gratiam
1687 2841 1773 2877 pcr-

151 2885 303 2928 ceptam
323 2881 365 2918 in
385 2882 658 2928 sacramentis,
681 2883 896 2928 commisit,
914 2892 985 2929 per
1004 2886 1344 2920 sacramentorum
1373 2883 1540 2927 gratiam
1561 2878 1773 2923 liberatur;

1883 1622 1894 1690 i
