1894 3223
144 120 212 156 566
749 112 837 148 LIB.
866 111 924 156 W,
952 111 1053 148 CAP.
1079 111 1166 148 XLI.

144 208 265 247 quum
285 198 459 234 humana
479 196 620 231 natura
645 192 772 230 Verbo
792 191 860 229 Dei
890 192 1086 237 adveniat,
1107 200 1181 230 nec
1200 192 1249 230 ad
1283 192 1369 238 ejus
1384 195 1536 230 naturae
1555 192 1761 239 integrita-

143 250 220 283 tem
242 243 447 290 pertineat,
471 249 636 277 necesse
656 248 745 276 esse
774 241 1010 284 putaverunt
1035 239 1141 292 quod
1170 239 1344 277 humana
1368 243 1510 277 natura
1539 239 1762 277 accidenta-

143 293 221 330 lem
253 289 442 326 unionem
479 287 639 324 haberet
670 285 719 324 ad
747 286 930 323 Verbum.
954 287 1010 331 Et,
1032 295 1127 332 quia
1155 286 1406 323 manifestum
1440 289 1501 324 est
1544 286 1650 333 quod
1680 294 1761 323 non

143 340 274 385 potest
293 336 426 372 inesse
459 333 586 370 Verbo
619 336 663 370 ut
693 332 893 375 accidens,
915 336 998 369 tum
1025 332 1119 378 quia
1149 334 1253 369 Deus
1287 341 1367 369 non
1398 336 1459 371 est
1492 333 1763 379 susceptivum

145 382 375 427 accidentis,
397 384 440 418 ut
471 389 592 426 supra
611 380 652 427 (l.
673 388 701 423 1,
722 388 756 416 6.
778 378 837 425 23)
858 379 1065 425 probatum
1081 381 1154 423 est,
1175 382 1258 415 tum
1289 379 1382 426 quia
1402 380 1577 417 humana
1603 383 1759 424 natura,

144 439 266 477 quum
300 429 353 466 sit
383 428 431 465 de
460 436 605 474 genere
634 426 882 470 substantiae,
904 425 1055 463 nullius
1085 425 1270 463 accidens
1304 434 1393 463 esse
1425 430 1568 472 potest,
1589 425 1763 473 relinqui

142 476 348 513 videbatur
361 474 466 521 quod
488 475 661 511 humana
682 475 822 510 natura
842 472 1041 509 adveniret
1062 472 1201 516 Verbo,
1222 481 1301 509 non
1325 472 1428 510 sicut
1456 473 1655 518 accidens,
1692 471 1764 510 sed

145 524 249 561 sicut
268 521 563 559 accidentaliter
584 529 627 557 se
647 519 799 557 habens
831 519 877 556 ad
913 519 1058 566 ipsum.
1091 519 1230 571 Posuit
1261 518 1382 565 igitur
1414 520 1621 557 Nestorius
1652 518 1762 566 quod

145 571 319 607 humana
340 572 481 605 natura
498 567 642 605 Christi
662 576 704 604 se
726 566 868 603 habeat
888 567 936 603 ad
955 566 1123 603 Verbum
1144 568 1248 602 sicut
1265 565 1455 611 templum
1476 567 1688 613 quoddam,
1709 566 1765 603 ita

145 616 248 663 quod
271 615 491 652 secundum
524 614 653 651 solam
685 613 1016 650 inhabitationem
1061 616 1144 650 erat
1175 612 1433 658 intelligenda
1463 613 1558 650 unio
1577 613 1691 650 Verbi
1713 612 1764 650 ad

145 663 360 700 humanam
382 666 577 698 naturam.
600 663 656 705 Et,
677 659 769 707 quia
794 660 983 706 templum
1009 668 1191 697 seorsum
1213 659 1331 696 habet
1350 668 1464 696 suam
1485 659 1762 697 individuatio-

145 719 235 746 nem
258 709 305 745 ab
324 718 370 745 eo
393 709 459 755 qui
481 707 675 744 inhabitat
693 707 900 753 templum,
921 706 1183 743 individuatio
1203 709 1336 743 autem
1367 706 1611 743 conveniens
1629 707 1766 744 huma-

144 765 206 793 nae
227 760 376 792 naturae
410 758 468 792 est
498 754 776 800 personalitas,
796 753 991 800 reliquum
1020 756 1102 791 erat
1122 753 1228 800 quod
1261 753 1338 790 alia
1369 756 1476 790 esset
1499 753 1763 798 personalitas

145 803 330 841 humanae
351 806 500 839 naturae
521 805 559 838 et
579 802 657 838 alia
676 801 788 837 Verbi
807 812 816 845 ;
838 801 949 838 etsie
969 800 1136 838 Verbum
1156 804 1194 837 et
1211 799 1279 838 ille
1298 799 1419 837 homo
1440 803 1555 837 erant
1574 800 1661 837 duee
1681 807 1766 846 per-

147 858 271 887 sonae.

194 895 308 939 Quod
328 895 486 942 quidem
510 894 797 931 inconveniens
830 894 897 931 alii
921 895 1040 932 vitare
1074 895 1267 938 volentes,
1286 893 1392 931 circa
1411 894 1627 931 humanam
1650 897 1765 932 natu-

145 951 230 979 ram
248 943 368 979 talem
388 942 694 988 dispositionem
721 941 1026 978 introduxerunt
1044 945 1086 978 ut
1105 941 1140 978 ei
1162 941 1427 987 personalitas
1448 941 1605 987 proprie
1627 949 1766 978 conve-

147 990 233 1027 nire
254 998 335 1027 non
356 991 499 1035 possit,
522 988 700 1026 dicentes
719 988 893 1025 animam
909 991 947 1025 et
963 998 1121 1034 corpus,
1139 988 1181 1025 in
1201 987 1345 1035 quibus
1360 987 1566 1034 integritas
1582 988 1768 1026 humanae

146 1041 297 1073 naturae
318 1036 515 1078 consistit,
538 1045 561 1073 a
578 1035 703 1072 Verbo
725 1035 782 1072 sic
816 1044 906 1072 esse
927 1039 1132 1081 assumpta
1157 1037 1200 1072 ut
1226 1035 1381 1080 corpori
1403 1036 1537 1072 anima
1555 1044 1637 1072 non
1658 1037 1766 1072 esset

146 1084 258 1120 unita
298 1083 345 1120 ad
388 1084 561 1129 aliquam
598 1082 862 1119 substantiam
905 1081 1239 1126 constituendam,
1261 1091 1310 1119 ne
1357 1086 1594 1127 cogerentur
1633 1081 1765 1119 dicere

145 1130 256 1168 illam
280 1130 544 1167 substantiam
566 1129 625 1165 516
658 1129 915 1166 constitutam
949 1130 1140 1166 rationem
1174 1137 1354 1174 personae
1382 1128 1550 1173 hahere;
1574 1129 1764 1166 unionem

144 1185 238 1214 vero
260 1177 371 1213 Verbi
392 1177 440 1214 ad
461 1177 634 1213 animam
654 1179 691 1212 et
709 1184 854 1221 corpus
876 1179 1095 1221 posuerunt
1109 1176 1212 1212 sicut
1226 1175 1274 1212 acl
1293 1185 1340 1212 ea
1358 1184 1445 1221 quae
1467 1175 1765 1213 accidentaliter

145 1231 190 1261 se
213 1223 370 1268 habent,
393 1226 485 1269 puta
516 1222 643 1260 induti
666 1222 715 1259 ad
743 1222 1034 1268 indumentum,
1056 1223 1097 1259 in
1130 1223 1206 1259 hoc
1225 1222 1520 1269 quodammodo
1538 1222 1763 1261 Nestorium

145 1269 364 1307 imitantes.

194 1317 260 1353 His
280 1317 398 1363 igitur
416 1316 579 1353 remotis
598 1325 668 1362 per
688 1316 927 1362 supradicta,
947 1316 1217 1353 necessarium
1245 1319 1304 1353 est
1322 1325 1467 1362 ponere
1500 1317 1615 1353 talem
1638 1316 1765 1353 fuisse

146 1363 333 1400 unionem
358 1362 471 1399 Verbi
502 1366 539 1400 et
571 1362 747 1400 hominis
767 1367 809 1399 ut
837 1372 965 1409 neque
986 1373 1032 1399 ex
1064 1363 1218 1400 duabus
1239 1372 1318 1399 una
1339 1365 1479 1400 natura
1510 1363 1681 1400 conflata
1699 1363 1764 1408 sit,

146 1418 274 1456 neque
297 1410 408 1446 Verbi
448 1409 497 1446 ad
518 1410 731 1455 humanam
765 1413 945 1446 naturam
984 1410 1074 1447 talis
1096 1409 1212 1446 fuerit
1246 1409 1342 1446 unio
1378 1409 1482 1446 sieut
1515 1413 1574 1446 est
1594 1409 1764 1456 alicujus

146 1456 393 1499 substantiae,
414 1458 508 1501 puta
529 1456 716 1500 hominis,
744 1456 793 1493 ad
824 1456 1030 1496 exteriora,
1055 1465 1141 1502 quae
1171 1456 1466 1493 accidentaliter
1487 1465 1530 1493 se
1548 1456 1695 1492 habent
1715 1456 1765 1494 ad

146 1503 291 1548 ipsum,
314 1503 512 1540 utdomus
533 1505 571 1539 et
590 1503 887 1550 vestimentum;
908 1503 977 1539 sed
997 1503 1164 1540 Verbum
1181 1503 1223 1539 in
1250 1503 1425 1539 humana
1444 1506 1585 1540 natura
1601 1503 1705 1540 sicut
1723 1503 1767 1540 in

147 1550 221 1586 sibi
243 1550 401 1596 propria
423 1550 525 1586 sacta
542 1559 610 1595 per
628 1550 942 1586 incarnationem
957 1550 1174 1588 subsistere
1195 1553 1378 1596 ponatur,
1396 1553 1488 1587 utet
1500 1559 1646 1597 corpus
1667 1549 1767 1587 illud

144 1606 234 1633 vere
255 1597 307 1634 sit
341 1606 486 1642 corpus
512 1596 625 1634 Verbi
661 1596 743 1641 Dei,
779 1599 817 1633 et
842 1597 1024 1635 similiter
1061 1597 1206 1641 anima,
1228 1599 1266 1634 et
1283 1597 1451 1634 Verbum
1483 1597 1550 1634 Dei
1588 1606 1678 1633 vere
1713 1597 1767 1634 sit

146 1643 280 1681 homo.
312 1645 367 1688 Et,
391 1643 571 1690 quamvis
592 1643 674 1680 haec
697 1643 790 1680 unio
821 1644 991 1689 perfecte
1026 1643 1073 1683 ab
1111 1644 1271 1681 homine
1301 1652 1383 1681 non
1414 1644 1542 1680 valeat
1565 1643 1764 1689 explicari,

145 1694 277 1727 tamen
298 1691 515 1728 secundum
538 1690 698 1728 modum
720 1692 758 1727 et
771 1690 995 1727 facultatem
1019 1695 1195 1728 nostram
1211 1691 1446 1728 conabimur
1464 1691 1614 1737 aliquid
1633 1691 1765 1728 dicere

143 1737 192 1822 {d
213 1737 514 1821 aegitgicastlionem
532 1736 637 1782 fidei,
659 1740 703 1774 ut
724 1737 829 1774 circa
850 1737 926 1775 hoc
941 1738 1172 1785 mysterium
1193 1737 1291 1776 fides
1312 1737 1508 1777 catholiea
1528 1737 1576 1774 ab
1595 1737 1765 1775 infideli-

174 1794 220 1822 us
268 1794 288 1821 6
307 1794 355 1821 66
387 1787 488 1823 atur.

192 1833 232 1868 ln
253 1831 438 1868 omnibus
458 1834 588 1867 autem
609 1830 728 1868 rebus
748 1831 893 1869 creatis
913 1831 1013 1869 nihil
1046 1832 1244 1869 invenitur
1262 1831 1354 1869 huic
1374 1832 1513 1870 unioni
1535 1836 1613 1868 tam
1635 1831 1765 1869 simile

145 1877 248 1915 sicut
269 1878 361 1914 unio
383 1878 525 1915 animae
542 1877 590 1915 ad
624 1886 792 1923 corpus3
814 1881 852 1915 et
886 1878 1013 1925 major
1041 1882 1148 1916 esset
1176 1878 1409 1920 similitudo,
1433 1883 1474 1915 ut
1500 1879 1617 1915 etiam
1637 1881 1766 1925 Augu-

144 1925 274 1961 stinus
295 1924 389 1961 dicit
408 1928 546 1961 contra
578 1924 828 1965 Felicianum,
846 1925 880 1962 si
903 1929 1008 1962 esset
1043 1935 1147 1963 unus
1178 1926 1402 1962 intellectus
1421 1925 1462 1961 in
1483 1925 1670 1962 omnibus
1691 1925 1764 1962 ho-

144 1971 332 2016 minibus,
366 1974 408 2008 ut
439 1971 598 2017 quidam
635 1975 873 2017 posuerunt;
895 1972 1113 2008 secundum
1141 1981 1242 2018 quos
1280 1974 1477 2017 oporteret
1497 1972 1625 2008 dicere
1656 1971 1765 2018 quod

143 2017 368 2054 intellectus
386 2017 640 2063 praeexistens
665 2018 741 2054 hoc
761 2018 879 2055 modo
909 2018 956 2054 de
974 2028 1077 2055 novo
1106 2020 1314 2064 conceptui
1345 2019 1521 2056 hominis
1543 2019 1702 2056 uniatur
1722 2022 1764 2056 ut

145 2073 192 2100 ex
213 2069 380 2111 utroque
396 2064 462 2100 fiat
475 2073 552 2101 una
564 2073 748 2109 persona,
771 2065 873 2101 sicut
888 2065 1076 2110 ponimus
1092 2066 1260 2102 Verbum
1279 2066 1560 2112 praeexsistens
1580 2066 1764 2103 humanae

144 2113 293 2147 naturae
329 2111 371 2147 in
404 2120 616 2156 personam
651 2120 769 2148 unam
811 2112 927 2148 uniri.
968 2113 1089 2156 Unde,
1126 2115 1284 2158 propter
1323 2113 1425 2149 hanc
1458 2112 1762 2150 similitudinem

142 2157 348 2204 utriusque
363 2157 537 2201 unionis,
556 2157 797 2195 Athanasius
813 2159 906 2194 dicit
921 2159 961 2194 in
983 2159 1164 2206 symbolo
1184 2159 1304 2206 quod,
1333 2172 1353 2193 «
1370 2160 1473 2196 sicut
1493 2159 1624 2197 anima
1644 2159 1765 2197 ratio-

143 2204 244 2241 nalis
270 2207 307 2240 et
325 2213 417 2242 caro
441 2213 546 2242 unus
564 2208 624 2242 est
644 2205 778 2249 homo,
798 2205 851 2242 ita
876 2208 978 2242 Deus
1009 2210 1047 2242 et
1065 2206 1185 2243 homo
1213 2215 1316 2243 unus
1332 2210 1392 2244 est
1412 2207 1590 2244 Christus
1612 2220 1647 2244 ».
1674 2206 1764 2252 Sed,

143 2260 263 2297 quum
287 2251 418 2288 anima
450 2251 656 2288 rationalis
686 2252 845 2288 uniatur
873 2253 1030 2299 corpori
1058 2257 1096 2290 et
1117 2253 1220 2290 sicut
1238 2254 1412 2291 materiae
1442 2257 1479 2290 et
1500 2254 1605 2290 sicut
1621 2253 1766 2291 instru-

142 2301 290 2341 mento,
314 2307 393 2334 non
412 2302 541 2344 potest
562 2307 650 2336 esse
678 2298 895 2335 similitudo
927 2302 1118 2346 quantum
1137 2300 1186 2337 ad
1203 2300 1372 2346 primum
1392 2301 1552 2337 modum
1575 2300 1736 2338 unionis
1754 2312 1763 2345 3

143 2344 200 2381 sic
223 2345 327 2381 enim
349 2355 396 2381 ex
431 2347 510 2381 Deo
531 2347 569 2382 et
601 2345 762 2382 homine
801 2345 911 2382 fieret
933 2356 1011 2383 una
1049 2350 1202 2392 natura,
1224 2356 1346 2394 quum
1380 2348 1543 2384 materia
1580 2351 1617 2383 et
1638 2348 1766 2384 forma

141 2392 298 2437 proprie
320 2394 499 2429 naturam
520 2392 763 2429 constituant
794 2393 952 2439 speciei„
976 2394 1222 2440 Relinquitur
1240 2403 1334 2441 ergo
1356 2398 1398 2431 ut
1416 2395 1640 2431 attendatur
1660 2394 1766 2431 simi-

140 2437 264 2490 lit-udo
285 2439 503 2491 secundum
526 2439 631 2485 quod
670 2440 804 2476 anima
843 2440 978 2477 unitur
1009 2441 1166 2486 corpori
1190 2444 1231 2477 ut
1249 2441 1541 2485 instrumento;
1575 2441 1623 2478 ad
1658 2441 1764 2488 quod

141 2488 255 2521 etiarn
278 2484 380 2522 dicta
399 2485 650 2532 antiquorum
684 2486 889 2524 doctorum
920 2488 1175 2531 concordant,
1197 2488 1264 2534 qui
1285 2488 1499 2525 humanam
1521 2492 1703 2525 naturam
1722 2488 1764 2525 in

141 2531 294 2569 Christo
316 2541 511 2585 organum
533 2533 739 2586 quoddam
765 2533 979 2571 divinitatis
1010 2539 1242 2580 posuerunt,
1265 2535 1369 2572 sicut
1386 2539 1423 2572 et
1443 2535 1603 2581 ponitur
1617 2543 1763 2581 corpus

141 2586 335 2625 organum
356 2589 509 2617 ammae.
532 2580 653 2616 Aliter
678 2589 783 2617 enim
811 2584 870 2618 est
896 2582 1036 2619 animae
1070 2591 1262 2629 organum
1285 2591 1430 2627 corpus
1451 2585 1489 2619 et
1508 2582 1593 2628 ejtis
1612 2586 1761 2627 partes,

139 2626 178 2661 et
197 2626 309 2662 aliter
327 2626 519 2664 exteriora
537 2626 801 2664 instrumenta
820 2639 828 2673 ;
850 2628 933 2665 haec
964 2629 1070 2665 enim
1100 2628 1263 2666 dolabra
1294 2638 1373 2666 non
1395 2633 1455 2666 est
1474 2629 1676 2674 proprium
1707 2627 1764 2664 in-

139 2674 418 2717 strumentum,
439 2673 542 2711 sicut
559 2674 640 2711 haec
661 2683 805 2712 manus
824 2686 833 2719 ;
855 2685 923 2721 per
939 2675 1142 2713 dolabram
1159 2675 1263 2713 enim
1277 2675 1389 2712 multi
1407 2679 1578 2722 possunt
1593 2674 1760 2721 operari,

140 2718 209 2754 sed
234 2718 315 2755 haec
336 2728 478 2757 manus
510 2720 559 2757 ad
588 2720 785 2766 propriam
810 2722 1076 2768 operationem
1100 2722 1218 2769 huJus
1251 2723 1393 2760 animae
1413 2723 1621 2768 deputatur
1641 2733 1649 2764 ;
1670 2730 1760 2766 pro-

139 2767 225 2810 pter
244 2765 349 2811 quod
370 2775 511 2804 manus
533 2771 592 2804 est
612 2776 805 2814 organum
822 2769 975 2805 unitum
995 2773 1032 2805 et
1049 2770 1266 2816 proprium,
1282 2769 1445 2807 dolabra
1464 2773 1594 2806 autem
1618 2768 1762 2805 instru-

139 2814 316 2863 ment-um
338 2813 599 2850 extrinsecum
619 2816 656 2851 et
674 2823 898 2852 commune.
921 2817 984 2852 Sic
1006 2817 1124 2862 igitur
1144 2820 1182 2853 et
1201 2816 1242 2852 in
1266 2817 1413 2853 unione
1435 2815 1501 2851 Dei
1525 2818 1562 2851 et
1583 2814 1760 2853 hominis

140 2858 382 2895 considerari
406 2863 549 2905 potest.
571 2862 716 2899 Omnes
737 2862 843 2900 enim
864 2862 1046 2901 homines
1075 2866 1355 2910 comparantur
1372 2862 1420 2899 ad
1438 2863 1561 2900 Deum
1593 2866 1635 2898 ut
1653 2870 1762 2909 quae-
