1894 3223
163 141 237 177 ‚608
749 135 837 170 LIB.
865 135 925 189 IV,
953 135 1053 170 CAP.
1080 135 1213 171 LXXII.

807 280 975 321 CAPUT
1004 280 1162 321 LXXII.

476 395 526 424 DE
551 394 809 423 NECESSITATE
830 392 1090 422 POENITENTIAE
1113 392 1163 421 ET
1185 392 1359 422 PARTIUM
1377 393 1481 424 Esus.

221 500 274 535 Ex
293 498 369 535 hoc
388 498 509 545 igitur
524 499 684 543 apparet
705 495 825 543 quod,
848 495 882 532 si
896 494 1040 541 aliquis
1054 497 1144 541 post
1158 495 1401 541 Baptismum
1415 500 1559 540 peccet,
1573 496 1790 534 remedium

164 545 235 583 sui
255 545 401 591 peccati
428 553 496 589 per
514 543 757 589 Baptismum
777 542 922 580 habere
944 551 1022 578 non
1042 545 1173 586 potest
1191 553 1200 586 ;
1222 545 1273 586 et,
1286 542 1378 588 quia
1391 543 1633 580 abundantia
1647 543 1791 581 divinae

173 591 454 629 misericordiae
475 594 512 627 et
530 589 705 627 efficacia
724 590 858 637 gratiae
877 589 1019 625 Christi
1042 589 1117 625 hoc
1138 597 1216 625 non
1237 589 1384 634 patitur
1397 589 1603 636 utabsque
1614 590 1790 633 remedio

173 639 403 682 dimittatur,
417 637 641 674 institutum
661 639 722 673 est
740 636 843 674 aliud
864 635 1150 673 sacramentale
1169 636 1386 672 remedium
1411 645 1488 682 quo
1519 640 1680 682 peccata
1697 645 1789 683 pur-

173 689 338 733 gentur3
358 688 394 721 et
412 685 488 721 hoc
508 687 568 721 est
587 683 827 721 poenitentiae
847 686 1154 726 sacramentum,
1176 683 1282 729 quod
1301 687 1362 720 est
1381 683 1560 729 quaedam
1578 683 1685 720 velut
1710 683 1790 730 spi-

173 732 324 769 ritualis
346 732 513 768 sanatio.
533 731 639 768 Sicut
661 730 768 767 enim
787 730 853 777 qui
875 730 994 767 vitam
1015 729 1235 766 naturalem
1256 739 1325 775 per
1344 730 1640 777 generationem
1658 730 1789 777 adepti

173 783 280 821 sunt,
296 779 331 816 si
352 779 519 825 aliquem
538 778 720 814 morbum
741 777 946 814 incurrant
966 776 1032 823 qui
1057 777 1106 813 sit
1129 776 1352 814 contrarius
1372 777 1604 822 perfectioni
1633 777 1736 821 vitae,
1767 787 1792 815 a

173 826 311 863 morbo
335 825 463 862 curari
483 828 667 870 possunt,
689 833 771 862 non
791 824 949 871 quidem
972 824 1028 860 sic
1045 827 1089 860 ut
1108 823 1246 860 iterato
1268 827 1495 865 nascantur,
1515 824 1585 861 sed
1619 823 1790 871 quadam

173 872 404 910 alteratione
420 876 613 908 sanantur
635 883 644 908 t
667 871 721 909 ita
740 871 978 917 Baptismus,
999 871 1065 917 qui
1086 874 1147 907 est.
1167 871 1386 916 spiritualis
1411 872 1673 917 regeneratio,
1708 880 1790 908 non

173 919 382 956 reiteratur
396 921 533 956 contra
548 921 708 964 peccata
721 922 811 964 post
829 919 1074 964 Baptismum
1090 918 1318 959 commissa,
1331 917 1399 955 sed
1416 918 1660 963 poenitentia,
1675 918 1791 965 quasi

173 966 343 1014 quadam
362 966 556 1011 spirituali
576 966 823 1010 alteratione,
845 968 1052 1003 sanantur.

220 1013 559 1050 Considerandum
575 1016 635 1050 est
654 1016 785 1050 autem
805 1012 912 1059 quod
933 1011 1153 1057 corporalis
1173 1011 1329 1049 sanatio
1356 1011 1595 1058 quandoque
1627 1011 1790 1059 quidem

174 1060 221 1098 ab
242 1060 460 1097 intrinseco
480 1059 653 1097 totaliter
672 1063 745 1104 est,
768 1060 872 1097 sicut
891 1059 1049 1106 quando
1071 1058 1212 1105 aliquis
1233 1059 1320 1095 sola
1338 1059 1480 1095 virtute
1504 1062 1654 1096 naturae
1675 1068 1789 1096 cura-

171 1111 249 1152 tur,
267 1107 505 1154 quandoque
525 1109 654 1143 autem
676 1106 724 1143 ab
753 1106 968 1143 intrinseco
990 1106 1269 1154 etrextrinseco
1291 1106 1425 1150 simul,
1460 1109 1598 1152 utputa
1629 1105 1790 1153 quando

173 1158 323 1191 naturae
340 1154 514 1199 operatio
532 1153 690 1199 J'uvatur
711 1153 893 1190 exteriori
918 1153 1110 1190 beneficio
1131 1153 1363 1196 niedicinee3
1387 1153 1492 1200 quod
1526 1156 1657 1190 autem
1688 1156 1789 1190 tota—

173 1201 262 1238 liter
279 1201 326 1237 ab
348 1201 569 1237 extrinseco
590 1204 749 1237 curetur
769 1209 849 1237 non
877 1200 1097 1246 contingit;
1129 1199 1246 1236 habet
1280 1199 1384 1236 enim
1414 1199 1543 1236 adhuc
1580 1200 1622 1236 in
1653 1200 1789 1246 seipso

171 1248 367 1294 principia
384 1247 488 1290 vitae,
511 1257 557 1283 ex
577 1247 722 1293 quibus
742 1248 892 1284 sanitas
913 1248 952 1283 in
971 1247 1058 1292 ipso
1079 1250 1278 1283 causatur.
1302 1248 1344 1282 ln
1365 1246 1561 1291 spirituali
1594 1256 1687 1283 vero
1719 1256 1787 1283 cu-

172 1295 324 1332 ratione
346 1294 520 1331 accidere
541 1303 621 1330 non
642 1298 771 1340 potest
791 1294 896 1341 quod
916 1294 1088 1330 totaliter
1107 1293 1155 1330 ab
1172 1293 1387 1330 intrinseco
1400 1292 1490 1337 fiat3
1507 1296 1714 1331 ostensum
1730 1297 1791 1331 est

172 1341 276 1378 enim
299 1341 338 1387 (l.
360 1350 418 1381 111,
440 1350 474 1377 c.
500 1341 579 1387 157)
595 1341 701 1387 quod
721 1351 743 1378 a
767 1341 882 1387 culpa
901 1341 1021 1377 horno
1051 1340 1209 1377 liberari
1240 1349 1321 1377 non
1354 1343 1485 1386 potest
1523 1340 1600 1377 nisi
1640 1341 1788 1378 auxilio

172 1389 320 1435 gratiae.
341 1387 527 1423 Similiter
548 1388 665 1424 etiam
685 1397 813 1434 neque
832 1392 961 1433 potest
979 1397 1068 1424 esse
1088 1387 1194 1434 quod
1210 1387 1430 1432 spiritualis
1451 1387 1604 1424 curatio
1623 1387 1674 1423 sit
1692 1391 1791 1425 tota-

172 1436 262 1472 liter
280 1435 327 1471 ab
349 1434 558 1470 exteriori:
587 1443 667 1471 non
689 1435 792 1471 enim
823 1435 1096 1471 restitueretur
1127 1434 1279 1470 sanitas
1307 1433 1466 1477 mentis,
1501 1433 1579 1470 nisi
1615 1433 1788 1472 ordinati

172 1485 303 1518 motus
320 1481 536 1518 voluntatis
554 1482 594 1517 in
616 1481 776 1518 homine
801 1486 1072 1517 causarentur.
1094 1481 1254 1525 Oportet
1272 1480 1394 1527 igitur
1410 1480 1450 1516 in
1468 1480 1710 1517 poenitentiae
1731 1490 1792 1518 sa-

173 1532 371 1566 cramento
391 1528 635 1574 spiritualem
656 1528 824 1565 salutem
854 1532 891 1564 et
915 1528 963 1565 ab
993 1528 1173 1565 interiori
1206 1531 1244 1564 et
1272 1528 1321 1564 ab
1346 1527 1531 1564 exteriori
1557 1527 1788 1573 procedere.

172 1576 251 1612 Hoc
275 1578 404 1612 autem
427 1575 483 1612 sic
505 1575 712 1622 contingit.

216 1622 271 1659 Ad
292 1622 366 1658 hoc
388 1622 492 1658 enim
514 1622 618 1668 quod
640 1622 785 1668 aliquis
805 1632 828 1659 a
844 1622 984 1659 morbo
1002 1621 1198 1667 corporali
1218 1624 1378 1659 curetur
1402 1621 1588 1667 perfecte,
1622 1631 1791 1661 necesse

171 1669 355 1716 estquod
377 1669 424 1705 ab
442 1669 912 1706 omnibusincommodis
938 1669 1126 1705 liberetur
1156 1678 1243 1716 quae
1273 1677 1343 1715 per
1377 1668 1560 1706 morbum
1595 1668 1788 1714 incurrit;

172 1717 229 1753 sic
250 1720 287 1753 et
307 1716 524 1761 spiritualis
545 1716 697 1752 curatio
723 1716 965 1752 Poenitentiae
997 1716 1170 1761 perfecta
1202 1724 1284 1752 non
1317 1719 1439 1760 esset,
1472 1715 1551 1753 nisi
1584 1714 1705 1753 homo
1740 1715 1790 1754 ab

171 1763 356 1800 omnibus
378 1763 622 1800 detrimentis
643 1763 915 1800 sublevaretur
935 1763 975 1799 in
994 1772 1082 1809 quae
1101 1762 1287 1799 inductus
1308 1766 1367 1799 est
1381 1771 1450 1808 per
1470 1766 1688 1808 peccatum.
1711 1764 1791 1800 Pri·

171 1819 279 1846 mum
300 1813 430 1846 autem
447 1810 724 1847 detrimentum
743 1810 849 1857 quod
870 1810 990 1847 homo
1012 1819 1059 1846 ex
1080 1812 1241 1854 peccato
1263 1809 1446 1853 sustinet,
1466 1813 1525 1846 est
1542 1810 1790 1848 deordinatio

170 1857 329 1901 mentis,
352 1857 570 1893 secundum
593 1857 698 1903 quod
720 1866 833 1894 mens
852 1857 1038 1893 avertitur
1058 1857 1105 1893 ab
1139 1856 1452 1894 incommutabili
1484 1856 1604 1899 hono,
1638 1857 1792 1894 scilicet

170 1913 192 1940 a
213 1905 306 1948 De0‚
337 1910 373 1940 et
393 1904 631 1940 convertitur
662 1904 707 1941 ad
729 1908 943 1949 peccatum.
968 1903 1189 1940 Secundum
1229 1907 1358 1940 autem
1394 1907 1455 1940 est
1495 1903 1600 1950 quod
1635 1907 1789 1942 reatum

169 1959 295 1996 poenae
314 1950 498 1993 incurrit;
529 1955 571 1987 ut
599 1950 703 1987 enim
724 1951 765 1987 in
782 1951 897 1987 tertio
919 1950 1017 1986 libro
1040 1950 1139 1996 (cap.
1164 1953 1230 1986 140
1249 1953 1286 1986 et
1305 1949 1406 1996 seq.)
1435 1953 1641 1987 ostensum
1669 1954 1742 1995 est,
1766 1960 1791 1988 a

164 1997 390 2042 justissimo
409 2000 558 2033 rectore
579 1998 658 2034 Deo
679 2006 749 2042 pro
764 1997 938 2043 qualibet
958 1998 1074 2042 culpa
1094 2006 1211 2043 poena
1230 1996 1406 2033 debetur.
1422 1997 1593 2033 Tertium
1609 2000 1669 2034 est
1683 2007 1789 2043 quae-

169 2043 258 2080 dam
279 2043 495 2080 debilitatio
517 2044 707 2081 naturalis
726 2043 836 2088 boni,
859 2044 1079 2081 secundum
1099 2043 1205 2091 quod
1229 2043 1350 2081 homo
1379 2043 1581 2090 peccando
1613 2043 1789 2081 redditur

168 2090 332 2136 pronior
350 2090 396 2127 ad
417 2090 676 2136 peccandum,
701 2094 738 2128 et
757 2091 908 2128 tardior
924 2091 972 2127 ad
992 2091 1093 2127 hene
1114 2091 1327 2138 agendum.

218 2137 386 2174 Primum
409 2137 528 2184 igitur
548 2138 710 2184 quodin
733 2138 968 2174 poenitentia
992 2138 1203 2184 requiritur
1232 2142 1294 2175 est
1323 2136 1521 2175 ordinatio
1553 2138 1712 2183 mentis,
1747 2142 1791 2176 ut

169 2184 320 2221 scilicet
339 2194 452 2221 mens
479 2189 730 2221 convertatur
762 2185 809 2221 ad
840 2187 977 2227 Deum,
1011 2189 1048 2221 et
1079 2188 1276 2222 avertatur
1305 2194 1328 2222 a
1356 2188 1532 2231 peccato,
1564 2184 1705 2222 dolens
1739 2185 1789 2222 de

167 2231 400 2275 commisso,
424 2235 461 2267 et
480 2241 708 2277 proponens
729 2241 811 2268 non
831 2232 1156 2269 committendum
1182 2242 1190 2266 ε
1213 2231 1318 2278 quod
1336 2235 1398 2269 est
1419 2231 1465 2268 de
1483 2231 1632 2268 ratione
1646 2232 1790 2269 contri-

168 2277 302 2315 tionis.
324 2279 410 2315 Haec
430 2288 521 2315 vero
555 2279 698 2316 mentis
726 2279 968 2315 reordinatio
1002 2279 1088 2315 sine
1119 2279 1246 2325 gratia
1267 2287 1358 2315 esse
1391 2287 1472 2315 non
1507 2282 1650 2324 potest.
1689 2280 1789 2316 Nam

168 2333 281 2362 mens
301 2328 438 2362 nostra
459 2325 587 2362 debite
606 2326 654 2362 ad
677 2327 796 2363 Deum
818 2326 993 2363 converti
1013 2335 1094 2362 non
1112 2329 1242 2371 potest
1259 2326 1346 2363 sine
1373 2325 1562 2362 charitate
1583 2338 1591 2370 ;
1614 2325 1788 2364 charitas

166 2375 299 2409 autem
325 2372 412 2409 sine
441 2372 564 2419 gratia
592 2372 727 2410 haberi
753 2382 834 2410 non
859 2377 1002 2419 potest,
1018 2377 1061 2410 ut
1083 2376 1190 2418 patet
1212 2382 1259 2410 ex
1273 2372 1338 2409 his
1369 2373 1511 2419 quaein
1542 2373 1658 2409 tertio
1685 2372 1788 2410 libro

167 2417 267 2464 (cap.
285 2418 480 2466 151)dicta
499 2423 605 2457 sunt.
624 2419 688 2457 Sic
707 2420 829 2467 igitur
846 2429 916 2466 per
936 2420 1216 2457 contritionem
1243 2423 1281 2456 et
1301 2418 1456 2457 offensa
1478 2419 1546 2456 Dei
1562 2419 1729 2463 tollitur,
1749 2423 1789 2456 et

170 2469 311 2502 areatu
324 2475 449 2511 poenae
463 2470 617 2503 aeternae
633 2466 834 2511 liberatur,
851 2467 1022 2513 quicum
1038 2467 1166 2514 gratia
1179 2470 1217 2503 et
1228 2466 1417 2504 charitate
1435 2475 1525 2504 esse
1539 2476 1620 2504 non
1636 2470 1786 2512 potest:

169 2520 252 2548 non
272 2514 376 2549 enim
399 2516 545 2550 aeterna
565 2523 682 2559 poena
701 2517 763 2551 est
792 2515 871 2551 nisi
895 2523 965 2560 per
997 2514 1286 2559 separationem
1312 2523 1336 2551 a
1365 2515 1460 2558 Deo,
1494 2514 1557 2550 cui
1590 2514 1718 2561 gratia
1749 2516 1788 2550 et

167 2558 355 2610 charitate
376 2559 497 2597 homo
525 2560 792 2607 conjungitur.
815 2562 902 2598 Haec
921 2561 1025 2598 enim
1043 2561 1187 2598 mentis
1208 2561 1450 2598 reordinatio
1467 2570 1554 2608 quae
1573 2560 1614 2597 in
1638 2560 1785 2598 contri-

167 2610 274 2656 tione
295 2607 475 2644 consistit
495 2617 542 2644 ex
560 2607 738 2644 interiori
758 2608 946 2654 procedit,
969 2608 1007 2645 id
1050 2612 1110 2645 est
1129 2618 1154 2645 a
1177 2608 1298 2645 libero
1319 2607 1480 2645 arbitrio
1509 2617 1600 2644 cum
1634 2607 1786 2654 adjuto·

167 2660 225 2688 rio
245 2653 382 2703 divinae
406 2654 553 2691 0Tatiae.
576 2655 675 2699 Quia
693 2664 785 2692 vero
806 2664 927 2701 supra
946 2655 1047 2701 (cap.
1070 2654 1128 2701 55)
1151 2659 1358 2692 ostensum
1378 2659 1439 2691 est
1466 2654 1574 2701 quod
1602 2655 1786 2691 meritum

166 2697 306 2735 Christi
328 2680 589 2745 proffiumano
610 2711 754 2748 genere
775 2702 960 2748 patientis
982 2702 1031 2739 ad
1049 2701 1312 2749 expiationem
1333 2702 1513 2739 omnium
1533 2704 1786 2748 peccatorum

167 2748 351 2789 operatur
381 2756 546 2784 necesse
579 2752 637 2785 est
663 2749 712 2785 ad
731 2748 807 2786 hoc
827 2749 933 2795 quod
953 2748 1075 2786 homo
1099 2749 1146 2786 de
1165 2753 1327 2795 peccato
1348 2748 1547 2788 liberetur,
1580 2747 1685 2794 quod
1703 2755 1785 2784 non

166 2791 295 2844 solum
323 2797 452 2844 mente
473 2796 551 2831 Deo
571 2794 781 2840 adhaereat,
806 2796 875 2833 sed
894 2796 1012 2833 etiam
1033 2796 1242 2833 mediatori
1274 2795 1341 2832 Dei
1379 2798 1417 2832 et
1447 2794 1656 2832 hominum
1689 2794 1784 2831 Jesu

156 2836 333 2890 Chris-to,
355 2848 394 2874 in
413 2849 491 2885 quo
512 2841 626 2878 datur
645 2842 830 2880 remissio
847 2843 1023 2879 omnium
1045 2846 1312 2889 peccatorum.
1334 2844 1430 2879 Nam
1456 2841 1497 2878 in
1521 2840 1784 2878 conversione

158 2888 307 2922 mentis
331 2885 378 2922 ad
399 2887 521 2922 Deum
543 2888 653 2925 salus
671 2889 891 2934 spiritualis
912 2890 1098 2927 consistit
1123 2901 1133 2925 ε
1160 2899 1278 2936 quam
1298 2888 1456 2936 quidem
1489 2886 1657 2924 salutem
1685 2896 1780 2924 cori-

1865 91 1886 112 »⁸⁵
1862 0 1875 77 uun&
