1894 3223
703 93 810 137 ‚LIB.
837 93 885 138 ΙΙ,
913 93 1013 130 CAP.
1040 92 1128 130 XVI.
1674 97 1738 133 117

167 177 268 221 Item,
295 175 524 222 imperfecta
543 184 567 212 a
587 172 772 221 perfectis
793 177 958 209 sumunt
1000 172 1210 219 originem,
1243 175 1286 210 ut
1315 181 1450 210 semen
1480 172 1528 209 ah
1562 174 1738 211 animali.

118 223 224 260 neus
245 225 376 260 autem
397 225 458 260 est
479 221 811 268 perfectissimum
830 225 866 255 et
887 229 1085 256 summum
1119 229 1190 257 cns
1211 223 1249 256 et
1279 228 1479 257 summum
1516 220 1677 265 honum,
1699 225 1741 258 ut

117 274 327 308 ostensum
348 272 410 306 est
431 269 470 315 (l.
493 277 520 313 1,
542 278 576 305 c.
601 271 657 312 13,
678 270 722 305 28
742 270 778 301 vt
797 267 868 312 41).
887 269 972 313 lpse
994 267 1115 311 igitur
1133 270 1192 303 est
1214 267 1401 304 omnihus
1417 276 1539 303 causa
1561 269 1737 312 essendi,

118 317 315 364 praecipue
344 324 466 363 quum
501 319 707 353 ostensum
731 313 783 351 sit
809 314 850 361 (l.
877 323 903 354 1,
932 324 966 351 c.
989 315 1047 360 42)
1069 314 1174 361 quod
1196 314 1271 352 tale
1291 323 1371 351 non
1391 314 1519 360 possit
1547 324 1636 352 esse
1659 316 1736 352 nisi

119 373 258 402 unum.

166 412 246 447 Hoc
264 413 395 447 autem
415 409 551 446 divina
579 408 787 446 confirmat
815 407 1045 445 auctoritas.
1084 408 1233 445 Dicitur
1268 408 1388 452 enini,
1413 409 1513 445 Psal.
1547 418 1661 453 CXLV,
1683 412 1703 446 6
1728 421 1735 446 :

119 457 288 501 Quifecit
315 457 440 493 coelum
458 459 492 492 et
515 459 663 497 terram,
697 466 807 494 mare.
831 459 862 490 ec
889 457 1009 490 onznia
1037 466 1114 499 qua:
1144 457 1183 490 in
1212 457 1262 490 cis
1290 459 1396 499 sunt3
1427 460 1461 492 et
1483 458 1611 499 Joauf,
1635 466 1661 497 1,
1684 460 1703 493 3
1728 468 1738 493 :

117 505 247 542 Omnia
262 514 330 550 per
349 505 469 550 Ipsum
488 505 590 548 facta
610 507 707 546 sunt,
730 505 762 538 et
776 504 852 538 sine
870 504 951 547 Ipso
969 503 1109 546 factum
1137 506 1188 537 cst
1219 503 1333 545 ηίΙιίὶς
1369 506 1406 539 et
1432 504 1558 547 iloni„
1579 512 1633 547 xi,
1660 506 1704 541 36
1728 514 1738 538 :

116 552 176 589 Eae
197 562 266 596 (μισ
288 553 422 594 omnia,
439 561 507 597 per
525 561 628 596 quem
649 552 783 594 omnm,
805 553 837 584 et
856 551 892 584 in
911 560 980 594 quo
997 551 1128 589 ovinia,
1152 551 1228 594 Ipsi
1248 550 1365 593 (florio
1383 551 1421 585 in
1441 551 1572 586 secuit-t.

166 600 239 635 Pei·
258 598 333 636 hoc
353 602 483 635 autem
505 597 729 635 excluditur
749 597 1002 643 antiquorum
1027 597 1265 648 naturalium
1295 606 1418 641 error,
1441 598 1506 643 qui
1540 598 1743 642 ponebant

117 653 286 691 corpora
306 645 484 691 quaedam
509 654 589 682 non
613 645 755 682 hahere
775 654 935 681 causam
959 644 1140 687 essendi;
1163 647 1200 680 et
1218 647 1333 680 etiam
1366 645 1641 690 quorumdam,
1671 645 1740 691 qui

117 691 255 730 dicunt
277 693 398 730 Deum
420 701 501 729 non
521 702 610 729 esse
632 701 794 729 causam
809 691 1042 728 substantiae
1054 690 1241 736 coeii‚scd
1256 691 1384 728 solum
1402 695 1547 729 motus.
1573 692 1600 738 (l
1621 695 1737 738 part„

118 748 157 787 q.
178 747 284 781 mlv,
308 743 379 777 art.
407 742 421 777 1
443 751 452 784 ;
475 742 512 776 et
535 742 584 776 De
601 743 692 785 poth,
714 750 750 786 q.
775 748 840 783 1113
864 742 935 775 art.
957 738 1006 784 5.)
1441 757 1451 766 ,

782 884 949 926 CAPUT
972 855 1074 926 xvi.

439 1005 540 1040 QUOD
566 1005 664 1034 DECS
689 1003 741 1033 EX
766 1003 900 1034 NIHILO
926 1003 1121 1034 PRODUXIT
1151 1005 1221 1034 RES
1244 1006 1286 1035 IN
1309 1006 1416 1036 ESSE.

167 1115 220 1152 Ex
241 1114 316 1151 hoc
334 1116 465 1151 autem
487 1117 647 1160 apparet
667 1113 772 1160 quod
793 1115 897 1150 Deus
930 1113 970 1150 in
992 1122 1080 1152 esse
1101 1123 1165 1152 res
1204 1114 1390 1160 produxit
1417 1124 1463 1152 cx
1497 1115 1607 1152 nullo
1641 1125 1738 1161 prae-

119 1162 313 1201 existente
335 1161 440 1199 sicut
459 1170 507 1197 ex
525 1161 703 1198 materia.

168 1208 207 1247 Si
227 1208 334 1246 enim
355 1211 416 1246 est
435 1207 586 1255 aliquid
604 1208 770 1245 eii‘ectus
791 1207 873 1252 Dei,
895 1211 964 1245 aut
984 1207 1202 1254 praeexistit
1222 1208 1371 1255 aliquid
1399 1208 1472 1254 illi,
1495 1213 1562 1247 aut
1582 1219 1675 1247 non.
1699 1211 1736 1248 Si

119 1264 216 1300 non,
235 1255 402 1293 habetur
417 1255 680 1301 propositum,
703 1255 856 1293 seilicet
873 1255 977 1301 quod
999 1256 1103 1292 Deus
1135 1255 1306 1302 aliquem
1337 1255 1521 1293 effectum
1550 1258 1739 1302 producat

83 1313 168 1345 sex
188 1303 298 1340 nullo
320 1302 608 1349 praeexistente.
631 1303 671 1340 Si
694 1306 824 1340 autem
846 1302 995 1349 aliquid
1016 1302 1074 1339 illi
1095 1303 1322 1348 praeexistit,
1345 1308 1412 1340 aut
1432 1308 1492 1341 est
1526 1305 1737 1349 procedere

117 1350 162 1388 in
182 1349 396 1395 infinitum,
418 1350 523 1396 quod
546 1359 624 1387 non
646 1354 706 1387 est
726 1349 917 1396 possibile
939 1350 980 1386 in
998 1350 1132 1386 causis
1165 1351 1450 1394 materialibus,
1486 1355 1529 1388 ut
1558 1352 1739 1389 Philoso-

119 1397 224 1445 phus
244 1397 382 1444 prohat
403 1397 647 1445 (Metaphys.‚
668 1407 711 1441 11,
732 1400 825 1433 text.
847 1406 992 1434 comm.
1009 1397 1066 1444 7);
1087 1399 1155 1433 aut
1185 1397 1257 1449 erit
1284 1397 1467 1435 devenire
1497 1399 1544 1435 ad
1577 1399 1737 1446 aliquod

119 1445 291 1491 primum
327 1445 432 1492 quod
460 1444 567 1482 aliud
602 1453 682 1481 non
712 1444 1008 1491 praesupponit;
1043 1444 1148 1490 quod
1177 1444 1334 1490 quidem
1367 1454 1447 1482 non
1484 1449 1614 1491 potest
1646 1455 1737 1483 esse

120 1491 208 1538 ipse
230 1493 334 1529 Deus
356 1491 578 1538 (ostensum
599 1495 660 1529 est
680 1491 786 1528 enim
807 1491 848 1537 (l.
870 1501 899 1534 1,
917 1501 951 1528 c.
976 1490 1032 1538 17)
1053 1491 1158 1538 quod
1180 1492 1264 1536 ipse
1288 1501 1368 1529 non
1389 1496 1449 1529 est
1484 1493 1648 1530 materia
1666 1494 1739 1530 ali·

122 1537 238 1585 cujus
256 1538 342 1584 rei),
361 1547 434 1576 nec
455 1542 585 1584 potest
605 1547 694 1575 esse
716 1538 821 1575 aliud
845 1547 867 1574 a
887 1540 981 1580 Deo,
1003 1538 1065 1575 cui
1089 1540 1191 1574 Deus
1222 1547 1303 1575 non
1324 1539 1376 1575 sit
1407 1549 1527 1576 causa
1561 1540 1736 1585 essendi,

121 1588 166 1623 ut
185 1589 391 1623 ostensum
411 1589 471 1623 est
492 1585 541 1632 (c.
565 1585 636 1632 15).
658 1585 906 1632 Relinquitur
924 1585 1045 1631 igitur
1061 1585 1166 1631 quod
1184 1587 1302 1630 Deus,
1324 1586 1366 1622 in
1390 1587 1648 1632 productione
1676 1588 1740 1625 sui

122 1631 304 1677 effectus,
324 1641 404 1670 non
427 1632 591 1679 requirit
610 1632 815 1669 materiam
836 1632 1111 1678 praejacentem
1131 1642 1178 1669 ex
1198 1642 1275 1678 qua
1295 1637 1492 1678 operetur.

169 1679 315 1721 Adhuc,
339 1689 584 1726 unaquaeque
603 1680 769 1716 materia
789 1689 857 1725 per
885 1680 1052 1716 sormam
1079 1680 1400 1725 superinductam
1423 1681 1672 1718 contrahitur
1692 1681 1741 1720 ad

122 1725 298 1773 aliquam
323 1727 510 1773 speciem.
533 1726 693 1773 operari
727 1735 822 1774 ergo
843 1736 891 1763 ex
917 1726 1083 1763 materia
1108 1727 1355 1773 praejacente,
1389 1728 1739 1773 superinduceado

121 1773 288 1811 formam
313 1783 565 1820 quocumque
583 1773 715 1818 modo,
727 1778 787 1811 est
808 1774 963 1819 agentis
981 1774 1028 1810 ad
1044 1774 1216 1820 aliquam
1231 1774 1529 1811 determinatam
1546 1776 1736 1820 speciem.

120 1820 210 1858 Tale
231 1824 362 1858 autem
382 1829 507 1867 agens
521 1824 581 1858 est
600 1830 724 1867 agens
746 1820 1000 1866 particulare;
1023 1830 1153 1858 causae
1174 1822 1279 1857 enim
1313 1823 1486 1858 causatis
1514 1823 1738 1868 proportio-

121 1867 234 1905 nales
255 1871 362 1906 sunt.
381 1870 514 1915 Agens
533 1868 655 1915 igitur
673 1868 779 1915 quod
797 1868 962 1914 requirit
978 1877 1026 1904 ex
1046 1868 1282 1905 necessitate
1303 1869 1507 1906 materiam
1529 1870 1738 1915 praejacen-

106 1917 200 1953 ⁴tem
234 1923 282 1953 ex
300 1923 380 1962 qua
395 1918 580 1961 operatur
605 1919 665 1952 est
686 1925 808 1962 agens
828 1915 1077 1961 particulare.
1102 1917 1204 1952 Deus
1231 1919 1361 1953 autem
1391 1920 1450 1953 est
1483 1927 1606 1963 agens
1636 1917 1740 1954 sieut

120 1970 246 2000 causa
265 1962 504 2000 universalis
520 1963 694 2007 essendi,
717 1967 759 1999 ut
778 1972 899 2008 supra
916 1962 963 2009 (c.
995 1963 1051 2009 15)
1081 1966 1288 2000 ostensum
1321 1966 1394 2001 est.
1425 1964 1550 2011 Igitur
1575 1965 1674 2011 ipse,
1695 1965 1737 2002 in

125 2017 202 2047 sua
223 2009 394 2054 actione,
414 2010 618 2047 materiam
640 2010 913 2055 praejacentem
940 2019 1021 2047 non
1043 2010 1219 2056 requirit.

170 2057 271 2101 item,
292 2061 440 2104 quanto
473 2057 618 2104 aliquis
653 2056 817 2094 effectus
854 2061 914 2094 est
946 2057 1222 2102 universalior,
1254 2061 1362 2096 tanto
1398 2059 1515 2096 hahet
1540 2059 1738 2105 propriam

108 2111 287 2140 causam
318 2103 522 2147 altiorem;
553 2104 646 2151 quia
677 2107 825 2150 quanto
857 2113 980 2141 causa
1017 2107 1078 2141 est
1113 2104 1244 2149 altior,
1278 2108 1388 2143 tanto
1415 2107 1461 2143 ad
1481 2107 1593 2152 plura
1615 2106 1739 2143 virtus

124 2149 210 2197 ejus
231 2150 466 2188 extenditur.
489 2152 584 2189 Esse
617 2154 748 2188 autem
780 2155 842 2189 est
870 2151 1136 2188 universalius
1166 2161 1283 2198 quam
1314 2154 1485 2198 moveri3
1509 2158 1602 2190 sunt
1634 2154 1740 2190 enim

124 2196 305 2243 quaedam
340 2197 490 2235 entium
510 2198 744 2243 immobilia,
770 2202 812 2235 ut
832 2199 949 2236 etiam
981 2199 1210 2244 philosophi
1242 2200 1416 2246 tradunt,
1447 2206 1489 2238 ut
1521 2201 1672 2246 lapides
1702 2204 1741 2237 et

125 2243 373 2290 hujusmodi.
393 2245 555 2292 Oportet
574 2255 668 2292 ergo
684 2245 788 2292 quod
811 2255 932 2291 supra
948 2255 1107 2282 causam
1126 2256 1212 2292 quae
1231 2256 1312 2284 non
1326 2248 1421 2295 agit,
1444 2248 1521 2285 nisi
1543 2247 1740 2284 movendo

124 2294 164 2328 et
183 2292 500 2337 transmutando,
522 2292 575 2330 sit.
592 2282 660 2330 illa
682 2302 805 2331 eausa
824 2303 910 2339 quae
926 2296 985 2330 est
1005 2293 1173 2338 primum
1196 2295 1354 2332 essendi
1384 2295 1637 2346 principium.
1660 2296 1739 2331 Hoc

126 2341 257 2375 autem
277 2339 526 2377 ostendimus
549 2339 590 2386 (l.
609 2349 636 2384 1,
660 2350 694 2376 c.
718 2341 774 2387 13)
797 2350 885 2378 esse
918 2342 1054 2377 Deum.
1076 2342 1181 2377 Deus
1201 2341 1322 2385 igitur
1345 2351 1426 2378 non
1458 2345 1539 2387 agit
1567 2346 1740 2378 tantum—

124 2384 244 2422 modo
274 2386 471 2437 movendo
491 2390 531 2424 et
562 2388 881 2424 transmutando.
903 2389 1026 2424 Omne
1051 2391 1182 2424 autem
1200 2388 1306 2433 quod
1328 2397 1408 2424 non
1436 2391 1564 2433 potest
1592 2388 1737 2434 produ-

125 2440 214 2469 cere
230 2440 294 2469 res
313 2441 354 2469 1n
381 2441 471 2470 esse
494 2433 572 2471 nisi
588 2443 636 2470 ex
651 2435 817 2471 materia
836 2435 1084 2481 praejacente,
1105 2434 1188 2480 agit
1205 2435 1334 2471 solum
1354 2435 1549 2472 movendo
1562 2439 1599 2471 et
1616 2439 1741 2472 trans·

126 2478 342 2524 mutando;
364 2478 492 2516 facere
513 2480 618 2517 enim
640 2481 790 2527 aliquid
813 2491 860 2518 ex
878 2481 1056 2518 materia.
1076 2484 1216 2526 estper
1234 2485 1385 2518 motum
1400 2482 1459 2518 vel
1480 2483 1739 2520 mutationem

124 2525 350 2572 quamdam.
378 2528 464 2563 Non
482 2535 576 2573 ergo
599 2527 847 2572 impossibile
868 2531 929 2565 est
948 2528 1163 2573 producere
1183 2536 1247 2565 res
1274 2528 1316 2564 in
1333 2537 1422 2565 esse
1456 2529 1543 2566 sine
1572 2530 1738 2566 materia

127 2573 377 2620 praejacente.
398 2573 584 2610 Producit
602 2574 724 2620 igitur
743 2576 847 2612 Deus
867 2583 930 2612 res
951 2576 992 2610 in
1013 2583 1101 2611 esse
1120 2574 1207 2611 sine
1225 2576 1388 2612 materia
1407 2576 1653 2622 praejacente.

170 2620 487 2667 Praeterea‚.quod
509 2620 591 2666 agit
606 2624 757 2658 tantum
790 2631 859 2667 per
892 2625 1043 2658 motum
1076 2625 1114 2658 et
1145 2622 1417 2667 mutationem,
1440 2632 1521 2660 non
1552 2623 1737 2669 competit

125 2666 344 2705 universali
361 2676 492 2706 causae
507 2667 593 2714 ejus
613 2668 719 2714 quod
746 2672 806 2705 est
825 2677 934 2705 esse:
962 2677 1042 2705 non
1073 2668 1178 2705 enim
1210 2678 1279 2715 per
1309 2673 1460 2707 motum
1490 2674 1527 2707 et
1553 2672 1737 2707 mutatio·

124 2721 216 2751 nem
236 2713 279 2751 fit
298 2723 370 2752 ens
390 2724 438 2752 ex
461 2718 653 2752 non-ente
675 2715 934 2760 simpliciter;
957 2715 1026 2752 sed
1047 2724 1118 2752 ens
1139 2715 1214 2753 hoe
1235 2726 1283 2753 ex
1303 2720 1494 2754 non-ente
1522 2717 1610 2755 hoc.
1635 2720 1737 2754 heus

125 2764 256 2798 autem
283 2765 344 2799 est
372 2762 600 2799 universale
631 2762 789 2799 essendi
820 2762 1072 2808 principium,
1106 2766 1149 2800 ut
1179 2766 1384 2802 ostensum
1405 2768 1463 2802 est
1482 2764 1530 2812 (e.
1558 2765 1628 2812 15).
1652 2767 1735 2801 Non

124 2805 248 2859 {gitur
267 2808 344 2846 sibi
364 2809 552 2855 competit
571 2818 687 2856 agere
706 2812 859 2846 tantum
880 2819 949 2854 per
968 2813 1117 2846 motum
1132 2813 1200 2847 aut
1218 2820 1287 2857 per
1306 2813 1587 2856 mutationem3
1610 2821 1737 2858 neque

125 2854 248 2902 igitur
267 2855 345 2894 sibi
363 2856 550 2904 competit
567 2856 747 2904 indigere
767 2856 1000 2904 praejacente
1020 2857 1185 2896 materia
1200 2858 1250 2896 ad
1269 2858 1419 2906 aliquid
1449 2859 1687 2897 faciendum.
