1894 3223
641 83 728 121 LIB.
756 84 820 129 111,
848 83 949 120 CAP.
976 83 1080 120 xclI.
1603 85 1668 123 381

101 165 225 212 nujus
244 169 375 203 autem
395 165 497 202 ratio
515 163 753 210 generaliter
772 172 852 199 una
871 166 943 200 est.
963 163 1060 201 Nam
1092 165 1248 209 oportet
1278 170 1397 201 omne
1429 162 1673 202 multiforme

52 217 91 250 et
110 212 300 250 mutabile
325 215 364 249 et
380 210 548 248 deficere
567 214 709 256 potens
731 210 862 247 reduci
879 210 983 247 sicut
1003 210 1045 247 in
1064 210 1305 257 principium
1330 210 1371 247 in
1402 209 1563 257 aliquod
1584 210 1673 247 uni·

54 259 180 297 forme
210 262 250 296 et
278 258 524 296 immutabile
545 262 583 294 ct
603 255 768 308 deficere
791 265 870 294 non
895 257 1048 294 valens.
1070 257 1213 295 Omnia
1232 260 1364 305 autem
1384 266 1472 304 quae
1491 256 1533 294 in
1554 256 1673 296 nobis

54 310 150 344 sunt
174 305 430 344 inveniuntur
458 314 548 342 esse
577 303 826 349 multiplicia,
860 303 1066 342 variabilia
1091 307 1131 342 et
1161 303 1415 341 defectibilia.
1438 305 1547 341 Patet
1566 304 1673 342 enim

54 352 158 399 quod
181 352 398 390 electiones
417 355 563 389 nostrae
583 350 914 396 multiplicitatem
932 350 1187 396 liabent,cum
1204 351 1244 388 in
1262 351 1429 389 diversis
1451 354 1489 388 et
1509 359 1532 388 a
1552 351 1675 389 diver·

53 400 113 437 sis
135 399 289 437 diversa
309 399 522 446 eligantur.
542 397 750 436 mutabiles
771 397 888 434 ctiam
910 401 1016 442 sunt,
1038 401 1121 436 tum
1142 401 1301 444 propter
1317 397 1439 436 animi
1460 398 1672 443 levitatem,

53 447 121 493 qui
141 454 221 484 non
242 450 302 484 est
318 445 498 483 firmatus
517 445 558 482 in
579 445 720 483 ultimo
743 444 835 488 tine,
856 448 938 482 tum
959 445 1078 482 etiam
1092 448 1251 491 propter
1264 445 1523 482 mutationem
1542 453 1671 483 rerum

53 502 142 540 quae
176 501 252 531 nos
284 497 393 530 extra
422 493 696 530 circumstant.
731 491 842 535 Quod
884 495 1015 528 autem
1051 492 1297 529 defectibiles
1339 493 1433 536 sint,
1465 492 1673 530 hominum

52 542 215 586 peccata
252 543 461 578 testantur.
500 540 639 576 Divina
672 542 800 576 autem
837 538 1021 576 voluutas
1063 539 1275 576 uniformis
1315 543 1388 580 est,
1422 539 1517 591 quia
1547 547 1671 577 unum

55 586 228 625 volendo
263 587 399 624 omnia
437 587 516 625 alia
552 587 649 624 vult.
681 587 748 623 Est
777 586 895 622 etiarn
928 586 1188 623 immutabilis
1220 589 1259 622 et
1287 585 1534 629 indefifflens,
1569 589 1612 624 ut
1632 586 1674 623 in

53 634 182 680 primo
200 637 408 672 ostensum
427 638 489 672 est
508 633 608 681 (cap.
630 635 680 671 23
699 637 738 670 et
754 633 830 679 75).
851 633 1012 678 Oportet
1030 642 1125 679 ergo
1157 632 1336 670 omnium
1368 632 1614 670 voluntatum
1637 636 1674 670 et

54 680 295 719 electionum
315 685 450 719 motus
469 682 511 718 in
530 681 703 718 divinam
725 680 967 717 voluntatem
989 680 1137 723 reduci,
1171 687 1253 716 non
1285 682 1416 716 autem
1438 679 1478 716 in
1500 680 1673 726 aliquam

55 727 174 765 aliam
206 737 385 775 causam,
417 728 512 776 quia
542 728 655 766 solus
684 728 788 764 Deus
818 730 1044 764 nostrarum
1076 727 1323 764 voluntatum
1360 726 1673 764 et‘electiouum

54 783 179 813 causa
196 779 271 812 est.

101 821 290 859 Similiter
324 825 454 860 autem
486 821 750 868 intelligentia
780 824 918 858 nostra
944 820 1315 867 multiplicationem
1349 819 1479 866 habet,
1501 821 1595 868 quia
1627 829 1675 858 ex

55 869 192 906 multis
212 869 473 907 sensibilibus
491 869 695 906 veritatem
714 867 1004 914 intelligibilem
1022 868 1135 915 quasi
1152 875 1458 915 congregamus.
1480 868 1674 905 Estetiam

55 915 272 960 mutabilis,
295 917 386 964 quia
408 926 454 953 ex
473 925 554 954 uno
576 916 616 952 in
637 915 743 952 aliud
766 914 1025 952 discurrendo
1048 915 1236 960 procedit,
1255 923 1304 952 ex
1331 915 1436 952 notis
1458 915 1507 952 ad
1536 915 1675 961 ignota

54 963 306 1009 proveniens.
327 965 393 1000 Est
419 963 537 1000 etiam
571 961 808 999 defectibilis
835 965 994 1007 propter
1028 961 1330 1007 permixtionem
1367 962 1599 1007 phantasiae,
1637 964 1676 999 et

56 1017 218 1054 sensus,
237 1013 280 1046 ut
309 1018 463 1047 errores
497 1010 704 1047 hominum
731 1008 958 1045 ostendunt.
989 1009 1228 1054 Angelorum
1259 1012 1390 1045 autem
1422 1009 1674 1054 cognitiones

55 1060 149 1093 sunt
166 1056 400 1099 uniformes,
422 1056 516 1102 quia
534 1057 583 1093 ab
604 1057 692 1101 ipso
713 1064 793 1092 uno
813 1055 990 1091 veritatis
1018 1055 1138 1099 fonte,
1161 1055 1314 1092 scilicet
1348 1057 1441 1099 Deo,
1475 1055 1675 1101 accipiunt

53 1102 232 1139 veritatis
251 1104 535 1149 cognitionem.
559 1104 625 1139 Est
645 1102 762 1139 etiam
778 1101 1008 1144 immobilis,
1029 1102 1123 1148 quia
1142 1110 1222 1138 non
1234 1101 1494 1138 discurrendo
1512 1102 1560 1138 ab
1586 1101 1675 1139 effe-

53 1148 184 1187 ctibus
205 1149 245 1185 in
266 1158 424 1193 causas,
446 1153 513 1186 aut
531 1159 550 1185 e
568 1157 774 1190 converso,
797 1148 866 1185 sed
887 1148 1059 1194 simplici
1080 1148 1225 1185 intuitu
1245 1156 1381 1194 puram
1403 1148 1606 1185 veritatem
1627 1148 1674 1185 de

55 1195 173 1233 rebus
193 1195 412 1234 intuentur.
436 1198 501 1233 Est
520 1196 638 1233 etiam
660 1195 956 1239 indefectibilis,
977 1203 1066 1233 cum
1097 1195 1206 1241 ipsas
1238 1203 1369 1232 rerum
1406 1199 1581 1240 naturas,
1603 1203 1674 1233 seu

55 1242 297 1289 ouidditates
335 1244 565 1281 intueantur
591 1252 662 1290 per
692 1243 862 1288 seipsas,
893 1242 997 1279 circa
1029 1250 1129 1289 quas
1173 1250 1255 1279 non
1287 1245 1418 1289 potest
1449 1242 1675 1280 intellectus

55 1298 200 1335 errare,
223 1290 330 1329 sicut
349 1299 424 1328 nec
441 1299 587 1328 sensus
608 1290 714 1327 circa
732 1289 892 1335 propria
911 1288 1132 1326 sensibilia.
1155 1290 1236 1327 Nos
1267 1292 1397 1326 autem
1434 1288 1674 1337 quidditates

54 1344 186 1375 rerum
222 1346 271 1375 ex
308 1337 580 1375 accidentibus
620 1341 658 1374 et
689 1336 896 1374 effectibus
930 1336 1228 1383 cognoscimus.
1250 1337 1412 1383 Oportet
1439 1344 1534 1383 ergo
1569 1336 1674 1384 quod

57 1387 196 1422 nostra
209 1383 492 1423 intellectualis
510 1384 687 1431 cognitio
706 1383 908 1430 reguletur
926 1392 994 1429 per
1014 1383 1245 1430 angelorum
1270 1383 1554 1430 cognitionem.

100 1432 253 1476 Rursus,
266 1431 314 1469 de
334 1431 569 1479 corporibus
584 1431 770 1468 humanis
786 1434 822 1466 ct
844 1430 1107 1467 exterioribus
1127 1430 1274 1477 quibus
1295 1430 1479 1468 homines
1495 1433 1671 1474 utuntur,

55 1477 310 1516 manifestum
329 1482 390 1516 est
419 1478 524 1526 quod
544 1481 604 1515 est
624 1479 664 1514 in
685 1478 743 1514 eis
764 1477 1037 1522 multiplicitas
1059 1477 1356 1515 commixtionis
1393 1481 1431 1514 et
1458 1477 1671 1514 contrarie-

55 1525 163 1569 tatis,
186 1528 224 1562 et
256 1525 363 1572 quod
390 1533 472 1562 non
497 1533 654 1571 semper
685 1524 825 1561 eodem
863 1524 982 1561 modo
1015 1527 1237 1565 moventur,
1257 1524 1352 1571 quia
1375 1527 1508 1561 motus
1535 1531 1672 1560 eorum

56 1579 137 1608 non
158 1575 328 1617 possunt
347 1581 437 1610 csse
458 1571 653 1615 continui,
674 1575 712 1608 et
740 1570 846 1618 quod
873 1570 1112 1607 defectibilia
1137 1574 1229 1608 sunt
1249 1579 1319 1617 per
1339 1570 1612 1608 alterationem
1636 1575 1673 1607 et

55 1619 551 1666 corruptionem.Corpora
580 1622 710 1656 autem
742 1617 920 1655 coelestia
938 1621 1032 1654 sunt
1052 1617 1280 1663 uniformia,
1302 1620 1436 1664 utpote
1460 1618 1670 1663 simplicia,

55 1669 96 1702 et
126 1665 276 1713 absque
311 1666 420 1703 omni
451 1665 729 1717 contrarietate
762 1665 986 1702 existentia.
1001 1665 1129 1702 Motus
1161 1664 1278 1702 etiam
1299 1673 1436 1702 eorum
1471 1668 1564 1702 sunt
1583 1664 1672 1701 uni-

56 1711 217 1757 formes,
233 1713 427 1758 continui,
449 1716 487 1749 et
507 1720 662 1758 semper
684 1711 824 1749 eodem
857 1711 975 1749 modo
1005 1720 1050 1749 se
1077 1711 1281 1756 habentes,
1303 1720 1377 1749 nec
1404 1712 1444 1749 in
1466 1711 1523 1748 eis
1545 1714 1674 1756 potest

55 1767 145 1797 esse
161 1759 362 1805 corruptio
388 1763 456 1797 aut
477 1759 670 1796 alteratio.
695 1758 801 1795 Unde
834 1761 1106 1796 necessarium
1137 1761 1197 1796 est
1216 1758 1323 1805 quod
1343 1767 1509 1804 corpora
1532 1761 1668 1795 nostra

55 1809 93 1843 et
119 1805 196 1889 allia
216 1815 304 1853 quae
331 1806 373 1844 in
403 1814 520 1844 usum
545 1808 726 1844 nostrum
748 1804 911 1843 veniunt
941 1814 1011 1852 per
1040 1808 1190 1855 motum
1214 1805 1436 1844 coelestium
1458 1812 1668 1851 corporum

54 1861 149 1900 regu
170 1856 297 1891 entur.
1569 1878 1571 1880 μ

697 1999 867 2042 CAPUT
907 1998 1030 2041 XCII.

54 2110 237 2147 QUOMODO
262 2110 420 2141 mcrrmt
437 2110 592 2146 Amoms
617 2111 720 2142 BENE
741 2112 1007 2150 FORTUNATUS,
1027 2112 1077 2142 ET
1102 2112 1284 2148 QUOMODO
1309 2113 1542 2144 ADJUVATUR
1566 2113 1674 2144 HOMO

611 2165 641 2194 A
665 2165 942 2195 SUPERIORIBUS
968 2166 1118 2197 CAUSIS·

103 2273 156 2311 Ex
172 2271 393 2326 his-autem
429 2276 770 2326 apparere-potest.
790 2273 994 2325 quomodo
1012 2274 1158 2321 aliquis
1178 2274 1308 2321 possit
1328 2274 1406 2312 dici
1426 2274 1527 2312 bene
1547 2276 1672 2313 fortu-

55 2323 189 2358 natus.
213 2320 363 2357 D1citur
388 2328 494 2356 enim
515 2319 635 2357 alicui
663 2320 816 2357 homini
834 2320 935 2358 bene
967 2320 1189 2358 secundum
1209 2321 1410 2360 fortunam
1426 2322 1675 2368 contingere,

53 2366 215 2452 guando
232 2366 393 2414 aliquod
412 2366 562 2404 bonum
582 2366 728 2404 accidit
746 2366 823 2404 sibi
845 2367 1276 2413 praeterintentionem,
1293 2367 1398 2406 sicut
1414 2376 1504 2405 cum
1525 2368 1673 2415 aliquis

71 2413 213 2451 odiens
227 2413 270 2451 in
290 2422 387 2460 agro
406 2413 557 2450 invenit
575 2413 824 2458 thesaurum,
847 2422 962 2461 quem
985 2423 1065 2451 non
1086 2415 1300 2462 quaerebat.
1322 2414 1523 2462 Contingit
1543 2420 1673 2453 autem

54 2461 228 2508 aliquem
267 2464 496 2506 operantem
523 2463 664 2506 praeter
694 2460 957 2497 intentionem
990 2461 1143 2507 operari
1179 2460 1390 2508 propriam,
1425 2470 1506 2499 non
1540 2465 1674 2500 tamen

53 2511 194 2555 praeter
211 2507 472 2544 intentionem
487 2505 658 2554 alicujus
680 2507 915 2553 superioris,
932 2507 996 2544 cui
1016 2509 1101 2554 ipse
1115 2507 1276 2553 subest;
1298 2507 1415 2553 sicut,
1429 2508 1464 2546 si
1485 2508 1673 2548 dominus

54 2554 202 2602 aliquis
227 2554 432 2601 praecipiat
468 2553 587 2591 alicui
617 2561 733 2591 servo
754 2553 860 2601 quod
890 2554 1008 2591 vadat
1045 2553 1094 2591 ad
1123 2554 1295 2601 aliquem
1330 2554 1462 2593 locum
1482 2565 1561 2602 quo
1587 2556 1673 2602 ipse

53 2600 176 2639 alium
196 2609 354 2639 servum
375 2601 553 2645 miserat,
569 2599 640 2637 illo
660 2600 884 2647 ignorante,
906 2600 1081 2638 inventio
1109 2601 1290 2639 conservi
1310 2604 1372 2639 est
1389 2606 1530 2649 praeter
1549 2603 1674 2640 inten-

52 2647 202 2686 tionem
225 2648 329 2686 servi
354 2647 484 2692 missi,
506 2655 587 2684 non
607 2650 738 2685 autem
769 2650 913 2693 praeter
934 2647 1196 2685 intentionem
1215 2647 1367 2686 domini
1388 2649 1606 2694 mittentis3
1635 2653 1674 2687 et

53 2694 158 2736 ideo,
179 2695 272 2733 licet
290 2703 360 2742 per
380 2693 717 2740 comparationem
738 2694 786 2731 ad
808 2702 967 2731 servum
1005 2694 1058 2731 sit
1076 2694 1282 2732 fortuitum
1316 2698 1353 2733 et
1389 2696 1562 2743 casuale,
1591 2706 1672 2734 non

53 2744 184 2779 autem
202 2751 273 2788 per
287 2741 626 2787 comparationem
660 2740 709 2778 ad
736 2741 957 2786 dominum,
979 2740 1047 2778 sed
1069 2743 1131 2778 est
1148 2740 1297 2790 aliquid
1315 2741 1554 2780 ordinatum.
1577 2744 1673 2781 Cum

54 2787 176 2834 igitur
194 2788 315 2827 bomo
350 2789 404 2826 sit
431 2787 638 2826 ordinatus
659 2787 880 2825 secundum
901 2795 1046 2840 corpus
1065 2787 1140 2826 sub
1172 2788 1407 2837 corporibus
1427 2790 1670 2835 coelestibus,

53 2834 273 2874 secundum
302 2835 548 2874 intellectum
576 2843 670 2873 vero
690 2834 765 2873 sub
796 2834 1242 2881 angelic1s‚secundum
1271 2836 1513 2875 voluntatem
1541 2841 1672 2875 autem
