1894 3223
216 131 282 164 644
799 126 884 159 le‘.
915 126 972 167 lv,
999 126 1096 160 CAP.
1124 126 1257 163 xcvii.

216 208 435 245 secundum
456 209 581 242 totum
603 210 639 241 et
659 209 807 250 partem
842 215 1009 251 corpora
1035 206 1236 250 coelcstia;
1270 207 1463 244 elementa
1494 217 1587 245 vero
1619 208 1845 245 secundum

215 259 341 291 totum
357 281 368 297 ‚
390 252 481 288 licet
500 261 582 288 non
601 252 820 289 secundum
841 257 1006 298 partem,
1029 253 1124 298 quia
1144 253 1361 290 secundum
1383 258 1534 300 partem
1567 255 1845 300 corruptibilia

215 304 332 343 sunt;
359 298 546 335 homines
566 307 660 335 vero
683 298 902 336 secundum
922 303 1088 345 partem,
1111 299 1202 336 licet
1223 308 1304 336 non
1337 302 1555 338 secundum
1576 305 1724 346 totum;
1750 310 1843 338 nam

216 347 349 384 anima
370 345 578 382 rationalis
593 346 905 391 incorruptibilis
926 350 998 386 est,
1027 347 1294 391 compositum
1313 351 1443 384 autem
1463 348 1729 394 corruptibile.
1755 350 1844 385 Haec

215 394 336 440 igitur
355 392 576 430 secundum
598 393 860 430 substantiam
882 393 1144 430 remanebunt
1160 394 1199 429 in
1221 394 1361 430 ultimo
1381 394 1450 431 illo
1469 398 1573 432 statu
1594 395 1733 432 mundi
1755 404 1845 442 quae

215 449 376 487 quoquo
394 439 514 477 modo
535 439 584 476 ad
605 440 903 486 perpetuitatem
936 440 1195 485 aptitudinem
1225 440 1386 484 habent,
1415 442 1496 478 Deo
1528 442 1738 489 supplente
1769 451 1846 479 sua

214 488 356 524 virtute
376 486 481 534 quod
502 486 559 524 eis
579 495 626 523 ex
644 487 802 533 propria
820 486 1045 524 infirmitate
1060 487 1194 531 deest3
1216 487 1294 525 alia
1307 496 1400 524 vero
1415 488 1615 534 animalia,
1632 493 1670 526 et
1683 489 1841 535 plantae,

215 539 255 572 et
273 542 439 580 corpora
458 534 594 578 mixta,
615 544 701 580 qua>
719 534 893 571 totaliter
912 537 1006 571 sunt
1025 534 1299 580 corruptibilia
1315 539 1354 571 et
1385 535 1606 572 secundum
1640 539 1768 573 totum
1806 539 1846 573 ct

216 585 380 629 partem,
403 581 514 617 nullo
536 581 655 618 modo
676 582 715 618 in
738 581 827 627 ipso
848 581 1160 627 incorruptionis
1181 584 1286 618 statu
1316 582 1590 619 remanebunt.
1626 583 1691 620 Sic
1721 583 1845 629 igitur

216 627 520 675 intelligendum
540 631 601 665 est
619 628 725 674 quod
744 628 960 674 Apostolus
978 628 1088 673 dicit,
1110 630 1123 665 1
1146 628 1421 673 Corinth.,vi1,
1446 631 1486 665 31
1506 641 1515 665 :
1537 630 1704 665 Praeterit
1723 633 1846 675 figura

219 676 327 721 hujrrs
346 675 475 710 mzmclt‘
495 685 502 708 :
524 675 617 721 quia
637 675 721 713 brec
742 676 898 721 species
919 675 1056 712 mundi
1079 684 1166 721 quae
1189 685 1296 712 nunc
1326 679 1386 712 est
1411 675 1597 720 cessabit,
1621 677 1845 714 substantia

219 731 311 759 vero
330 721 559 758 remanebit.
579 722 640 758 Sic
664 722 782 759 etiam
812 722 1049 768 intelligitur
1081 722 1186 769 quod
1225 722 1378 766 dicitur,
1408 722 1495 766 J0b‚
1519 731 1604 767 xlv,
1628 726 1670 760 12
1691 735 1698 759 :
1717 725 1841 769 Homo,

216 780 326 815 quum
345 769 545 814 dormierit,
565 779 638 804 non
655 772 829 814 resurget,
850 769 958 805 donec
982 772 1160 806 atteratur
1179 770 1317 815 coelum,
1330 769 1367 806 id
1389 773 1450 807 est
1468 769 1595 806 donec
1615 769 1694 807 ista
1709 769 1843 816 dispo-

218 817 310 854 sitio
331 816 421 853 coeli
442 820 586 860 cesset,
609 826 688 863 qua
704 820 885 853 movetur
904 819 942 853 et
962 816 1001 852 in
1023 816 1112 854 aliis
1131 820 1284 854 motum
1304 821 1456 854 causat.

266 863 366 908 Quia
383 871 476 900 vero
491 864 591 900 inter
608 864 686 900 alia
704 863 900 900 elementa
919 864 1091 900 maxime
1112 864 1281 901 activum
1300 868 1361 901 est
1389 864 1508 910 ignis,
1542 867 1580 901 et
1611 863 1842 910 corruptibi-

216 911 316 948 lium
336 911 671 956 consumptivum,
691 910 942 956 consumptio
961 920 1098 948 eorum
1132 920 1219 957 quae
1254 912 1295 948 in
1333 911 1466 948 futuro
1498 913 1603 948 statu
1637 920 1841 948 remanere

217 967 299 995 non
319 957 462 994 debent
480 958 857 995 convenientissime
885 957 951 994 siet
981 967 1050 1004 per
1077 958 1212 1005 ignem
1248 967 1256 992 :
1290 963 1328 994 et
1352 958 1442 995 ideo
1473 958 1694 995 secundum
1724 958 1842 995 fidem
1869 975 1872 1006 2

220 1005 380 1052 ponitur
398 1005 505 1052 quod
524 1004 697 1041 finaliter
713 1005 888 1042 mundus
908 1014 978 1051 per
995 1005 1126 1051 ignem
1150 1004 1384 1052 purgabitur
1404 1013 1485 1042 non
1506 1005 1637 1042 solum
1652 1015 1844 1051 acorrup-

219 1052 401 1089 tibilibus
422 1052 671 1098 corporibus,
693 1052 763 1089 sed
784 1052 903 1089 etiam
925 1052 972 1088 ab
991 1052 1205 1089 infectione
1228 1061 1347 1099 quam
1367 1052 1481 1089 locus
1505 1053 1580 1089 iste
1611 1052 1776 1089 incurrit
1796 1062 1843 1089 ex

219 1099 463 1136 habitatione
481 1103 734 1146 peccatorum
757 1112 764 1136 ε
789 1103 828 1136 et
845 1099 921 1136 hoc
944 1099 1127 1146 estquod
1147 1099 1304 1143 dicitur,
1325 1101 1356 1135 Il
1377 1100 1494 1144 Petri,
1516 1108 1576 1143 111,
1596 1101 1617 1135 7
1645 1112 1656 1134 ε
1679 1100 1764 1137 Coeli
1781 1102 1845 1145 qui

217 1157 313 1182 nunc
329 1149 426 1187 sunt,
449 1150 483 1183 et
501 1150 612 1188 terra,
633 1146 753 1182 eodem
769 1146 876 1182 verbo
895 1148 1046 1191 repositi
1062 1150 1160 1187 sunt,
1182 1149 1262 1191 igni
1298 1148 1474 1182 reservata·
1496 1148 1537 1182 in
1565 1146 1658 1182 diem
1681 1147 1842 1192 ῤαὶοἱὶς

218 1198 262 1230 ut
280 1203 350 1240 per
366 1193 490 1231 coelos
514 1203 596 1231 non
616 1194 749 1240 ipsum
769 1193 1060 1231 firmamentum
1080 1193 1430 1245 intelligamuSQin
1463 1202 1542 1240 quo
1575 1196 1669 1230 sunt
1697 1193 1841 1237 sidera,

219 1241 300 1278 sive
321 1241 399 1278 fixa
419 1242 501 1278 sive
523 1241 706 1285 errantia,
723 1240 793 1278 sed
812 1241 913 1278 istos
931 1241 1055 1277 coelos
1076 1250 1191 1277 aeros
1214 1245 1327 1277 terrae
1343 1241 1510 1277 vicinos.

268 1288 368 1331 Quia
384 1288 506 1335 igitur
525 1292 707 1325 creatura
725 1288 943 1334 corporalis
975 1287 1144 1324 finaliter
1175 1288 1408 1334 disponetur
1437 1296 1506 1333 per
1538 1289 1842 1334 congruentiam

220 1335 266 1371 ad
288 1335 462 1372 hominis
483 1338 643 1379 statum,
656 1335 840 1372 homines
860 1338 990 1372 autem
1005 1344 1083 1372 non
1101 1335 1231 1372 solum
1247 1345 1269 1372 a
1282 1335 1534 1380 corruptione
1554 1334 1843 1379 liberabuntur,

220 1382 422 1418 sedetiam
457 1382 584 1429 gloria
619 1383 847 1425 induentur,
869 1385 912 1418 ut
931 1392 979 1418 ex
1006 1382 1119 1419 dictis
1153 1383 1251 1428 (cap.
1275 1381 1333 1428 86)
1365 1385 1484 1427 patet,
1506 1381 1703 1427 oportebit
1734 1384 1844 1429 quod

220 1429 338 1465 etiam
357 1433 536 1466 creatura
553 1429 771 1475 corporalis
789 1429 1000 1475 quamdam
1024 1429 1214 1466 claritatis
1245 1429 1410 1476 gloriam
1445 1437 1520 1465 suo
1552 1428 1671 1466 modo
1701 1438 1845 1468 conse-

221 1480 384 1521 quatur:
407 1480 443 1512 et
464 1477 558 1513 hinc
577 1480 638 1513 est
651 1476 754 1523 quod
777 1476 932 1519 dicitur,
954 1476 1128 1522 Apocal„
1163 1483 1245 1520 xxi,
1272 1480 1286 1512 1
1331 1488 1337 1511 :
1375 1475 1462 1511 Vidi
1481 1476 1605 1511 coelum
1630 1486 1775 1521 novum,
1809 1480 1843 1513 et

221 1527 353 1558 terrum
370 1534 519 1567 ηυυαιης
540 1527 578 1560 ct
598 1525 687 1565 isa„
709 1532 797 1563 va,
824 1526 863 1560 17
885 1535 892 1559 :
914 1525 990 1568 Euo
1009 1524 1132 1559 creabo
1153 1524 1252 1559 caelos
1267 1533 1385 1563 nouo-5,
1409 1526 1442 1558 et
1469 1526 1602 1558 terram
1638 1533 1785 1567 novam;
1812 1527 1847 1560 et

220 1581 293 1605 non
311 1573 414 1605 crant
441 1572 480 1606 in
511 1573 680 1606 memoria
714 1573 857 1616 priora,
879 1573 913 1605 ct
942 1582 1013 1606 uon
1043 1571 1233 1606 ascendent
1267 1581 1374 1616 super
1398 1581 1475 1614 0073·
1497 1570 1559 1605 scd
1590 1571 1792 1615 qaudebitis
1812 1574 1846 1607 ct

220 1617 450 1654 exsulta-bitis
470 1628 583 1664 usquc
601 1620 641 1653 in
661 1620 927 1663 sempiternum.
949 1621 1085 1656 Anien.

974 2090 1095 2125 {³1le
