1894 3223
104 171 174 206 452
665 163 752 198 LIB.
782 164 845 206 111,
873 163 975 199 CAP.
1004 162 1174 199 CXXXVI.

105 250 259 287 videtur
289 247 485 292 pertinere
518 244 567 281 ad
598 252 770 280 errorem
802 243 1027 289 gentilium,
1048 243 1115 290 qui
1150 243 1323 281 divinam
1349 242 1639 290 providentiam
1663 250 1731 278 ne-

106 300 213 344 gant.
238 296 398 337 Propter
415 290 521 337 quod
553 290 747 327 Dominus
780 289 984 327 concludit
1000 290 1107 336 quod
1125 299 1206 327 non
1226 290 1355 327 simus
1373 291 1521 326 solliciti
1539 291 1579 325 z'n
1603 289 1732 324 crasti-

105 353 192 379 num
210 340 370 386 (Matth.,
392 347 449 382 vi,
471 337 554 384 31);
576 346 646 383 per
676 336 783 384 quod
804 345 885 374 non
913 336 1116 382 prohibuit
1145 337 1241 384 quin
1263 345 1547 374 conservemus
1577 345 1623 373 ea
1645 344 1731 382 quae

107 391 202 426 sunt
219 387 335 423 nobis
355 386 397 421 in
418 384 635 422 crastInum
657 383 887 421 necessaria
907 392 981 420 suo
1013 387 1204 430 tempore,
1228 383 1298 421 sed
1321 393 1370 420 ne
1390 384 1437 421 de
1459 383 1604 420 futuris
1620 391 1733 419 even-

106 435 213 472 tibus
235 432 499 470 sollicitemur
531 440 621 468 cum
653 430 824 477 quadam
845 430 1122 476 desperatione
1143 430 1266 467 divini
1288 430 1426 468 auxilii
1444 442 1452 475 ;
1476 431 1538 466 vel
1559 439 1609 466 ne
1630 429 1732 466 male

107 484 273 526 occupet
296 479 414 516 hodie
435 477 747 515 sollicitudinem
771 486 858 524 quae
878 478 951 513 erit
972 477 1154 514 habenda
1174 477 1216 513 in
1241 477 1432 520 crastino,
1454 477 1547 524 quia
1563 476 1733 523 quilibet

107 528 193 566 dies
214 535 328 563 suam
362 524 675 618 sollicitudinem
692 524 811 561 habet
830 536 839 560 :
863 524 967 560 unde
1006 524 1189 561 subditur
1211 524 1376 568 :Sufficit
1396 525 1470 559 diez·
1487 524 1631 560 malitia
1650 534 1731 560 sua.

109 574 259 614 (Matth.
294 582 350 616 vl,
373 575 430 609 34.

156 621 219 657 Sic
240 602 361 665 igitur
381 622 486 665 patet
505 618 611 665 quod
632 617 802 655 diversis
821 617 952 654 modis
975 616 1307 654 convenientibus
1328 616 1458 654 vivere
1474 621 1645 663 possunt
1667 617 1735 663 qui

106 667 370 705 voluntariam
392 669 662 711 paupertatem
698 668 900 702 sectantur
921 676 929 701 :
955 664 1058 701 inter
1078 673 1179 711 quos
1194 667 1304 701 tanto
1326 663 1472 710 aliquis
1497 663 1738 701 laudabilior

108 718 169 752 est
188 717 336 760 quanto
371 713 500 759 magis
521 722 544 750 a
573 711 843 749 sollicitudine
880 711 1159 758 temporalium
1194 714 1232 747 et
1261 710 1525 757 occupatione
1556 711 1662 747 circa
1691 719 1739 748 ea

108 761 285 799 hominis
306 760 484 797 animum
506 759 634 796 reddit
657 759 891 796 immunem.

712 903 880 944 CAPUT
923 904 1130 944 CXXXVI.

264 1024 316 1053 DE
340 1023 495 1052 ERRORE
520 1020 654 1052 EORUM
677 1022 742 1056 QUI
766 1021 1002 1051 PERPETUAM
1027 1020 1320 1050 CONTINENTIAM
1345 1019 1583 1049 IMPUGNANT.

159 1133 269 1172 Sicut
289 1136 418 1169 autem
441 1134 580 1168 contra
600 1130 844 1176 paupertatis
867 1130 1163 1175 perfectionem,
1183 1130 1239 1166 ita
1259 1133 1295 1166 et
1316 1134 1454 1167 contra
1483 1127 1740 1166 continentiae

110 1181 261 1218 bonum
283 1179 442 1225 quidam
481 1177 653 1223 perversi
676 1186 822 1214 sensus
857 1176 1042 1213 homines
1075 1179 1169 1213 sunt
1205 1176 1343 1220 locuti,
1367 1185 1537 1223 quorum
1576 1176 1739 1222 quidam

110 1227 261 1266 honum
294 1225 548 1262 continentiae
569 1225 631 1260 his
661 1229 699 1260 et
733 1223 935 1261 similibus
967 1223 1191 1259 rationibus
1212 1223 1420 1260 excludere
1443 1223 1634 1259 nituntur.
1658 1222 1737 1259 Viri

117 1274 223 1312 enim
247 1277 284 1309 et
304 1272 484 1308 mulieris
506 1271 733 1317 conJunctio
755 1271 802 1307 ad
823 1271 971 1307 bonum
993 1270 1139 1316 speciei
1161 1270 1378 1307 ordinatur.
1407 1270 1586 1306 Divinius
1608 1274 1740 1307 autem

114 1325 176 1358 est
193 1321 342 1357 bonum
367 1319 512 1364 speciei
535 1327 652 1364 quam
672 1318 819 1354 bonum
841 1317 1048 1354 individui.
1071 1317 1195 1363 Magis
1221 1326 1315 1363 ergo
1333 1321 1466 1362 peccat
1483 1317 1550 1363 qui
1571 1318 1738 1354 omnino

113 1368 286 1405 abstinet
308 1366 355 1402 ab
384 1369 472 1401 actu
503 1374 581 1410 qno
616 1368 875 1401 conservatur
908 1365 1077 1410 species,
1111 1373 1227 1410 quam
1259 1368 1439 1409 peccaret
1467 1365 1500 1401 si
1523 1364 1742 1401 abstineret

113 1415 162 1451 ab
188 1418 277 1496 alcim
308 1421 387 1459 quo
403 1415 677 1494 dconservatur
701 1411 965 1455 individuum,
988 1411 1092 1447 sicut
1124 1415 1217 1447 sunt
1249 1411 1460 1454 comestio,
1481 1414 1519 1447 et
1550 1415 1683 1457 potus,
1701 1414 1741 1448 et

113 1461 191 1498 alia
240 1460 396 1496 u'usmo
429 1458 453 1494 i.

159 1470 305 1549 Adhujc,
327 1515 372 1542 ex
394 1505 527 1542 divina
556 1505 807 1542 ordinatione
827 1504 970 1541 dantur
988 1504 1140 1540 homini
1165 1503 1342 1541 membra
1371 1503 1419 1541 ad
1440 1504 1740 1550 generationem

113 1558 216 1601 apta,
239 1557 276 1590 et
293 1553 409 1590 etiam
432 1552 491 1588 vis
524 1551 851 1598 concupiscibilis
881 1554 921 1587 et
950 1551 1136 1594 incitans,
1160 1554 1198 1587 et
1226 1551 1305 1588 alia
1337 1551 1566 1597 huJusmodi
1594 1551 1641 1587 ad
1667 1552 1741 1589 hoc

112 1601 308 1639 ordinata.
329 1600 487 1636 Videtur
507 1599 628 1645 igitur
647 1603 786 1636 contra
807 1598 980 1635 divinam
1019 1598 1312 1635 ordinationem
1345 1607 1461 1645 agere
1485 1598 1553 1645 qui
1574 1598 1740 1636 omnino

111 1649 161 1686 ab
179 1652 268 1685 actu
287 1646 559 1693 generationis
585 1646 770 1683 abstinet.

158 1697 258 1735 Item,
281 1694 481 1731 sibonum
504 1693 690 1740 estquod
719 1702 822 1730 unus
843 1693 1057 1736 contineat,
1077 1693 1220 1731 melius
1246 1697 1306 1730 est
1340 1692 1446 1740 quod
1476 1693 1604 1736 multi,
1638 1693 1740 1739 opti-

111 1751 219 1780 mum
242 1746 373 1779 autem
397 1740 499 1787 quod
523 1750 677 1778 omnes.
712 1741 785 1778 Sed
817 1750 865 1777 ex
898 1741 973 1776 hoc
1009 1740 1189 1786 sequitur
1219 1740 1325 1787 quod
1354 1749 1481 1786 genus
1521 1741 1742 1778 humanum

111 1789 280 1828 deficiat.
308 1790 392 1825 Non
417 1788 536 1833 igitur
555 1787 702 1824 bonum
723 1792 783 1825 est
808 1787 913 1835 quod
935 1787 1080 1834 aliquis
1099 1787 1219 1824 homo
1242 1787 1408 1824 omnino
1429 1786 1643 1824 contineat.

157 1837 341 1882 Amplius,
364 1836 526 1871 castitas
547 1835 650 1872 sicut
669 1839 706 1871 et
720 1835 808 1871 aliae
825 1835 1004 1878 virtutes,
1021 1834 1061 1870 in
1084 1834 1354 1871 mediocritate
1374 1834 1614 1871 consistunt.
1631 1834 1739 1872 Sicut

110 1883 234 1930 igitur
251 1886 390 1919 contra
415 1882 598 1918 virtutem
632 1882 713 1928 agit
745 1881 810 1929 qui
845 1881 1010 1918 omnino
1040 1881 1388 1927 concupiscentias
1427 1881 1663 1927 insequitur,
1701 1884 1739 1918 et

110 1929 397 1975 intemperatus
424 1932 497 1971 est,
520 1929 574 1964 ita
605 1933 744 1965 contra
768 1928 952 1964 virtutem
986 1927 1067 1973 agit
1099 1928 1166 1974 qui
1200 1928 1366 1965 omnino
1399 1927 1739 1974 concupiscentiis

111 1976 285 2014 abstinet
304 1978 342 2012 et
361 1975 610 2012 insensibilis
629 1979 701 2011 est.

157 2024 347 2064 Praeterea,
371 2030 451 2058 non
472 2025 532 2058 est
551 2022 743 2067 possibile
761 2022 858 2068 quin
876 2022 916 2058 in
941 2021 1102 2058 homine
1123 2021 1458 2067 concupiscentiae
1478 2031 1738 2060 venereorum

113 2069 257 2117 aliquae
277 2070 469 2113 oriantur,
489 2078 579 2106 cum
607 2069 808 2106 naturales
841 2069 933 2106 sint.
956 2068 1154 2106 Resistere
1175 2073 1306 2105 autem
1337 2068 1502 2105 omnino
1532 2070 1740 2115 concupis·

110 2116 253 2155 centiis
284 2119 324 2153 et
365 2115 480 2162 quasi
518 2116 748 2153 continuam
793 2124 966 2163 pugnam
1006 2115 1150 2153 habere
1188 2115 1378 2161 majorem
1420 2115 1738 2162 inquietudinem

111 2164 244 2201 animo
265 2163 403 2200 tribuit
433 2172 552 2209 quam
581 2163 616 2200 si
649 2162 796 2209 aliquis
827 2163 1028 2199 moderate
1059 2162 1399 2208 concupiscentiis
1427 2166 1614 2201 uteretur.
1643 2164 1739 2201 Cum

110 2211 233 2258 igitur
261 2210 496 2257 inquietudo
528 2209 650 2247 animi
685 2209 856 2247 maxime
893 2209 1127 2255 perfectioni
1160 2210 1318 2247 virtutis
1350 2214 1558 2256 repugnat,
1584 2210 1740 2248 videtur

109 2257 345 2304 perfectioni
387 2256 544 2293 virtutis
583 2256 783 2294 adversari
822 2256 929 2304 quod
979 2256 1126 2304 aliquis
1175 2260 1405 2303 perpetuam
1451 2258 1738 2295 continentiam

110 2308 253 2342 servet.

156 2353 247 2389 Haec
276 2351 399 2398 igitur
430 2355 569 2388 contra
605 2354 832 2398 perpetuam
871 2351 1159 2388 continentiam
1199 2351 1318 2398 objici
1357 2351 1554 2392 videntur,
1592 2351 1737 2397 quibus

108 2398 227 2436 etiam
247 2397 408 2445 adjungi
430 2401 560 2444 potest
578 2403 818 2444 praeceptum
844 2399 1001 2435 Domini
1030 2398 1136 2445 quod
1168 2398 1308 2444 primis
1338 2398 1568 2444 parentibus
1592 2398 1736 2444 legitur

109 2453 198 2483 esse
218 2445 368 2490 datum,
390 2446 499 2489 Gen„
515 2454 542 2490 Ι,
565 2447 625 2491 28,
643 2450 680 2482 et
695 2454 750 2490 lx,
769 2449 790 2482 7
813 2457 821 2481 :
845 2446 996 2482 Crescite
1014 2446 1366 2491 etmzcltiplicamini‚
1382 2448 1415 2481 et
1429 2446 1560 2491 replete
1579 2448 1735 2489 terram5

108 2492 215 2538 quod
235 2501 317 2529 non
332 2496 394 2529 est
413 2497 623 2537 remotum,
645 2492 716 2530 sed
744 2493 874 2539 magis
905 2493 1060 2530 videtur
1094 2502 1184 2530 esse
1216 2502 1240 2529 a
1265 2492 1435 2530 Domino
1457 2493 1499 2528 in
1519 2492 1733 2539 Evangelio

107 2538 400 2584 confirmatum,
421 2540 570 2585 Matth.,
600 2547 683 2585 XIX,
702 2542 736 2585 6,
759 2539 826 2577 ubi
860 2540 1004 2577 dicitur
1024 2552 1033 2576 :
1055 2540 1158 2583 Quod
1190 2541 1286 2576 Deus
1306 2539 1510 2584 conjzmoett,
1533 2540 1635 2575 homo
1664 2549 1736 2575 non

106 2589 260 2630 separet,
283 2586 330 2623 de
347 2586 630 2632 conjunctione
660 2587 903 2624 matrimonii
936 2587 1119 2633 loquens.
1143 2587 1287 2624 Contra
1314 2586 1390 2623 hoc
1412 2590 1542 2623 autem
1563 2594 1735 2637 praecep-

107 2634 189 2668 tum
212 2642 397 2683 expresse
419 2634 570 2670 faciunt
589 2634 655 2680 qui
677 2637 905 2680 perpetuam
927 2633 1214 2671 continentiam
1243 2637 1416 2671 servant.
1434 2633 1595 2670 Videtur
1614 2635 1736 2678 igitur

107 2685 197 2714 esse
218 2679 400 2716 illicitum
421 2685 649 2727 perpetuam
670 2681 956 2718 continentiam
978 2690 1150 2718 servare.
1286 2712 1290 2717 .
1518 2702 1522 2704 -

154 2725 235 2776 Hoc
256 2729 385 2762 autem
408 2736 488 2764 non
510 2727 670 2765 difficile
691 2731 753 2765 est
772 2728 927 2766 solvere
945 2728 1167 2765 secundum
1197 2737 1245 2765 ea
1274 2737 1364 2776 quae
1393 2726 1601 2773 praemissa
1623 2730 1730 2764 sunt.

107 2771 446 2823 Considerandum
469 2778 529 2811 est
548 2775 668 2820 enim,
690 2775 795 2821 quod
818 2774 897 2812 alia
915 2775 1017 2812 ratio
1035 2779 1095 2813 est
1116 2774 1298 2812 habenda
1326 2775 1369 2811 in
1400 2774 1464 2811 his
1485 2782 1571 2819 quae
1591 2773 1639 2810 ad
1664 2782 1733 2810 ne-

105 2822 332 2856 cessitatem
353 2820 668 2870 uniuscujusque
689 2821 867 2859 hominis
887 2822 1098 2867 pertinent,
1120 2826 1236 2869 atque
1255 2821 1333 2858 alia
1359 2821 1397 2856 in
1420 2819 1482 2856 his
1503 2829 1590 2866 quae
1614 2820 1732 2866 perti-

105 2864 268 2918 nent-ad
288 2865 555 2904 multitudinis
576 2869 868 2905 necessitatem.
890 2871 934 2905 ln
966 2869 1029 2905 his
1058 2869 1164 2905 enim
1200 2877 1288 2914 quae
1328 2866 1377 2905 ad
1413 2866 1733 2913 uniuscujusque

104 2910 282 2952 'uomtms
300 2913 579 2952 necessitatem
609 2915 822 2961 pertinent,
843 2919 998 2961 oportet
1028 2915 1135 2962 quod
1166 2915 1330 2952 cuilibet
1355 2913 1609 2960 provideatur
1632 2926 1639 2950 :
1662 2914 1734 2954 hu·
