1894 3223
141 134 218 171 230
721 128 809 163 LIB.
838 127 890 170 Π,
917 126 1018 163 CAP.
1045 126 1199 162 LXXXV.

197 213 308 257 Quod
349 219 437 248 vero
475 209 660 255 objicitur
695 207 743 244 de
779 207 996 244 aeternitate
1029 207 1206 244 veritatis
1244 216 1362 254 quam
1394 207 1582 254 intelligit
1617 207 1764 252 anima,

149 258 402 298 considerare
437 258 589 301 oportet
621 254 726 300 quod
760 254 970 291 intellectae
1000 254 1177 291 veritatis
1212 255 1411 291 aeternitas
1433 258 1563 300 potest
1595 254 1765 302 intelligi

150 305 388 351 dupliciter:
412 312 491 339 uno
528 301 661 345 modo,
700 305 892 347 quantum
928 301 976 338 ad
1014 301 1054 338 id
1087 301 1193 348 quod
1229 301 1492 347 intelligitur;
1522 301 1602 338 alio
1632 301 1764 345 modo,

148 355 340 399 quantum
363 348 410 385 ad
430 349 468 384 id
489 357 567 395 quo
587 347 835 394 intelligitur.
859 349 903 384 Et
923 348 956 384 si
977 348 1136 394 quidem
1155 348 1302 385 veritas
1323 348 1524 397 intellecta
1548 348 1600 385 sit
1620 352 1767 385 aeterna

149 402 341 445 quantum
370 396 417 432 ad
439 395 478 432 id
499 395 606 441 quod
634 394 884 441 intelligitur,
903 399 1092 441 sequetur
1111 395 1310 432 aeternitas
1331 396 1387 431 rei
1407 404 1495 442 quae
1515 395 1765 441 intelligitur,

150 454 231 482 non
251 448 382 480 autem
407 442 680 488 intelligentis.
703 441 744 478 Si
780 445 910 478 autem
931 442 1076 479 veritas
1096 441 1297 478 intellecta
1326 442 1379 479 sit
1407 446 1555 479 aeterna
1575 445 1766 488 quantum

149 492 197 529 ad
217 490 256 527 id
286 499 364 536 quo
401 489 652 536 intel-ligitur,
684 492 874 535 sequetur
909 488 1196 535 intelligentem
1227 489 1401 526 animam
1443 498 1532 526 esse
1563 493 1764 526 aeternam.

149 539 210 575 Sic
232 541 360 574 autem
382 537 526 572 veritas
553 535 754 572 intellecta
790 544 870 572 non
900 538 960 572 est
997 540 1156 579 aeterna,
1179 535 1250 572 sed
1278 535 1407 582 primo
1444 535 1584 580 mod0;
1607 545 1656 573 ex
1674 545 1769 581 prae·

150 585 288 622 missis
319 583 425 620 enim
452 586 558 629 patet
579 582 733 628 species
768 581 1054 627 intelligibiles,
1081 582 1227 628 quibus
1252 582 1386 619 anima
1417 587 1555 620 nostra
1581 582 1768 629 intelligit

150 631 367 674 veritatem,
389 630 436 666 de
468 637 570 667 novo
600 629 718 666 nobis
738 628 924 665 advenire
962 638 1009 665 ex
1040 628 1387 674 phantasmatibus
1419 639 1489 676 per
1519 630 1765 667 intellectum

151 682 347 723 agentem.
371 676 478 713 Unde
516 685 598 713 non
619 679 749 721 potest
786 675 970 712 concludi
1010 675 1116 721 quod
1145 676 1280 712 anima
1308 676 1361 713 sit
1389 681 1548 721 aeterna,
1571 678 1639 714 sed
1662 677 1768 724 quod

150 725 335 761 veritates
356 724 564 760 intellectae
597 723 812 760 fundentur
831 723 872 759 in
909 722 1042 769 aliquo
1061 725 1222 760 aeterno.
1242 723 1441 760 Fundatur
1469 728 1600 761 autem
1619 725 1661 760 111
1681 725 1770 770 ipsa

151 772 279 817 prima
303 771 480 814 veritate,
503 771 606 807 sicut
639 771 680 806 in
701 779 823 806 causa
855 769 1073 806 universali
1095 770 1321 806 contentiva
1347 770 1480 808 omnis
1499 771 1690 808 veritatis.
1711 770 1769 808 Ad

152 820 227 856 hoc
245 821 375 854 autem
404 821 593 854 aeternum
617 820 869 862 comparatur
891 817 1037 860 anima,
1054 825 1135 853 non
1153 817 1254 853 sicut
1276 816 1496 863 subjectum
1516 817 1564 854 ad
1585 817 1767 863 formam,

153 865 221 903 sed
243 865 347 902 sicut
381 874 444 901 res
475 864 523 901 ad
543 864 747 910 proprium
776 863 915 908 tinem3
938 873 1029 900 nam
1054 872 1189 900 verum
1211 867 1271 900 est
1300 863 1450 901 bonum
1470 863 1708 908 intellectus,
1732 871 1771 902 et

150 911 243 949 finis
265 912 407 958 ipsius.
431 912 485 947 Ex
505 909 583 947 fine
605 914 735 947 autem
768 914 1046 957 argumentum
1067 911 1245 956 accipere
1275 919 1495 956 possumus
1513 911 1560 948 de
1580 911 1636 948 rei
1659 911 1772 949 dura·

153 959 273 1004 tione,
296 959 399 996 sicut
420 962 458 994 et
478 957 525 995 de
551 958 666 994 initio
688 957 744 995 rei
764 958 1030 1004 argumentari
1047 967 1264 1003 possumus
1284 967 1354 1004 per
1373 967 1536 996 causam
1559 962 1768 1005 agentem;

152 1006 258 1053 quod
295 1004 401 1042 enirn
439 1008 499 1042 est
539 1005 766 1042 ordinatum
795 1005 844 1041 ad
881 1004 999 1041 finem
1039 1005 1338 1050 sempiternum,
1363 1009 1518 1052 oportet
1536 1014 1624 1043 esse
1646 1015 1770 1051 capax

152 1056 349 1100 perpetuae
382 1051 618 1089 durationis.
643 1052 750 1088 Unde
777 1055 907 1097 potest
927 1051 1083 1097 probari
1111 1062 1158 1089 ex
1178 1052 1395 1090 aeternitate
1413 1053 1590 1090 veritatis
1629 1052 1772 1090 intelli-

153 1099 289 1147 gibilis
311 1098 590 1136 immortalitas
611 1099 766 1141 animae,
789 1107 867 1135 non
890 1102 1020 1135 autem
1041 1098 1127 1145 ejus
1146 1099 1360 1136 aeternitas.
1581 1110 1588 1120 ¹

201 1146 313 1190 Quod
333 1154 425 1183 vero
443 1154 525 1182 non
555 1146 683 1191 possit
701 1145 860 1191 probari
886 1155 934 1182 ex
966 1146 1182 1182 aeternitate
1207 1146 1375 1192 agentis,
1395 1148 1500 1192 patet
1525 1155 1573 1183 ex
1601 1146 1665 1183 his
1683 1156 1772 1193 quae

154 1202 276 1239 supra
302 1193 350 1238 (c.
370 1195 410 1230 31
435 1196 472 1228 et
492 1192 592 1240 seq.)
613 1192 720 1230 dicta
747 1195 855 1237 sunt,
882 1202 1005 1239 quum
1025 1192 1071 1229 de
1092 1193 1308 1230 aeternitate
1329 1196 1598 1231 creaturarum
1619 1203 1770 1241 quaere·

152 1244 274 1277 retur.

203 1287 315 1331 Quod
336 1287 453 1322 etiam
471 1286 587 1323 tertio
621 1286 806 1333 objicitur
825 1285 872 1323 de
903 1286 1144 1332 perfectione
1165 1287 1354 1327 universi,
1377 1287 1656 1325 necessitatem
1690 1296 1772 1325 non

154 1333 284 1370 habet.
305 1334 483 1370 Universi
503 1335 608 1369 enim
631 1334 817 1379 perfectio
840 1333 1054 1370 attenditur
1074 1337 1263 1380 quantum
1286 1334 1334 1370 ad
1356 1334 1524 1379 species,
1547 1343 1628 1371 non
1650 1344 1773 1381 quan-

152 1384 237 1417 tum
259 1381 306 1417 ad
330 1380 552 1423 individua;
575 1389 696 1426 quum
723 1380 912 1417 continue
934 1381 1120 1417 universo
1155 1380 1324 1425 plurima
1351 1381 1556 1418 individua
1576 1381 1772 1419 addantur

154 1428 489 1473 praeexistentium
527 1427 762 1472 specierum.
802 1427 953 1464 Animae
988 1431 1119 1463 autem
1152 1428 1336 1464 humanae
1367 1436 1449 1464 non
1478 1431 1574 1464 sunt
1607 1428 1772 1466 diversae

153 1474 376 1512 secundum
397 1474 585 1519 speciem,
608 1474 679 1510 sed
711 1474 842 1511 solum
875 1483 1055 1518 numero,
1090 1478 1132 1511 ut
1163 1474 1372 1520 probatum
1392 1478 1453 1511 est
1479 1474 1528 1521 (c.
1558 1475 1637 1523 75).
1663 1476 1772 1512 Unde

153 1530 236 1559 non
256 1524 451 1567 repugnat
472 1521 703 1566 perfectioni
725 1521 900 1558 universi
919 1521 954 1558 si
972 1521 1116 1558 animae
1136 1521 1183 1558 de
1202 1530 1305 1558 novo
1327 1525 1524 1559 creentur.

201 1569 256 1605 Ex
278 1577 356 1615 quo
377 1568 495 1605 etiam
515 1572 621 1613 patet
641 1568 789 1605 solutio
809 1568 858 1605 ad
879 1568 919 1605 id
939 1568 1045 1616 quod
1063 1571 1203 1615 quarto
1238 1568 1436 1615 objicitur.
1457 1567 1646 1606 Similiter
1664 1569 1772 1607 enim

153 1614 299 1652 dicitur
318 1615 423 1661 quod
444 1617 549 1652 Deus
584 1615 875 1652 consummavit
903 1624 1023 1661 opera
1046 1624 1132 1659 sua,
1153 1619 1190 1652 et
1221 1616 1326 1662 quod
1360 1616 1553 1662 requievit
1584 1616 1633 1654 ab
1663 1617 1774 1655 omni

153 1671 272 1708 opere
293 1662 398 1708 quod
420 1666 604 1708 patrarat.
627 1663 735 1699 Sicut
755 1672 849 1709 ergo
868 1663 1162 1700 consummatio
1182 1663 1265 1700 sive
1289 1663 1479 1709 perfectio
1501 1668 1772 1701 creaturarum

154 1709 374 1746 secundum
396 1711 550 1754 species
582 1710 871 1753 consideratur,
893 1714 928 1746 et
956 1719 1036 1746 non
1064 1710 1285 1747 secundum
1316 1710 1534 1754 individua,
1569 1711 1624 1747 ita
1656 1712 1770 1758 quies

154 1756 223 1792 Dei
241 1760 302 1793 est
321 1756 580 1802 intelligenda
594 1756 814 1793 secundum
835 1757 1100 1793 cessationem
1119 1767 1142 1793 a
1161 1757 1276 1794 novis
1302 1757 1511 1803 speciebus
1533 1758 1769 1803 condendis,

153 1811 235 1839 non
257 1806 385 1839 autem
406 1813 427 1839 a
450 1803 566 1839 novis
587 1803 804 1840 individ-uis
819 1813 985 1849 quorum
1008 1804 1155 1840 similia
1171 1804 1391 1841 secundum
1412 1804 1585 1850 speciem
1606 1814 1771 1850 praeces-

154 1854 311 1893 serunt;
332 1854 368 1886 et
390 1850 462 1893 sic,
485 1859 606 1896 quum
638 1859 778 1886 omnes
808 1851 951 1887 animae
972 1851 1155 1887 humanae
1188 1851 1268 1887 sint
1290 1851 1409 1887 unius
1429 1851 1576 1896 speciei
1605 1851 1709 1888 sicut
1733 1854 1771 1889 et

150 1904 294 1933 omnes
316 1896 512 1941 homines,
536 1905 617 1934 non
646 1900 841 1944 repugnat
867 1897 1062 1942 praedictae
1091 1897 1213 1944 quieti
1241 1898 1276 1935 si
1297 1899 1401 1935 Deus
1431 1897 1611 1945 quotidie
1640 1907 1767 1936 novas

155 1943 311 1980 animas
333 1947 452 1980 creat.

203 1989 414 2027 Sciendum
441 1993 569 2027 autem
601 1993 661 2027 est
689 1991 793 2037 quod
825 1991 872 2028 ab
902 1991 1111 2028 Aristotele
1140 1999 1221 2029 non
1253 1991 1455 2030 invenitur
1483 1991 1631 2030 dictum
1665 1992 1773 2039 quod

154 2036 380 2074 intellectus
403 2037 601 2074 humanus
621 2037 672 2074 sit
703 2042 894 2082 ¹teternus;
930 2038 1035 2084 quod
1068 2041 1199 2075 tamen
1230 2038 1361 2076 dicere
1390 2039 1599 2076 consuevit
1631 2039 1673 2075 in
1708 2039 1772 2080 his

153 2092 242 2130 quae
259 2084 478 2121 secundum
497 2093 610 2121 suam
630 2084 861 2129 opinionem
882 2094 1037 2131 semper
1055 2085 1227 2122 fuerunt.
1252 2085 1354 2122 Dicit
1371 2089 1503 2123 autem
1524 2086 1659 2132 ipsum
1681 2095 1773 2123 esse

153 2134 408 2176 perpetuum;
429 2130 533 2177 quod
562 2131 720 2177 quidem
742 2135 872 2177 potest
901 2132 979 2168 dici
1001 2132 1048 2169 de
1066 2132 1130 2169 his
1148 2140 1236 2178 quae
1265 2141 1424 2179 semper
1452 2137 1582 2177 erunt,
1616 2133 1774 2171 etiamsi

155 2185 236 2214 non
257 2186 412 2223 semper
434 2177 596 2222 l'uerint;
616 2178 734 2221 unde,
748 2188 869 2224 quum
884 2179 1057 2215 animam
1078 2178 1358 2216 intellectivam
1378 2189 1402 2217 a
1420 2180 1650 2218 conditione
1673 2180 1770 2218 alia-

154 2232 242 2260 rum
263 2224 478 2261 formarum
498 2225 693 2270 exciperet
715 2226 881 2272 (Metaph
911 2235 959 2270 s.‚
982 2235 1052 2269 ΧΠ,
1070 2229 1164 2263 text.
1187 2236 1332 2264 comm.
1357 2226 1430 2273 17),
1450 2235 1533 2264 non
1549 2227 1647 2264 dixit
1665 2226 1772 2274 quod

154 2269 238 2308 haec
256 2272 382 2308 forma
401 2271 518 2309 fuerit
538 2276 628 2309 ante
649 2272 855 2309 materiam
901 2273 1007 2319 quod
1029 2277 1162 2310 tamen
1196 2273 1306 2311 Plato
1327 2273 1375 2310 de
1404 2273 1506 2310 ideis
1539 2274 1709 2320 dicebat,
1730 2277 1769 2311 et

154 2317 213 2355 516
235 2318 440 2355 videbatur
456 2318 699 2356 conveniens
717 2320 892 2357 materiae
914 2321 953 2356 in
982 2329 1060 2366 qua
1087 2320 1322 2367 loquebatur
1354 2324 1398 2358 ut
1427 2321 1581 2368 aliquid
1611 2321 1690 2359 tale
1722 2320 1770 2359 de

153 2364 284 2402 anima
306 2364 483 2413 diceret),
501 2365 572 2404 sed
593 2365 691 2402 dixit
707 2366 814 2413 quod
834 2371 968 2404 manet
985 2370 1077 2414 post
1095 2376 1255 2414 corpus.

766 2488 935 2530 CAPUT
962 2489 1155 2531 LXXXV.

505 2595 606 2629 QUOD
633 2595 763 2626 Almia
784 2595 864 2627 NON
887 2596 961 2627 EST
984 2597 1036 2626 DE
1060 2596 1306 2628 SUBSTAR'HA
1327 2597 1409 2628 Dm.

202 2688 258 2724 Ex
275 2687 340 2725 his
358 2690 475 2726 etiam
495 2695 602 2736 patet
620 2692 794 2732 animam
813 2702 898 2732 non
915 2703 1008 2732 esse
1027 2694 1076 2732 de
1094 2694 1321 2733 substantia
1338 2693 1422 2735 Dei,

202 2734 502 2788 ostensum-cst·
514 2738 619 2775 enim
639 2748 762 2785 supra
786 2740 828 2788 (1.
849 2750 877 2785 1,
895 2751 930 2779 6.
951 2741 1010 2789 15)
1033 2740 1208 2779 divinam
1237 2739 1504 2778 substantiam
1537 2748 1628 2779 6556
1660 2745 1773 2779 aeter-

154 2786 263 2826 nam,
283 2790 357 2818 nec
383 2782 533 2829 aliquld
564 2784 649 2831 ejus
682 2787 729 2823 de
771 2796 874 2825 novo
906 2788 1096 2834 incipere.
1127 2788 1278 2825 Animae
1315 2790 1448 2824 autem
1479 2786 1665 2826 humanae
1692 2797 1775 2826 non

154 2825 317 2864 fuerunt
340 2831 430 2865 ante
451 2837 629 2882 corpora,
647 2836 688 2883 ut
707 2837 915 2872 ostensum
947 2838 1008 2872 est
1038 2834 1089 2882 (c.
1109 2834 1184 2882 83).
1213 2835 1300 2872 Non
1328 2833 1454 2880 igitur
1482 2834 1617 2873 anima
1642 2839 1776 2883 potest

202 2882 248 2911 se
267 2873 315 2912 de
334 2873 560 2914 substantia
584 2876 731 2916 divma.

1866 155 1880 220 ἒ

1868 219 1879 243 A
