1894 3223
636 134 721 170 [ΑΒ.
753 135 817 178 ΙΙΙ,
844 133 945 170 CAP.
973 132 1041 169 XC.
1579 132 1648 167 379

30 219 104 256 lioc
124 217 371 265 processisse
389 215 544 253 videtur
557 214 694 260 opinio
715 213 976 260 quorumdam
992 212 1058 259 qui
1074 210 1272 256 dicebant,
1286 210 1391 258 quod
1407 210 1653 256 providentia

30 274 109 302 non
141 269 202 302 est
222 264 268 300 de
290 264 352 300 his
373 271 461 309 quae
480 261 651 299 subsunt
672 259 795 296 libero
816 260 992 303 arbitrio,
1014 259 1167 296 scilicet
1185 258 1233 295 de
1261 257 1552 300 electionibus;
1582 256 1652 295 sed

30 311 275 358 providentia
295 310 462 347 refertur
481 308 530 346 ad
550 307 766 345 exteriores
787 310 963 343 eventus.
997 307 1083 343 Non
1113 305 1217 342 enim
1250 305 1318 352 qui
1352 304 1464 351 eligit
1491 303 1653 351 aliquod

29 357 300 404 consequivel
321 355 523 403 perficere,
547 358 642 401 puta
664 353 859 391 aedificare
879 353 939 390 vel
969 352 1098 396 ditari,
1132 361 1288 398 semper
1319 351 1462 397 poterit
1495 350 1543 388 ad
1578 351 1654 388 hoc

29 405 255 452 pervenire;
293 407 331 440 et
362 403 421 441 sic
458 405 623 440 eventus
660 401 862 438 actionum
902 403 1127 437 nostrarum
1163 407 1245 436 non
1278 398 1484 445 subjacent
1529 397 1654 436 libero

31 451 207 491 arbitrio,
233 450 302 488 sed
324 449 569 496 providentia
588 448 869 494 disponuntur.
1536 471 1539 473 >

80 498 233 543 Quibus
265 497 440 543 quidem,
476 494 778 533 auctoritatibus
814 502 937 531 sacrae
971 493 1181 539 scripturae
1215 492 1415 529 resistitur
1439 491 1652 529 evidenter.

30 546 180 582 Dicitur
193 544 312 588 enim,
328 544 454 588 Isaiae,
475 545 658 587 XXV1,12:
676 542 805 579 Omnia
818 551 926 587 opera
943 543 1066 577 nostra
1080 542 1246 585 operatus
1260 549 1294 575 es
1306 541 1346 575 in
1361 539 1476 583 nobis,
1492 540 1653 575 Domine.

31 592 139 629 Unde
161 600 241 629 non
262 591 393 629 solum
413 590 596 627 virtutem
615 589 774 626 volendi
804 597 828 626 a
860 589 940 625 Deo
973 587 1179 631 habemus,
1206 586 1277 624 scd
1306 586 1425 623 etiam
1459 586 1654 632 operatio·

31 647 136 676 nem.

82 687 268 728 Prfeterem
291 685 367 722 hoc
387 684 518 730 ipsum
539 683 645 730 quod
664 683 851 720 Salomon
870 682 976 723 dicit,
993 683 1114 724 Prov„
1130 683 1238 721 xx1,1
1261 691 1270 716 :
1292 679 1516 725 Quocumque
1535 679 1655 715 volue-

30 734 83 769 rit
101 732 294 768 inclinabit
313 732 419 775 illud,
442 731 615 768 ostendit
636 739 715 767 non
734 730 863 766 solum
885 729 1058 765 divinam
1079 727 1352 765 causalitatem
1370 727 1417 764 ad
1438 727 1654 773 potentiam

31 779 250 817 voluntatis
271 778 442 822 extendi,
465 778 534 815 sed
556 777 672 814 etiam
696 777 744 814 ad
765 780 895 813 actum
918 775 1059 821 ipsius.

79 828 179 865 Item,
201 827 304 862 Deus
326 834 405 862 non
426 826 558 862 solum
585 824 651 860 dat
668 823 786 860 robus
818 823 996 866 virtutes,
1034 821 1102 858 sed
1134 821 1252 859 etiam
1287 821 1398 858 nulla
1430 829 1494 858 res
1526 824 1656 866 potest

32 873 193 920 propria
215 873 356 909 virtute
376 881 507 918 agere,
530 871 606 908 nisi
620 871 737 907 etiam
758 874 850 916 agat
869 869 909 905 in
929 869 1070 905 virtute
1091 869 1233 914 ipsius,
1256 871 1298 906 ut
1329 877 1452 913 supra
1473 867 1572 914 (cap.
1594 866 1655 913 70)

33 925 239 957 ostensum
263 923 336 956 est.
362 920 462 964 Ergo
478 919 597 955 homo
618 926 697 954 non
718 920 848 962 potest
867 917 1008 952 virtute
1026 915 1240 953 voluntatis
1262 915 1338 952 sibi
1359 915 1449 951 data
1483 915 1554 959 uti,
1578 913 1655 951 nisi

33 967 76 1003 in
97 970 287 1013 quantum
309 966 391 1012 agit
410 965 450 1001 in
471 965 614 1001 virtute
636 964 716 1000 Dei.
739 963 839 999 Illud
861 966 990 999 autem
1025 962 1065 998 in
1093 962 1208 1008 qu'us
1235 962 1378 999 virtute
1410 970 1532 1007 agens
1560 961 1655 1007 agit,

34 1017 95 1051 est
116 1022 237 1050 causa
259 1021 337 1049 non
359 1012 489 1049 solum
510 1011 680 1053 virtutis,
702 1010 770 1046 scd
795 1010 911 1046 etiam
935 1013 1046 1046 actus
1072 1021 1080 1044 ε
1102 1009 1208 1055 quod
1229 1009 1267 1045 in
1303 1007 1452 1045 artifice
1481 1011 1654 1053 apparet,

34 1061 75 1097 in
97 1060 213 1106 quus
234 1060 374 1096 virtute
395 1058 475 1105 agit
493 1058 815 1099 instrumentum,
838 1060 875 1093 et
895 1055 998 1102 quod
1021 1055 1069 1092 ab
1091 1055 1166 1093 lioc
1192 1054 1341 1092 artifice
1362 1055 1561 1100 propriam
1578 1054 1655 1091 sor-

34 1115 140 1144 mam
162 1115 240 1143 non
263 1105 418 1151 accipit,
441 1104 510 1141 sed
531 1104 662 1141 solum
684 1104 732 1140 ab
752 1104 840 1148 ipso
853 1103 1072 1147 applicatur
1091 1101 1140 1138 ad
1159 1106 1304 1140 actum.
1327 1103 1432 1138 Deus
1452 1102 1574 1147 igitur
1598 1104 1658 1138 cst

37 1161 162 1192 causa
176 1152 293 1190 nobis
317 1161 396 1189 non
418 1152 548 1188 solum
569 1150 800 1192 voluntatis,
825 1150 893 1186 sed
914 1149 1031 1186 etiam
1050 1148 1223 1186 volendi.

84 1200 267 1247 Amplius,
288 1199 500 1245 perfectius
520 1198 720 1234 invenitur
736 1196 834 1233 ordo
855 1196 894 1232 in
917 1195 1191 1241 spiritualibus
1220 1203 1340 1242 quam
1372 1195 1414 1231 in
1442 1194 1658 1241 corporali·

34 1246 124 1285 bus.
145 1249 188 1283 In
212 1245 486 1292 corporalibus
506 1248 636 1282 autem
660 1244 792 1281 omnis
816 1247 948 1279 motus
966 1246 1153 1280 causatur
1184 1251 1208 1279 a
1226 1242 1354 1287 primo
1384 1246 1508 1278 motu.
1537 1243 1658 1287 Opor-

35 1297 91 1331 tet
110 1294 232 1340 igitur
251 1292 357 1339 quod
377 1293 417 1329 in
437 1291 712 1338 spiritualibus
739 1290 871 1328 omnis
892 1293 1024 1327 motus
1046 1289 1261 1327 voluntatis
1275 1299 1299 1327 a
1312 1288 1439 1336 prima
1458 1289 1659 1326 voluntate

36 1345 235 1382 causetur,
257 1349 345 1387 quae
363 1343 424 1377 est
441 1339 628 1377 voluntas
650 1338 732 1382 Dei,

83 1388 228 1432 Adhuc,
249 1387 434 1433 superius
453 1386 554 1433 (cap.
573 1385 635 1432 70)
651 1389 857 1422 ostensum
874 1383 1050 1431 estquod
1065 1385 1168 1421 Deus
1183 1387 1244 1420 est
1255 1392 1377 1421 causa
1392 1383 1523 1420 omnis
1539 1382 1661 1420 aetio-

38 1434 117 1477 nis,
135 1437 174 1472 et
191 1433 430 1480 operaturin
455 1433 564 1470 omni
583 1436 738 1478 agente.
762 1433 828 1468 Est
851 1440 945 1477 ergo
966 1439 1089 1468 causa
1108 1433 1288 1468 motuum
1318 1430 1549 1467 voluntatis.

85 1482 185 1524 Item,
204 1481 383 1527 arguitur
399 1480 528 1517 adhuc
541 1479 771 1517 Aristoteles
786 1479 827 1514 in
845 1482 984 1514 octavo
994 1478 1195 1514 Eudemieae
1208 1478 1344 1513 Ethicae
1361 1486 1429 1522 per
1449 1477 1554 1513 huuc
1573 1484 1660 1512 mo-

38 1528 132 1566 dum
147 1540 155 1564 :
173 1527 296 1574 Hujus
315 1527 421 1574 quod
436 1526 582 1573 aliquis
601 1525 809 1572 intelligat,
828 1525 1075 1569 consilietur,
1096 1524 1229 1570 eligat,
1244 1528 1284 1561 et
1297 1524 1403 1567 velit,
1426 1527 1579 1569 oportet
1594 1522 1662 1559 ali-

38 1575 133 1621 quid
149 1583 238 1613 esse
255 1583 432 1618 causam,
447 1574 540 1620 quia
555 1582 672 1610 omne
686 1581 831 1609 novum
852 1574 1006 1617 oportet
1025 1571 1131 1618 quod
1145 1570 1286 1608 habeat
1300 1570 1472 1617 aliquam
1484 1578 1658 1607 causam.

37 1621 76 1660 Si
113 1625 244 1659 autem
281 1625 342 1659 est
377 1629 500 1658 causa
530 1620 615 1666 ejus
647 1619 754 1656 aliud
781 1619 995 1655 consilium
1024 1621 1062 1654 et
1086 1617 1165 1655 alia
1196 1617 1380 1654 voluntas
1406 1617 1660 1662 praecedens,

39 1677 131 1706 cum
149 1677 230 1706 non
244 1668 296 1706 sit
312 1667 524 1715 procedere
544 1668 584 1703 in
604 1666 668 1704 his
688 1667 727 1703 in
744 1666 956 1705 infinitum,
979 1668 1134 1711 oportet
1148 1664 1330 1702 devenire
1346 1664 1393 1701 ad
1407 1663 1567 1710 aliquod
1583 1664 1661 1709 pri-

40 1724 164 1753 mum.
186 1715 310 1761 Hujus
329 1714 437 1752 modi
458 1718 589 1751 autem
609 1714 780 1759 primum
801 1716 955 1758 oportet
973 1711 1220 1758 essealiquid
1235 1711 1340 1758 quod
1362 1715 1422 1748 est
1442 1711 1585 1747 melius
1606 1720 1663 1746 ra-

40 1763 162 1815 tione.
173 1756 280 1799 Nihil
299 1765 431 1814 autem
446 1764 508 1798 est
523 1760 666 1798 melius
680 1759 882 1811 intellectu
895 1763 933 1795 et
947 1759 1099 1796 ratione
1115 1758 1193 1795 nisi
1209 1759 1326 1795 Deus.
1343 1759 1409 1796 Est
1423 1757 1544 1806 igitur
1559 1759 1662 1795 Deus

39 1817 209 1855 primum
228 1808 468 1856 princlpium
489 1811 717 1846 nostrorum
738 1806 999 1844 consiliorum
1020 1809 1057 1842 et
1074 1805 1336 1844 voluntatum.

704 1952 874 1995 CAPUT
913 1951 995 1993 XC.

43 2075 144 2109 QUOD
162 2073 398 2104 ELECTIONES
416 2073 466 2103 ET
483 2072 737 2103 VOLUNTATES
762 2071 938 2102 HUMANAE
957 2071 1186 2102 SUBDANTUR
1209 2071 1358 2101 DIVINAE
1376 2071 1662 2102 PROVIDENTIAE.

92 2185 145 2220 Ex
170 2190 250 2229 quo
280 2184 401 2228 patet,
422 2181 529 2228 quod
559 2183 715 2226 oportet
742 2180 860 2217 etiam
891 2180 1117 2217 voluntates
1153 2180 1350 2218 humanas
1379 2184 1417 2217 et
1449 2180 1664 2219 electiones

44 2229 188 2281 divinae
207 2226 664 2281 providentiaesubditas
683 2235 788 2264 esse.
809 2227 953 2264 Omnia
971 2227 1076 2264 enim
1094 2236 1182 2274 quae
1208 2229 1312 2264 Deus
1333 2228 1428 2274 agit,
1449 2236 1497 2264 ex
1525 2228 1662 2265 ordine

43 2275 303 2323 providentiae
318 2283 400 2312 suae
420 2277 514 2322 agit.
537 2274 632 2311 Cum
652 2274 775 2320 igitur
797 2273 883 2320 ipse
909 2274 962 2311 sit
992 2282 1116 2311 cansa
1142 2274 1350 2312 electionis
1381 2277 1420 2311 et
1447 2274 1663 2311 voluntatis

44 2326 206 2366 nostrae,
221 2321 438 2360 electiones
457 2324 496 2358 et
514 2321 738 2358 voluntates
759 2324 906 2358 nostrae
924 2320 1068 2358 divinae
1088 2320 1345 2366 providentiae
1366 2320 1603 2358 subduntur.

91 2370 273 2416 Amplius,
296 2368 432 2406 omnia
449 2367 673 2414 corporalia
690 2376 760 2414 per
783 2367 1006 2414 spiritualia
1036 2367 1380 2412 administrantur,
1410 2367 1515 2404 sicut
1546 2375 1663 2413 supe-

44 2417 130 2455 rius
153 2417 253 2463 (cap.
279 2415 340 2463 78)
361 2418 422 2453 est
441 2418 662 2453 ostensum.
694 2414 922 2460 spiritualia
945 2417 1077 2452 autem
1106 2417 1231 2461 agunt
1262 2414 1305 2451 in
1344 2413 1570 2459 corporalia
1594 2423 1663 2460 per

44 2464 303 2501 voluntatem.
341 2462 381 2500 Si
412 2461 535 2509 igitur
579 2461 795 2499 electiones
826 2465 865 2498 et
896 2465 1029 2498 motus
1055 2461 1304 2499 voluntatum
1334 2460 1661 2499 intellectualium

45 2510 359 2549 substantiarum
380 2508 430 2546 ad
451 2508 518 2545 Dei
538 2508 823 2554 providentiam
846 2517 927 2545 non
947 2507 1158 2553 pertinent,
1195 2507 1375 2554 sequitur
1406 2507 1513 2554 quod
1544 2508 1663 2546 etiam

46 2557 271 2642 cogporalia
284 2556 414 2603 ipsius
433 2554 690 2603 providentiae
711 2554 1008 2599 subtrahantur,
1029 2557 1067 2591 et
1089 2555 1148 2592 sic
1165 2554 1338 2592 totaliter
1357 2555 1469 2592 nulla
1487 2555 1560 2592 erit
1572 2563 1663 2603 pro-

45 2613 84 2642 vi
114 2604 232 2642 entia.

93 2652 195 2697 Item,
221 2653 372 2698 quanto
398 2649 534 2697 aliqua
565 2652 659 2687 sunt
691 2649 889 2687 nobiliora
922 2649 963 2686 in
997 2648 1198 2694 universo,
1230 2651 1340 2687 tanto
1372 2653 1527 2696 oportet
1556 2650 1663 2697 quod

47 2698 177 2745 magis
195 2697 412 2744 paticipent
430 2697 611 2734 ordinem
631 2697 673 2733 in
693 2705 771 2744 quo
795 2696 944 2733 bonum
964 2696 1139 2733 universi
1159 2697 1357 2734 consistit.
1382 2697 1491 2734 Unde
1519 2698 1665 2735 Aristo·

46 2745 148 2782 teies
164 2745 207 2782 in
223 2744 401 2783 secundo
430 2745 541 2789 Phys.
563 2743 658 2790 (text
676 2752 820 2780 comm.
839 2742 898 2790 44)
919 2743 1050 2789 arguit
1080 2743 1267 2790 antiquos
1297 2743 1575 2790 philosophos,
1596 2745 1662 2791 qui

48 2791 249 2844 ponebant
266 2799 406 2844 casum
425 2794 464 2828 et
484 2792 683 2828 fortunam
703 2791 744 2826 in
775 2790 1059 2828 constitutione
1085 2790 1306 2828 coelestium
1335 2800 1559 2838 corporum,
1582 2799 1662 2827 non

51 2841 182 2875 autem
202 2847 244 2875 1n
263 2838 521 2876 inferioribus
538 2837 671 2876 rebus.
694 2837 931 2874 Substantia}
948 2840 1079 2874 autem
1105 2837 1394 2875 intellectuales
1426 2842 1519 2875 sunt
1550 2837 1662 2874 nobi-

50 2883 171 2924 liores
192 2885 428 2925 substantiis
449 2884 739 2933 corporalibus.
759 2884 797 2922 Si
819 2884 939 2932 igitur
959 2883 1191 2923 substantiae
1222 2885 1451 2932 corporales
1471 2888 1660 2931 quantum
