<?xml version="1.0" encoding="UTF-8"?>
<!DOCTYPE html PUBLIC "-//W3C//DTD XHTML 1.0 Transitional//EN"
    "http://www.w3.org/TR/xhtml1/DTD/xhtml1-transitional.dtd">
<html xmlns="http://www.w3.org/1999/xhtml" xml:lang="en" lang="en">
 <head>
  <title>
</title>
<meta http-equiv="Content-Type" content="text/html;charset=utf-8" />
  <meta name='ocr-system' content='tesseract 3.04.00' />
  <meta name='ocr-capabilities' content='ocr_page ocr_carea ocr_par ocr_line ocrx_word'/>
</head>
<body>
  <div class='ocr_page' id='page_1' title='image "./deveritatecathol00thomuoft_0245.png"; bbox 0 0 1894 3223; ppageno 0'>
   <div class='ocr_carea' id='block_1_1' title="bbox 660 115 1691 160">
    <p class='ocr_par' dir='ltr' id='par_1_1' title="bbox 660 115 1691 160">
     <span class='ocr_line' id='line_1_1' title="bbox 660 115 1691 160; baseline 0.004 -8"><span class='ocrx_word' id='word_1_1' title='bbox 660 117 749 153; x_wconf 85' lang='lat' dir='ltr'><strong>LIB.</strong></span> <span class='ocrx_word' id='word_1_2' title='bbox 778 117 824 160; x_wconf 88' lang='lat'>11,</span> <span class='ocrx_word' id='word_1_3' title='bbox 852 116 952 152; x_wconf 76' lang='lat' dir='ltr'><strong>CAP.</strong></span> <span class='ocrx_word' id='word_1_4' title='bbox 982 115 1108 153; x_wconf 85' lang='lat' dir='ltr'><strong>LXXV.</strong></span> <span class='ocrx_word' id='word_1_5' title='bbox 1622 121 1691 156; x_wconf 79' lang='lat'>205</span> 
     </span>
    </p>
   </div>
   <div class='ocr_carea' id='block_1_2' title="bbox 64 197 1693 2914">
    <p class='ocr_par' dir='ltr' id='par_1_2' title="bbox 65 197 1693 893">
     <span class='ocr_line' id='line_1_2' title="bbox 70 197 1688 250; baseline 0.001 -14"><span class='ocrx_word' id='word_1_6' title='bbox 70 197 240 238; x_wconf 88' lang='lat' dir='ltr'>diversis</span> <span class='ocrx_word' id='word_1_7' title='bbox 262 197 493 235; x_wconf 90' lang='lat' dir='ltr'>hominibus</span> <span class='ocrx_word' id='word_1_8' title='bbox 514 197 566 235; x_wconf 89' lang='lat' dir='ltr'>sit</span> <span class='ocrx_word' id='word_1_9' title='bbox 585 197 870 244; x_wconf 88' lang='lat' dir='ltr'>multiplicatus</span> <span class='ocrx_word' id='word_1_10' title='bbox 887 198 1105 250; x_wconf 86' lang='lat' dir='ltr'>secundum</span> <span class='ocrx_word' id='word_1_11' title='bbox 1128 207 1350 244; x_wconf 86' lang='lat' dir='ltr'>numerum,</span> <span class='ocrx_word' id='word_1_12' title='bbox 1372 209 1494 247; x_wconf 88' lang='lat' dir='ltr'>quum</span> <span class='ocrx_word' id='word_1_13' title='bbox 1509 200 1562 238; x_wconf 88' lang='lat' dir='ltr'>sit</span> <span class='ocrx_word' id='word_1_14' title='bbox 1582 209 1688 238; x_wconf 90' lang='lat' dir='ltr'>unus</span> 
     </span>
     <span class='ocr_line' id='line_1_3' title="bbox 68 245 1692 293; baseline 0.001 -10"><span class='ocrx_word' id='word_1_15' title='bbox 68 245 290 284; x_wconf 87' lang='lat' dir='ltr'>secundum</span> <span class='ocrx_word' id='word_1_16' title='bbox 321 245 511 291; x_wconf 89' lang='lat' dir='ltr'>speciem,</span> <span class='ocrx_word' id='word_1_17' title='bbox 532 248 687 291; x_wconf 75' lang='lat' dir='ltr'>oportet</span> <span class='ocrx_word' id='word_1_18' title='bbox 714 245 819 291; x_wconf 86' lang='lat' dir='ltr'>quod</span> <span class='ocrx_word' id='word_1_19' title='bbox 849 246 901 281; x_wconf 92' lang='lat' dir='ltr'>sit</span> <span class='ocrx_word' id='word_1_20' title='bbox 920 246 1190 283; x_wconf 80' lang='lat' dir='ltr'>individuatus</span> <span class='ocrx_word' id='word_1_21' title='bbox 1219 246 1262 283; x_wconf 91' lang='lat' dir='ltr'>in</span> <span class='ocrx_word' id='word_1_22' title='bbox 1291 247 1366 284; x_wconf 90' lang='lat' dir='ltr'>hoc</span> <span class='ocrx_word' id='word_1_23' title='bbox 1397 250 1434 283; x_wconf 91' lang='lat' dir='ltr'>et</span> <span class='ocrx_word' id='word_1_24' title='bbox 1465 247 1504 283; x_wconf 96' lang='lat' dir='ltr'>in</span> <span class='ocrx_word' id='word_1_25' title='bbox 1536 247 1604 284; x_wconf 92' lang='lat' dir='ltr'>illo</span> <span class='ocrx_word' id='word_1_26' title='bbox 1623 257 1692 293; x_wconf 87' lang='lat' dir='ltr'>per</span> 
     </span>
     <span class='ocr_line' id='line_1_4' title="bbox 67 292 1693 340; baseline 0.001 -10"><span class='ocrx_word' id='word_1_27' title='bbox 67 293 276 330; x_wconf 79' lang='lat' dir='ltr'><strong>materiam</strong></span> <span class='ocrx_word' id='word_1_28' title='bbox 296 303 304 336; x_wconf 91' lang='lat'>;</span> <span class='ocrx_word' id='word_1_29' title='bbox 325 300 405 329; x_wconf 92' lang='lat' dir='ltr'>non</span> <span class='ocrx_word' id='word_1_30' title='bbox 428 295 559 329; x_wconf 90' lang='lat' dir='ltr'>autem</span> <span class='ocrx_word' id='word_1_31' title='bbox 580 301 649 338; x_wconf 87' lang='lat' dir='ltr'>per</span> <span class='ocrx_word' id='word_1_32' title='bbox 666 292 870 329; x_wconf 81' lang='lat' dir='ltr'>materiam</span> <span class='ocrx_word' id='word_1_33' title='bbox 891 302 977 338; x_wconf 64' lang='lat' dir='ltr'>qute</span> <span class='ocrx_word' id='word_1_34' title='bbox 996 293 1047 329; x_wconf 90' lang='lat' dir='ltr'>sit</span> <span class='ocrx_word' id='word_1_35' title='bbox 1065 302 1156 338; x_wconf 89' lang='lat' dir='ltr'>pars</span> <span class='ocrx_word' id='word_1_36' title='bbox 1177 293 1256 337; x_wconf 90' lang='grc'>8111,</span> <span class='ocrx_word' id='word_1_37' title='bbox 1275 294 1369 340; x_wconf 87' lang='lat' dir='ltr'>quia</span> <span class='ocrx_word' id='word_1_38' title='bbox 1385 294 1443 331; x_wconf 91' lang='lat' dir='ltr'>sic</span> <span class='ocrx_word' id='word_1_39' title='bbox 1464 298 1571 331; x_wconf 88' lang='lat' dir='ltr'>esset</span> <span class='ocrx_word' id='word_1_40' title='bbox 1589 304 1693 332; x_wconf 83' lang='lat' dir='ltr'>rece·</span> 
     </span>
     <span class='ocr_line' id='line_1_5' title="bbox 65 338 1692 386; baseline 0.001 -10"><span class='ocrx_word' id='word_1_41' title='bbox 65 340 150 386; x_wconf 91' lang='lat' dir='ltr'>ptio</span> <span class='ocrx_word' id='word_1_42' title='bbox 171 339 257 386; x_wconf 88' lang='lat' dir='ltr'>ejus</span> <span class='ocrx_word' id='word_1_43' title='bbox 278 339 325 376; x_wconf 89' lang='lat' dir='ltr'>de</span> <span class='ocrx_word' id='word_1_44' title='bbox 374 347 490 376; x_wconf 91' lang='lat' dir='ltr'>enere</span> <span class='ocrx_word' id='word_1_45' title='bbox 512 338 751 385; x_wconf 83' lang='lat' dir='ltr'>receptionis</span> <span class='ocrx_word' id='word_1_46' title='bbox 773 340 946 376; x_wconf 63' lang='lat' dir='ltr'>materiae</span> <span class='ocrx_word' id='word_1_47' title='bbox 968 339 1103 385; x_wconf 68' lang='lat' dir='ltr'>prima}</span> <span class='ocrx_word' id='word_1_48' title='bbox 1121 340 1363 386; x_wconf 89' lang='lat' dir='ltr'>etreciperet</span> <span class='ocrx_word' id='word_1_49' title='bbox 1380 341 1528 378; x_wconf 84' lang='lat' dir='ltr'>formas</span> <span class='ocrx_word' id='word_1_50' title='bbox 1548 341 1692 378; x_wconf 85' lang='lat' dir='ltr'>indivi-</span> 
     </span>
     <span class='ocr_line' id='line_1_6' title="bbox 70 348 1691 435; baseline 0.001 -11"><span class='ocrx_word' id='word_1_51' title='bbox 70 385 236 430; x_wconf 88' lang='lat' dir='ltr'>duales;</span> <span class='ocrx_word' id='word_1_52' title='bbox 254 348 439 433; x_wconf 51' lang='lat' dir='ltr'>quoffest</span> <span class='ocrx_word' id='word_1_53' title='bbox 459 389 597 423; x_wconf 85' lang='lat' dir='ltr'>contra</span> <span class='ocrx_word' id='word_1_54' title='bbox 614 389 795 423; x_wconf 91' lang='lat' dir='ltr'>naturam</span> <span class='ocrx_word' id='word_1_55' title='bbox 816 386 1053 423; x_wconf 87' lang='lat' dir='ltr'>intellectus.</span> <span class='ocrx_word' id='word_1_56' title='bbox 1076 386 1325 434; x_wconf 80' lang='lat' dir='ltr'>Relinquitur</span> <span class='ocrx_word' id='word_1_57' title='bbox 1347 397 1440 434; x_wconf 85' lang='lat' dir='ltr'>ergo</span> <span class='ocrx_word' id='word_1_58' title='bbox 1462 388 1566 435; x_wconf 83' lang='lat' dir='ltr'>quod</span> <span class='ocrx_word' id='word_1_59' title='bbox 1588 388 1691 426; x_wconf 87' lang='lat' dir='ltr'>indi-</span> 
     </span>
     <span class='ocr_line' id='line_1_7' title="bbox 65 433 1689 480; baseline 0.002 -10"><span class='ocrx_word' id='word_1_60' title='bbox 65 433 251 470; x_wconf 85' lang='lat' dir='ltr'>viduetur</span> <span class='ocrx_word' id='word_1_61' title='bbox 278 442 347 478; x_wconf 91' lang='lat' dir='ltr'>per</span> <span class='ocrx_word' id='word_1_62' title='bbox 379 433 583 470; x_wconf 81' lang='lat' dir='ltr'>materiam</span> <span class='ocrx_word' id='word_1_63' title='bbox 616 442 705 479; x_wconf 73' lang='lat' dir='ltr'>quae</span> <span class='ocrx_word' id='word_1_64' title='bbox 737 436 797 470; x_wconf 91' lang='lat' dir='ltr'>est</span> <span class='ocrx_word' id='word_1_65' title='bbox 827 442 971 479; x_wconf 90' lang='lat' dir='ltr'>corpus</span> <span class='ocrx_word' id='word_1_66' title='bbox 1005 433 1180 470; x_wconf 91' lang='lat' dir='ltr'>hominis</span> <span class='ocrx_word' id='word_1_67' title='bbox 1213 434 1327 480; x_wconf 89' lang='lat' dir='ltr'>cujus</span> <span class='ocrx_word' id='word_1_68' title='bbox 1360 435 1520 480; x_wconf 90' lang='lat' dir='ltr'>ponitur</span> <span class='ocrx_word' id='word_1_69' title='bbox 1550 437 1689 473; x_wconf 76' lang='lat' dir='ltr'>torma.</span> 
     </span>
     <span class='ocr_line' id='line_1_8' title="bbox 66 479 1692 527; baseline 0.001 -9"><span class='ocrx_word' id='word_1_70' title='bbox 66 480 208 518; x_wconf 88' lang='lat' dir='ltr'>Omnis</span> <span class='ocrx_word' id='word_1_71' title='bbox 227 484 359 517; x_wconf 89' lang='lat' dir='ltr'>autem</span> <span class='ocrx_word' id='word_1_72' title='bbox 392 480 519 517; x_wconf 80' lang='lat' dir='ltr'>forma</span> <span class='ocrx_word' id='word_1_73' title='bbox 540 479 785 517; x_wconf 87' lang='lat' dir='ltr'>individuata</span> <span class='ocrx_word' id='word_1_74' title='bbox 805 489 874 526; x_wconf 87' lang='lat' dir='ltr'>per</span> <span class='ocrx_word' id='word_1_75' title='bbox 893 480 1097 517; x_wconf 81' lang='lat' dir='ltr'>materiam</span> <span class='ocrx_word' id='word_1_76' title='bbox 1119 480 1233 527; x_wconf 89' lang='lat' dir='ltr'>cujus</span> <span class='ocrx_word' id='word_1_77' title='bbox 1255 485 1314 517; x_wconf 92' lang='lat' dir='ltr'>est</span> <span class='ocrx_word' id='word_1_78' title='bbox 1334 485 1460 525; x_wconf 84' lang='lat' dir='ltr'>actus,</span> <span class='ocrx_word' id='word_1_79' title='bbox 1483 486 1542 519; x_wconf 92' lang='lat' dir='ltr'>est</span> <span class='ocrx_word' id='word_1_80' title='bbox 1565 484 1692 520; x_wconf 74' lang='lat' dir='ltr'>forma</span> 
     </span>
     <span class='ocr_line' id='line_1_9' title="bbox 65 526 1689 579; baseline 0.002 -15"><span class='ocrx_word' id='word_1_81' title='bbox 65 526 315 571; x_wconf 80' lang='lat' dir='ltr'>materialis3</span> <span class='ocrx_word' id='word_1_82' title='bbox 337 529 491 579; x_wconf 87' lang='lat' dir='ltr'>oportet</span> <span class='ocrx_word' id='word_1_83' title='bbox 512 527 616 563; x_wconf 92' lang='lat' dir='ltr'>enim</span> <span class='ocrx_word' id='word_1_84' title='bbox 640 527 744 573; x_wconf 84' lang='lat' dir='ltr'>quod</span> <span class='ocrx_word' id='word_1_85' title='bbox 766 536 854 564; x_wconf 91' lang='lat' dir='ltr'>esse</span> <span class='ocrx_word' id='word_1_86' title='bbox 882 527 1094 573; x_wconf 88' lang='lat' dir='ltr'>cujuslibet</span> <span class='ocrx_word' id='word_1_87' title='bbox 1115 528 1170 564; x_wconf 91' lang='lat' dir='ltr'>rei</span> <span class='ocrx_word' id='word_1_88' title='bbox 1196 528 1414 574; x_wconf 70' lang='lat' dir='ltr'>dependeat</span> <span class='ocrx_word' id='word_1_89' title='bbox 1434 529 1482 565; x_wconf 88' lang='lat' dir='ltr'>ab</span> <span class='ocrx_word' id='word_1_90' title='bbox 1501 538 1547 566; x_wconf 91' lang='lat' dir='ltr'>eo</span> <span class='ocrx_word' id='word_1_91' title='bbox 1569 539 1592 565; x_wconf 88' lang='lat' dir='ltr'>a</span> <span class='ocrx_word' id='word_1_92' title='bbox 1611 538 1689 577; x_wconf 86' lang='lat' dir='ltr'>quo</span> 
     </span>
     <span class='ocr_line' id='line_1_10' title="bbox 68 573 1690 621; baseline 0.001 -10"><span class='ocrx_word' id='word_1_93' title='bbox 68 573 265 620; x_wconf 86' lang='lat' dir='ltr'>dependet</span> <span class='ocrx_word' id='word_1_94' title='bbox 295 573 557 611; x_wconf 76' lang='lat' dir='ltr'>individuatio</span> <span class='ocrx_word' id='word_1_95' title='bbox 593 573 706 620; x_wconf 81' lang='lat' dir='ltr'>ejus3</span> <span class='ocrx_word' id='word_1_96' title='bbox 746 574 851 611; x_wconf 91' lang='lat' dir='ltr'>sicut</span> <span class='ocrx_word' id='word_1_97' title='bbox 881 575 986 610; x_wconf 87' lang='lat' dir='ltr'>enim</span> <span class='ocrx_word' id='word_1_98' title='bbox 1026 574 1219 621; x_wconf 86' lang='lat' dir='ltr'>principia</span> <span class='ocrx_word' id='word_1_99' title='bbox 1260 576 1489 612; x_wconf 89' lang='lat' dir='ltr'>communia</span> <span class='ocrx_word' id='word_1_100' title='bbox 1519 580 1612 613; x_wconf 91' lang='lat' dir='ltr'>sunt</span> <span class='ocrx_word' id='word_1_101' title='bbox 1643 576 1690 614; x_wconf 91' lang='lat' dir='ltr'>de</span> 
     </span>
     <span class='ocr_line' id='line_1_11' title="bbox 66 620 1689 669; baseline 0.001 -11"><span class='ocrx_word' id='word_1_102' title='bbox 66 621 245 658; x_wconf 83' lang='lat' dir='ltr'>essentia</span> <span class='ocrx_word' id='word_1_103' title='bbox 265 620 425 666; x_wconf 89' lang='lat' dir='ltr'>speciei,</span> <span class='ocrx_word' id='word_1_104' title='bbox 448 620 504 658; x_wconf 85' lang='lat' dir='ltr'>ita</span> <span class='ocrx_word' id='word_1_105' title='bbox 522 620 718 667; x_wconf 85' lang='lat' dir='ltr'>principia</span> <span class='ocrx_word' id='word_1_106' title='bbox 738 621 1026 658; x_wconf 83' lang='lat' dir='ltr'>individuantia</span> <span class='ocrx_word' id='word_1_107' title='bbox 1045 625 1137 658; x_wconf 89' lang='lat' dir='ltr'>sunt</span> <span class='ocrx_word' id='word_1_108' title='bbox 1169 621 1216 658; x_wconf 93' lang='lat' dir='ltr'>de</span> <span class='ocrx_word' id='word_1_109' title='bbox 1248 623 1566 669; x_wconf 51' lang='lat' dir='ltr'>essentia‘hujus</span> <span class='ocrx_word' id='word_1_110' title='bbox 1587 623 1689 660; x_wconf 89' lang='lat' dir='ltr'>indi·</span> 
     </span>
     <span class='ocr_line' id='line_1_12' title="bbox 65 667 1690 715; baseline 0.001 -10"><span class='ocrx_word' id='word_1_111' title='bbox 65 667 188 705; x_wconf 89' lang='lat' dir='ltr'>vidui.</span> <span class='ocrx_word' id='word_1_112' title='bbox 220 667 408 714; x_wconf 84' lang='lat' dir='ltr'>Sequitur</span> <span class='ocrx_word' id='word_1_113' title='bbox 439 676 534 714; x_wconf 89' lang='lat' dir='ltr'>ergo</span> <span class='ocrx_word' id='word_1_114' title='bbox 565 668 671 715; x_wconf 88' lang='lat' dir='ltr'>quod</span> <span class='ocrx_word' id='word_1_115' title='bbox 705 668 929 705; x_wconf 89' lang='lat' dir='ltr'>intellectus</span> <span class='ocrx_word' id='word_1_116' title='bbox 953 668 1160 714; x_wconf 87' lang='lat' dir='ltr'>possibilis</span> <span class='ocrx_word' id='word_1_117' title='bbox 1178 668 1228 705; x_wconf 91' lang='lat' dir='ltr'>sit</span> <span class='ocrx_word' id='word_1_118' title='bbox 1250 668 1377 706; x_wconf 84' lang='lat' dir='ltr'>forma</span> <span class='ocrx_word' id='word_1_119' title='bbox 1396 670 1630 715; x_wconf 83' lang='lat' dir='ltr'>materialis,</span> <span class='ocrx_word' id='word_1_120' title='bbox 1653 672 1690 707; x_wconf 88' lang='lat' dir='ltr'>et</span> 
     </span>
     <span class='ocr_line' id='line_1_13' title="bbox 65 714 1688 763; baseline 0.002 -12"><span class='ocrx_word' id='word_1_121' title='bbox 65 722 139 761; x_wconf 87' lang='lat' dir='ltr'>per</span> <span class='ocrx_word' id='word_1_122' title='bbox 157 723 412 762; x_wconf 88' lang='lat' dir='ltr'>consequens</span> <span class='ocrx_word' id='word_1_123' title='bbox 430 714 536 761; x_wconf 88' lang='lat' dir='ltr'>quod</span> <span class='ocrx_word' id='word_1_124' title='bbox 558 724 640 752; x_wconf 90' lang='lat' dir='ltr'>non</span> <span class='ocrx_word' id='word_1_125' title='bbox 672 715 834 760; x_wconf 88' lang='lat' dir='ltr'>recipiat</span> <span class='ocrx_word' id='word_1_126' title='bbox 864 715 1013 761; x_wconf 88' lang='lat' dir='ltr'>aliquid</span> <span class='ocrx_word' id='word_1_127' title='bbox 1042 724 1170 760; x_wconf 84' lang='lat' dir='ltr'>neque</span> <span class='ocrx_word' id='word_1_128' title='bbox 1201 719 1385 760; x_wconf 86' lang='lat' dir='ltr'>operetur</span> <span class='ocrx_word' id='word_1_129' title='bbox 1416 717 1502 753; x_wconf 87' lang='lat' dir='ltr'>sine</span> <span class='ocrx_word' id='word_1_130' title='bbox 1537 726 1688 763; x_wconf 85' lang='lat' dir='ltr'>organo</span> 
     </span>
     <span class='ocr_line' id='line_1_14' title="bbox 69 761 1690 809; baseline 0.001 -11"><span class='ocrx_word' id='word_1_131' title='bbox 69 761 297 807; x_wconf 88' lang='lat' dir='ltr'>corporali;</span> <span class='ocrx_word' id='word_1_132' title='bbox 319 761 424 808; x_wconf 90' lang='lat' dir='ltr'>quod</span> <span class='ocrx_word' id='word_1_133' title='bbox 445 765 504 798; x_wconf 85' lang='lat' dir='ltr'>est</span> <span class='ocrx_word' id='word_1_134' title='bbox 532 762 649 798; x_wconf 91' lang='lat' dir='ltr'>etiam</span> <span class='ocrx_word' id='word_1_135' title='bbox 671 766 808 798; x_wconf 88' lang='lat' dir='ltr'>contra</span> <span class='ocrx_word' id='word_1_136' title='bbox 839 766 1018 798; x_wconf 89' lang='lat' dir='ltr'>naturam</span> <span class='ocrx_word' id='word_1_137' title='bbox 1053 761 1277 798; x_wconf 85' lang='lat' dir='ltr'>intellectus</span> <span class='ocrx_word' id='word_1_138' title='bbox 1310 762 1529 808; x_wconf 80' lang='lat' dir='ltr'>possibilis,</span> <span class='ocrx_word' id='word_1_139' title='bbox 1564 765 1690 809; x_wconf 80' lang='lat' dir='ltr'>Igitur</span> 
     </span>
     <span class='ocr_line' id='line_1_15' title="bbox 67 808 1689 856; baseline 0.001 -11"><span class='ocrx_word' id='word_1_140' title='bbox 67 808 295 845; x_wconf 91' lang='lat' dir='ltr'>intellectus</span> <span class='ocrx_word' id='word_1_141' title='bbox 322 808 529 854; x_wconf 89' lang='lat' dir='ltr'>possibilis</span> <span class='ocrx_word' id='word_1_142' title='bbox 559 817 640 846; x_wconf 89' lang='lat' dir='ltr'>non</span> <span class='ocrx_word' id='word_1_143' title='bbox 670 808 955 856; x_wconf 85' lang='lat' dir='ltr'>multiplicatur</span> <span class='ocrx_word' id='word_1_144' title='bbox 984 808 1025 845; x_wconf 85' lang='lat' dir='ltr'>in</span> <span class='ocrx_word' id='word_1_145' title='bbox 1050 808 1218 846; x_wconf 87' lang='lat' dir='ltr'>diversis</span> <span class='ocrx_word' id='word_1_146' title='bbox 1252 809 1497 855; x_wconf 86' lang='lat' dir='ltr'>hominibus,</span> <span class='ocrx_word' id='word_1_147' title='bbox 1533 811 1603 847; x_wconf 90' lang='lat' dir='ltr'>sed</span> <span class='ocrx_word' id='word_1_148' title='bbox 1631 814 1689 849; x_wconf 89' lang='lat' dir='ltr'>est</span> 
     </span>
     <span class='ocr_line' id='line_1_16' title="bbox 65 855 610 893; baseline -0.002 0"><span class='ocrx_word' id='word_1_149' title='bbox 65 863 172 893; x_wconf 89' lang='lat' dir='ltr'>unus</span> <span class='ocrx_word' id='word_1_150' title='bbox 193 856 370 892; x_wconf 87' lang='lat' dir='ltr'>omnium</span> <span class='ocrx_word' id='word_1_151' title='bbox 390 855 610 893; x_wconf 89' lang='lat' dir='ltr'>hominum.</span> 
     </span>
    </p>

    <p class='ocr_par' dir='ltr' id='par_1_3' title="bbox 64 901 1689 1408">
     <span class='ocr_line' id='line_1_17' title="bbox 112 901 1689 951; baseline 0.003 -13"><span class='ocrx_word' id='word_1_152' title='bbox 112 903 213 942; x_wconf 73' lang='lat' dir='ltr'>item,</span> <span class='ocrx_word' id='word_1_153' title='bbox 236 902 270 939; x_wconf 84' lang='lat' dir='ltr'>si</span> <span class='ocrx_word' id='word_1_154' title='bbox 292 902 518 940; x_wconf 85' lang='lat' dir='ltr'>intellectus</span> <span class='ocrx_word' id='word_1_155' title='bbox 538 902 746 948; x_wconf 88' lang='lat' dir='ltr'>possibilis</span> <span class='ocrx_word' id='word_1_156' title='bbox 767 905 874 939; x_wconf 86' lang='lat' dir='ltr'>esset</span> <span class='ocrx_word' id='word_1_157' title='bbox 893 902 998 939; x_wconf 83' lang='lat' dir='ltr'>alius</span> <span class='ocrx_word' id='word_1_158' title='bbox 1018 901 1059 938; x_wconf 93' lang='grc'>10</span> <span class='ocrx_word' id='word_1_159' title='bbox 1081 901 1158 939; x_wconf 90' lang='lat' dir='ltr'>hoc</span> <span class='ocrx_word' id='word_1_160' title='bbox 1174 905 1212 938; x_wconf 88' lang='lat' dir='ltr'>et</span> <span class='ocrx_word' id='word_1_161' title='bbox 1228 902 1267 939; x_wconf 93' lang='lat' dir='ltr'>in</span> <span class='ocrx_word' id='word_1_162' title='bbox 1289 902 1359 940; x_wconf 92' lang='lat' dir='ltr'>illo</span> <span class='ocrx_word' id='word_1_163' title='bbox 1379 903 1554 949; x_wconf 91' lang='lat' dir='ltr'>homine,</span> <span class='ocrx_word' id='word_1_164' title='bbox 1575 914 1689 951; x_wconf 91' lang='lat' dir='ltr'>opor-</span> 
     </span>
     <span class='ocr_line' id='line_1_18' title="bbox 68 948 1688 996; baseline 0.002 -10"><span class='ocrx_word' id='word_1_165' title='bbox 68 952 168 986; x_wconf 84' lang='lat' dir='ltr'>teret</span> <span class='ocrx_word' id='word_1_166' title='bbox 188 948 293 996; x_wconf 88' lang='lat' dir='ltr'>quod</span> <span class='ocrx_word' id='word_1_167' title='bbox 315 949 468 995; x_wconf 88' lang='lat' dir='ltr'>species</span> <span class='ocrx_word' id='word_1_168' title='bbox 486 949 685 986; x_wconf 89' lang='lat' dir='ltr'>intellecta</span> <span class='ocrx_word' id='word_1_169' title='bbox 705 952 812 986; x_wconf 87' lang='lat' dir='ltr'>esset</span> <span class='ocrx_word' id='word_1_170' title='bbox 831 949 909 985; x_wconf 88' lang='lat' dir='ltr'>alia</span> <span class='ocrx_word' id='word_1_171' title='bbox 930 957 1096 985; x_wconf 91' lang='lat' dir='ltr'>numero</span> <span class='ocrx_word' id='word_1_172' title='bbox 1115 949 1156 985; x_wconf 92' lang='lat' dir='ltr'>in</span> <span class='ocrx_word' id='word_1_173' title='bbox 1174 949 1250 986; x_wconf 90' lang='lat' dir='ltr'>hoc</span> <span class='ocrx_word' id='word_1_174' title='bbox 1268 953 1306 986; x_wconf 91' lang='lat' dir='ltr'>et</span> <span class='ocrx_word' id='word_1_175' title='bbox 1326 950 1365 987; x_wconf 91' lang='lat' dir='ltr'>in</span> <span class='ocrx_word' id='word_1_176' title='bbox 1388 951 1472 994; x_wconf 88' lang='lat' dir='ltr'>illo,</span> <span class='ocrx_word' id='word_1_177' title='bbox 1497 961 1574 988; x_wconf 90' lang='lat' dir='ltr'>una</span> <span class='ocrx_word' id='word_1_178' title='bbox 1594 960 1688 990; x_wconf 80' lang='lat' dir='ltr'>vero</span> 
     </span>
     <span class='ocr_line' id='line_1_19' title="bbox 66 995 1687 1045; baseline 0.002 -12"><span class='ocrx_word' id='word_1_179' title='bbox 66 996 110 1033; x_wconf 91' lang='lat' dir='ltr'>in</span> <span class='ocrx_word' id='word_1_180' title='bbox 129 996 287 1042; x_wconf 88' lang='lat' dir='ltr'>specie;</span> <span class='ocrx_word' id='word_1_181' title='bbox 310 1005 430 1042; x_wconf 85' lang='lat' dir='ltr'>quum</span> <span class='ocrx_word' id='word_1_182' title='bbox 452 996 558 1032; x_wconf 90' lang='lat' dir='ltr'>enim</span> <span class='ocrx_word' id='word_1_183' title='bbox 592 996 812 1041; x_wconf 83' lang='lat' dir='ltr'>specierum</span> <span class='ocrx_word' id='word_1_184' title='bbox 840 995 1127 1032; x_wconf 87' lang='lat' dir='ltr'>intellectarum</span> <span class='ocrx_word' id='word_1_185' title='bbox 1150 996 1190 1032; x_wconf 89' lang='lat' dir='ltr'>in</span> <span class='ocrx_word' id='word_1_186' title='bbox 1212 1000 1300 1033; x_wconf 85' lang='lat' dir='ltr'>actu</span> <span class='ocrx_word' id='word_1_187' title='bbox 1321 998 1523 1043; x_wconf 90' lang='lat' dir='ltr'>proprium</span> <span class='ocrx_word' id='word_1_188' title='bbox 1557 999 1687 1045; x_wconf 85' lang='lat' dir='ltr'>subje-</span> 
     </span>
     <span class='ocr_line' id='line_1_20' title="bbox 66 1042 1688 1090; baseline 0.001 -10"><span class='ocrx_word' id='word_1_189' title='bbox 66 1046 174 1080; x_wconf 87' lang='lat' dir='ltr'>ctum</span> <span class='ocrx_word' id='word_1_190' title='bbox 194 1043 246 1080; x_wconf 91' lang='lat' dir='ltr'>sit</span> <span class='ocrx_word' id='word_1_191' title='bbox 266 1042 491 1079; x_wconf 90' lang='lat' dir='ltr'>intellectus</span> <span class='ocrx_word' id='word_1_192' title='bbox 520 1042 741 1088; x_wconf 89' lang='lat' dir='ltr'>possibilis,</span> <span class='ocrx_word' id='word_1_193' title='bbox 765 1046 919 1088; x_wconf 89' lang='lat' dir='ltr'>oportet</span> <span class='ocrx_word' id='word_1_194' title='bbox 936 1042 1056 1089; x_wconf 87' lang='lat' dir='ltr'>quod,</span> <span class='ocrx_word' id='word_1_195' title='bbox 1080 1043 1342 1089; x_wconf 88' lang='lat' dir='ltr'>multiplicato</span> <span class='ocrx_word' id='word_1_196' title='bbox 1364 1044 1565 1081; x_wconf 89' lang='lat' dir='ltr'>intellectu</span> <span class='ocrx_word' id='word_1_197' title='bbox 1597 1055 1688 1090; x_wconf 89' lang='lat' dir='ltr'>pos-</span> 
     </span>
     <span class='ocr_line' id='line_1_21' title="bbox 66 1088 1687 1136; baseline 0.001 -9"><span class='ocrx_word' id='word_1_198' title='bbox 66 1090 191 1132; x_wconf 90' lang='lat' dir='ltr'>sibili,</span> <span class='ocrx_word' id='word_1_199' title='bbox 213 1088 526 1134; x_wconf 87' lang='lat' dir='ltr'>multiplicentur</span> <span class='ocrx_word' id='word_1_200' title='bbox 546 1090 700 1135; x_wconf 90' lang='lat' dir='ltr'>species</span> <span class='ocrx_word' id='word_1_201' title='bbox 724 1088 999 1136; x_wconf 84' lang='lat' dir='ltr'>intelligibiles</span> <span class='ocrx_word' id='word_1_202' title='bbox 1026 1090 1245 1126; x_wconf 89' lang='lat' dir='ltr'>secundum</span> <span class='ocrx_word' id='word_1_203' title='bbox 1268 1099 1477 1128; x_wconf 88' lang='lat' dir='ltr'>numerum</span> <span class='ocrx_word' id='word_1_204' title='bbox 1500 1092 1539 1127; x_wconf 91' lang='grc'>10</span> <span class='ocrx_word' id='word_1_205' title='bbox 1561 1092 1687 1129; x_wconf 86' lang='lat' dir='ltr'>diver-</span> 
     </span>
     <span class='ocr_line' id='line_1_22' title="bbox 64 1135 1688 1184; baseline 0.001 -10"><span class='ocrx_word' id='word_1_206' title='bbox 64 1137 139 1174; x_wconf 87' lang='lat' dir='ltr'>sis.</span> <span class='ocrx_word' id='word_1_207' title='bbox 173 1135 332 1182; x_wconf 88' lang='lat' dir='ltr'>Species</span> <span class='ocrx_word' id='word_1_208' title='bbox 363 1140 493 1173; x_wconf 89' lang='lat' dir='ltr'>autem</span> <span class='ocrx_word' id='word_1_209' title='bbox 526 1140 594 1173; x_wconf 89' lang='lat' dir='ltr'>aut</span> <span class='ocrx_word' id='word_1_210' title='bbox 619 1136 754 1173; x_wconf 79' lang='lat' dir='ltr'>formae</span> <span class='ocrx_word' id='word_1_211' title='bbox 787 1146 875 1183; x_wconf 82' lang='lat' dir='ltr'>quae</span> <span class='ocrx_word' id='word_1_212' title='bbox 910 1139 1003 1174; x_wconf 88' lang='lat' dir='ltr'>sunt</span> <span class='ocrx_word' id='word_1_213' title='bbox 1034 1136 1179 1173; x_wconf 83' lang='lat' dir='ltr'>eaedem</span> <span class='ocrx_word' id='word_1_214' title='bbox 1213 1137 1432 1174; x_wconf 88' lang='lat' dir='ltr'>secundum</span> <span class='ocrx_word' id='word_1_215' title='bbox 1455 1139 1627 1184; x_wconf 87' lang='lat' dir='ltr'>speciem</span> <span class='ocrx_word' id='word_1_216' title='bbox 1651 1141 1688 1175; x_wconf 88' lang='lat' dir='ltr'>et</span> 
     </span>
     <span class='ocr_line' id='line_1_23' title="bbox 67 1182 1688 1231; baseline 0.001 -11"><span class='ocrx_word' id='word_1_217' title='bbox 67 1182 234 1220; x_wconf 76' lang='lat' dir='ltr'>diversae</span> <span class='ocrx_word' id='word_1_218' title='bbox 253 1183 473 1220; x_wconf 90' lang='lat' dir='ltr'>secundum</span> <span class='ocrx_word' id='word_1_219' title='bbox 495 1192 719 1227; x_wconf 91' lang='lat' dir='ltr'>numerum,</span> <span class='ocrx_word' id='word_1_220' title='bbox 741 1187 835 1220; x_wconf 91' lang='lat' dir='ltr'>sunt</span> <span class='ocrx_word' id='word_1_221' title='bbox 855 1184 991 1220; x_wconf 81' lang='lat' dir='ltr'>formae</span> <span class='ocrx_word' id='word_1_222' title='bbox 1012 1183 1291 1229; x_wconf 89' lang='lat' dir='ltr'>individuales‚</span> <span class='ocrx_word' id='word_1_223' title='bbox 1317 1195 1404 1231; x_wconf 80' lang='lat' dir='ltr'>quae</span> <span class='ocrx_word' id='word_1_224' title='bbox 1421 1194 1500 1222; x_wconf 90' lang='lat' dir='ltr'>non</span> <span class='ocrx_word' id='word_1_225' title='bbox 1519 1189 1688 1231; x_wconf 88' lang='lat' dir='ltr'>possunt</span> 
     </span>
     <span class='ocr_line' id='line_1_24' title="bbox 67 1229 1686 1279; baseline 0.001 -11"><span class='ocrx_word' id='word_1_226' title='bbox 67 1238 159 1268; x_wconf 88' lang='lat' dir='ltr'>esse</span> <span class='ocrx_word' id='word_1_227' title='bbox 181 1229 317 1267; x_wconf 77' lang='lat' dir='ltr'>formae</span> <span class='ocrx_word' id='word_1_228' title='bbox 339 1229 614 1277; x_wconf 82' lang='lat' dir='ltr'>intelligibiles</span> <span class='ocrx_word' id='word_1_229' title='bbox 635 1243 643 1275; x_wconf 91' lang='lat'>;</span> <span class='ocrx_word' id='word_1_230' title='bbox 666 1230 760 1277; x_wconf 88' lang='lat' dir='ltr'>quia</span> <span class='ocrx_word' id='word_1_231' title='bbox 790 1230 1059 1276; x_wconf 87' lang='lat' dir='ltr'>intelligibilia</span> <span class='ocrx_word' id='word_1_232' title='bbox 1078 1234 1172 1267; x_wconf 88' lang='lat' dir='ltr'>sunt</span> <span class='ocrx_word' id='word_1_233' title='bbox 1192 1231 1446 1277; x_wconf 80' lang='lat' dir='ltr'>universalia,</span> <span class='ocrx_word' id='word_1_234' title='bbox 1469 1241 1547 1269; x_wconf 91' lang='lat' dir='ltr'>non</span> <span class='ocrx_word' id='word_1_235' title='bbox 1569 1233 1686 1279; x_wconf 89' lang='lat' dir='ltr'>parti-</span> 
     </span>
     <span class='ocr_line' id='line_1_25' title="bbox 66 1277 1688 1325; baseline 0.002 -11"><span class='ocrx_word' id='word_1_236' title='bbox 66 1277 233 1314; x_wconf 90' lang='lat' dir='ltr'>cularia.</span> <span class='ocrx_word' id='word_1_237' title='bbox 257 1277 506 1322; x_wconf 90' lang='lat' dir='ltr'>Impossibile</span> <span class='ocrx_word' id='word_1_238' title='bbox 525 1281 586 1315; x_wconf 93' lang='lat' dir='ltr'>est</span> <span class='ocrx_word' id='word_1_239' title='bbox 603 1277 725 1324; x_wconf 87' lang='lat' dir='ltr'>igitur</span> <span class='ocrx_word' id='word_1_240' title='bbox 744 1277 989 1314; x_wconf 85' lang='lat' dir='ltr'>intellectum</span> <span class='ocrx_word' id='word_1_241' title='bbox 1009 1277 1243 1324; x_wconf 89' lang='lat' dir='ltr'>possibilem</span> <span class='ocrx_word' id='word_1_242' title='bbox 1265 1287 1353 1315; x_wconf 89' lang='lat' dir='ltr'>esse</span> <span class='ocrx_word' id='word_1_243' title='bbox 1382 1279 1688 1325; x_wconf 85' lang='lat' dir='ltr'>multiplicatum</span> 
     </span>
     <span class='ocr_line' id='line_1_26' title="bbox 66 1324 1687 1408; baseline 0.002 -47"><span class='ocrx_word' id='word_1_244' title='bbox 66 1324 298 1408; x_wconf 74' lang='lat' dir='ltr'>inbdiversis</span> <span class='ocrx_word' id='word_1_245' title='bbox 317 1324 533 1362; x_wconf 88' lang='lat' dir='ltr'>individuis</span> <span class='ocrx_word' id='word_1_246' title='bbox 557 1324 764 1362; x_wconf 87' lang='lat' dir='ltr'>hominum</span> <span class='ocrx_word' id='word_1_247' title='bbox 782 1337 790 1369; x_wconf 93' lang='lat'>;</span> <span class='ocrx_word' id='word_1_248' title='bbox 813 1333 977 1362; x_wconf 86' lang='grc'>0000880</span> <span class='ocrx_word' id='word_1_249' title='bbox 997 1328 1057 1362; x_wconf 86' lang='lat' dir='ltr'>est</span> <span class='ocrx_word' id='word_1_250' title='bbox 1077 1324 1199 1372; x_wconf 86' lang='lat' dir='ltr'>igitur</span> <span class='ocrx_word' id='word_1_251' title='bbox 1219 1325 1325 1372; x_wconf 88' lang='lat' dir='ltr'>quod</span> <span class='ocrx_word' id='word_1_252' title='bbox 1345 1325 1398 1363; x_wconf 90' lang='lat' dir='ltr'>sit</span> <span class='ocrx_word' id='word_1_253' title='bbox 1417 1335 1522 1364; x_wconf 89' lang='lat' dir='ltr'>unus</span> <span class='ocrx_word' id='word_1_254' title='bbox 1542 1327 1583 1363; x_wconf 90' lang='lat' dir='ltr'>in</span> <span class='ocrx_word' id='word_1_255' title='bbox 1605 1335 1687 1364; x_wconf 91' lang='lat' dir='ltr'>om-</span> 
     </span>
     <span class='ocr_line' id='line_1_27' title="bbox 65 1379 203 1408; baseline 0 0"><span class='ocrx_word' id='word_1_256' title='bbox 65 1379 108 1408; x_wconf 85' lang='grc'>111</span> <span class='ocrx_word' id='word_1_257' title='bbox 142 1379 203 1408; x_wconf 89' lang='grc'>118.</span> 
     </span>
    </p>

    <p class='ocr_par' dir='ltr' id='par_1_4' title="bbox 65 1417 1689 1794">
     <span class='ocr_line' id='line_1_28' title="bbox 119 1417 1689 1466; baseline 0.003 -12"><span class='ocrx_word' id='word_1_258' title='bbox 119 1418 262 1456; x_wconf 82' lang='lat' dir='ltr'>Adhuc.</span> <span class='ocrx_word' id='word_1_259' title='bbox 284 1417 475 1464; x_wconf 88' lang='lat' dir='ltr'>magister</span> <span class='ocrx_word' id='word_1_260' title='bbox 491 1418 699 1456; x_wconf 88' lang='lat' dir='ltr'>scientiam</span> <span class='ocrx_word' id='word_1_261' title='bbox 714 1428 832 1465; x_wconf 80' lang='lat' dir='ltr'>quani</span> <span class='ocrx_word' id='word_1_262' title='bbox 853 1418 970 1455; x_wconf 82' lang='lat' dir='ltr'>habet</span> <span class='ocrx_word' id='word_1_263' title='bbox 990 1418 1235 1456; x_wconf 87' lang='lat' dir='ltr'>transfundit</span> <span class='ocrx_word' id='word_1_264' title='bbox 1261 1420 1303 1456; x_wconf 90' lang='lat' dir='ltr'>in</span> <span class='ocrx_word' id='word_1_265' title='bbox 1331 1419 1570 1466; x_wconf 86' lang='lat' dir='ltr'>discipulum</span> <span class='ocrx_word' id='word_1_266' title='bbox 1589 1432 1598 1464; x_wconf 87' lang='grc'>;</span> <span class='ocrx_word' id='word_1_267' title='bbox 1621 1424 1689 1458; x_wconf 91' lang='lat' dir='ltr'>aut</span> 
     </span>
     <span class='ocr_line' id='line_1_29' title="bbox 67 1464 1688 1511; baseline 0.001 -10"><span class='ocrx_word' id='word_1_268' title='bbox 67 1464 192 1511; x_wconf 90' lang='lat' dir='ltr'>igitur</span> <span class='ocrx_word' id='word_1_269' title='bbox 209 1465 386 1502; x_wconf 88' lang='lat' dir='ltr'>eamdem</span> <span class='ocrx_word' id='word_1_270' title='bbox 409 1474 587 1505; x_wconf 86' lang='lat' dir='ltr'>numero,</span> <span class='ocrx_word' id='word_1_271' title='bbox 611 1470 679 1502; x_wconf 88' lang='lat' dir='ltr'>aut</span> <span class='ocrx_word' id='word_1_272' title='bbox 708 1466 825 1502; x_wconf 89' lang='lat' dir='ltr'>aliam</span> <span class='ocrx_word' id='word_1_273' title='bbox 846 1465 1041 1502; x_wconf 87' lang='lat' dir='ltr'>diversam</span> <span class='ocrx_word' id='word_1_274' title='bbox 1074 1475 1256 1511; x_wconf 87' lang='lat' dir='ltr'>numero,</span> <span class='ocrx_word' id='word_1_275' title='bbox 1290 1467 1364 1503; x_wconf 93' lang='lat' dir='ltr'>etsi</span> <span class='ocrx_word' id='word_1_276' title='bbox 1398 1467 1450 1503; x_wconf 90' lang='lat' dir='ltr'>sit</span> <span class='ocrx_word' id='word_1_277' title='bbox 1481 1467 1615 1504; x_wconf 83' lang='lat' dir='ltr'>eadem</span> <span class='ocrx_word' id='word_1_278' title='bbox 1646 1467 1688 1504; x_wconf 91' lang='grc'>10</span> 
     </span>
     <span class='ocr_line' id='line_1_30' title="bbox 71 1511 1688 1561; baseline 0 -11"><span class='ocrx_word' id='word_1_279' title='bbox 71 1511 217 1558; x_wconf 84' lang='lat' dir='ltr'>specie.</span> <span class='ocrx_word' id='word_1_280' title='bbox 239 1511 464 1548; x_wconf 89' lang='lat' dir='ltr'>Secundum</span> <span class='ocrx_word' id='word_1_281' title='bbox 482 1511 638 1548; x_wconf 86' lang='lat' dir='ltr'>videtur</span> <span class='ocrx_word' id='word_1_282' title='bbox 663 1511 912 1558; x_wconf 86' lang='lat' dir='ltr'>impossihile</span> <span class='ocrx_word' id='word_1_283' title='bbox 943 1521 1047 1556; x_wconf 87' lang='lat' dir='ltr'>esse,</span> <span class='ocrx_word' id='word_1_284' title='bbox 1076 1513 1171 1558; x_wconf 87' lang='lat' dir='ltr'>quia</span> <span class='ocrx_word' id='word_1_285' title='bbox 1201 1513 1260 1550; x_wconf 88' lang='lat' dir='ltr'>sic</span> <span class='ocrx_word' id='word_1_286' title='bbox 1290 1514 1480 1561; x_wconf 87' lang='lat' dir='ltr'>magister</span> <span class='ocrx_word' id='word_1_287' title='bbox 1507 1517 1688 1551; x_wconf 87' lang='lat' dir='ltr'>causaret</span> 
     </span>
     <span class='ocr_line' id='line_1_31' title="bbox 69 1558 1686 1607; baseline 0.001 -12"><span class='ocrx_word' id='word_1_288' title='bbox 69 1558 281 1596; x_wconf 88' lang='lat' dir='ltr'>scientiam</span> <span class='ocrx_word' id='word_1_289' title='bbox 303 1567 415 1595; x_wconf 85' lang='lat' dir='ltr'>suam</span> <span class='ocrx_word' id='word_1_290' title='bbox 437 1558 477 1594; x_wconf 93' lang='lat' dir='ltr'>in</span> <span class='ocrx_word' id='word_1_291' title='bbox 499 1559 696 1604; x_wconf 90' lang='lat' dir='ltr'>discipulo</span> <span class='ocrx_word' id='word_1_292' title='bbox 717 1560 818 1596; x_wconf 90' lang='lat' dir='ltr'>sicut</span> <span class='ocrx_word' id='word_1_293' title='bbox 840 1563 977 1595; x_wconf 86' lang='lat' dir='ltr'>causat</span> <span class='ocrx_word' id='word_1_294' title='bbox 998 1559 1164 1595; x_wconf 88' lang='lat' dir='ltr'>formam</span> <span class='ocrx_word' id='word_1_295' title='bbox 1183 1568 1297 1597; x_wconf 87' lang='lat' dir='ltr'>suam</span> <span class='ocrx_word' id='word_1_296' title='bbox 1320 1560 1361 1596; x_wconf 91' lang='lat' dir='ltr'>in</span> <span class='ocrx_word' id='word_1_297' title='bbox 1393 1560 1540 1607; x_wconf 87' lang='lat' dir='ltr'>aliquo,</span> <span class='ocrx_word' id='word_1_298' title='bbox 1565 1570 1686 1606; x_wconf 86' lang='lat' dir='ltr'>gene-</span> 
     </span>
     <span class='ocr_line' id='line_1_32' title="bbox 68 1604 1684 1654; baseline 0.001 -12"><span class='ocrx_word' id='word_1_299' title='bbox 68 1604 196 1643; x_wconf 89' lang='lat' dir='ltr'>rando</span> <span class='ocrx_word' id='word_1_300' title='bbox 215 1605 291 1642; x_wconf 88' lang='lat' dir='ltr'>sibi</span> <span class='ocrx_word' id='word_1_301' title='bbox 313 1604 443 1642; x_wconf 89' lang='lat' dir='ltr'>simile</span> <span class='ocrx_word' id='word_1_302' title='bbox 463 1605 504 1641; x_wconf 91' lang='lat' dir='ltr'>in</span> <span class='ocrx_word' id='word_1_303' title='bbox 529 1606 660 1651; x_wconf 89' lang='lat' dir='ltr'>specie</span> <span class='ocrx_word' id='word_1_304' title='bbox 678 1618 686 1650; x_wconf 92' lang='lat'>;</span> <span class='ocrx_word' id='word_1_305' title='bbox 708 1605 813 1652; x_wconf 76' lang='lat' dir='ltr'>quod</span> <span class='ocrx_word' id='word_1_306' title='bbox 833 1605 986 1642; x_wconf 87' lang='lat' dir='ltr'>videtur</span> <span class='ocrx_word' id='word_1_307' title='bbox 999 1606 1194 1651; x_wconf 88' lang='lat' dir='ltr'>pertinere</span> <span class='ocrx_word' id='word_1_308' title='bbox 1213 1606 1262 1643; x_wconf 88' lang='lat' dir='ltr'>ad</span> <span class='ocrx_word' id='word_1_309' title='bbox 1276 1606 1435 1654; x_wconf 81' lang='lat' dir='ltr'>agentia</span> <span class='ocrx_word' id='word_1_310' title='bbox 1449 1607 1684 1644; x_wconf 87' lang='lat' dir='ltr'>materialia.</span> 
     </span>
     <span class='ocr_line' id='line_1_33' title="bbox 70 1652 1687 1701; baseline 0 -10"><span class='ocrx_word' id='word_1_311' title='bbox 70 1653 230 1699; x_wconf 88' lang='lat' dir='ltr'>Oportet</span> <span class='ocrx_word' id='word_1_312' title='bbox 247 1661 341 1698; x_wconf 89' lang='lat' dir='ltr'>ergo</span> <span class='ocrx_word' id='word_1_313' title='bbox 361 1652 465 1698; x_wconf 91' lang='lat' dir='ltr'>quod</span> <span class='ocrx_word' id='word_1_314' title='bbox 485 1652 663 1689; x_wconf 89' lang='lat' dir='ltr'>eamdem</span> <span class='ocrx_word' id='word_1_315' title='bbox 687 1652 896 1689; x_wconf 88' lang='lat' dir='ltr'>scientiam</span> <span class='ocrx_word' id='word_1_316' title='bbox 920 1661 1084 1689; x_wconf 86' lang='lat' dir='ltr'>numero</span> <span class='ocrx_word' id='word_1_317' title='bbox 1106 1657 1243 1690; x_wconf 86' lang='lat' dir='ltr'>causet</span> <span class='ocrx_word' id='word_1_318' title='bbox 1262 1654 1303 1690; x_wconf 88' lang='lat' dir='ltr'>in</span> <span class='ocrx_word' id='word_1_319' title='bbox 1329 1653 1550 1699; x_wconf 82' lang='lat' dir='ltr'>discipu103</span> <span class='ocrx_word' id='word_1_320' title='bbox 1582 1654 1687 1701; x_wconf 86' lang='lat' dir='ltr'>quo-d</span> 
     </span>
     <span class='ocr_line' id='line_1_34' title="bbox 66 1698 1684 1747; baseline 0.001 -10"><span class='ocrx_word' id='word_1_321' title='bbox 66 1708 157 1737; x_wconf 89' lang='lat' dir='ltr'>esse</span> <span class='ocrx_word' id='word_1_322' title='bbox 179 1707 259 1746; x_wconf 82' lang='lat' dir='ltr'>non</span> <span class='ocrx_word' id='word_1_323' title='bbox 280 1702 429 1745; x_wconf 91' lang='lat' dir='ltr'>posset,</span> <span class='ocrx_word' id='word_1_324' title='bbox 451 1698 529 1736; x_wconf 91' lang='lat' dir='ltr'>nisi</span> <span class='ocrx_word' id='word_1_325' title='bbox 551 1703 657 1736; x_wconf 89' lang='lat' dir='ltr'>esset</span> <span class='ocrx_word' id='word_1_326' title='bbox 677 1708 780 1736; x_wconf 92' lang='lat' dir='ltr'>unus</span> <span class='ocrx_word' id='word_1_327' title='bbox 802 1699 1026 1736; x_wconf 89' lang='lat' dir='ltr'>intellectus</span> <span class='ocrx_word' id='word_1_328' title='bbox 1047 1700 1254 1745; x_wconf 85' lang='lat' dir='ltr'>possibilis</span> <span class='ocrx_word' id='word_1_329' title='bbox 1275 1700 1494 1747; x_wconf 85' lang='lat' dir='ltr'>utriusque.</span> <span class='ocrx_word' id='word_1_330' title='bbox 1514 1704 1684 1739; x_wconf 86' lang='lat' dir='ltr'>Necesse</span> 
     </span>
     <span class='ocr_line' id='line_1_35' title="bbox 65 1745 1573 1794; baseline 0.001 -11"><span class='ocrx_word' id='word_1_331' title='bbox 65 1746 188 1794; x_wconf 89' lang='lat' dir='ltr'>igitur</span> <span class='ocrx_word' id='word_1_332' title='bbox 206 1745 360 1782; x_wconf 88' lang='lat' dir='ltr'>videtur</span> <span class='ocrx_word' id='word_1_333' title='bbox 377 1745 620 1782; x_wconf 89' lang='lat' dir='ltr'>intellectum</span> <span class='ocrx_word' id='word_1_334' title='bbox 641 1746 874 1791; x_wconf 90' lang='lat' dir='ltr'>possibilem</span> <span class='ocrx_word' id='word_1_335' title='bbox 896 1754 985 1783; x_wconf 87' lang='lat' dir='ltr'>esse</span> <span class='ocrx_word' id='word_1_336' title='bbox 1005 1755 1129 1784; x_wconf 91' lang='lat' dir='ltr'>unum</span> <span class='ocrx_word' id='word_1_337' title='bbox 1150 1747 1328 1784; x_wconf 89' lang='lat' dir='ltr'>omnium</span> <span class='ocrx_word' id='word_1_338' title='bbox 1351 1747 1573 1785; x_wconf 88' lang='lat' dir='ltr'>hominum.</span> 
     </span>
    </p>

    <p class='ocr_par' dir='ltr' id='par_1_5' title="bbox 68 1792 1687 1886">
     <span class='ocr_line' id='line_1_36' title="bbox 115 1792 1687 1840; baseline 0.001 -10"><span class='ocrx_word' id='word_1_339' title='bbox 115 1793 224 1830; x_wconf 86' lang='lat' dir='ltr'>Sicut</span> <span class='ocrx_word' id='word_1_340' title='bbox 241 1796 371 1829; x_wconf 88' lang='lat' dir='ltr'>autem</span> <span class='ocrx_word' id='word_1_341' title='bbox 392 1792 578 1838; x_wconf 79' lang='lat' dir='ltr'>praedicta</span> <span class='ocrx_word' id='word_1_342' title='bbox 598 1793 745 1839; x_wconf 89' lang='lat' dir='ltr'>positio</span> <span class='ocrx_word' id='word_1_343' title='bbox 764 1793 969 1830; x_wconf 85' lang='lat' dir='ltr'>veritatem</span> <span class='ocrx_word' id='word_1_344' title='bbox 990 1802 1071 1830; x_wconf 90' lang='lat' dir='ltr'>non</span> <span class='ocrx_word' id='word_1_345' title='bbox 1089 1792 1220 1838; x_wconf 86' lang='lat' dir='ltr'>habet,</span> <span class='ocrx_word' id='word_1_346' title='bbox 1242 1798 1285 1830; x_wconf 89' lang='lat' dir='ltr'>ut</span> <span class='ocrx_word' id='word_1_347' title='bbox 1311 1798 1518 1832; x_wconf 89' lang='lat' dir='ltr'>ostensum</span> <span class='ocrx_word' id='word_1_348' title='bbox 1538 1798 1610 1840; x_wconf 91' lang='lat' dir='ltr'>est,</span> <span class='ocrx_word' id='word_1_349' title='bbox 1633 1795 1687 1832; x_wconf 85' lang='lat' dir='ltr'>ita</span> 
     </span>
     <span class='ocr_line' id='line_1_37' title="bbox 68 1839 1425 1886; baseline -0.001 -8"><span class='ocrx_word' id='word_1_350' title='bbox 68 1839 249 1878; x_wconf 83' lang='lat' dir='ltr'>rationes</span> <span class='ocrx_word' id='word_1_351' title='bbox 269 1839 408 1885; x_wconf 84' lang='lat' dir='ltr'>positae</span> <span class='ocrx_word' id='word_1_352' title='bbox 429 1839 477 1876; x_wconf 90' lang='lat' dir='ltr'>ad</span> <span class='ocrx_word' id='word_1_353' title='bbox 497 1839 624 1886; x_wconf 91' lang='lat' dir='ltr'>ipsam</span> <span class='ocrx_word' id='word_1_354' title='bbox 645 1839 957 1877; x_wconf 89' lang='lat' dir='ltr'>confirmandam</span> <span class='ocrx_word' id='word_1_355' title='bbox 979 1840 1092 1878; x_wconf 82' lang='lat' dir='ltr'>facile</span> <span class='ocrx_word' id='word_1_356' title='bbox 1111 1840 1304 1878; x_wconf 88' lang='lat' dir='ltr'>solubiles</span> <span class='ocrx_word' id='word_1_357' title='bbox 1319 1845 1425 1878; x_wconf 87' lang='lat' dir='ltr'>sunt.</span> 
     </span>
    </p>

    <p class='ocr_par' dir='ltr' id='par_1_6' title="bbox 65 1885 1686 2391">
     <span class='ocr_line' id='line_1_38' title="bbox 121 1885 1686 1934; baseline 0.002 -11"><span class='ocrx_word' id='word_1_358' title='bbox 121 1885 362 1923; x_wconf 84' lang='lat' dir='ltr'>confitemur</span> <span class='ocrx_word' id='word_1_359' title='bbox 387 1886 490 1923; x_wconf 90' lang='lat' dir='ltr'>enim</span> <span class='ocrx_word' id='word_1_360' title='bbox 513 1887 756 1924; x_wconf 89' lang='lat' dir='ltr'>intellectum</span> <span class='ocrx_word' id='word_1_361' title='bbox 777 1886 1011 1932; x_wconf 89' lang='lat' dir='ltr'>possibilem</span> <span class='ocrx_word' id='word_1_362' title='bbox 1041 1895 1131 1924; x_wconf 88' lang='lat' dir='ltr'>esse</span> <span class='ocrx_word' id='word_1_363' title='bbox 1150 1897 1274 1924; x_wconf 92' lang='lat' dir='ltr'>unum</span> <span class='ocrx_word' id='word_1_364' title='bbox 1294 1888 1426 1934; x_wconf 89' lang='lat' dir='ltr'>specie</span> <span class='ocrx_word' id='word_1_365' title='bbox 1447 1888 1489 1925; x_wconf 89' lang='lat' dir='ltr'>in</span> <span class='ocrx_word' id='word_1_366' title='bbox 1519 1888 1686 1926; x_wconf 87' lang='lat' dir='ltr'>diversis</span> 
     </span>
     <span class='ocr_line' id='line_1_39' title="bbox 67 1933 1685 1979; baseline 0.001 -8"><span class='ocrx_word' id='word_1_367' title='bbox 67 1933 319 1975; x_wconf 85' lang='lat' dir='ltr'>bominibus,</span> <span class='ocrx_word' id='word_1_368' title='bbox 338 1933 472 1979; x_wconf 90' lang='lat' dir='ltr'>plures</span> <span class='ocrx_word' id='word_1_369' title='bbox 491 1936 621 1970; x_wconf 87' lang='lat' dir='ltr'>autem</span> <span class='ocrx_word' id='word_1_370' title='bbox 641 1934 858 1971; x_wconf 89' lang='lat' dir='ltr'>secundum</span> <span class='ocrx_word' id='word_1_371' title='bbox 880 1943 1088 1971; x_wconf 86' lang='lat' dir='ltr'>numerum</span> <span class='ocrx_word' id='word_1_372' title='bbox 1108 1946 1117 1979; x_wconf 90' lang='lat'>;</span> <span class='ocrx_word' id='word_1_373' title='bbox 1146 1938 1190 1972; x_wconf 88' lang='lat' dir='ltr'>ut</span> <span class='ocrx_word' id='word_1_374' title='bbox 1208 1938 1340 1972; x_wconf 88' lang='lat' dir='ltr'>tamen</span> <span class='ocrx_word' id='word_1_375' title='bbox 1360 1944 1442 1972; x_wconf 89' lang='lat' dir='ltr'>non</span> <span class='ocrx_word' id='word_1_376' title='bbox 1463 1934 1529 1972; x_wconf 88' lang='lat' dir='ltr'>fiat</span> <span class='ocrx_word' id='word_1_377' title='bbox 1550 1936 1591 1972; x_wconf 91' lang='lat' dir='ltr'>in</span> <span class='ocrx_word' id='word_1_378' title='bbox 1610 1937 1685 1974; x_wconf 92' lang='grc'>1100</span> 
     </span>
     <span class='ocr_line' id='line_1_40' title="bbox 67 1980 1684 2028; baseline 0.001 -10"><span class='ocrx_word' id='word_1_379' title='bbox 67 1980 133 2018; x_wconf 87' lang='lat' dir='ltr'>vis</span> <span class='ocrx_word' id='word_1_380' title='bbox 151 1980 256 2027; x_wconf 89' lang='lat' dir='ltr'>quod</span> <span class='ocrx_word' id='word_1_381' title='bbox 276 1983 408 2026; x_wconf 89' lang='lat' dir='ltr'>partes</span> <span class='ocrx_word' id='word_1_382' title='bbox 429 1980 604 2018; x_wconf 88' lang='lat' dir='ltr'>hominis</span> <span class='ocrx_word' id='word_1_383' title='bbox 624 1989 705 2018; x_wconf 90' lang='lat' dir='ltr'>non</span> <span class='ocrx_word' id='word_1_384' title='bbox 728 1985 931 2026; x_wconf 87' lang='lat' dir='ltr'>ponuntur</span> <span class='ocrx_word' id='word_1_385' title='bbox 950 1981 990 2018; x_wconf 90' lang='lat' dir='ltr'>in</span> <span class='ocrx_word' id='word_1_386' title='bbox 1009 1990 1154 2027; x_wconf 84' lang='lat' dir='ltr'>genere</span> <span class='ocrx_word' id='word_1_387' title='bbox 1172 1981 1233 2019; x_wconf 88' lang='lat' dir='ltr'>vis</span> <span class='ocrx_word' id='word_1_388' title='bbox 1248 1982 1380 2028; x_wconf 90' lang='lat' dir='ltr'>specie</span> <span class='ocrx_word' id='word_1_389' title='bbox 1395 1982 1613 2020; x_wconf 87' lang='lat' dir='ltr'>secundum</span> <span class='ocrx_word' id='word_1_390' title='bbox 1627 1992 1684 2028; x_wconf 90' lang='lat' dir='ltr'>se,</span> 
     </span>
     <span class='ocr_line' id='line_1_41' title="bbox 74 2027 1686 2076; baseline 0.002 -12"><span class='ocrx_word' id='word_1_391' title='bbox 74 2027 144 2064; x_wconf 91' lang='lat' dir='ltr'>sed</span> <span class='ocrx_word' id='word_1_392' title='bbox 166 2027 298 2064; x_wconf 91' lang='lat' dir='ltr'>solum</span> <span class='ocrx_word' id='word_1_393' title='bbox 319 2030 362 2064; x_wconf 93' lang='lat' dir='ltr'>ut</span> <span class='ocrx_word' id='word_1_394' title='bbox 380 2031 474 2064; x_wconf 89' lang='lat' dir='ltr'>sunt</span> <span class='ocrx_word' id='word_1_395' title='bbox 492 2027 687 2073; x_wconf 87' lang='lat' dir='ltr'>principia</span> <span class='ocrx_word' id='word_1_396' title='bbox 706 2028 842 2065; x_wconf 90' lang='lat' dir='ltr'>totius.</span> <span class='ocrx_word' id='word_1_397' title='bbox 877 2029 955 2065; x_wconf 90' lang='lat' dir='ltr'>Nec</span> <span class='ocrx_word' id='word_1_398' title='bbox 988 2031 1121 2065; x_wconf 90' lang='lat' dir='ltr'>tamen</span> <span class='ocrx_word' id='word_1_399' title='bbox 1150 2029 1330 2076; x_wconf 88' lang='lat' dir='ltr'>sequitur</span> <span class='ocrx_word' id='word_1_400' title='bbox 1349 2029 1454 2076; x_wconf 83' lang='lat' dir='ltr'>quod</span> <span class='ocrx_word' id='word_1_401' title='bbox 1487 2029 1539 2066; x_wconf 90' lang='lat' dir='ltr'>sit</span> <span class='ocrx_word' id='word_1_402' title='bbox 1559 2030 1686 2067; x_wconf 83' lang='lat' dir='ltr'>forma</span> 
     </span>
     <span class='ocr_line' id='line_1_42' title="bbox 65 2073 1685 2121; baseline 0.002 -11"><span class='ocrx_word' id='word_1_403' title='bbox 65 2073 286 2111; x_wconf 90' lang='lat' dir='ltr'>materialis</span> <span class='ocrx_word' id='word_1_404' title='bbox 329 2074 548 2111; x_wconf 85' lang='lat' dir='ltr'>secundum</span> <span class='ocrx_word' id='word_1_405' title='bbox 588 2083 677 2112; x_wconf 89' lang='lat' dir='ltr'>esse</span> <span class='ocrx_word' id='word_1_406' title='bbox 715 2074 943 2120; x_wconf 89' lang='lat' dir='ltr'>dependens</span> <span class='ocrx_word' id='word_1_407' title='bbox 985 2084 1009 2111; x_wconf 88' lang='lat' dir='ltr'>a</span> <span class='ocrx_word' id='word_1_408' title='bbox 1041 2084 1229 2121; x_wconf 88' lang='lat' dir='ltr'>corpore:</span> <span class='ocrx_word' id='word_1_409' title='bbox 1261 2076 1366 2113; x_wconf 87' lang='lat' dir='ltr'>sicut</span> <span class='ocrx_word' id='word_1_410' title='bbox 1399 2076 1506 2114; x_wconf 90' lang='lat' dir='ltr'>enim</span> <span class='ocrx_word' id='word_1_411' title='bbox 1543 2077 1685 2114; x_wconf 79' lang='lat' dir='ltr'>animae</span> 
     </span>
     <span class='ocr_line' id='line_1_43' title="bbox 68 2120 1684 2169; baseline 0.002 -12"><span class='ocrx_word' id='word_1_412' title='bbox 68 2120 252 2158; x_wconf 80' lang='lat' dir='ltr'>humanae</span> <span class='ocrx_word' id='word_1_413' title='bbox 275 2121 494 2158; x_wconf 90' lang='lat' dir='ltr'>secundum</span> <span class='ocrx_word' id='word_1_414' title='bbox 513 2130 628 2158; x_wconf 86' lang='lat' dir='ltr'>suam</span> <span class='ocrx_word' id='word_1_415' title='bbox 649 2121 822 2167; x_wconf 90' lang='lat' dir='ltr'>speciem</span> <span class='ocrx_word' id='word_1_416' title='bbox 843 2121 1029 2168; x_wconf 89' lang='lat' dir='ltr'>competit</span> <span class='ocrx_word' id='word_1_417' title='bbox 1048 2122 1154 2169; x_wconf 86' lang='lat' dir='ltr'>quod</span> <span class='ocrx_word' id='word_1_418' title='bbox 1180 2122 1249 2159; x_wconf 87' lang='lat' dir='ltr'>tali</span> <span class='ocrx_word' id='word_1_419' title='bbox 1278 2123 1435 2169; x_wconf 86' lang='lat' dir='ltr'>corpori</span> <span class='ocrx_word' id='word_1_420' title='bbox 1465 2124 1684 2161; x_wconf 90' lang='lat' dir='ltr'>secundum</span> 
     </span>
     <span class='ocr_line' id='line_1_44' title="bbox 69 2166 1684 2217; baseline 0.001 -12"><span class='ocrx_word' id='word_1_421' title='bbox 69 2167 244 2214; x_wconf 87' lang='lat' dir='ltr'>speciem</span> <span class='ocrx_word' id='word_1_422' title='bbox 265 2167 439 2213; x_wconf 87' lang='lat' dir='ltr'>uniatur,</span> <span class='ocrx_word' id='word_1_423' title='bbox 460 2168 516 2206; x_wconf 83' lang='lat' dir='ltr'>ita</span> <span class='ocrx_word' id='word_1_424' title='bbox 531 2168 614 2206; x_wconf 81' lang='lat' dir='ltr'>haec</span> <span class='ocrx_word' id='word_1_425' title='bbox 635 2169 768 2206; x_wconf 88' lang='lat' dir='ltr'>anima</span> <span class='ocrx_word' id='word_1_426' title='bbox 788 2166 918 2206; x_wconf 81' lang='lat' dir='ltr'>differt</span> <span class='ocrx_word' id='word_1_427' title='bbox 937 2168 985 2206; x_wconf 87' lang='lat' dir='ltr'>ab</span> <span class='ocrx_word' id='word_1_428' title='bbox 1005 2168 1075 2207; x_wconf 89' lang='lat' dir='ltr'>illa</span> <span class='ocrx_word' id='word_1_429' title='bbox 1094 2177 1261 2207; x_wconf 89' lang='lat' dir='ltr'>numero</span> <span class='ocrx_word' id='word_1_430' title='bbox 1281 2170 1384 2214; x_wconf 88' lang='grc'>8010,</span> <span class='ocrx_word' id='word_1_431' title='bbox 1407 2179 1454 2207; x_wconf 88' lang='lat' dir='ltr'>ex</span> <span class='ocrx_word' id='word_1_432' title='bbox 1484 2170 1559 2207; x_wconf 91' lang='lat' dir='ltr'>hoc</span> <span class='ocrx_word' id='word_1_433' title='bbox 1579 2170 1684 2217; x_wconf 80' lang='lat' dir='ltr'>quod</span> 
     </span>
     <span class='ocr_line' id='line_1_45' title="bbox 66 2214 1683 2261; baseline 0.001 -10"><span class='ocrx_word' id='word_1_434' title='bbox 66 2214 117 2251; x_wconf 87' lang='lat' dir='ltr'>ad</span> <span class='ocrx_word' id='word_1_435' title='bbox 138 2214 246 2251; x_wconf 92' lang='lat' dir='ltr'>aliud</span> <span class='ocrx_word' id='word_1_436' title='bbox 266 2223 433 2252; x_wconf 90' lang='lat' dir='ltr'>numero</span> <span class='ocrx_word' id='word_1_437' title='bbox 453 2223 599 2261; x_wconf 89' lang='lat' dir='ltr'>corpus</span> <span class='ocrx_word' id='word_1_438' title='bbox 618 2215 891 2252; x_wconf 86' lang='lat' dir='ltr'>habitudinem</span> <span class='ocrx_word' id='word_1_439' title='bbox 912 2215 1052 2260; x_wconf 87' lang='lat' dir='ltr'>habet;</span> <span class='ocrx_word' id='word_1_440' title='bbox 1086 2219 1124 2252; x_wconf 91' lang='lat' dir='ltr'>et</span> <span class='ocrx_word' id='word_1_441' title='bbox 1144 2216 1203 2253; x_wconf 84' lang='lat' dir='ltr'>sie</span> <span class='ocrx_word' id='word_1_442' title='bbox 1223 2216 1522 2254; x_wconf 87' lang='lat' dir='ltr'>individuantur</span> <span class='ocrx_word' id='word_1_443' title='bbox 1542 2218 1683 2254; x_wconf 82' lang='lat' dir='ltr'>animae</span> 
     </span>
     <span class='ocr_line' id='line_1_46' title="bbox 66 2260 1678 2310; baseline 0.003 -13"><span class='ocrx_word' id='word_1_444' title='bbox 66 2260 266 2306; x_wconf 78' lang='lat' dir='ltr'>humanae,</span> <span class='ocrx_word' id='word_1_445' title='bbox 287 2264 326 2298; x_wconf 92' lang='lat' dir='ltr'>et</span> <span class='ocrx_word' id='word_1_446' title='bbox 343 2271 414 2308; x_wconf 90' lang='lat' dir='ltr'>per</span> <span class='ocrx_word' id='word_1_447' title='bbox 432 2271 686 2309; x_wconf 87' lang='lat' dir='ltr'>consequens</span> <span class='ocrx_word' id='word_1_448' title='bbox 705 2261 930 2300; x_wconf 87' lang='lat' dir='ltr'>intellectus</span> <span class='ocrx_word' id='word_1_449' title='bbox 950 2261 1158 2308; x_wconf 87' lang='lat' dir='ltr'>possibilis</span> <span class='ocrx_word' id='word_1_450' title='bbox 1175 2263 1242 2309; x_wconf 89' lang='lat' dir='ltr'>qui</span> <span class='ocrx_word' id='word_1_451' title='bbox 1263 2267 1324 2300; x_wconf 90' lang='lat' dir='ltr'>est</span> <span class='ocrx_word' id='word_1_452' title='bbox 1343 2264 1518 2310; x_wconf 89' lang='lat' dir='ltr'>potentia</span> <span class='ocrx_word' id='word_1_453' title='bbox 1537 2264 1678 2302; x_wconf 82' lang='lat' dir='ltr'>animae</span> 
     </span>
     <span class='ocr_line' id='line_1_47' title="bbox 65 2306 1683 2390; baseline 0.002 -46"><span class='ocrx_word' id='word_1_454' title='bbox 65 2306 266 2390; x_wconf 61' lang='grc' dir='ltr'>111101οἷ1110,</span> <span class='ocrx_word' id='word_1_455' title='bbox 286 2307 507 2347; x_wconf 91' lang='lat' dir='ltr'>secundum</span> <span class='ocrx_word' id='word_1_456' title='bbox 540 2317 729 2356; x_wconf 84' lang='lat' dir='ltr'>corpora,</span> <span class='ocrx_word' id='word_1_457' title='bbox 769 2317 852 2347; x_wconf 87' lang='lat' dir='ltr'>non</span> <span class='ocrx_word' id='word_1_458' title='bbox 883 2309 998 2356; x_wconf 84' lang='lat' dir='ltr'>quasi</span> <span class='ocrx_word' id='word_1_459' title='bbox 1035 2309 1350 2347; x_wconf 86' lang='lat' dir='ltr'>individuatione</span> <span class='ocrx_word' id='word_1_460' title='bbox 1388 2319 1413 2347; x_wconf 88' lang='lat' dir='ltr'>a</span> <span class='ocrx_word' id='word_1_461' title='bbox 1449 2310 1683 2356; x_wconf 86' lang='lat' dir='ltr'>corporibus</span> 
     </span>
     <span class='ocr_line' id='line_1_48' title="bbox 68 2362 245 2391; baseline -0.006 0"><span class='ocrx_word' id='word_1_462' title='bbox 68 2362 191 2391; x_wconf 83' lang='lat' dir='ltr'>causa</span> <span class='ocrx_word' id='word_1_463' title='bbox 209 2363 245 2391; x_wconf 85' lang='lat' dir='ltr'>a.</span> 
     </span>
    </p>

    <p class='ocr_par' dir='ltr' id='par_1_7' title="bbox 66 2399 1683 2914">
     <span class='ocr_line' id='line_1_49' title="bbox 117 2399 1682 2448; baseline 0.001 -11"><span class='ocrx_word' id='word_1_464' title='bbox 117 2399 299 2437; x_wconf 81' lang='lat' dir='ltr'>Secunda</span> <span class='ocrx_word' id='word_1_465' title='bbox 313 2409 407 2437; x_wconf 88' lang='lat' dir='ltr'>vero</span> <span class='ocrx_word' id='word_1_466' title='bbox 426 2400 528 2438; x_wconf 88' lang='lat' dir='ltr'>ratio</span> <span class='ocrx_word' id='word_1_467' title='bbox 546 2401 676 2447; x_wconf 86' lang='lat' dir='ltr'>ipsius</span> <span class='ocrx_word' id='word_1_468' title='bbox 704 2401 836 2440; x_wconf 87' lang='lat' dir='ltr'>deficit</span> <span class='ocrx_word' id='word_1_469' title='bbox 855 2412 903 2440; x_wconf 82' lang='lat' dir='ltr'>ex</span> <span class='ocrx_word' id='word_1_470' title='bbox 931 2401 1008 2439; x_wconf 88' lang='grc'>1100</span> <span class='ocrx_word' id='word_1_471' title='bbox 1036 2402 1140 2448; x_wconf 90' lang='lat' dir='ltr'>quod</span> <span class='ocrx_word' id='word_1_472' title='bbox 1175 2411 1256 2439; x_wconf 91' lang='lat' dir='ltr'>non</span> <span class='ocrx_word' id='word_1_473' title='bbox 1286 2402 1496 2448; x_wconf 84' lang='lat' dir='ltr'>distinguit</span> <span class='ocrx_word' id='word_1_474' title='bbox 1525 2402 1628 2439; x_wconf 90' lang='lat' dir='ltr'>inter</span> <span class='ocrx_word' id='word_1_475' title='bbox 1643 2402 1682 2439; x_wconf 92' lang='lat' dir='ltr'>id</span> 
     </span>
     <span class='ocr_line' id='line_1_50' title="bbox 66 2447 1683 2495; baseline 0.002 -11"><span class='ocrx_word' id='word_1_476' title='bbox 66 2455 147 2495; x_wconf 90' lang='lat' dir='ltr'>quo</span> <span class='ocrx_word' id='word_1_477' title='bbox 168 2447 405 2493; x_wconf 89' lang='lat' dir='ltr'>intelligitur</span> <span class='ocrx_word' id='word_1_478' title='bbox 422 2450 462 2483; x_wconf 91' lang='lat' dir='ltr'>et</span> <span class='ocrx_word' id='word_1_479' title='bbox 479 2447 520 2484; x_wconf 87' lang='lat' dir='ltr'>id</span> <span class='ocrx_word' id='word_1_480' title='bbox 537 2448 645 2494; x_wconf 91' lang='lat' dir='ltr'>quod</span> <span class='ocrx_word' id='word_1_481' title='bbox 662 2448 911 2495; x_wconf 88' lang='lat' dir='ltr'>intelligitur.</span> <span class='ocrx_word' id='word_1_482' title='bbox 933 2449 1092 2494; x_wconf 89' lang='lat' dir='ltr'>Species</span> <span class='ocrx_word' id='word_1_483' title='bbox 1112 2448 1217 2484; x_wconf 92' lang='lat' dir='ltr'>enim</span> <span class='ocrx_word' id='word_1_484' title='bbox 1238 2452 1393 2493; x_wconf 86' lang='lat' dir='ltr'>recepta</span> <span class='ocrx_word' id='word_1_485' title='bbox 1420 2449 1462 2485; x_wconf 88' lang='lat' dir='ltr'>in</span> <span class='ocrx_word' id='word_1_486' title='bbox 1480 2448 1683 2487; x_wconf 82' lang='lat' dir='ltr'>intellectu</span> 
     </span>
     <span class='ocr_line' id='line_1_51' title="bbox 67 2492 1682 2541; baseline 0.001 -10"><span class='ocrx_word' id='word_1_487' title='bbox 67 2493 254 2540; x_wconf 89' lang='lat' dir='ltr'>possibili</span> <span class='ocrx_word' id='word_1_488' title='bbox 277 2502 359 2530; x_wconf 91' lang='lat' dir='ltr'>non</span> <span class='ocrx_word' id='word_1_489' title='bbox 379 2492 496 2530; x_wconf 89' lang='lat' dir='ltr'>habet</span> <span class='ocrx_word' id='word_1_490' title='bbox 519 2502 563 2531; x_wconf 92' lang='lat' dir='ltr'>se</span> <span class='ocrx_word' id='word_1_491' title='bbox 580 2497 624 2531; x_wconf 91' lang='lat' dir='ltr'>ut</span> <span class='ocrx_word' id='word_1_492' title='bbox 642 2494 748 2541; x_wconf 88' lang='lat' dir='ltr'>quod</span> <span class='ocrx_word' id='word_1_493' title='bbox 769 2494 1028 2541; x_wconf 89' lang='lat' dir='ltr'>intelligitur;</span> <span class='ocrx_word' id='word_1_494' title='bbox 1047 2503 1170 2541; x_wconf 88' lang='lat' dir='ltr'>quum</span> <span class='ocrx_word' id='word_1_495' title='bbox 1190 2494 1296 2531; x_wconf 90' lang='lat' dir='ltr'>enim</span> <span class='ocrx_word' id='word_1_496' title='bbox 1315 2495 1362 2532; x_wconf 90' lang='lat' dir='ltr'>de</span> <span class='ocrx_word' id='word_1_497' title='bbox 1379 2495 1442 2532; x_wconf 89' lang='lat' dir='ltr'>his</span> <span class='ocrx_word' id='word_1_498' title='bbox 1463 2505 1549 2541; x_wconf 72' lang='lat' dir='ltr'>quae</span> <span class='ocrx_word' id='word_1_499' title='bbox 1569 2496 1682 2533; x_wconf 90' lang='lat' dir='ltr'>intel-</span> 
     </span>
     <span class='ocr_line' id='line_1_52' title="bbox 66 2540 1681 2588; baseline 0.001 -11"><span class='ocrx_word' id='word_1_500' title='bbox 66 2541 251 2588; x_wconf 87' lang='lat' dir='ltr'>liguntur</span> <span class='ocrx_word' id='word_1_501' title='bbox 270 2540 351 2577; x_wconf 89' lang='lat' dir='ltr'>sint</span> <span class='ocrx_word' id='word_1_502' title='bbox 371 2548 510 2577; x_wconf 90' lang='lat' dir='ltr'>omnes</span> <span class='ocrx_word' id='word_1_503' title='bbox 537 2543 642 2578; x_wconf 87' lang='lat' dir='ltr'>artes</span> <span class='ocrx_word' id='word_1_504' title='bbox 663 2544 702 2577; x_wconf 89' lang='lat' dir='ltr'>et</span> <span class='ocrx_word' id='word_1_505' title='bbox 731 2541 922 2585; x_wconf 77' lang='lat' dir='ltr'>scientiae,</span> <span class='ocrx_word' id='word_1_506' title='bbox 945 2545 1176 2587; x_wconf 87' lang='lat' dir='ltr'>sequeretur</span> <span class='ocrx_word' id='word_1_507' title='bbox 1209 2541 1315 2587; x_wconf 84' lang='lat' dir='ltr'>quod</span> <span class='ocrx_word' id='word_1_508' title='bbox 1343 2550 1482 2578; x_wconf 90' lang='lat' dir='ltr'>omnes</span> <span class='ocrx_word' id='word_1_509' title='bbox 1507 2542 1681 2580; x_wconf 78' lang='lat' dir='ltr'>scientiae</span> 
     </span>
     <span class='ocr_line' id='line_1_53' title="bbox 70 2586 1682 2634; baseline 0.001 -9"><span class='ocrx_word' id='word_1_510' title='bbox 70 2591 208 2625; x_wconf 87' lang='lat' dir='ltr'>essent</span> <span class='ocrx_word' id='word_1_511' title='bbox 226 2587 274 2625; x_wconf 92' lang='lat' dir='ltr'>de</span> <span class='ocrx_word' id='word_1_512' title='bbox 295 2586 505 2633; x_wconf 88' lang='lat' dir='ltr'>speciebus</span> <span class='ocrx_word' id='word_1_513' title='bbox 521 2587 806 2624; x_wconf 79' lang='lat' dir='ltr'>exsistentibus</span> <span class='ocrx_word' id='word_1_514' title='bbox 831 2587 873 2624; x_wconf 90' lang='lat' dir='ltr'>in</span> <span class='ocrx_word' id='word_1_515' title='bbox 894 2587 1091 2624; x_wconf 83' lang='lat' dir='ltr'>intellectu</span> <span class='ocrx_word' id='word_1_516' title='bbox 1114 2587 1322 2633; x_wconf 87' lang='lat' dir='ltr'>possibili;</span> <span class='ocrx_word' id='word_1_517' title='bbox 1346 2588 1450 2634; x_wconf 87' lang='lat' dir='ltr'>quod</span> <span class='ocrx_word' id='word_1_518' title='bbox 1467 2592 1573 2634; x_wconf 88' lang='lat' dir='ltr'>patet</span> <span class='ocrx_word' id='word_1_519' title='bbox 1593 2598 1682 2627; x_wconf 89' lang='lat' dir='ltr'>esse</span> 
     </span>
     <span class='ocr_line' id='line_1_54' title="bbox 72 2633 1682 2680; baseline 0.001 -8"><span class='ocrx_word' id='word_1_520' title='bbox 72 2634 245 2679; x_wconf 81' lang='lat' dir='ltr'>falsum3</span> <span class='ocrx_word' id='word_1_521' title='bbox 267 2634 379 2672; x_wconf 88' lang='lat' dir='ltr'>nulla</span> <span class='ocrx_word' id='word_1_522' title='bbox 398 2633 504 2671; x_wconf 91' lang='lat' dir='ltr'>enim</span> <span class='ocrx_word' id='word_1_523' title='bbox 522 2633 690 2670; x_wconf 89' lang='lat' dir='ltr'>scientia</span> <span class='ocrx_word' id='word_1_524' title='bbox 713 2634 760 2670; x_wconf 90' lang='lat' dir='ltr'>de</span> <span class='ocrx_word' id='word_1_525' title='bbox 789 2634 848 2670; x_wconf 89' lang='lat' dir='ltr'>eis</span> <span class='ocrx_word' id='word_1_526' title='bbox 881 2633 1030 2680; x_wconf 88' lang='lat' dir='ltr'>aliquid</span> <span class='ocrx_word' id='word_1_527' title='bbox 1062 2634 1301 2679; x_wconf 88' lang='lat' dir='ltr'>considerat,</span> <span class='ocrx_word' id='word_1_528' title='bbox 1324 2635 1401 2672; x_wconf 91' lang='lat' dir='ltr'>nisi</span> <span class='ocrx_word' id='word_1_529' title='bbox 1434 2636 1626 2673; x_wconf 88' lang='lat' dir='ltr'>naturalis</span> <span class='ocrx_word' id='word_1_530' title='bbox 1645 2640 1682 2673; x_wconf 92' lang='lat' dir='ltr'>et</span> 
     </span>
     <span class='ocr_line' id='line_1_55' title="bbox 70 2681 1681 2728; baseline 0.002 -10"><span class='ocrx_word' id='word_1_531' title='bbox 70 2681 371 2728; x_wconf 81' lang='lat' dir='ltr'>metaphysica3</span> <span class='ocrx_word' id='word_1_532' title='bbox 393 2681 462 2718; x_wconf 90' lang='lat' dir='ltr'>sed</span> <span class='ocrx_word' id='word_1_533' title='bbox 484 2684 615 2717; x_wconf 89' lang='lat' dir='ltr'>tamen</span> <span class='ocrx_word' id='word_1_534' title='bbox 644 2689 714 2727; x_wconf 90' lang='lat' dir='ltr'>per</span> <span class='ocrx_word' id='word_1_535' title='bbox 730 2689 797 2717; x_wconf 88' lang='lat' dir='ltr'>eas</span> <span class='ocrx_word' id='word_1_536' title='bbox 819 2689 1077 2727; x_wconf 75' lang='lat' dir='ltr'>quaecumque</span> <span class='ocrx_word' id='word_1_537' title='bbox 1106 2684 1200 2717; x_wconf 89' lang='lat' dir='ltr'>sunt</span> <span class='ocrx_word' id='word_1_538' title='bbox 1219 2681 1259 2717; x_wconf 92' lang='grc'>10</span> <span class='ocrx_word' id='word_1_539' title='bbox 1293 2681 1480 2720; x_wconf 86' lang='lat' dir='ltr'>omnibus</span> <span class='ocrx_word' id='word_1_540' title='bbox 1502 2683 1681 2721; x_wconf 89' lang='lat' dir='ltr'>scientiis</span> 
     </span>
     <span class='ocr_line' id='line_1_56' title="bbox 68 2726 1681 2774; baseline 0 -8"><span class='ocrx_word' id='word_1_541' title='bbox 68 2731 382 2774; x_wconf 87' lang='lat' dir='ltr'>cognoscuntur.</span> <span class='ocrx_word' id='word_1_542' title='bbox 406 2727 527 2764; x_wconf 83' lang='lat' dir='ltr'>Habet</span> <span class='ocrx_word' id='word_1_543' title='bbox 552 2736 595 2764; x_wconf 92' lang='lat' dir='ltr'>se</span> <span class='ocrx_word' id='word_1_544' title='bbox 624 2727 746 2773; x_wconf 86' lang='lat' dir='ltr'>igitur</span> <span class='ocrx_word' id='word_1_545' title='bbox 766 2727 919 2772; x_wconf 90' lang='lat' dir='ltr'>species</span> <span class='ocrx_word' id='word_1_546' title='bbox 940 2726 1204 2773; x_wconf 88' lang='lat' dir='ltr'>intelligibilis</span> <span class='ocrx_word' id='word_1_547' title='bbox 1224 2731 1380 2774; x_wconf 84' lang='lat' dir='ltr'>recepta</span> <span class='ocrx_word' id='word_1_548' title='bbox 1408 2729 1450 2765; x_wconf 92' lang='lat' dir='ltr'>in</span> <span class='ocrx_word' id='word_1_549' title='bbox 1479 2729 1681 2767; x_wconf 89' lang='lat' dir='ltr'>intellectu</span> 
     </span>
     <span class='ocr_line' id='line_1_57' title="bbox 66 2773 1680 2822; baseline 0.001 -11"><span class='ocrx_word' id='word_1_550' title='bbox 66 2774 266 2820; x_wconf 87' lang='lat' dir='ltr'>possibili,</span> <span class='ocrx_word' id='word_1_551' title='bbox 287 2775 329 2811; x_wconf 90' lang='lat' dir='ltr'>in</span> <span class='ocrx_word' id='word_1_552' title='bbox 349 2774 622 2821; x_wconf 89' lang='lat' dir='ltr'>intelligendo,</span> <span class='ocrx_word' id='word_1_553' title='bbox 644 2774 747 2810; x_wconf 86' lang='lat' dir='ltr'>sicut</span> <span class='ocrx_word' id='word_1_554' title='bbox 766 2774 805 2810; x_wconf 90' lang='lat' dir='ltr'>id</span> <span class='ocrx_word' id='word_1_555' title='bbox 824 2782 903 2820; x_wconf 87' lang='lat' dir='ltr'>quo</span> <span class='ocrx_word' id='word_1_556' title='bbox 920 2773 1153 2820; x_wconf 86' lang='lat' dir='ltr'>intelligitur</span> <span class='ocrx_word' id='word_1_557' title='bbox 1167 2785 1175 2818; x_wconf 94' lang='lat'>;</span> <span class='ocrx_word' id='word_1_558' title='bbox 1189 2774 1293 2812; x_wconf 90' lang='lat' dir='ltr'>sicut</span> <span class='ocrx_word' id='word_1_559' title='bbox 1309 2778 1347 2812; x_wconf 92' lang='lat' dir='ltr'>et</span> <span class='ocrx_word' id='word_1_560' title='bbox 1368 2775 1522 2822; x_wconf 89' lang='lat' dir='ltr'>species</span> <span class='ocrx_word' id='word_1_561' title='bbox 1535 2777 1680 2813; x_wconf 86' lang='lat' dir='ltr'>coloris</span> 
     </span>
     <span class='ocr_line' id='line_1_58' title="bbox 67 2820 1678 2871; baseline 0.001 -14"><span class='ocrx_word' id='word_1_562' title='bbox 67 2821 108 2857; x_wconf 86' lang='lat' dir='ltr'>in</span> <span class='ocrx_word' id='word_1_563' title='bbox 128 2821 244 2858; x_wconf 90' lang='lat' dir='ltr'>oculo</span> <span class='ocrx_word' id='word_1_564' title='bbox 265 2830 346 2858; x_wconf 88' lang='lat' dir='ltr'>non</span> <span class='ocrx_word' id='word_1_565' title='bbox 367 2821 480 2858; x_wconf 91' lang='lat' dir='ltr'>estid</span> <span class='ocrx_word' id='word_1_566' title='bbox 500 2820 606 2868; x_wconf 89' lang='lat' dir='ltr'>quod</span> <span class='ocrx_word' id='word_1_567' title='bbox 626 2820 792 2864; x_wconf 86' lang='lat' dir='ltr'>videtur,</span> <span class='ocrx_word' id='word_1_568' title='bbox 814 2820 944 2871; x_wconf 69' lang='grc'>8011111</span> <span class='ocrx_word' id='word_1_569' title='bbox 970 2829 1049 2867; x_wconf 87' lang='lat' dir='ltr'>quo</span> <span class='ocrx_word' id='word_1_570' title='bbox 1067 2820 1259 2858; x_wconf 88' lang='lat' dir='ltr'>videmus.</span> <span class='ocrx_word' id='word_1_571' title='bbox 1273 2821 1315 2859; x_wconf 89' lang='lat' dir='ltr'>Id</span> <span class='ocrx_word' id='word_1_572' title='bbox 1326 2831 1418 2859; x_wconf 90' lang='lat' dir='ltr'>vero</span> <span class='ocrx_word' id='word_1_573' title='bbox 1435 2823 1539 2869; x_wconf 89' lang='lat' dir='ltr'>quod</span> <span class='ocrx_word' id='word_1_574' title='bbox 1560 2823 1678 2859; x_wconf 90' lang='lat' dir='ltr'>intel-</span> 
     </span>
     <span class='ocr_line' id='line_1_59' title="bbox 68 2866 1681 2914; baseline 0.001 -11"><span class='ocrx_word' id='word_1_575' title='bbox 68 2866 206 2913; x_wconf 87' lang='lat' dir='ltr'>ligitur</span> <span class='ocrx_word' id='word_1_576' title='bbox 224 2871 283 2904; x_wconf 90' lang='lat' dir='ltr'>est</span> <span class='ocrx_word' id='word_1_577' title='bbox 304 2868 391 2914; x_wconf 86' lang='lat' dir='ltr'>ipsa</span> <span class='ocrx_word' id='word_1_578' title='bbox 409 2867 510 2905; x_wconf 88' lang='lat' dir='ltr'>ratio</span> <span class='ocrx_word' id='word_1_579' title='bbox 531 2876 662 2905; x_wconf 87' lang='lat' dir='ltr'>rerum</span> <span class='ocrx_word' id='word_1_580' title='bbox 692 2867 968 2904; x_wconf 79' lang='lat' dir='ltr'>exsistentrum</span> <span class='ocrx_word' id='word_1_581' title='bbox 988 2870 1098 2905; x_wconf 81' lang='lat' dir='ltr'>extra</span> <span class='ocrx_word' id='word_1_582' title='bbox 1128 2867 1329 2914; x_wconf 82' lang='lat' dir='ltr'>animam3</span> <span class='ocrx_word' id='word_1_583' title='bbox 1363 2869 1467 2906; x_wconf 89' lang='lat' dir='ltr'>sicut</span> <span class='ocrx_word' id='word_1_584' title='bbox 1495 2869 1612 2907; x_wconf 90' lang='lat' dir='ltr'>etiam</span> <span class='ocrx_word' id='word_1_585' title='bbox 1642 2871 1681 2905; x_wconf 88' lang='lat' dir='ltr'>et</span> 
     </span>
    </p>
   </div>
  </div>
 </body>
</html>
