1894 3223
114 117 182 154 360
675 113 763 149 LIB.
792 113 856 156 111,
884 112 985 149 CAP.
1013 112 1174 150 Lxxvn.

725 289 896 333 CAPUT
928 290 1122 334 LXXVII.

148 413 248 448 QUOD
273 411 464 441 EXEGUTIO
485 411 636 441 DIVINAE
658 411 934 441 PROVIDENTIAE
965 412 1029 442 FIT
1055 412 1320 442 MEDIANTIBUS
1345 412 1479 442 CAUSIS
1507 412 1705 441 SECUNDIS.

164 520 453 559 Attendendum
467 524 527 557 est
540 522 688 565 autern,
708 519 814 566 quod
833 520 882 557 ad
903 519 1077 557 divinam
1097 520 1386 566 providentiam
1413 521 1492 558 duo
1527 521 1738 568 requirun-

116 572 194 613 tur,
214 567 412 605 ordinatio
431 569 471 603 et
485 567 640 604 ordinis
660 566 854 604 executio.
876 567 1051 611 Quorum
1070 567 1242 613 primum
1259 566 1382 613 fitper
1393 568 1578 605 virtutem
1593 576 1739 614 cogno-

118 615 322 659 scitivarn3
361 613 467 651 unde
502 613 570 661 qui
602 613 850 659 perfectioris
881 614 1124 660 cognitionis
1156 617 1251 651 sunt
1282 614 1530 652 ordinatores
1569 614 1738 652 aliorum

119 662 316 700 dicuntur.
339 661 538 707 Sapientis
557 661 665 697 enim
689 664 749 697 est
769 660 968 697 ordinare.
991 660 1216 698 Secundum
1248 669 1342 698 vero
1376 660 1421 698 fit
1452 670 1522 709 per
1551 662 1738 699 virtutem

120 710 374 755 operativam.
398 710 424 744 E
444 707 645 744 contrario
664 711 793 744 autem
816 717 859 745 se
880 707 999 745 habet
1014 707 1055 744 in
1076 707 1140 744 his
1159 706 1329 745 duobus.
1351 708 1449 745 Nam
1467 711 1577 746 tanto
1609 708 1738 754 perfe-

119 756 219 794 ctior
240 760 298 792 est
319 755 530 800 ordinatio,
549 757 698 801 quanto
715 755 845 802 magis
859 754 1064 792 descendit
1080 755 1129 792 ad
1149 755 1327 792 minima.
1341 755 1593 792 Minimorum
1607 758 1739 793 autem

120 803 299 840 executio
320 802 510 839 condecet
535 801 764 838 inferiorem
787 802 971 839 virtutem
1003 800 1161 838 effectui
1192 802 1546 848 proportionatam.
1580 803 1625 838 In
1657 802 1738 839 Deo

121 854 266 893 autern,
287 852 478 896 quantum
499 848 549 885 ad
566 852 790 896 utrumque,
819 857 978 887 summa
993 849 1184 896 perfectio
1216 848 1429 887 invenitur.
1465 850 1532 886 Est
1563 848 1670 886 enim
1696 848 1740 885 in

121 906 167 935 eo
187 896 478 943 perfectissima
496 895 693 941 sapientia
714 896 761 933 ad
783 895 1046 934 ordinandum
1079 899 1117 933 et
1129 896 1256 934 virtus
1272 896 1564 943 perfectissima
1584 894 1633 933 ad
1647 903 1740 942 ope-

121 944 303 981 randum.
326 944 487 989 Oportet
507 951 602 994 ergo
622 943 727 989 quod
754 942 839 989 ipse
871 943 1050 981 omnium
1071 943 1233 981 ordines
1264 952 1335 990 per
1369 943 1605 989 sapientiam
1624 950 1740 980 suam

122 991 320 1037 disponat,
351 990 469 1026 etiam
501 990 784 1034 minimorum,
815 993 1054 1037 exsequatur
1081 999 1174 1028 vero
1200 989 1370 1027 minima
1393 991 1476 1027 sive
1503 989 1643 1027 infima
1670 997 1742 1035 per

121 1038 219 1074 alias
235 1037 444 1074 inferiores
458 1036 638 1082 virtutes,
656 1046 725 1083 per
745 1047 844 1084 quas
862 1038 946 1083 ipse
968 1042 1167 1084 operatur,
1202 1038 1306 1075 sicut
1340 1037 1466 1074 virtus
1497 1036 1740 1074 universalis

121 1088 159 1121 et
177 1085 293 1121 altior
311 1093 381 1130 per
398 1083 625 1121 inferiorem
646 1087 684 1120 et
698 1084 975 1130 particularem
993 1085 1191 1122 virtutem.
1223 1085 1472 1122 Conveniens
1505 1087 1567 1121 est
1600 1083 1737 1130 igitur,

127 1131 233 1178 quod
255 1131 335 1168 sint
354 1131 567 1168 inferiores
586 1131 752 1168 virtutes
773 1135 951 1178 agentes,
973 1131 1116 1168 divinae
1136 1131 1393 1178 providentiae
1411 1130 1668 1169 executrices.

167 1180 267 1222 Item,
290 1181 496 1215 ostensum
515 1181 576 1214 est
596 1186 717 1223 supra
737 1177 837 1224 (cap.
860 1178 920 1225 56)
947 1178 1054 1225 quod
1072 1178 1205 1216 divina
1237 1178 1415 1224 operatio
1450 1187 1529 1215 non
1565 1176 1740 1215 excludit

122 1225 376 1271 operationes
396 1233 607 1261 causarum
628 1224 892 1262 secundarum
915 1237 923 1261 ε
945 1235 991 1263 ea
1008 1233 1102 1262 vero
1129 1234 1216 1272 quae
1243 1234 1290 1262 ex
1320 1224 1620 1271 operationibus
1646 1233 1738 1261 cau-

122 1280 258 1309 sarum
278 1271 543 1309 secundarum
564 1271 802 1317 proveniunt
820 1271 963 1309 divinae
994 1272 1252 1319 providentiae
1282 1272 1501 1318 subjacent,
1522 1280 1613 1309 cum
1633 1271 1737 1309 Deus

123 1319 257 1355 omnia
285 1318 506 1365 singularia
526 1318 681 1355 ordinet
699 1327 769 1365 per
783 1319 1035 1365 seipsum‚ut
1055 1327 1176 1365 supra
1195 1319 1293 1365 (cap.
1325 1320 1385 1365 76)
1420 1323 1627 1357 ostensum
1663 1321 1737 1355 est.

123 1366 220 1402 Sunt
238 1366 360 1412 igitur
375 1365 561 1402 secundae
582 1373 713 1402 causae
733 1365 875 1403 divinae
894 1365 1151 1412 providentiae
1169 1366 1426 1403 executrices.

168 1411 312 1452 Adhuc,
335 1414 482 1458 quanto
501 1412 627 1448 virtus
647 1411 816 1458 alicujus
839 1413 994 1459 agentis
1013 1416 1071 1450 est
1087 1412 1240 1457 fortior,
1260 1416 1370 1449 tanto
1391 1413 1432 1448 in
1445 1411 1574 1458 magis
1588 1415 1742 1449 remota

123 1467 237 1496 suam
259 1458 528 1504 operationem
548 1458 745 1503 extendit3
761 1459 865 1496 sicut
884 1459 991 1506 ignis
1009 1462 1158 1512 quanto
1174 1459 1471 1503 estviolentior,
1493 1459 1740 1505 tantomagis

121 1508 273 1542 remota
289 1505 481 1542 calefacit.
504 1506 585 1542 Hoc
604 1509 735 1543 autem
755 1515 837 1543 non
855 1506 1052 1553 contingit
1071 1507 1113 1544 in
1133 1509 1275 1554 agente
1306 1506 1413 1553 quod
1442 1514 1524 1542 non
1558 1506 1640 1552 agit
1670 1514 1741 1552 per

121 1552 309 1604 medium,
327 1552 420 1599 quia
439 1552 643 1605 quodlibet
661 1552 703 1589 in
730 1552 837 1600 quod
874 1553 956 1601 agit
974 1557 1036 1591 est
1061 1553 1138 1591 sibi
1157 1553 1397 1600 proximum.
1418 1554 1511 1590 Cum
1533 1553 1655 1600 igitur
1666 1553 1742 1589 vir·

120 1603 186 1637 tus
207 1599 348 1636 divinae
381 1599 638 1646 providentiae
659 1600 711 1636 sit
729 1600 915 1646 maxima,
947 1609 1018 1648 per
1048 1601 1182 1648 aliqua
1213 1600 1346 1638 media
1373 1600 1422 1637 ad
1453 1600 1594 1637 ultima
1625 1608 1741 1638 suam

122 1646 393 1693 operationem
420 1646 635 1693 perducere
657 1646 784 1684 debet.

167 1694 349 1739 Amplius,
371 1693 420 1730 ad
438 1693 670 1740 dignitatem
695 1694 870 1741 regentis
888 1695 1059 1740 pertinet
1095 1699 1138 1733 ut
1179 1693 1323 1732 habeat
1348 1694 1498 1732 inultos
1530 1694 1739 1732 ministros

121 1744 159 1777 et
185 1741 365 1778 diversos
386 1740 448 1777 sui
470 1741 679 1787 regiminis
697 1744 929 1779 executores
945 1753 955 1786 ;
973 1742 1067 1790 quia
1087 1745 1197 1779 tanto
1216 1742 1336 1779 altius
1361 1745 1399 1779 et
1417 1741 1547 1789 majus
1563 1741 1739 1779 ostendi-

120 1791 185 1824 tur
203 1797 320 1825 suum
340 1787 578 1833 dominium,
597 1791 746 1835 quanto
763 1788 898 1835 plures
915 1789 957 1825 in
984 1789 1154 1827 diversis
1187 1788 1379 1836 gradibus
1413 1789 1449 1825 ei
1481 1788 1706 1826 subduntur
1728 1800 1737 1824 :

119 1833 231 1871 nulla
247 1837 378 1871 autem
399 1834 575 1882 dignitas
602 1835 772 1881 alicujus
800 1835 976 1883 regentis
999 1839 1061 1873 est
1084 1835 1366 1881 comparabilis
1399 1835 1581 1883 dignitati
1604 1834 1733 1871 divini

117 1881 326 1928 regiminis
343 1893 353 1926 3
369 1882 613 1920 conveniens
626 1881 748 1929 igitur
765 1884 839 1927 est,
858 1882 964 1929 quod
978 1891 1047 1928 pei·
1064 1882 1243 1920 diversos
1263 1882 1411 1930 gradus
1439 1882 1642 1930 agentium
1662 1881 1733 1920 fiat

120 1927 265 1965 divinae
284 1928 543 1974 providentiae
558 1929 753 1966 executio.

166 1975 357 2019 Praeterea,
386 1975 664 2012 convenientia
696 1975 850 2013 ordinis
882 1976 1165 2022 perfectionem
1189 1976 1447 2024 providentiae
1477 1976 1736 2021 demonstrat,

121 2030 211 2059 cum
236 2021 333 2058 ordo
363 2021 417 2058 sit
444 2022 631 2068 proprius
659 2022 917 2068 providentiae
952 2021 1131 2061 effectus.
1164 2023 1222 2061 Ad
1254 2023 1572 2061 convenientiam
1605 2027 1737 2061 autem

120 2068 274 2105 ordinis
295 2069 476 2114 pertinet,
494 2073 537 2106 ut
550 2069 651 2106 nihil
666 2069 935 2107 inordinatum
952 2070 1217 2117 relinquatur;
1240 2070 1430 2116 perfectio
1451 2070 1576 2117 igitur
1594 2070 1738 2108 divinae

117 2115 375 2162 providentiae
395 2116 575 2162 requirit,
592 2119 636 2153 ut
655 2125 864 2154 excessum
890 2116 1111 2164 aliquarum
1144 2126 1275 2155 rerum
1300 2126 1420 2163 super
1439 2117 1539 2155 alias
1560 2117 1609 2155 ad
1635 2117 1738 2156 ordi·

118 2171 212 2200 nem
229 2162 530 2200 convenientem
545 2163 729 2209 reducat3
745 2163 822 2201 hoe
842 2167 972 2201 autem
987 2163 1031 2202 fit
1050 2173 1140 2202 cum
1171 2173 1220 2202 ex
1244 2164 1488 2202 abundantia
1513 2164 1736 2212 aliquarum

117 2209 248 2255 magis
269 2209 502 2263 baben-tium-
532 2210 713 2263 provenit
731 2210 893 2258 aliquod
911 2211 1060 2249 bonum
1079 2212 1214 2250 minus
1228 2211 1483 2249 habentibus.
1504 2213 1600 2250 Cum
1615 2212 1738 2260 igitur

117 2257 308 2302 perfectio
329 2265 504 2309 universi
524 2260 699 2305 requirat
718 2258 825 2304 quod
842 2258 1022 2305 quaedam
1038 2259 1128 2296 aliis
1149 2258 1418 2297 abundantius
1438 2258 1612 2298 divinam
1626 2259 1736 2297 boni·

117 2306 237 2356 tatem
254 2304 503 2356 participent,
523 2308 705 2351 utsupra
725 2305 806 2351 (lib.
828 2313 873 2350 11,
892 2315 977 2352 cap.
1010 2306 1071 2353 4⁸5)
1095 2309 1302 2343 ostensum
1335 2309 1409 2351 est,
1437 2305 1562 2353 exigit
1592 2305 1737 2346 divinae

115 2350 377 2403 providentiae
395 2351 599 2397 perfectio,
623 2355 667 2388 ut
682 2361 752 2398 per
771 2361 818 2389 ea
837 2362 924 2399 quae
942 2353 1101 2399 plenius
1120 2353 1295 2391 divinam
1327 2352 1546 2392 bonitatem
1573 2354 1735 2401 partici-

115 2401 211 2444 pant
228 2402 407 2435 executio
422 2398 545 2436 divini
558 2399 767 2446 regiminis
786 2400 1045 2446 compleatur.

163 2444 306 2496 Adhuc,
334 2445 511 2484 nobilior
536 2450 597 2484 est
629 2446 727 2483 ordo
756 2455 968 2485 causarum
1030 2456 1120 2486 uam
1144 2447 1371 2493 effectuum,
1405 2448 1510 2486 sicut
1544 2450 1583 2486 et
1613 2456 1729 2486 causa

114 2495 247 2536 potior
266 2491 499 2545 est-effectu.
519 2493 644 2540 Magis
665 2493 788 2541 igitur
804 2494 847 2546 in
865 2502 913 2532 eo
932 2503 1002 2542 per
1021 2495 1123 2533 ectio
1137 2494 1396 2542 providentiae
1412 2495 1557 2534 divinae
1574 2493 1730 2532 demon-

116 2540 275 2591 stratur.
297 2540 337 2591 Si
355 2543 486 2577 autem
505 2548 588 2578 non
607 2543 744 2578 essent
775 2540 920 2588 aliquae
954 2550 1086 2580 causae
1115 2542 1256 2580 mediae
1282 2551 1352 2580 exe
1383 2545 1525 2580 nentes
1556 2540 1726 2579 divinam

113 2586 417 2636 providentiam,
438 2595 520 2624 non
537 2591 647 2625 esset
662 2587 706 2625 in
724 2587 844 2626 rebus
866 2587 965 2626 ordo
982 2598 1209 2635 causarum,
1231 2588 1302 2628 sed
1320 2598 1340 2627 e
1375 2592 1532 2629 ectuum
1561 2591 1724 2625 tantum.

114 2631 243 2724 gxigitt
261 2632 383 2684 igitur
399 2633 543 2672 divinae
561 2634 821 2681 providentiae
839 2635 1046 2682 perfectio,
1066 2636 1173 2685 quod
1196 2636 1279 2674 sint
1307 2645 1440 2674 causae
1467 2633 1608 2672 mediae
1639 2643 1725 2671 exe·

144 2686 218 2714 uen
241 2687 282 2715 es
305 2689 446 2724 ipsam.

157 2724 338 2779 liincest
357 2727 462 2772 quod
484 2729 549 2766 Ps.
567 2736 634 2774 cn,
653 2731 715 2774 21,
735 2728 881 2767 dicitur
899 2740 910 2767 t
930 2730 1135 2767 Benedicite
1150 2731 1303 2769 Domino
1321 2739 1441 2766 omnes
1457 2729 1608 2765 virtutes
1637 2729 1724 2774 ejas,

113 2774 275 2826 mtnzstrq
293 2782 371 2816 eJus
390 2774 454 2818 qui
474 2775 601 2817 facitis
619 2777 839 2813 voluntatem
858 2776 949 2823 ejus.
972 2778 1017 2814 Et
1035 2777 1146 2823 alibi,
1176 2784 1342 2823 CXLVIII,
1357 2779 1378 2814 8
1399 2788 1410 2814 t
1429 2776 1545 2821 Ionis,
1573 2775 1723 2820 arando,

114 2827 192 2860 nzoe,
215 2821 368 2864 sparitus
383 2821 638 2868 procellarum,
659 2833 739 2869 quae
755 2825 902 2868 faciunt
918 2824 1066 2863 verbum
1084 2825 1179 2871 ejus-
