1894 3223
653 109 742 146 LIB.
771 110 817 153 11,
844 108 946 144 CAP.
974 107 1125 144 xcvm.
1627 108 1692 144 251

73 198 264 239 tempore.
285 191 514 229 Intellectus
533 193 665 228 autem
683 189 917 227 substantiae
938 192 1129 235 separatae
1149 193 1210 227 est
1229 199 1350 237 supra
1360 194 1531 239 tempus,
1551 197 1594 232 ut
1606 204 1696 241 pro-

73 240 208 278 batum
230 242 291 277 est
309 238 358 286 (c.
380 238 455 286 96).
475 239 562 275 Non
582 240 644 274 est
664 237 786 283 igitur
801 237 1038 284 quandoque
1060 235 1288 284 intelligens
1303 242 1392 277 actu
1410 242 1697 292 etquandoque

81 295 176 324 non.

120 335 221 377 Item,
242 332 374 370 omnis
394 331 619 369 substantia
634 331 772 368 vivens
793 330 911 367 habet
929 330 1103 377 aliquam
1125 333 1395 377 operationem
1413 335 1501 373 vitre
1530 337 1569 373 in
1606 341 1697 376 actu

73 390 123 418 ex
142 389 216 418 sua
236 383 390 423 natura,
413 387 501 425 quae
520 378 627 416 inest
646 378 681 415 ei
703 386 872 423 semper,
891 377 985 429 licet
1000 378 1086 415 aliae
1102 379 1346 430 *quandoque
1367 381 1494 419 insint
1514 384 1549 420 ci
1568 384 1610 421 in
1631 394 1699 431 po-

74 427 219 471 tentia3
253 427 357 463 sicut
385 425 574 462 animalia
607 434 765 470 semper
794 428 1037 469 nutriuntur,
1084 424 1176 462 licet
1205 435 1286 464 non
1313 436 1470 474 semper
1507 432 1695 470 sentiant.

73 473 312 512 Substantiae
335 476 465 510 autern
484 475 675 518 separatae
700 475 791 508 sunt
819 471 1053 509 substantiae
1075 472 1273 524 ,viventes
1312 478 1356 512 ut
1391 485 1438 512 ex
1477 479 1697 523 praemissis

75 524 197 568 patet,
216 529 290 557 nec
308 519 454 557 habent
470 519 590 556 aliam
610 518 881 565 operationem
898 519 987 555 vitae
1006 519 1083 556 nisi
1108 520 1343 566 intelligere.
1384 523 1544 569 Oportet
1576 526 1699 572 igitur

76 567 185 615 quod
207 577 255 604 ex
276 576 350 605 sua
370 570 512 603 natura
531 566 613 603 sint
628 566 897 612 intelligentes
921 570 1009 603 actu
1031 575 1200 612 semper.

122 615 223 655 Item,
246 613 479 652 substantiae
500 616 691 659 separatae
712 617 871 650 movent
890 622 959 658 per
978 613 1222 652 intellectum
1240 619 1618 664 corporaaeoelestia,
1640 629 1699 658 se-

75 661 250 699 cundum
270 661 603 707 pbilosophorum
624 660 844 697 doctrinam
869 660 1114 707 metaphys„
1132 669 1201 703 xu,
1223 664 1317 699 text.
1336 671 1480 701 comm.
1502 668 1546 702 36
1567 671 1604 702 et
1622 667 1697 714 37).

76 708 206 747 Motus
226 712 358 746 autem
378 717 590 754 corporum
611 707 833 745 coelestium
849 711 908 759 est
923 716 1078 753 semper
1091 708 1321 747 continuus.
1338 711 1561 758 Intelligere
1578 713 1700 759 igitur

76 755 392 794 substantiarum
412 759 681 801 separatarum
703 759 764 791 est
780 758 1016 792 continuum
1037 757 1075 790 et
1095 764 1264 800 semper.
1286 776 1333 784 —
1348 758 1428 795 Hoc
1445 763 1576 796 autem
1592 760 1698 799 idem

77 803 272 850 sequitur,
298 803 372 840 etsi
391 811 471 839 non
491 806 692 848 ponantur
710 805 914 854 moventes
935 809 1102 853 corpora
1122 803 1312 848 coelestia,
1332 814 1451 851 quum
1483 806 1563 843 sint
1584 807 1698 845 altio-

77 858 143 887 res
166 849 400 896 corporibus
421 849 665 887 coelestibus.
686 849 806 893 Unde,
827 857 862 886 s1
891 856 1051 894 propria
1085 850 1261 901 operatio
1294 852 1478 898 corporis
1506 854 1698 900 coelestis,

77 905 167 943 quae
186 901 245 934 est
265 900 398 934 motus
418 896 561 942 ipsius,
583 899 644 934 est
663 896 866 948 continua,
886 895 1011 948 multo
1032 904 1161 943 magis
1187 898 1346 944 propria
1372 900 1549 946 operatio
1582 901 1698 939 subs·

76 943 292 981 tantiarum
313 947 597 989 separatarum,
619 952 706 990 quae
730 946 792 980 est
811 942 1047 989 intelligere.

125 991 309 1036 Amplius,
332 999 450 1028 omne
472 990 577 1036 quod
596 989 834 1037 quandoque
855 993 1040 1035 operatur
1067 993 1103 1027 et
1134 992 1372 1040 quandoque
1404 1003 1485 1031 non
1516 999 1701 1041 operatur

79 1042 260 1075 movetur
279 1046 348 1083 per
367 1046 410 1074 se
431 1037 491 1074 vel
512 1046 581 1083 per
600 1037 805 1080 accidens3
824 1037 929 1073 unde
950 1040 988 1073 et
1007 1037 1082 1074 hoc
1103 1038 1209 1084 quod
1230 1048 1305 1076 nos
1325 1041 1562 1088 quandoque
1585 1043 1700 1080 intel-

77 1083 257 1131 ligimus,
279 1083 518 1130 quandoque
536 1093 630 1129 non,
654 1083 836 1129 provenit
860 1093 907 1120 ex
928 1084 1160 1122 alteratione
1189 1095 1277 1132 quae
1309 1090 1371 1124 est
1407 1088 1513 1125 circa
1549 1093 1700 1134 partem

79 1130 328 1175 sensibilem,
349 1134 393 1168 ut
412 1130 615 1168 diciturin
642 1134 781 1167 octavo
801 1130 1036 1183 Physicorum
1061 1131 1167 1178 (text.
1190 1141 1334 1170 comm.
1369 1133 1443 1181 51).
1483 1135 1556 1172 Sed
1585 1136 1701 1174 subs-

77 1178 214 1215 tantiae
232 1180 422 1224 separatae
442 1186 524 1215 non
543 1180 753 1215 moventur
771 1186 841 1224 per
860 1186 916 1218 se,
941 1187 1035 1224 quia
1051 1187 1131 1215 non
1151 1183 1246 1216 sunt
1265 1189 1451 1228 corpora3
1473 1191 1604 1229 neque
1616 1192 1701 1221 mo-

77 1228 221 1263 ventur
237 1234 308 1272 per
328 1224 527 1269 accidens,
549 1224 644 1271 quia
676 1233 758 1261 non
789 1225 1048 1277 sunt-unitae·
1071 1226 1319 1272 corporibus.
1362 1229 1485 1275 Igitur
1524 1230 1702 1276 operatio

77 1271 253 1319 propria,
274 1281 362 1320 quae
381 1275 443 1309 est
462 1271 704 1320 intelligere,
724 1275 785 1308 est
804 1280 845 1308 1n
864 1280 923 1309 eis
943 1276 1135 1312 continua
1159 1277 1198 1312 et
1216 1283 1299 1313 non
1319 1275 1521 1316 intercisa.

701 1417 871 1462 CAPUT
896 1418 1074 1461 XCVIII.

306 1536 488 1572 QUOMODO
514 1537 594 1567 UNA
618 1538 861 1569 SUBSTANTIA
880 1539 1084 1570 SEPARATA
1108 1540 1325 1570 INTELLIGIT
1349 1542 1486 1576 ALIAM.

131 1647 172 1686 Si
192 1650 322 1697 autem
343 1647 576 1685 substantiae
596 1652 786 1698 separatae
801 1648 1032 1695 intelligunt·
1047 1659 1094 1687 ea
1111 1659 1198 1697 quae
1220 1654 1315 1688 sunt
1336 1660 1406 1698 per
1438 1660 1481 1689 se
1514 1652 1704 1701 intelligi·

83 1694 193 1739 bilia,
211 1698 255 1732 ut
273 1694 322 1741 (c.
340 1695 398 1740 96)
419 1698 480 1732 est
499 1699 705 1732 ostensum
734 1699 818 1741 (per
837 1704 879 1732 se
900 1700 1030 1732 autem
1049 1697 1317 1744 intelligibilia
1343 1702 1436 1735 sunt
1468 1699 1705 1739 substantiae

84 1744 296 1788 separatae3
317 1741 549 1779 immunitas
564 1742 669 1779 enim
687 1752 711 1779 a
728 1742 893 1779 materia
913 1743 1007 1780 facit
1025 1743 1174 1790 aliquid
1192 1753 1281 1781 esse
1301 1754 1371 1790 per
1382 1745 1702 1793 seintelligibile‚

83 1792 126 1826 ut
146 1798 194 1825 ex
212 1788 487 1834 superioribus
502 1788 542 1834 (l.
564 1797 592 1833 1,
614 1799 649 1826 c.
671 1791 718 1826 44
738 1792 776 1826 et
794 1789 856 1836 75)
871 1793 990 1834 patet,
1013 1791 1194 1837 sequitur
1213 1792 1319 1837 quod
1338 1792 1570 1830 substantiae
1589 1803 1704 1840 sepa·

83 1839 178 1872 ratae
195 1834 435 1882 intelligant,
454 1835 558 1873 sicut
577 1836 737 1883 propria
753 1835 919 1882 objecta,
943 1837 1188 1875 substantias
1209 1843 1426 1885 separatas.
1450 1841 1705 1888 Unaquaeque

83 1882 208 1929 igitur
223 1885 263 1919 et
281 1882 456 1928 seipsam
476 1886 514 1919 et
539 1882 640 1920 alias
661 1887 890 1928 cognoscet.
913 1884 1091 1929 seipsam
1107 1884 1265 1931 quidem
1293 1895 1541 1933 unaquaeque
1568 1897 1704 1927 earum

85 1929 200 1966 aliter
226 1929 436 1976 cognoscit
464 1939 583 1976 quam
614 1930 840 1967 intellectus
869 1931 1077 1976 possibilis
1110 1932 1300 1978 seipsum.
1336 1934 1564 1972 intellectus
1597 1936 1704 1973 enim

84 1975 293 2022 possibilis
314 1979 376 2013 est
399 1979 444 2013 ut
469 1977 646 2022 potentia
671 1977 847 2014 existens
866 1978 908 2013 in
929 1987 1018 2015 esse
1037 1979 1294 2026 intelligibili,
1317 1979 1360 2016 fit
1385 1984 1516 2017 autem
1531 1986 1619 2019 actu
1635 1991 1706 2029 per

85 2023 261 2069 speciem
278 2022 584 2066 intelligibilem,
606 2024 711 2061 sicut
727 2024 892 2061 materia
907 2025 1035 2070 prima
1054 2026 1096 2062 fit
1116 2030 1205 2063 actu
1237 2027 1279 2063 in
1299 2035 1389 2064 esse
1418 2028 1601 2066 sensibili
1636 2038 1706 2075 per

86 2070 256 2107 formam
272 2050 506 2107 naturaI'em.
527 2071 632 2107 Nihil
655 2074 786 2109 autem
809 2072 1066 2118 cognoscitur
1082 2073 1302 2110 secundum
1323 2075 1428 2121 quod
1451 2078 1511 2112 est
1528 2077 1706 2121 potentia

84 2120 253 2161 tantum,
273 2117 347 2154 sed
363 2117 583 2155 secundum
603 2118 710 2165 quod
731 2122 791 2156 est
809 2122 919 2162 actu;
935 2119 1040 2156 unde
1055 2124 1092 2156 et
1104 2120 1230 2157 forma
1241 2124 1301 2158 est
1313 2121 1552 2168 principium
1568 2124 1705 2170 cogni-

85 2164 209 2201 tionis
223 2164 294 2208 rei‚
316 2173 404 2211 quae
424 2173 494 2211 per
513 2173 600 2202 eam
619 2164 663 2201 fit
683 2169 792 2209 actu;
814 2165 1000 2203 similiter
1018 2170 1149 2204 autem
1169 2168 1347 2213 potentia
1370 2170 1644 2215 cognoscitiva
1662 2169 1706 2208 fit

87 2214 177 2248 actu
196 2219 448 2258 cognoscens
464 2220 535 2257 per
551 2212 724 2258 speciem
748 2212 935 2259 aliquam.
959 2214 1186 2251 intellectus
1206 2214 1329 2261 igitur
1344 2216 1551 2261 possibilis
1570 2220 1706 2254 noster

87 2265 171 2294 non
187 2258 396 2304 cognoscit
415 2258 598 2305 seipsum
614 2259 690 2296 nisi
711 2269 780 2305 per
800 2260 973 2305 speciem
1006 2260 1311 2307 intelligibilem,
1345 2272 1423 2309 qua
1462 2262 1505 2299 fit
1541 2268 1630 2300 actu
1663 2264 1705 2300 in

88 2312 179 2341 esse
213 2303 472 2350 intelligibili.
514 2307 559 2342 Et
591 2310 752 2352 propter
781 2306 857 2343 hoc
892 2307 987 2344 dicit
1017 2308 1248 2345 Aristoteles
1287 2308 1351 2355 (De
1373 2311 1509 2349 anima,
1530 2319 1587 2354 ιιι,
1610 2314 1703 2348 text.

88 2358 234 2388 comm.
256 2349 421 2397 15)quod
439 2354 501 2388 est
518 2352 805 2404 cognoscibilis
826 2353 929 2390 sicut
948 2357 987 2390 et
1004 2354 1096 2398 alia,
1119 2355 1270 2392 scilicet
1288 2364 1359 2400 per
1377 2356 1531 2402 species
1544 2365 1565 2392 a
1579 2356 1705 2402 phan-

83 2395 327 2435 tasmatibus
347 2401 529 2443 acceptas
549 2402 654 2436 sicut
673 2409 742 2445 per
759 2399 909 2437 formas
925 2402 1120 2446 proprias.
1156 2401 1394 2453 Substantiae
1431 2405 1560 2439 autem
1592 2412 1705 2449 sepa-

87 2448 184 2482 ratae
204 2445 299 2481 sunt
321 2443 541 2482 secundum
561 2453 675 2482 suam
695 2450 876 2482 naturam
896 2451 940 2483 ut
958 2451 1048 2484 actu
1072 2447 1311 2485 exsistentes
1339 2457 1380 2484 ιιι
1401 2457 1490 2486 esse
1519 2449 1706 2497 intelligi-

87 2490 186 2536 hili3
206 2489 312 2528 unde
333 2498 580 2537 unaquaeque
600 2501 736 2528 earum
771 2493 944 2539 seipsam
975 2503 1045 2539 per
1081 2502 1194 2530 suam
1230 2495 1446 2533 essentiam
1481 2498 1704 2543 cognoscit,

88 2546 173 2576 non
189 2546 260 2584 per
275 2536 448 2584 aliquam
471 2537 644 2583 speciem
666 2539 828 2576 alterius
849 2540 920 2576 rei.
949 2540 1077 2583 Quum
1110 2544 1241 2577 autem
1273 2542 1408 2580 omnis
1445 2544 1621 2590 cognitio
1653 2545 1706 2582 sit

89 2584 312 2624 secundum
331 2583 436 2631 quod
456 2584 497 2621 in
520 2588 788 2631 cognoscente
802 2589 864 2623 est
879 2586 1099 2624 similitudo
1119 2587 1284 2634 cogniti,
1310 2597 1390 2626 una.
1424 2593 1555 2628 autem
1589 2591 1705 2630 subs·

87 2631 304 2670 tantiarum
324 2634 594 2677 separatarum
614 2631 665 2669 sit
685 2631 830 2669 similis
851 2633 963 2669 alteri
990 2633 1210 2671 secundum
1241 2643 1492 2674 communem
1521 2642 1704 2678 naturam

119 2678 265 2724 eneris,
287 2677 472 2716 differant
490 2681 622 2716 autem
638 2678 687 2716 ab
707 2678 876 2731 invicem
896 2680 1116 2718 secundum
1137 2681 1324 2728 speciem,
1346 2686 1390 2721 ut
1413 2693 1462 2722 ex
1483 2686 1704 2731 praemissis

90 2687 141 2772 ᾗς.
163 2725 222 2771 93)
243 2728 415 2771 apparet,
431 2724 587 2762 videtur
605 2734 718 2771 sequi
737 2726 843 2772 quod
863 2735 942 2763 una
958 2736 1092 2764 earum
1114 2728 1231 2765 aliam
1250 2737 1333 2766 non
1346 2736 1564 2777 cognoscat
1584 2741 1705 2780 quan-

90 2775 176 2808 tum
196 2771 244 2808 ad
263 2772 461 2817 propriam
482 2772 676 2810 rationem
697 2772 858 2819 speciei,
892 2773 962 2810 sed
994 2774 1125 2812 solum
1148 2779 1339 2822 quantum
1368 2778 1418 2815 ad
1449 2787 1743 2828 communem„
1764 2806 1769 2810 -

92 2819 251 2866 generis
274 2819 481 2856 rationem.
1159 2835 1162 2838 ⁴

140 2864 282 2902 Dicunt
300 2874 394 2912 ergo
415 2866 575 2914 quidam
593 2866 699 2915 quod
732 2876 811 2905 una
839 2867 1150 2908 substantiarum
1182 2874 1452 2920 separatarum
1484 2876 1545 2912 est
1580 2882 1702 2918 causa
