<?xml version="1.0" encoding="UTF-8"?>
<!DOCTYPE html PUBLIC "-//W3C//DTD XHTML 1.0 Transitional//EN"
    "http://www.w3.org/TR/xhtml1/DTD/xhtml1-transitional.dtd">
<html xmlns="http://www.w3.org/1999/xhtml" xml:lang="en" lang="en">
 <head>
  <title>
</title>
<meta http-equiv="Content-Type" content="text/html;charset=utf-8" />
  <meta name='ocr-system' content='tesseract 3.04.00' />
  <meta name='ocr-capabilities' content='ocr_page ocr_carea ocr_par ocr_line ocrx_word'/>
</head>
<body>
  <div class='ocr_page' id='page_1' title='image "./deveritatecathol00thomuoft_0627.png"; bbox 0 0 1894 3223; ppageno 0'>
   <div class='ocr_carea' id='block_1_1' title="bbox 691 111 1698 155">
    <p class='ocr_par' dir='ltr' id='par_1_1' title="bbox 691 111 1698 155">
     <span class='ocr_line' id='line_1_1' title="bbox 691 111 1698 155; baseline 0.001 -8"><span class='ocrx_word' id='word_1_1' title='bbox 691 112 778 148; x_wconf 86' lang='lat' dir='ltr'>LIB.</span> <span class='ocrx_word' id='word_1_2' title='bbox 805 112 866 155; x_wconf 82' lang='lat' dir='ltr'>lv,</span> <span class='ocrx_word' id='word_1_3' title='bbox 893 111 993 148; x_wconf 66' lang='lat' dir='ltr'>CAP.</span> <span class='ocrx_word' id='word_1_4' title='bbox 1022 113 1090 147; x_wconf 87' lang='lat' dir='ltr'>LV.</span> <span class='ocrx_word' id='word_1_5' title='bbox 1630 114 1698 150; x_wconf 71' lang='lat'>587</span> 
     </span>
    </p>
   </div>
   <div class='ocr_carea' id='block_1_2' title="bbox 42 189 1721 2914">
    <p class='ocr_par' dir='ltr' id='par_1_2' title="bbox 77 189 1699 237">
     <span class='ocr_line' id='line_1_2' title="bbox 77 189 1699 237; baseline 0 -9"><span class='ocrx_word' id='word_1_6' title='bbox 77 191 400 237; x_wconf 59' lang='lat' dir='ltr'>cognoscendum</span> <span class='ocrx_word' id='word_1_7' title='bbox 422 199 538 237; x_wconf 86' lang='lat' dir='ltr'>quam</span> <span class='ocrx_word' id='word_1_8' title='bbox 564 192 697 227; x_wconf 72' lang='lat' dir='ltr'>honio.</span> <span class='ocrx_word' id='word_1_9' title='bbox 719 191 831 233; x_wconf 76' lang='lat' dir='ltr'>cujus</span> <span class='ocrx_word' id='word_1_10' title='bbox 854 190 1028 232; x_wconf 51' lang='lat' dir='ltr'>conuitio</span> <span class='ocrx_word' id='word_1_11' title='bbox 1072 200 1096 227; x_wconf 86' lang='lat' dir='ltr'>a</span> <span class='ocrx_word' id='word_1_12' title='bbox 1130 199 1252 227; x_wconf 90' lang='lat' dir='ltr'>sensu</span> <span class='ocrx_word' id='word_1_13' title='bbox 1292 191 1430 227; x_wconf 75' lang='lat' dir='ltr'>oritur.</span> <span class='ocrx_word' id='word_1_14' title='bbox 1470 189 1699 228; x_wconf 78' lang='lat' dir='ltr'>sufficiebat</span> 
     </span>
    </p>

    <p class='ocr_par' dir='ltr' id='par_1_3' title="bbox 79 236 1695 285">
     <span class='ocr_line' id='line_1_3' title="bbox 79 236 1695 285; baseline 0.001 -11"><span class='ocrx_word' id='word_1_15' title='bbox 79 240 198 282; x_wconf 59' lang='lat' dir='ltr'>igitur</span> <span class='ocrx_word' id='word_1_16' title='bbox 217 237 322 285; x_wconf 87' lang='lat' dir='ltr'>quod</span> <span class='ocrx_word' id='word_1_17' title='bbox 344 238 512 283; x_wconf 80' lang='lat' dir='ltr'>angelus</span> <span class='ocrx_word' id='word_1_18' title='bbox 533 247 555 274; x_wconf 82' lang='lat' dir='ltr'>a</span> <span class='ocrx_word' id='word_1_19' title='bbox 577 240 655 274; x_wconf 82' lang='lat' dir='ltr'>Deo</span> <span class='ocrx_word' id='word_1_20' title='bbox 678 237 978 283; x_wconf 66' lang='lat' dir='ltr'>intelligibiliter</span> <span class='ocrx_word' id='word_1_21' title='bbox 997 238 1258 273; x_wconf 62' lang='lat' dir='ltr'>instrueretur</span> <span class='ocrx_word' id='word_1_22' title='bbox 1278 236 1324 273; x_wconf 90' lang='lat' dir='ltr'>de</span> <span class='ocrx_word' id='word_1_23' title='bbox 1355 238 1517 274; x_wconf 75' lang='lat' dir='ltr'>veritate</span> <span class='ocrx_word' id='word_1_24' title='bbox 1537 237 1695 281; x_wconf 83' lang='lat' dir='ltr'>divina;</span> 
     </span>
    </p>

    <p class='ocr_par' dir='ltr' id='par_1_4' title="bbox 77 283 1696 331">
     <span class='ocr_line' id='line_1_4' title="bbox 77 283 1696 331; baseline 0.002 -13"><span class='ocrx_word' id='word_1_25' title='bbox 77 286 145 321; x_wconf 75' lang='lat' dir='ltr'>sed</span> <span class='ocrx_word' id='word_1_26' title='bbox 168 284 340 321; x_wconf 87' lang='lat' dir='ltr'>conditio</span> <span class='ocrx_word' id='word_1_27' title='bbox 361 283 537 320; x_wconf 85' lang='lat' dir='ltr'>hominis</span> <span class='ocrx_word' id='word_1_28' title='bbox 559 284 780 331; x_wconf 70' lang='lat' dir='ltr'>requirebat</span> <span class='ocrx_word' id='word_1_29' title='bbox 802 289 842 320; x_wconf 88' lang='lat' dir='ltr'>ut</span> <span class='ocrx_word' id='word_1_30' title='bbox 868 285 968 321; x_wconf 85' lang='lat' dir='ltr'>Deus</span> <span class='ocrx_word' id='word_1_31' title='bbox 991 284 1236 321; x_wconf 76' lang='lat' dir='ltr'>sensibiliter</span> <span class='ocrx_word' id='word_1_32' title='bbox 1260 284 1461 320; x_wconf 84' lang='lat' dir='ltr'>lioniincin</span> <span class='ocrx_word' id='word_1_33' title='bbox 1483 284 1530 320; x_wconf 86' lang='lat' dir='ltr'>de</span> <span class='ocrx_word' id='word_1_34' title='bbox 1563 284 1696 330; x_wconf 82' lang='lat' dir='ltr'>seipso</span> 
     </span>
    </p>

    <p class='ocr_par' dir='ltr' id='par_1_5' title="bbox 76 331 1721 424">
     <span class='ocr_line' id='line_1_5' title="bbox 78 331 1721 377; baseline 0.001 -9"><span class='ocrx_word' id='word_1_35' title='bbox 78 332 237 368; x_wconf 87' lang='lat' dir='ltr'>homine</span> <span class='ocrx_word' id='word_1_36' title='bbox 257 331 490 369; x_wconf 83' lang='lat' dir='ltr'>instrueret:</span> <span class='ocrx_word' id='word_1_37' title='bbox 514 332 618 377; x_wconf 86' lang='lat' dir='ltr'>quod</span> <span class='ocrx_word' id='word_1_38' title='bbox 650 341 717 376; x_wconf 80' lang='lat' dir='ltr'>per</span> <span class='ocrx_word' id='word_1_39' title='bbox 738 331 1046 367; x_wconf 73' lang='lat' dir='ltr'>incarnationem</span> <span class='ocrx_word' id='word_1_40' title='bbox 1072 336 1132 368; x_wconf 83' lang='lat' dir='ltr'>cst</span> <span class='ocrx_word' id='word_1_41' title='bbox 1163 332 1321 367; x_wconf 81' lang='lat' dir='ltr'>sactum.</span> <span class='ocrx_word' id='word_1_42' title='bbox 1361 333 1443 376; x_wconf 83' lang='lat' dir='ltr'>ipsa</span> <span class='ocrx_word' id='word_1_43' title='bbox 1477 331 1592 368; x_wconf 85' lang='lat' dir='ltr'>etiam</span> <span class='ocrx_word' id='word_1_44' title='bbox 1620 332 1721 373; x_wconf 73' lang='lat' dir='ltr'>dis-,</span> 
     </span>
     <span class='ocr_line' id='line_1_6' title="bbox 76 377 1697 424; baseline 0.001 -10"><span class='ocrx_word' id='word_1_45' title='bbox 76 378 201 414; x_wconf 84' lang='lat' dir='ltr'>tantia</span> <span class='ocrx_word' id='word_1_46' title='bbox 223 378 399 414; x_wconf 88' lang='lat' dir='ltr'>hominis</span> <span class='ocrx_word' id='word_1_47' title='bbox 420 387 442 414; x_wconf 86' lang='lat' dir='ltr'>a</span> <span class='ocrx_word' id='word_1_48' title='bbox 464 380 541 414; x_wconf 73' lang='lat' dir='ltr'>Deo</span> <span class='ocrx_word' id='word_1_49' title='bbox 563 379 690 424; x_wconf 58' lang='lat' dir='ltr'>inagis</span> <span class='ocrx_word' id='word_1_50' title='bbox 713 387 930 423; x_wconf 63' lang='lat' dir='ltr'>repugnare</span> <span class='ocrx_word' id='word_1_51' title='bbox 950 377 1154 414; x_wconf 73' lang='lat' dir='ltr'>ridebatur</span> <span class='ocrx_word' id='word_1_52' title='bbox 1174 378 1349 414; x_wconf 77' lang='lat' dir='ltr'>l&#39;ruitioni</span> <span class='ocrx_word' id='word_1_53' title='bbox 1373 378 1529 421; x_wconf 55' lang='lat' dir='ltr'>divitum</span> <span class='ocrx_word' id='word_1_54' title='bbox 1553 383 1589 414; x_wconf 87' lang='lat' dir='ltr'>et</span> <span class='ocrx_word' id='word_1_55' title='bbox 1609 379 1697 416; x_wconf 84' lang='lat' dir='ltr'>ideo</span> 
     </span>
    </p>

    <p class='ocr_par' dir='ltr' id='par_1_6' title="bbox 77 424 1698 472">
     <span class='ocr_line' id='line_1_7' title="bbox 77 424 1698 472; baseline 0.001 -11"><span class='ocrx_word' id='word_1_56' title='bbox 77 424 204 471; x_wconf 82' lang='lat' dir='ltr'>magis</span> <span class='ocrx_word' id='word_1_57' title='bbox 223 424 394 471; x_wconf 80' lang='lat' dir='ltr'>indiguit</span> <span class='ocrx_word' id='word_1_58' title='bbox 412 424 531 461; x_wconf 84' lang='lat' dir='ltr'>homo</span> <span class='ocrx_word' id='word_1_59' title='bbox 551 435 667 472; x_wconf 83' lang='lat' dir='ltr'>quam</span> <span class='ocrx_word' id='word_1_60' title='bbox 697 425 862 469; x_wconf 70' lang='lat' dir='ltr'>angelus</span> <span class='ocrx_word' id='word_1_61' title='bbox 884 425 1035 460; x_wconf 83' lang='lat' dir='ltr'>assumi</span> <span class='ocrx_word' id='word_1_62' title='bbox 1057 434 1080 461; x_wconf 88' lang='lat' dir='ltr'>a</span> <span class='ocrx_word' id='word_1_63' title='bbox 1099 426 1192 466; x_wconf 74' lang='lat' dir='ltr'>Deo,</span> <span class='ocrx_word' id='word_1_64' title='bbox 1207 424 1253 460; x_wconf 90' lang='lat' dir='ltr'>ad</span> <span class='ocrx_word' id='word_1_65' title='bbox 1271 433 1379 468; x_wconf 77' lang='lat' dir='ltr'>spem</span> <span class='ocrx_word' id='word_1_66' title='bbox 1397 425 1443 460; x_wconf 85' lang='lat' dir='ltr'>de</span> <span class='ocrx_word' id='word_1_67' title='bbox 1460 425 1698 463; x_wconf 80' lang='lat' dir='ltr'>beatitudine</span> 
     </span>
    </p>

    <p class='ocr_par' dir='ltr' id='par_1_7' title="bbox 75 471 1698 518">
     <span class='ocr_line' id='line_1_8' title="bbox 75 471 1698 518; baseline 0.001 -10"><span class='ocrx_word' id='word_1_68' title='bbox 75 471 391 518; x_wconf 76' lang='lat' dir='ltr'>concipiendam.</span> <span class='ocrx_word' id='word_1_69' title='bbox 418 473 543 508; x_wconf 89' lang='lat' dir='ltr'>llomo</span> <span class='ocrx_word' id='word_1_70' title='bbox 563 474 697 509; x_wconf 83' lang='lat' dir='ltr'>etiam.</span> <span class='ocrx_word' id='word_1_71' title='bbox 716 480 835 517; x_wconf 86' lang='lat' dir='ltr'>quum</span> <span class='ocrx_word' id='word_1_72' title='bbox 860 471 1189 507; x_wconf 80' lang='lat' dir='ltr'>sitereaturarum</span> <span class='ocrx_word' id='word_1_73' title='bbox 1204 472 1413 515; x_wconf 84' lang='lat' dir='ltr'>terminus,</span> <span class='ocrx_word' id='word_1_74' title='bbox 1430 473 1542 517; x_wconf 85' lang='lat' dir='ltr'>quasi</span> <span class='ocrx_word' id='word_1_75' title='bbox 1559 481 1698 509; x_wconf 81' lang='lat' dir='ltr'>omncs</span> 
     </span>
    </p>

    <p class='ocr_par' dir='ltr' id='par_1_8' title="bbox 77 517 1698 564">
     <span class='ocr_line' id='line_1_9' title="bbox 77 517 1698 564; baseline 0 -9"><span class='ocrx_word' id='word_1_76' title='bbox 77 519 178 555; x_wconf 87' lang='lat' dir='ltr'>alias</span> <span class='ocrx_word' id='word_1_77' title='bbox 198 522 400 555; x_wconf 84' lang='lat' dir='ltr'>creaturas</span> <span class='ocrx_word' id='word_1_78' title='bbox 422 519 591 556; x_wconf 87' lang='lat' dir='ltr'>naturali</span> <span class='ocrx_word' id='word_1_79' title='bbox 613 518 881 564; x_wconf 76' lang='lat' dir='ltr'>generationis</span> <span class='ocrx_word' id='word_1_80' title='bbox 904 517 1042 554; x_wconf 88' lang='lat' dir='ltr'>ordine</span> <span class='ocrx_word' id='word_1_81' title='bbox 1062 525 1386 563; x_wconf 76' lang='lat' dir='ltr'>prrcsupponens.</span> <span class='ocrx_word' id='word_1_82' title='bbox 1417 520 1698 555; x_wconf 79' lang='lat' dir='ltr'>convenienter</span> 
     </span>
    </p>

    <p class='ocr_par' dir='ltr' id='par_1_9' title="bbox 77 564 1696 612">
     <span class='ocr_line' id='line_1_10' title="bbox 77 564 1696 612; baseline 0.001 -11"><span class='ocrx_word' id='word_1_83' title='bbox 77 565 204 612; x_wconf 88' lang='lat' dir='ltr'>primo</span> <span class='ocrx_word' id='word_1_84' title='bbox 225 575 355 602; x_wconf 87' lang='lat' dir='ltr'>rerum</span> <span class='ocrx_word' id='word_1_85' title='bbox 376 566 569 612; x_wconf 81' lang='lat' dir='ltr'>principio</span> <span class='ocrx_word' id='word_1_86' title='bbox 599 566 748 609; x_wconf 88' lang='lat' dir='ltr'>unitur,</span> <span class='ocrx_word' id='word_1_87' title='bbox 771 565 886 601; x_wconf 87' lang='lat' dir='ltr'>etiam</span> <span class='ocrx_word' id='word_1_88' title='bbox 926 568 968 602; x_wconf 89' lang='lat' dir='ltr'>ut</span> <span class='ocrx_word' id='word_1_89' title='bbox 1005 564 1174 611; x_wconf 87' lang='lat' dir='ltr'>quadam</span> <span class='ocrx_word' id='word_1_90' title='bbox 1212 565 1470 602; x_wconf 72' lang='lat' dir='ltr'>circulatione</span> <span class='ocrx_word' id='word_1_91' title='bbox 1506 566 1696 612; x_wconf 71' lang='lat' dir='ltr'>perfectio</span> 
     </span>
    </p>

    <p class='ocr_par' dir='ltr' id='par_1_10' title="bbox 76 613 505 650">
     <span class='ocr_line' id='line_1_11' title="bbox 76 613 505 650; baseline 0.002 -1"><span class='ocrx_word' id='word_1_92' title='bbox 76 621 207 650; x_wconf 85' lang='lat' dir='ltr'>rerum</span> <span class='ocrx_word' id='word_1_93' title='bbox 231 613 505 650; x_wconf 70' lang='lat' dir='ltr'>concludatur.</span> 
     </span>
    </p>

    <p class='ocr_par' dir='ltr' id='par_1_11' title="bbox 75 658 1700 940">
     <span class='ocr_line' id='line_1_12' title="bbox 127 658 1699 706; baseline 0.001 -10"><span class='ocrx_word' id='word_1_94' title='bbox 127 660 179 696; x_wconf 84' lang='lat' dir='ltr'>Ex</span> <span class='ocrx_word' id='word_1_95' title='bbox 200 659 276 696; x_wconf 85' lang='lat' dir='ltr'>hoc</span> <span class='ocrx_word' id='word_1_96' title='bbox 297 661 414 696; x_wconf 86' lang='lat' dir='ltr'>etiam</span> <span class='ocrx_word' id='word_1_97' title='bbox 435 661 540 706; x_wconf 90' lang='lat' dir='ltr'>quod</span> <span class='ocrx_word' id='word_1_98' title='bbox 562 661 666 697; x_wconf 88' lang='lat' dir='ltr'>Deus</span> <span class='ocrx_word' id='word_1_99' title='bbox 686 658 899 696; x_wconf 86' lang='lat' dir='ltr'>humanam</span> <span class='ocrx_word' id='word_1_100' title='bbox 921 663 1103 696; x_wconf 86' lang='lat' dir='ltr'>naturam</span> <span class='ocrx_word' id='word_1_101' title='bbox 1123 658 1341 703; x_wconf 71' lang='lat' dir='ltr'>assumpsit</span> <span class='ocrx_word' id='word_1_102' title='bbox 1361 668 1439 695; x_wconf 89' lang='lat' dir='ltr'>non</span> <span class='ocrx_word' id='word_1_103' title='bbox 1462 659 1575 696; x_wconf 85' lang='lat' dir='ltr'>datur</span> <span class='ocrx_word' id='word_1_104' title='bbox 1595 669 1699 697; x_wconf 87' lang='lat' dir='ltr'>erro-</span> 
     </span>
     <span class='ocr_line' id='line_1_13' title="bbox 76 706 1700 753; baseline 0.001 -11"><span class='ocrx_word' id='word_1_105' title='bbox 76 706 133 744; x_wconf 88' lang='lat' dir='ltr'>ris</span> <span class='ocrx_word' id='word_1_106' title='bbox 152 707 326 750; x_wconf 84' lang='lat' dir='ltr'>occasio,</span> <span class='ocrx_word' id='word_1_107' title='bbox 349 711 391 744; x_wconf 88' lang='lat' dir='ltr'>ut</span> <span class='ocrx_word' id='word_1_108' title='bbox 410 707 548 753; x_wconf 86' lang='lat' dir='ltr'>quinta</span> <span class='ocrx_word' id='word_1_109' title='bbox 565 708 665 743; x_wconf 86' lang='lat' dir='ltr'>ratio</span> <span class='ocrx_word' id='word_1_110' title='bbox 685 706 949 752; x_wconf 82' lang='lat' dir='ltr'>proponebat;</span> <span class='ocrx_word' id='word_1_111' title='bbox 980 706 1072 752; x_wconf 85' lang='lat' dir='ltr'>quia</span> <span class='ocrx_word' id='word_1_112' title='bbox 1100 706 1320 750; x_wconf 73' lang='lat' dir='ltr'>assumptio</span> <span class='ocrx_word' id='word_1_113' title='bbox 1351 706 1622 747; x_wconf 81' lang='lat' dir='ltr'>humanitatis,</span> <span class='ocrx_word' id='word_1_114' title='bbox 1658 711 1700 744; x_wconf 81' lang='lat' dir='ltr'>ut</span> 
     </span>
     <span class='ocr_line' id='line_1_14' title="bbox 75 752 1696 800; baseline 0.002 -11"><span class='ocrx_word' id='word_1_115' title='bbox 75 762 199 799; x_wconf 83' lang='lat' dir='ltr'>supra</span> <span class='ocrx_word' id='word_1_116' title='bbox 219 754 266 799; x_wconf 92' lang='lat' dir='ltr'>(c.</span> <span class='ocrx_word' id='word_1_117' title='bbox 288 754 348 800; x_wconf 81' lang='lat'>41)</span> <span class='ocrx_word' id='word_1_118' title='bbox 370 754 543 791; x_wconf 88' lang='lat' dir='ltr'>habitum</span> <span class='ocrx_word' id='word_1_119' title='bbox 562 758 634 796; x_wconf 87' lang='lat' dir='ltr'>est,</span> <span class='ocrx_word' id='word_1_120' title='bbox 658 754 760 790; x_wconf 85' lang='lat' dir='ltr'>sacta</span> <span class='ocrx_word' id='word_1_121' title='bbox 777 756 833 789; x_wconf 89' lang='lat' dir='ltr'>est</span> <span class='ocrx_word' id='word_1_122' title='bbox 855 753 894 789; x_wconf 88' lang='lat' dir='ltr'>in</span> <span class='ocrx_word' id='word_1_123' title='bbox 915 752 1105 789; x_wconf 88' lang='lat' dir='ltr'>unitatem</span> <span class='ocrx_word' id='word_1_124' title='bbox 1126 761 1320 799; x_wconf 79' lang='lat' dir='ltr'>personae.</span> <span class='ocrx_word' id='word_1_125' title='bbox 1338 762 1418 789; x_wconf 88' lang='lat' dir='ltr'>non</span> <span class='ocrx_word' id='word_1_126' title='bbox 1441 753 1480 789; x_wconf 89' lang='lat' dir='ltr'>in</span> <span class='ocrx_word' id='word_1_127' title='bbox 1510 754 1696 792; x_wconf 81' lang='lat' dir='ltr'>unitatem</span> 
     </span>
     <span class='ocr_line' id='line_1_15' title="bbox 78 800 1694 845; baseline 0.001 -9"><span class='ocrx_word' id='word_1_128' title='bbox 78 805 228 837; x_wconf 80' lang='lat' dir='ltr'>naturae</span> <span class='ocrx_word' id='word_1_129' title='bbox 247 813 254 844; x_wconf 90' lang='lat'>;</span> <span class='ocrx_word' id='word_1_130' title='bbox 276 805 319 837; x_wconf 87' lang='lat' dir='ltr'>ut</span> <span class='ocrx_word' id='word_1_131' title='bbox 338 800 397 837; x_wconf 87' lang='lat' dir='ltr'>sic</span> <span class='ocrx_word' id='word_1_132' title='bbox 419 810 498 837; x_wconf 88' lang='lat' dir='ltr'>non</span> <span class='ocrx_word' id='word_1_133' title='bbox 519 804 694 845; x_wconf 74' lang='lat' dir='ltr'>oporteat</span> <span class='ocrx_word' id='word_1_134' title='bbox 717 809 790 837; x_wconf 88' lang='lat' dir='ltr'>nos</span> <span class='ocrx_word' id='word_1_135' title='bbox 810 800 1037 836; x_wconf 88' lang='lat' dir='ltr'>consentire</span> <span class='ocrx_word' id='word_1_136' title='bbox 1058 800 1119 836; x_wconf 91' lang='lat' dir='ltr'>his</span> <span class='ocrx_word' id='word_1_137' title='bbox 1140 800 1207 845; x_wconf 87' lang='lat' dir='ltr'>qui</span> <span class='ocrx_word' id='word_1_138' title='bbox 1229 804 1448 844; x_wconf 86' lang='lat' dir='ltr'>posuerunt</span> <span class='ocrx_word' id='word_1_139' title='bbox 1471 802 1592 836; x_wconf 82' lang='lat' dir='ltr'>Deum</span> <span class='ocrx_word' id='word_1_140' title='bbox 1615 810 1694 837; x_wconf 88' lang='lat' dir='ltr'>non</span> 
     </span>
     <span class='ocr_line' id='line_1_16' title="bbox 78 846 1697 893; baseline 0.001 -10"><span class='ocrx_word' id='word_1_141' title='bbox 78 856 167 884; x_wconf 89' lang='lat' dir='ltr'>esse</span> <span class='ocrx_word' id='word_1_142' title='bbox 189 857 308 893; x_wconf 83' lang='lat' dir='ltr'>super</span> <span class='ocrx_word' id='word_1_143' title='bbox 336 848 470 884; x_wconf 86' lang='lat' dir='ltr'>omnia</span> <span class='ocrx_word' id='word_1_144' title='bbox 502 848 728 891; x_wconf 78' lang='lat' dir='ltr'>exaltatum,</span> <span class='ocrx_word' id='word_1_145' title='bbox 765 847 942 884; x_wconf 88' lang='lat' dir='ltr'>dicentes</span> <span class='ocrx_word' id='word_1_146' title='bbox 974 848 1096 883; x_wconf 90' lang='lat' dir='ltr'>Deum</span> <span class='ocrx_word' id='word_1_147' title='bbox 1129 855 1217 882; x_wconf 90' lang='lat' dir='ltr'>csse</span> <span class='ocrx_word' id='word_1_148' title='bbox 1251 846 1422 883; x_wconf 86' lang='lat' dir='ltr'>animam</span> <span class='ocrx_word' id='word_1_149' title='bbox 1462 848 1599 884; x_wconf 78' lang='lat' dir='ltr'>mundi</span> <span class='ocrx_word' id='word_1_150' title='bbox 1636 848 1697 885; x_wconf 84' lang='lat' dir='ltr'>vel</span> 
     </span>
     <span class='ocr_line' id='line_1_17' title="bbox 78 894 899 940; baseline -0.001 -10"><span class='ocrx_word' id='word_1_151' title='bbox 78 894 229 940; x_wconf 85' lang='lat' dir='ltr'>aliquid</span> <span class='ocrx_word' id='word_1_152' title='bbox 252 895 493 939; x_wconf 82' lang='lat' dir='ltr'>hujusmodi.</span> <span class='ocrx_word' id='word_1_153' title='bbox 896 894 899 895; x_wconf 71' lang='grc'>’</span> 
     </span>
    </p>

    <p class='ocr_par' dir='ltr' id='par_1_12' title="bbox 73 941 1699 1362">
     <span class='ocr_line' id='line_1_18' title="bbox 126 941 1697 986; baseline 0.001 -9"><span class='ocrx_word' id='word_1_154' title='bbox 126 942 230 978; x_wconf 82' lang='lat' dir='ltr'>Licet</span> <span class='ocrx_word' id='word_1_155' title='bbox 250 945 378 978; x_wconf 82' lang='lat' dir='ltr'>autern</span> <span class='ocrx_word' id='word_1_156' title='bbox 400 942 504 979; x_wconf 86' lang='lat' dir='ltr'>circa</span> <span class='ocrx_word' id='word_1_157' title='bbox 523 943 834 979; x_wconf 80' lang='lat' dir='ltr'>incarnationem</span> <span class='ocrx_word' id='word_1_158' title='bbox 860 941 925 976; x_wconf 82' lang='lat' dir='ltr'>Dei</span> <span class='ocrx_word' id='word_1_159' title='bbox 945 942 1025 977; x_wconf 86' lang='lat' dir='ltr'>sint</span> <span class='ocrx_word' id='word_1_160' title='bbox 1040 941 1159 986; x_wconf 79' lang='lat' dir='ltr'>aliqui</span> <span class='ocrx_word' id='word_1_161' title='bbox 1181 949 1335 977; x_wconf 84' lang='lat' dir='ltr'>errores</span> <span class='ocrx_word' id='word_1_162' title='bbox 1358 941 1494 985; x_wconf 79' lang='lat' dir='ltr'>exorti,</span> <span class='ocrx_word' id='word_1_163' title='bbox 1518 946 1560 978; x_wconf 88' lang='lat' dir='ltr'>ul</span> <span class='ocrx_word' id='word_1_164' title='bbox 1585 946 1697 979; x_wconf 80' lang='lat' dir='ltr'>sexto</span> 
     </span>
     <span class='ocr_line' id='line_1_19' title="bbox 77 987 1699 1033; baseline 0.001 -10"><span class='ocrx_word' id='word_1_165' title='bbox 77 987 348 1033; x_wconf 84' lang='lat' dir='ltr'>objiciebatur,</span> <span class='ocrx_word' id='word_1_166' title='bbox 370 993 499 1025; x_wconf 82' lang='lat' dir='ltr'>tamen</span> <span class='ocrx_word' id='word_1_167' title='bbox 522 989 776 1026; x_wconf 74' lang='lat' dir='ltr'>manifestum</span> <span class='ocrx_word' id='word_1_168' title='bbox 799 992 859 1025; x_wconf 86' lang='lat' dir='ltr'>est</span> <span class='ocrx_word' id='word_1_169' title='bbox 878 989 1002 1024; x_wconf 84' lang='lat' dir='ltr'>mullo</span> <span class='ocrx_word' id='word_1_170' title='bbox 1022 988 1156 1033; x_wconf 88' lang='lat' dir='ltr'>plures</span> <span class='ocrx_word' id='word_1_171' title='bbox 1178 997 1332 1025; x_wconf 83' lang='lat' dir='ltr'>errores</span> <span class='ocrx_word' id='word_1_172' title='bbox 1353 993 1443 1033; x_wconf 82' lang='lat' dir='ltr'>post</span> <span class='ocrx_word' id='word_1_173' title='bbox 1463 989 1699 1026; x_wconf 82' lang='lat' dir='ltr'>incarnatio-</span> 
     </span>
     <span class='ocr_line' id='line_1_20' title="bbox 76 1035 1696 1073; baseline 0.002 -3"><span class='ocrx_word' id='word_1_174' title='bbox 76 1043 168 1071; x_wconf 89' lang='lat' dir='ltr'>nem</span> <span class='ocrx_word' id='word_1_175' title='bbox 190 1035 314 1072; x_wconf 81' lang='lat' dir='ltr'>fuisse</span> <span class='ocrx_word' id='word_1_176' title='bbox 337 1036 531 1073; x_wconf 82' lang='lat' dir='ltr'>sublatos.</span> <span class='ocrx_word' id='word_1_177' title='bbox 551 1036 657 1072; x_wconf 88' lang='lat' dir='ltr'>Sicut</span> <span class='ocrx_word' id='word_1_178' title='bbox 687 1036 791 1072; x_wconf 79' lang='lat' dir='ltr'>enini</span> <span class='ocrx_word' id='word_1_179' title='bbox 824 1045 870 1070; x_wconf 79' lang='lat' dir='ltr'>ex</span> <span class='ocrx_word' id='word_1_180' title='bbox 899 1036 1098 1071; x_wconf 80' lang='lat' dir='ltr'>creatione</span> <span class='ocrx_word' id='word_1_181' title='bbox 1131 1044 1262 1071; x_wconf 86' lang='lat' dir='ltr'>rerum</span> <span class='ocrx_word' id='word_1_182' title='bbox 1292 1045 1313 1071; x_wconf 91' lang='lat' dir='ltr'>a</span> <span class='ocrx_word' id='word_1_183' title='bbox 1352 1035 1484 1071; x_wconf 81' lang='lat' dir='ltr'>divina</span> <span class='ocrx_word' id='word_1_184' title='bbox 1521 1035 1696 1073; x_wconf 86' lang='lat' dir='ltr'>bonitate</span> 
     </span>
     <span class='ocr_line' id='line_1_21' title="bbox 76 1078 1697 1129; baseline 0.001 -11"><span class='ocrx_word' id='word_1_185' title='bbox 76 1082 312 1127; x_wconf 79' lang='lat' dir='ltr'>procedente</span> <span class='ocrx_word' id='word_1_186' title='bbox 333 1083 468 1129; x_wconf 87' lang='lat' dir='ltr'>aliqua</span> <span class='ocrx_word' id='word_1_187' title='bbox 483 1082 586 1119; x_wconf 84' lang='lat' dir='ltr'>mala</span> <span class='ocrx_word' id='word_1_188' title='bbox 605 1087 699 1119; x_wconf 85' lang='lat' dir='ltr'>sunt</span> <span class='ocrx_word' id='word_1_189' title='bbox 717 1086 943 1122; x_wconf 79' lang='lat' dir='ltr'>consecuta,</span> <span class='ocrx_word' id='word_1_190' title='bbox 967 1082 1070 1128; x_wconf 88' lang='lat' dir='ltr'>quod</span> <span class='ocrx_word' id='word_1_191' title='bbox 1092 1081 1339 1127; x_wconf 78' lang='lat' dir='ltr'>competebat</span> <span class='ocrx_word' id='word_1_192' title='bbox 1353 1078 1568 1119; x_wconf 84' lang='lat' dir='ltr'>conditioni</span> <span class='ocrx_word' id='word_1_193' title='bbox 1594 1092 1697 1120; x_wconf 84' lang='lat' dir='ltr'>crea-</span> 
     </span>
     <span class='ocr_line' id='line_1_22' title="bbox 75 1129 1699 1175; baseline 0.001 -11"><span class='ocrx_word' id='word_1_194' title='bbox 75 1132 268 1173; x_wconf 89' lang='lat' dir='ltr'>turarum,</span> <span class='ocrx_word' id='word_1_195' title='bbox 294 1139 382 1175; x_wconf 80' lang='lat' dir='ltr'>quae</span> <span class='ocrx_word' id='word_1_196' title='bbox 402 1129 569 1166; x_wconf 77' lang='lat' dir='ltr'>deficere</span> <span class='ocrx_word' id='word_1_197' title='bbox 587 1133 781 1174; x_wconf 86' lang='lat' dir='ltr'>possunt;</span> <span class='ocrx_word' id='word_1_198' title='bbox 802 1129 855 1165; x_wconf 84' lang='lat' dir='ltr'>ita</span> <span class='ocrx_word' id='word_1_199' title='bbox 876 1129 993 1164; x_wconf 81' lang='lat' dir='ltr'>etiam</span> <span class='ocrx_word' id='word_1_200' title='bbox 1021 1137 1101 1165; x_wconf 91' lang='lat' dir='ltr'>non</span> <span class='ocrx_word' id='word_1_201' title='bbox 1125 1131 1185 1164; x_wconf 84' lang='lat' dir='ltr'>est</span> <span class='ocrx_word' id='word_1_202' title='bbox 1218 1129 1361 1165; x_wconf 88' lang='lat' dir='ltr'>mirum</span> <span class='ocrx_word' id='word_1_203' title='bbox 1381 1129 1428 1172; x_wconf 87' lang='lat' dir='ltr'>si,</span> <span class='ocrx_word' id='word_1_204' title='bbox 1447 1130 1699 1167; x_wconf 80' lang='lat' dir='ltr'>manifestata</span> 
     </span>
     <span class='ocr_line' id='line_1_23' title="bbox 75 1175 1695 1222; baseline 0.001 -10"><span class='ocrx_word' id='word_1_205' title='bbox 75 1175 210 1212; x_wconf 87' lang='lat' dir='ltr'>divina</span> <span class='ocrx_word' id='word_1_206' title='bbox 225 1176 400 1219; x_wconf 88' lang='lat' dir='ltr'>veritate,</span> <span class='ocrx_word' id='word_1_207' title='bbox 422 1180 516 1213; x_wconf 87' lang='lat' dir='ltr'>sunt</span> <span class='ocrx_word' id='word_1_208' title='bbox 535 1176 655 1222; x_wconf 79' lang='lat' dir='ltr'>aliqui</span> <span class='ocrx_word' id='word_1_209' title='bbox 676 1184 830 1212; x_wconf 88' lang='lat' dir='ltr'>errores</span> <span class='ocrx_word' id='word_1_210' title='bbox 852 1176 975 1211; x_wconf 79' lang='lat' dir='ltr'>exorti</span> <span class='ocrx_word' id='word_1_211' title='bbox 1007 1184 1057 1211; x_wconf 82' lang='lat' dir='ltr'>ex</span> <span class='ocrx_word' id='word_1_212' title='bbox 1089 1175 1243 1212; x_wconf 79' lang='lat' dir='ltr'>defectu</span> <span class='ocrx_word' id='word_1_213' title='bbox 1276 1175 1471 1212; x_wconf 90' lang='lat' dir='ltr'>mentium</span> <span class='ocrx_word' id='word_1_214' title='bbox 1502 1175 1695 1213; x_wconf 85' lang='lat' dir='ltr'>humana·</span> 
     </span>
     <span class='ocr_line' id='line_1_24' title="bbox 74 1221 1697 1269; baseline 0.001 -11"><span class='ocrx_word' id='word_1_215' title='bbox 74 1231 187 1266; x_wconf 85' lang='lat' dir='ltr'>rum3</span> <span class='ocrx_word' id='word_1_216' title='bbox 209 1222 276 1269; x_wconf 86' lang='lat' dir='ltr'>qui</span> <span class='ocrx_word' id='word_1_217' title='bbox 292 1226 424 1259; x_wconf 86' lang='lat' dir='ltr'>tamen</span> <span class='ocrx_word' id='word_1_218' title='bbox 441 1231 597 1260; x_wconf 87' lang='lat' dir='ltr'>errores</span> <span class='ocrx_word' id='word_1_219' title='bbox 618 1226 877 1260; x_wconf 82' lang='lat' dir='ltr'>exercuerunt</span> <span class='ocrx_word' id='word_1_220' title='bbox 897 1221 1073 1258; x_wconf 87' lang='lat' dir='ltr'>fidelium</span> <span class='ocrx_word' id='word_1_221' title='bbox 1094 1222 1254 1268; x_wconf 76' lang='lat' dir='ltr'>ingenia</span> <span class='ocrx_word' id='word_1_222' title='bbox 1272 1222 1319 1258; x_wconf 87' lang='lat' dir='ltr'>ad</span> <span class='ocrx_word' id='word_1_223' title='bbox 1352 1222 1582 1268; x_wconf 78' lang='lat' dir='ltr'>diligentius</span> <span class='ocrx_word' id='word_1_224' title='bbox 1604 1223 1697 1260; x_wconf 87' lang='lat' dir='ltr'>divi-</span> 
     </span>
     <span class='ocr_line' id='line_1_25' title="bbox 76 1269 1695 1316; baseline 0.001 -10"><span class='ocrx_word' id='word_1_225' title='bbox 76 1278 217 1306; x_wconf 86' lang='lat' dir='ltr'>norum</span> <span class='ocrx_word' id='word_1_226' title='bbox 239 1269 438 1306; x_wconf 86' lang='lat' dir='ltr'>veritatem</span> <span class='ocrx_word' id='word_1_227' title='bbox 459 1270 741 1316; x_wconf 76' lang='lat' dir='ltr'>exquirendam</span> <span class='ocrx_word' id='word_1_228' title='bbox 771 1272 810 1306; x_wconf 88' lang='lat' dir='ltr'>et</span> <span class='ocrx_word' id='word_1_229' title='bbox 838 1269 1150 1315; x_wconf 76' lang='lat' dir='ltr'>intelligendam,</span> <span class='ocrx_word' id='word_1_230' title='bbox 1183 1269 1285 1305; x_wconf 86' lang='lat' dir='ltr'>sicut</span> <span class='ocrx_word' id='word_1_231' title='bbox 1317 1272 1355 1305; x_wconf 86' lang='lat' dir='ltr'>et</span> <span class='ocrx_word' id='word_1_232' title='bbox 1385 1269 1491 1306; x_wconf 85' lang='lat' dir='ltr'>mala</span> <span class='ocrx_word' id='word_1_233' title='bbox 1526 1279 1613 1316; x_wconf 56' lang='lat' dir='ltr'>quae</span> <span class='ocrx_word' id='word_1_234' title='bbox 1654 1269 1695 1307; x_wconf 83' lang='lat' dir='ltr'>i&#39;n</span> 
     </span>
     <span class='ocr_line' id='line_1_26' title="bbox 73 1315 1199 1362; baseline -0.002 -9"><span class='ocrx_word' id='word_1_235' title='bbox 73 1317 266 1354; x_wconf 83' lang='lat' dir='ltr'>creaturis</span> <span class='ocrx_word' id='word_1_236' title='bbox 287 1316 470 1354; x_wconf 87' lang='lat' dir='ltr'>accidunt</span> <span class='ocrx_word' id='word_1_237' title='bbox 491 1317 648 1354; x_wconf 88' lang='lat' dir='ltr'>ordinat</span> <span class='ocrx_word' id='word_1_238' title='bbox 662 1318 765 1354; x_wconf 88' lang='lat' dir='ltr'>Deus</span> <span class='ocrx_word' id='word_1_239' title='bbox 787 1315 835 1353; x_wconf 89' lang='lat' dir='ltr'>ad</span> <span class='ocrx_word' id='word_1_240' title='bbox 854 1316 1014 1362; x_wconf 81' lang='lat' dir='ltr'>aliquod</span> <span class='ocrx_word' id='word_1_241' title='bbox 1036 1316 1199 1353; x_wconf 86' lang='lat' dir='ltr'>bonum.</span> 
     </span>
    </p>

    <p class='ocr_par' dir='ltr' id='par_1_13' title="bbox 73 1363 1695 1541">
     <span class='ocr_line' id='line_1_27' title="bbox 124 1363 1695 1410; baseline 0.001 -10"><span class='ocrx_word' id='word_1_242' title='bbox 124 1363 312 1407; x_wconf 85' lang='lat' dir='ltr'>Quamvis</span> <span class='ocrx_word' id='word_1_243' title='bbox 333 1368 464 1400; x_wconf 89' lang='lat' dir='ltr'>autem</span> <span class='ocrx_word' id='word_1_244' title='bbox 484 1364 633 1400; x_wconf 87' lang='lat' dir='ltr'>bonum</span> <span class='ocrx_word' id='word_1_245' title='bbox 656 1372 772 1400; x_wconf 91' lang='lat' dir='ltr'>omne</span> <span class='ocrx_word' id='word_1_246' title='bbox 792 1368 967 1400; x_wconf 86' lang='lat' dir='ltr'>creatum</span> <span class='ocrx_word' id='word_1_247' title='bbox 989 1363 1128 1400; x_wconf 84' lang='lat' dir='ltr'>divinae</span> <span class='ocrx_word' id='word_1_248' title='bbox 1141 1363 1304 1400; x_wconf 85' lang='lat' dir='ltr'>bonitati</span> <span class='ocrx_word' id='word_1_249' title='bbox 1326 1366 1593 1410; x_wconf 85' lang='lat' dir='ltr'>comparatum</span> <span class='ocrx_word' id='word_1_250' title='bbox 1616 1365 1695 1401; x_wconf 82' lang='lat' dir='ltr'>exi-</span> 
     </span>
     <span class='ocr_line' id='line_1_28' title="bbox 73 1410 1693 1457; baseline 0 -9"><span class='ocrx_word' id='word_1_251' title='bbox 73 1419 197 1457; x_wconf 82' lang='lat' dir='ltr'>guum</span> <span class='ocrx_word' id='word_1_252' title='bbox 219 1411 457 1454; x_wconf 83' lang='lat' dir='ltr'>inveniatur,</span> <span class='ocrx_word' id='word_1_253' title='bbox 472 1413 619 1454; x_wconf 85' lang='lat' dir='ltr'>tamen,</span> <span class='ocrx_word' id='word_1_254' title='bbox 642 1411 734 1457; x_wconf 87' lang='lat' dir='ltr'>quia</span> <span class='ocrx_word' id='word_1_255' title='bbox 760 1411 801 1447; x_wconf 89' lang='lat' dir='ltr'>in</span> <span class='ocrx_word' id='word_1_256' title='bbox 822 1410 940 1447; x_wconf 64' lang='lat' dir='ltr'>relius</span> <span class='ocrx_word' id='word_1_257' title='bbox 975 1411 1118 1447; x_wconf 88' lang='lat' dir='ltr'>creatis</span> <span class='ocrx_word' id='word_1_258' title='bbox 1157 1410 1255 1446; x_wconf 70' lang='lat' dir='ltr'>nil‘iil</span> <span class='ocrx_word' id='word_1_259' title='bbox 1281 1415 1410 1455; x_wconf 79' lang='lat' dir='ltr'>potest</span> <span class='ocrx_word' id='word_1_260' title='bbox 1441 1420 1530 1448; x_wconf 89' lang='lat' dir='ltr'>esse</span> <span class='ocrx_word' id='word_1_261' title='bbox 1563 1412 1693 1457; x_wconf 85' lang='lat' dir='ltr'>majus</span> 
     </span>
     <span class='ocr_line' id='line_1_29' title="bbox 76 1457 1694 1541; baseline 0.001 -47"><span class='ocrx_word' id='word_1_262' title='bbox 76 1466 196 1541; x_wconf 64' lang='lat' dir='ltr'>guam</span> <span class='ocrx_word' id='word_1_263' title='bbox 217 1457 330 1495; x_wconf 88' lang='lat' dir='ltr'>salus</span> <span class='ocrx_word' id='word_1_264' title='bbox 349 1458 554 1495; x_wconf 86' lang='lat' dir='ltr'>rationalis</span> <span class='ocrx_word' id='word_1_265' title='bbox 571 1462 774 1502; x_wconf 72' lang='lat' dir='ltr'>creaturae,</span> <span class='ocrx_word' id='word_1_266' title='bbox 793 1466 881 1503; x_wconf 81' lang='lat' dir='ltr'>quae</span> <span class='ocrx_word' id='word_1_267' title='bbox 898 1457 1084 1494; x_wconf 81' lang='lat' dir='ltr'>consistit</span> <span class='ocrx_word' id='word_1_268' title='bbox 1100 1457 1140 1493; x_wconf 90' lang='lat' dir='ltr'>in</span> <span class='ocrx_word' id='word_1_269' title='bbox 1162 1458 1346 1494; x_wconf 81' lang='lat' dir='ltr'>fruitione</span> <span class='ocrx_word' id='word_1_270' title='bbox 1365 1458 1491 1503; x_wconf 87' lang='lat' dir='ltr'>ipsius</span> <span class='ocrx_word' id='word_1_271' title='bbox 1507 1458 1694 1496; x_wconf 80' lang='lat' dir='ltr'>bonitatis</span> 
     </span>
    </p>

    <p class='ocr_par' dir='ltr' id='par_1_14' title="bbox 72 1504 1696 2021">
     <span class='ocr_line' id='line_1_30' title="bbox 106 1504 1694 1551; baseline 0.001 -11"><span class='ocrx_word' id='word_1_272' title='bbox 106 1505 235 1549; x_wconf 83' lang='lat' dir='ltr'>ivinae,</span> <span class='ocrx_word' id='word_1_273' title='bbox 257 1513 380 1551; x_wconf 84' lang='lat' dir='ltr'>quum</span> <span class='ocrx_word' id='word_1_274' title='bbox 402 1514 451 1541; x_wconf 82' lang='lat' dir='ltr'>ex</span> <span class='ocrx_word' id='word_1_275' title='bbox 468 1505 743 1541; x_wconf 77' lang='lat' dir='ltr'>incarnatione</span> <span class='ocrx_word' id='word_1_276' title='bbox 765 1504 899 1541; x_wconf 88' lang='lat' dir='ltr'>divina</span> <span class='ocrx_word' id='word_1_277' title='bbox 927 1508 1143 1541; x_wconf 84' lang='lat' dir='ltr'>consecuta</span> <span class='ocrx_word' id='word_1_278' title='bbox 1166 1504 1218 1540; x_wconf 85' lang='lat' dir='ltr'>sit</span> <span class='ocrx_word' id='word_1_279' title='bbox 1247 1505 1357 1541; x_wconf 89' lang='lat' dir='ltr'>salus</span> <span class='ocrx_word' id='word_1_280' title='bbox 1392 1505 1578 1548; x_wconf 81' lang='lat' dir='ltr'>humana,</span> <span class='ocrx_word' id='word_1_281' title='bbox 1614 1514 1694 1542; x_wconf 83' lang='lat' dir='ltr'>non</span> 
     </span>
     <span class='ocr_line' id='line_1_31' title="bbox 74 1551 1693 1597; baseline 0 -9"><span class='ocrx_word' id='word_1_282' title='bbox 74 1560 215 1597; x_wconf 87' lang='lat' dir='ltr'>parum</span> <span class='ocrx_word' id='word_1_283' title='bbox 239 1551 423 1589; x_wconf 81' lang='lat' dir='ltr'>utilitatis</span> <span class='ocrx_word' id='word_1_284' title='bbox 443 1552 627 1597; x_wconf 83' lang='lat' dir='ltr'>praedicta</span> <span class='ocrx_word' id='word_1_285' title='bbox 643 1552 865 1588; x_wconf 81' lang='lat' dir='ltr'>incarnatio</span> <span class='ocrx_word' id='word_1_286' title='bbox 887 1551 1014 1587; x_wconf 87' lang='lat' dir='ltr'>attulit</span> <span class='ocrx_word' id='word_1_287' title='bbox 1033 1551 1196 1594; x_wconf 85' lang='lat' dir='ltr'>mundo,</span> <span class='ocrx_word' id='word_1_288' title='bbox 1219 1556 1262 1587; x_wconf 88' lang='lat' dir='ltr'>ut</span> <span class='ocrx_word' id='word_1_289' title='bbox 1287 1552 1454 1596; x_wconf 82' lang='lat' dir='ltr'>septima</span> <span class='ocrx_word' id='word_1_290' title='bbox 1485 1552 1583 1589; x_wconf 88' lang='lat' dir='ltr'>ratio</span> <span class='ocrx_word' id='word_1_291' title='bbox 1606 1561 1693 1597; x_wconf 87' lang='lat' dir='ltr'>pro·</span> 
     </span>
     <span class='ocr_line' id='line_1_32' title="bbox 75 1598 1694 1644; baseline 0 -8"><span class='ocrx_word' id='word_1_292' title='bbox 75 1598 252 1636; x_wconf 85' lang='lat' dir='ltr'>cedebat.</span> <span class='ocrx_word' id='word_1_293' title='bbox 273 1600 350 1635; x_wconf 89' lang='lat' dir='ltr'>Nec</span> <span class='ocrx_word' id='word_1_294' title='bbox 372 1599 546 1644; x_wconf 86' lang='lat' dir='ltr'>oportuit</span> <span class='ocrx_word' id='word_1_295' title='bbox 572 1602 729 1644; x_wconf 80' lang='lat' dir='ltr'>propter</span> <span class='ocrx_word' id='word_1_296' title='bbox 760 1598 835 1635; x_wconf 85' lang='lat' dir='ltr'>hoc</span> <span class='ocrx_word' id='word_1_297' title='bbox 866 1598 971 1644; x_wconf 83' lang='lat' dir='ltr'>quod</span> <span class='ocrx_word' id='word_1_298' title='bbox 1007 1607 1055 1634; x_wconf 81' lang='lat' dir='ltr'>ex</span> <span class='ocrx_word' id='word_1_299' title='bbox 1092 1599 1365 1635; x_wconf 83' lang='lat' dir='ltr'>incarnatione</span> <span class='ocrx_word' id='word_1_300' title='bbox 1393 1598 1525 1636; x_wconf 86' lang='lat' dir='ltr'>divina</span> <span class='ocrx_word' id='word_1_301' title='bbox 1554 1608 1694 1636; x_wconf 85' lang='lat' dir='ltr'>omnes</span> 
     </span>
     <span class='ocr_line' id='line_1_33' title="bbox 74 1645 1696 1692; baseline 0 -10"><span class='ocrx_word' id='word_1_302' title='bbox 74 1645 257 1683; x_wconf 90' lang='lat' dir='ltr'>homines</span> <span class='ocrx_word' id='word_1_303' title='bbox 272 1645 533 1690; x_wconf 84' lang='lat' dir='ltr'>salvarentur,</span> <span class='ocrx_word' id='word_1_304' title='bbox 549 1645 618 1682; x_wconf 88' lang='lat' dir='ltr'>sed</span> <span class='ocrx_word' id='word_1_305' title='bbox 638 1645 858 1683; x_wconf 87' lang='lat' dir='ltr'>tantumilli</span> <span class='ocrx_word' id='word_1_306' title='bbox 875 1645 941 1692; x_wconf 85' lang='lat' dir='ltr'>qui</span> <span class='ocrx_word' id='word_1_307' title='bbox 956 1645 1149 1690; x_wconf 62' lang='lat' dir='ltr'>przedictze</span> <span class='ocrx_word' id='word_1_308' title='bbox 1166 1645 1430 1682; x_wconf 84' lang='lat' dir='ltr'>incarnationi</span> <span class='ocrx_word' id='word_1_309' title='bbox 1450 1645 1696 1682; x_wconf 61' lang='lat' dir='ltr'>adhaererent</span> 
     </span>
     <span class='ocr_line' id='line_1_34' title="bbox 73 1692 1695 1739; baseline 0.001 -10"><span class='ocrx_word' id='word_1_310' title='bbox 73 1701 143 1739; x_wconf 89' lang='lat' dir='ltr'>per</span> <span class='ocrx_word' id='word_1_311' title='bbox 163 1692 280 1730; x_wconf 86' lang='lat' dir='ltr'>fidem</span> <span class='ocrx_word' id='word_1_312' title='bbox 300 1696 339 1729; x_wconf 91' lang='lat' dir='ltr'>et</span> <span class='ocrx_word' id='word_1_313' title='bbox 368 1692 458 1730; x_wconf 82' lang='lat' dir='ltr'>fidei</span> <span class='ocrx_word' id='word_1_314' title='bbox 481 1697 741 1730; x_wconf 86' lang='lat' dir='ltr'>sacramenta.</span> <span class='ocrx_word' id='word_1_315' title='bbox 777 1694 842 1729; x_wconf 86' lang='lat' dir='ltr'>Est</span> <span class='ocrx_word' id='word_1_316' title='bbox 873 1693 1069 1738; x_wconf 83' lang='lat' dir='ltr'>siquidem</span> <span class='ocrx_word' id='word_1_317' title='bbox 1089 1692 1378 1730; x_wconf 85' lang='lat' dir='ltr'>incarnationis</span> <span class='ocrx_word' id='word_1_318' title='bbox 1409 1692 1550 1730; x_wconf 77' lang='lat' dir='ltr'>divinae</span> <span class='ocrx_word' id='word_1_319' title='bbox 1569 1693 1695 1731; x_wconf 87' lang='lat' dir='ltr'>virtus</span> 
     </span>
     <span class='ocr_line' id='line_1_35' title="bbox 73 1738 1694 1785; baseline 0.001 -9"><span class='ocrx_word' id='word_1_320' title='bbox 73 1738 281 1777; x_wconf 84' lang='lat' dir='ltr'>sufficiens</span> <span class='ocrx_word' id='word_1_321' title='bbox 300 1739 351 1777; x_wconf 87' lang='lat' dir='ltr'>ad</span> <span class='ocrx_word' id='word_1_322' title='bbox 369 1740 544 1777; x_wconf 87' lang='lat' dir='ltr'>omnium</span> <span class='ocrx_word' id='word_1_323' title='bbox 565 1739 772 1776; x_wconf 89' lang='lat' dir='ltr'>hominum</span> <span class='ocrx_word' id='word_1_324' title='bbox 793 1739 985 1783; x_wconf 62' lang='lat' dir='ltr'>salutem</span> <span class='ocrx_word' id='word_1_325' title='bbox 1026 1739 1235 1785; x_wconf 71' lang='lat' dir='ltr'>sed‹qnod</span> <span class='ocrx_word' id='word_1_326' title='bbox 1265 1747 1346 1776; x_wconf 89' lang='lat' dir='ltr'>non</span> <span class='ocrx_word' id='word_1_327' title='bbox 1381 1747 1521 1777; x_wconf 88' lang='lat' dir='ltr'>omnes</span> <span class='ocrx_word' id='word_1_328' title='bbox 1547 1749 1595 1777; x_wconf 82' lang='lat' dir='ltr'>ex</span> <span class='ocrx_word' id='word_1_329' title='bbox 1619 1739 1694 1778; x_wconf 85' lang='lat' dir='ltr'>hoc</span> 
     </span>
     <span class='ocr_line' id='line_1_36' title="bbox 73 1786 1694 1833; baseline 0.001 -9"><span class='ocrx_word' id='word_1_330' title='bbox 73 1786 278 1824; x_wconf 89' lang='lat' dir='ltr'>salvantur</span> <span class='ocrx_word' id='word_1_331' title='bbox 296 1795 343 1823; x_wconf 86' lang='lat' dir='ltr'>ex</span> <span class='ocrx_word' id='word_1_332' title='bbox 363 1795 500 1824; x_wconf 89' lang='lat' dir='ltr'>eorum</span> <span class='ocrx_word' id='word_1_333' title='bbox 523 1787 829 1832; x_wconf 83' lang='lat' dir='ltr'>indispositione</span> <span class='ocrx_word' id='word_1_334' title='bbox 849 1787 1058 1832; x_wconf 74' lang='lat' dir='ltr'>contingit,</span> <span class='ocrx_word' id='word_1_335' title='bbox 1081 1786 1187 1833; x_wconf 75' lang='lat' dir='ltr'>qnod</span> <span class='ocrx_word' id='word_1_336' title='bbox 1210 1787 1496 1824; x_wconf 85' lang='lat' dir='ltr'>incarnationis</span> <span class='ocrx_word' id='word_1_337' title='bbox 1523 1786 1694 1825; x_wconf 86' lang='lat' dir='ltr'>fructum</span> 
     </span>
     <span class='ocr_line' id='line_1_37' title="bbox 73 1833 1693 1880; baseline 0 -10"><span class='ocrx_word' id='word_1_338' title='bbox 73 1833 115 1870; x_wconf 90' lang='lat' dir='ltr'>in</span> <span class='ocrx_word' id='word_1_339' title='bbox 134 1842 177 1871; x_wconf 87' lang='lat' dir='ltr'>se</span> <span class='ocrx_word' id='word_1_340' title='bbox 193 1834 396 1880; x_wconf 87' lang='lat' dir='ltr'>suscipere</span> <span class='ocrx_word' id='word_1_341' title='bbox 415 1833 569 1877; x_wconf 88' lang='lat' dir='ltr'>nolunt,</span> <span class='ocrx_word' id='word_1_342' title='bbox 585 1833 790 1870; x_wconf 85' lang='lat' dir='ltr'>incarnato</span> <span class='ocrx_word' id='word_1_343' title='bbox 805 1835 885 1870; x_wconf 90' lang='lat' dir='ltr'>Deo</span> <span class='ocrx_word' id='word_1_344' title='bbox 899 1843 968 1879; x_wconf 86' lang='lat' dir='ltr'>per</span> <span class='ocrx_word' id='word_1_345' title='bbox 983 1833 1101 1870; x_wconf 82' lang='lat' dir='ltr'>sideni</span> <span class='ocrx_word' id='word_1_346' title='bbox 1116 1838 1154 1870; x_wconf 82' lang='lat' dir='ltr'>et</span> <span class='ocrx_word' id='word_1_347' title='bbox 1167 1842 1341 1870; x_wconf 91' lang='lat' dir='ltr'>amorem</span> <span class='ocrx_word' id='word_1_348' title='bbox 1358 1842 1439 1870; x_wconf 89' lang='lat' dir='ltr'>non</span> <span class='ocrx_word' id='word_1_349' title='bbox 1450 1833 1693 1879; x_wconf 78' lang='lat' dir='ltr'>inhaerendo.</span> 
     </span>
     <span class='ocr_line' id='line_1_38' title="bbox 74 1880 1696 1929; baseline 0 -12"><span class='ocrx_word' id='word_1_350' title='bbox 74 1882 159 1917; x_wconf 88' lang='lat' dir='ltr'>Non</span> <span class='ocrx_word' id='word_1_351' title='bbox 182 1881 287 1918; x_wconf 87' lang='lat' dir='ltr'>enim</span> <span class='ocrx_word' id='word_1_352' title='bbox 307 1884 390 1918; x_wconf 88' lang='lat' dir='ltr'>erat</span> <span class='ocrx_word' id='word_1_353' title='bbox 407 1880 635 1918; x_wconf 86' lang='lat' dir='ltr'>hominibus</span> <span class='ocrx_word' id='word_1_354' title='bbox 650 1880 920 1918; x_wconf 85' lang='lat' dir='ltr'>subtrahenda</span> <span class='ocrx_word' id='word_1_355' title='bbox 940 1880 1100 1917; x_wconf 86' lang='lat' dir='ltr'>libertas</span> <span class='ocrx_word' id='word_1_356' title='bbox 1121 1880 1284 1924; x_wconf 76' lang='lat' dir='ltr'>arbitrii,</span> <span class='ocrx_word' id='word_1_357' title='bbox 1300 1889 1369 1926; x_wconf 86' lang='lat' dir='ltr'>per</span> <span class='ocrx_word' id='word_1_358' title='bbox 1389 1889 1506 1927; x_wconf 87' lang='lat' dir='ltr'>quam</span> <span class='ocrx_word' id='word_1_359' title='bbox 1526 1884 1696 1929; x_wconf 83' lang='lat' dir='ltr'>possunt</span> 
     </span>
     <span class='ocr_line' id='line_1_39' title="bbox 72 1927 1692 1971; baseline 0.001 -7"><span class='ocrx_word' id='word_1_360' title='bbox 72 1927 135 1965; x_wconf 87' lang='lat' dir='ltr'>vel</span> <span class='ocrx_word' id='word_1_361' title='bbox 153 1928 346 1965; x_wconf 71' lang='lat' dir='ltr'>inhaerere</span> <span class='ocrx_word' id='word_1_362' title='bbox 365 1927 427 1965; x_wconf 91' lang='lat' dir='ltr'>vel</span> <span class='ocrx_word' id='word_1_363' title='bbox 442 1936 523 1965; x_wconf 90' lang='lat' dir='ltr'>non</span> <span class='ocrx_word' id='word_1_364' title='bbox 543 1927 733 1964; x_wconf 82' lang='lat' dir='ltr'>inhaerere</span> <span class='ocrx_word' id='word_1_365' title='bbox 753 1929 834 1964; x_wconf 91' lang='lat' dir='ltr'>Deo</span> <span class='ocrx_word' id='word_1_366' title='bbox 851 1928 1070 1971; x_wconf 88' lang='lat' dir='ltr'>incarnato,</span> <span class='ocrx_word' id='word_1_367' title='bbox 1092 1936 1141 1963; x_wconf 89' lang='lat' dir='ltr'>ne</span> <span class='ocrx_word' id='word_1_368' title='bbox 1161 1927 1311 1964; x_wconf 84' lang='lat' dir='ltr'>honum</span> <span class='ocrx_word' id='word_1_369' title='bbox 1327 1927 1501 1965; x_wconf 84' lang='lat' dir='ltr'>hominis</span> <span class='ocrx_word' id='word_1_370' title='bbox 1514 1931 1692 1966; x_wconf 86' lang='lat' dir='ltr'>coactum</span> 
     </span>
     <span class='ocr_line' id='line_1_40' title="bbox 73 1974 1411 2021; baseline -0.001 -9"><span class='ocrx_word' id='word_1_371' title='bbox 73 1978 184 2012; x_wconf 87' lang='lat' dir='ltr'>esset</span> <span class='ocrx_word' id='word_1_372' title='bbox 201 1978 239 2012; x_wconf 86' lang='lat' dir='ltr'>et</span> <span class='ocrx_word' id='word_1_373' title='bbox 257 1978 418 2021; x_wconf 90' lang='lat' dir='ltr'>propter</span> <span class='ocrx_word' id='word_1_374' title='bbox 436 1974 512 2012; x_wconf 90' lang='lat' dir='ltr'>hoc</span> <span class='ocrx_word' id='word_1_375' title='bbox 533 1974 683 2021; x_wconf 88' lang='lat' dir='ltr'>absque</span> <span class='ocrx_word' id='word_1_376' title='bbox 704 1975 846 2011; x_wconf 88' lang='lat' dir='ltr'>merito</span> <span class='ocrx_word' id='word_1_377' title='bbox 865 1978 902 2011; x_wconf 89' lang='lat' dir='ltr'>et</span> <span class='ocrx_word' id='word_1_378' title='bbox 922 1974 1149 2011; x_wconf 84' lang='lat' dir='ltr'>illaudabile</span> <span class='ocrx_word' id='word_1_379' title='bbox 1169 1975 1411 2011; x_wconf 84' lang='lat' dir='ltr'>redderetur.</span> 
     </span>
    </p>

    <p class='ocr_par' dir='ltr' id='par_1_15' title="bbox 42 2021 1697 2914">
     <span class='ocr_line' id='line_1_41' title="bbox 123 2021 1695 2060; baseline 0.001 -2"><span class='ocrx_word' id='word_1_380' title='bbox 123 2021 315 2059; x_wconf 86' lang='lat' dir='ltr'>Praedicta</span> <span class='ocrx_word' id='word_1_381' title='bbox 333 2022 450 2058; x_wconf 87' lang='lat' dir='ltr'>etiam</span> <span class='ocrx_word' id='word_1_382' title='bbox 473 2022 541 2058; x_wconf 92' lang='lat' dir='ltr'>Dei</span> <span class='ocrx_word' id='word_1_383' title='bbox 561 2022 781 2058; x_wconf 88' lang='lat' dir='ltr'>incarnatio</span> <span class='ocrx_word' id='word_1_384' title='bbox 809 2021 1102 2059; x_wconf 77' lang='lat' dir='ltr'>sufficientibus</span> <span class='ocrx_word' id='word_1_385' title='bbox 1120 2021 1280 2059; x_wconf 87' lang='lat' dir='ltr'>indiciis</span> <span class='ocrx_word' id='word_1_386' title='bbox 1306 2022 1536 2060; x_wconf 88' lang='lat' dir='ltr'>hominihus</span> <span class='ocrx_word' id='word_1_387' title='bbox 1568 2024 1695 2060; x_wconf 89' lang='lat' dir='ltr'>mani-</span> 
     </span>
     <span class='ocr_line' id='line_1_42' title="bbox 81 2067 1695 2116; baseline 0.001 -11"><span class='ocrx_word' id='word_1_388' title='bbox 81 2067 227 2106; x_wconf 85' lang='lat' dir='ltr'>festata</span> <span class='ocrx_word' id='word_1_389' title='bbox 243 2072 317 2106; x_wconf 90' lang='lat' dir='ltr'>est.</span> <span class='ocrx_word' id='word_1_390' title='bbox 339 2069 529 2106; x_wconf 85' lang='lat' dir='ltr'>Divinitas</span> <span class='ocrx_word' id='word_1_391' title='bbox 547 2069 653 2105; x_wconf 86' lang='lat' dir='ltr'>enim</span> <span class='ocrx_word' id='word_1_392' title='bbox 680 2069 792 2105; x_wconf 90' lang='lat' dir='ltr'>nullo</span> <span class='ocrx_word' id='word_1_393' title='bbox 812 2068 932 2106; x_wconf 90' lang='lat' dir='ltr'>modo</span> <span class='ocrx_word' id='word_1_394' title='bbox 963 2068 1264 2106; x_wconf 87' lang='lat' dir='ltr'>convenientius</span> <span class='ocrx_word' id='word_1_395' title='bbox 1290 2069 1537 2106; x_wconf 83' lang='lat' dir='ltr'>manifestari</span> <span class='ocrx_word' id='word_1_396' title='bbox 1566 2073 1695 2116; x_wconf 85' lang='lat' dir='ltr'>potest</span> 
     </span>
     <span class='ocr_line' id='line_1_43' title="bbox 74 2115 1694 2163; baseline 0.001 -11"><span class='ocrx_word' id='word_1_397' title='bbox 74 2124 198 2162; x_wconf 87' lang='lat' dir='ltr'>quam</span> <span class='ocrx_word' id='word_1_398' title='bbox 213 2124 284 2161; x_wconf 89' lang='lat' dir='ltr'>per</span> <span class='ocrx_word' id='word_1_399' title='bbox 303 2124 352 2153; x_wconf 87' lang='lat' dir='ltr'>ea</span> <span class='ocrx_word' id='word_1_400' title='bbox 369 2124 458 2162; x_wconf 78' lang='lat' dir='ltr'>quae</span> <span class='ocrx_word' id='word_1_401' title='bbox 475 2120 568 2152; x_wconf 88' lang='lat' dir='ltr'>sunt</span> <span class='ocrx_word' id='word_1_402' title='bbox 586 2115 744 2161; x_wconf 86' lang='lat' dir='ltr'>propria</span> <span class='ocrx_word' id='word_1_403' title='bbox 763 2116 845 2152; x_wconf 91' lang='lat' dir='ltr'>Dei.</span> <span class='ocrx_word' id='word_1_404' title='bbox 868 2117 935 2152; x_wconf 86' lang='lat' dir='ltr'>Est</span> <span class='ocrx_word' id='word_1_405' title='bbox 951 2118 1082 2152; x_wconf 82' lang='lat' dir='ltr'>autem</span> <span class='ocrx_word' id='word_1_406' title='bbox 1107 2116 1175 2152; x_wconf 90' lang='lat' dir='ltr'>Dei</span> <span class='ocrx_word' id='word_1_407' title='bbox 1194 2116 1397 2162; x_wconf 86' lang='lat' dir='ltr'>proprium</span> <span class='ocrx_word' id='word_1_408' title='bbox 1415 2116 1522 2163; x_wconf 84' lang='lat' dir='ltr'>quod</span> <span class='ocrx_word' id='word_1_409' title='bbox 1546 2120 1694 2154; x_wconf 71' lang='lat' dir='ltr'>naturae</span> 
     </span>
     <span class='ocr_line' id='line_1_44' title="bbox 42 2161 1696 2210; baseline 0 -10"><span class='ocrx_word' id='word_1_410' title='bbox 42 2168 44 2170; x_wconf 75' lang='grc'><strong><em>’</em></strong></span> <span class='ocrx_word' id='word_1_411' title='bbox 75 2162 186 2209; x_wconf 85' lang='lat' dir='ltr'>leges</span> <span class='ocrx_word' id='word_1_412' title='bbox 205 2162 414 2199; x_wconf 88' lang='lat' dir='ltr'>immutare</span> <span class='ocrx_word' id='word_1_413' title='bbox 435 2162 576 2208; x_wconf 86' lang='lat' dir='ltr'>possit,</span> <span class='ocrx_word' id='word_1_414' title='bbox 607 2171 728 2208; x_wconf 90' lang='lat' dir='ltr'>supra</span> <span class='ocrx_word' id='word_1_415' title='bbox 756 2166 939 2199; x_wconf 87' lang='lat' dir='ltr'>naturam</span> <span class='ocrx_word' id='word_1_416' title='bbox 964 2161 1112 2208; x_wconf 88' lang='lat' dir='ltr'>aliquid</span> <span class='ocrx_word' id='word_1_417' title='bbox 1142 2163 1357 2208; x_wconf 84' lang='lat' dir='ltr'>operando,</span> <span class='ocrx_word' id='word_1_418' title='bbox 1385 2163 1499 2208; x_wconf 88' lang='lat' dir='ltr'>eujus</span> <span class='ocrx_word' id='word_1_419' title='bbox 1528 2163 1612 2210; x_wconf 88' lang='lat' dir='ltr'>ipse</span> <span class='ocrx_word' id='word_1_420' title='bbox 1636 2168 1696 2201; x_wconf 89' lang='lat' dir='ltr'>est</span> 
     </span>
     <span class='ocr_line' id='line_1_45' title="bbox 74 2209 1697 2256; baseline 0 -9"><span class='ocrx_word' id='word_1_421' title='bbox 74 2213 226 2247; x_wconf 84' lang='lat' dir='ltr'>auctor.</span> <span class='ocrx_word' id='word_1_422' title='bbox 249 2209 633 2247; x_wconf 79' lang='lat' dir='ltr'>convenientissime</span> <span class='ocrx_word' id='word_1_423' title='bbox 650 2209 773 2255; x_wconf 82' lang='lat' dir='ltr'>igitur</span> <span class='ocrx_word' id='word_1_424' title='bbox 786 2209 975 2254; x_wconf 87' lang='lat' dir='ltr'>probatur</span> <span class='ocrx_word' id='word_1_425' title='bbox 993 2209 1144 2255; x_wconf 87' lang='lat' dir='ltr'>aliquid</span> <span class='ocrx_word' id='word_1_426' title='bbox 1164 2218 1254 2246; x_wconf 89' lang='lat' dir='ltr'>esse</span> <span class='ocrx_word' id='word_1_427' title='bbox 1274 2209 1452 2247; x_wconf 87' lang='lat' dir='ltr'>divinum</span> <span class='ocrx_word' id='word_1_428' title='bbox 1478 2219 1548 2256; x_wconf 89' lang='lat' dir='ltr'>per</span> <span class='ocrx_word' id='word_1_429' title='bbox 1576 2219 1697 2256; x_wconf 86' lang='lat' dir='ltr'>opera</span> 
     </span>
     <span class='ocr_line' id='line_1_46' title="bbox 75 2255 1696 2302; baseline 0 -8"><span class='ocrx_word' id='word_1_430' title='bbox 75 2265 163 2302; x_wconf 83' lang='lat' dir='ltr'>quae</span> <span class='ocrx_word' id='word_1_431' title='bbox 178 2265 300 2302; x_wconf 86' lang='lat' dir='ltr'>supra</span> <span class='ocrx_word' id='word_1_432' title='bbox 318 2256 428 2302; x_wconf 83' lang='lat' dir='ltr'>leges</span> <span class='ocrx_word' id='word_1_433' title='bbox 449 2259 598 2293; x_wconf 71' lang='lat' dir='ltr'>naturae</span> <span class='ocrx_word' id='word_1_434' title='bbox 612 2255 724 2296; x_wconf 84' lang='lat' dir='ltr'>fiunt,</span> <span class='ocrx_word' id='word_1_435' title='bbox 748 2255 852 2293; x_wconf 86' lang='lat' dir='ltr'>sicut</span> <span class='ocrx_word' id='word_1_436' title='bbox 871 2255 977 2301; x_wconf 86' lang='lat' dir='ltr'>quod</span> <span class='ocrx_word' id='word_1_437' title='bbox 993 2256 1085 2292; x_wconf 83' lang='lat' dir='ltr'>caeci</span> <span class='ocrx_word' id='word_1_438' title='bbox 1104 2256 1394 2300; x_wconf 86' lang='lat' dir='ltr'>illuminentur,</span> <span class='ocrx_word' id='word_1_439' title='bbox 1417 2256 1563 2300; x_wconf 83' lang='lat' dir='ltr'>leprosi</span> <span class='ocrx_word' id='word_1_440' title='bbox 1584 2266 1696 2294; x_wconf 83' lang='lat' dir='ltr'>mun-</span> 
     </span>
     <span class='ocr_line' id='line_1_47' title="bbox 75 2302 1695 2349; baseline 0.001 -9"><span class='ocrx_word' id='word_1_441' title='bbox 75 2303 232 2349; x_wconf 88' lang='lat' dir='ltr'>dentur,</span> <span class='ocrx_word' id='word_1_442' title='bbox 243 2303 389 2340; x_wconf 90' lang='lat' dir='ltr'>mortui</span> <span class='ocrx_word' id='word_1_443' title='bbox 401 2303 657 2340; x_wconf 85' lang='lat' dir='ltr'>suscitentur.</span> <span class='ocrx_word' id='word_1_444' title='bbox 674 2302 907 2347; x_wconf 86' lang='lat' dir='ltr'>Hujusmodi</span> <span class='ocrx_word' id='word_1_445' title='bbox 925 2302 1083 2349; x_wconf 90' lang='lat' dir='ltr'>quidem</span> <span class='ocrx_word' id='word_1_446' title='bbox 1099 2310 1221 2348; x_wconf 86' lang='lat' dir='ltr'>opera</span> <span class='ocrx_word' id='word_1_447' title='bbox 1234 2303 1412 2340; x_wconf 86' lang='lat' dir='ltr'>Christus</span> <span class='ocrx_word' id='word_1_448' title='bbox 1426 2302 1575 2349; x_wconf 84' lang='lat' dir='ltr'>effecit;</span> <span class='ocrx_word' id='word_1_449' title='bbox 1591 2304 1695 2341; x_wconf 89' lang='lat' dir='ltr'>unde</span> 
     </span>
     <span class='ocr_line' id='line_1_48' title="bbox 73 2349 1697 2397; baseline 0 -10"><span class='ocrx_word' id='word_1_450' title='bbox 73 2353 114 2387; x_wconf 81' lang='lat' dir='ltr'>et</span> <span class='ocrx_word' id='word_1_451' title='bbox 131 2350 218 2396; x_wconf 86' lang='lat' dir='ltr'>ipse</span> <span class='ocrx_word' id='word_1_452' title='bbox 231 2359 301 2396; x_wconf 83' lang='lat' dir='ltr'>per</span> <span class='ocrx_word' id='word_1_453' title='bbox 320 2350 404 2388; x_wconf 85' lang='lat' dir='ltr'>haec</span> <span class='ocrx_word' id='word_1_454' title='bbox 423 2359 544 2396; x_wconf 85' lang='lat' dir='ltr'>opera</span> <span class='ocrx_word' id='word_1_455' title='bbox 558 2349 825 2396; x_wconf 80' lang='lat' dir='ltr'>quaerentibus</span> <span class='ocrx_word' id='word_1_456' title='bbox 847 2361 855 2385; x_wconf 79' lang='lat' dir='ltr'>z</span> <span class='ocrx_word' id='word_1_457' title='bbox 879 2351 932 2385; x_wconf 83' lang='lat' dir='ltr'>Tu</span> <span class='ocrx_word' id='word_1_458' title='bbox 950 2360 986 2385; x_wconf 83' lang='lat' dir='ltr'>es</span> <span class='ocrx_word' id='word_1_459' title='bbox 1005 2351 1069 2395; x_wconf 78' lang='lat' dir='ltr'>qui</span> <span class='ocrx_word' id='word_1_460' title='bbox 1082 2352 1256 2386; x_wconf 79' lang='lat' dir='ltr'>venturus</span> <span class='ocrx_word' id='word_1_461' title='bbox 1280 2360 1330 2394; x_wconf 84' lang='lat' dir='ltr'>es,</span> <span class='ocrx_word' id='word_1_462' title='bbox 1363 2360 1411 2386; x_wconf 82' lang='grc' dir='ltr'>αη</span> <span class='ocrx_word' id='word_1_463' title='bbox 1433 2351 1548 2386; x_wconf 80' lang='lat' dir='ltr'>alium</span> <span class='ocrx_word' id='word_1_464' title='bbox 1575 2361 1697 2397; x_wconf 66' lang='lat' dir='ltr'>exspe-</span> 
     </span>
     <span class='ocr_line' id='line_1_49' title="bbox 73 2395 1693 2444; baseline 0.001 -11"><span class='ocrx_word' id='word_1_465' title='bbox 73 2396 371 2444; x_wconf 80' lang='lat' dir='ltr'>ctamus?(Luc.‚</span> <span class='ocrx_word' id='word_1_466' title='bbox 391 2405 462 2438; x_wconf 84' lang='lat' dir='ltr'>vn,</span> <span class='ocrx_word' id='word_1_467' title='bbox 480 2397 540 2443; x_wconf 82' lang='lat'>20)</span> <span class='ocrx_word' id='word_1_468' title='bbox 561 2405 676 2434; x_wconf 86' lang='lat' dir='ltr'>suam</span> <span class='ocrx_word' id='word_1_469' title='bbox 696 2395 939 2434; x_wconf 87' lang='lat' dir='ltr'>divinitatem</span> <span class='ocrx_word' id='word_1_470' title='bbox 953 2396 1252 2442; x_wconf 89' lang='lat' dir='ltr'>demonstravit,</span> <span class='ocrx_word' id='word_1_471' title='bbox 1267 2396 1402 2435; x_wconf 87' lang='lat' dir='ltr'>dicens</span> <span class='ocrx_word' id='word_1_472' title='bbox 1421 2407 1430 2431; x_wconf 80' lang='lat' dir='ltr'><em>z</em></span> <span class='ocrx_word' id='word_1_473' title='bbox 1453 2397 1543 2434; x_wconf 78' lang='lat' dir='ltr'>Gaecz·</span> <span class='ocrx_word' id='word_1_474' title='bbox 1556 2398 1693 2443; x_wconf 75' lang='lat' dir='ltr'>vident,</span> 
     </span>
     <span class='ocr_line' id='line_1_50' title="bbox 73 2442 1693 2491; baseline 0.002 -13"><span class='ocrx_word' id='word_1_475' title='bbox 73 2443 201 2480; x_wconf 80' lang='lat' dir='ltr'>claudi</span> <span class='ocrx_word' id='word_1_476' title='bbox 217 2444 418 2488; x_wconf 77' lang='lat' dir='ltr'>ambulant,</span> <span class='ocrx_word' id='word_1_477' title='bbox 433 2444 566 2490; x_wconf 77' lang='lat' dir='ltr'>leprosi</span> <span class='ocrx_word' id='word_1_478' title='bbox 578 2442 814 2488; x_wconf 79' lang='lat' dir='ltr'>mundantur,</span> <span class='ocrx_word' id='word_1_479' title='bbox 827 2443 933 2480; x_wconf 80' lang='lat' dir='ltr'>surdi</span> <span class='ocrx_word' id='word_1_480' title='bbox 949 2443 1115 2488; x_wconf 76' lang='lat' dir='ltr'>audiunt,</span> <span class='ocrx_word' id='word_1_481' title='bbox 1131 2445 1466 2488; x_wconf 68' lang='lat' dir='ltr'>mortuz‘resurqzmt</span> <span class='ocrx_word' id='word_1_482' title='bbox 1481 2444 1601 2490; x_wconf 82' lang='lat' dir='ltr'>(ibid.,</span> <span class='ocrx_word' id='word_1_483' title='bbox 1619 2445 1693 2491; x_wconf 78' lang='lat'>22),</span> 
     </span>
     <span class='ocr_line' id='line_1_51' title="bbox 74 2489 1694 2542; baseline 0.001 -15"><span class='ocrx_word' id='word_1_484' title='bbox 74 2493 159 2542; x_wconf 38' lang='lat' dir='ltr'>ete..</span> <span class='ocrx_word' id='word_1_485' title='bbox 176 2489 307 2527; x_wconf 83' lang='lat' dir='ltr'>Alium</span> <span class='ocrx_word' id='word_1_486' title='bbox 335 2493 467 2528; x_wconf 85' lang='lat' dir='ltr'>autem</span> <span class='ocrx_word' id='word_1_487' title='bbox 504 2490 698 2528; x_wconf 88' lang='lat' dir='ltr'>mundum</span> <span class='ocrx_word' id='word_1_488' title='bbox 730 2499 864 2527; x_wconf 86' lang='lat' dir='ltr'>creare</span> <span class='ocrx_word' id='word_1_489' title='bbox 896 2499 1062 2527; x_wconf 88' lang='lat' dir='ltr'>necesse</span> <span class='ocrx_word' id='word_1_490' title='bbox 1093 2500 1174 2528; x_wconf 88' lang='lat' dir='ltr'>non</span> <span class='ocrx_word' id='word_1_491' title='bbox 1201 2494 1298 2535; x_wconf 85' lang='lat' dir='ltr'>erat,</span> <span class='ocrx_word' id='word_1_492' title='bbox 1327 2500 1401 2528; x_wconf 90' lang='lat' dir='ltr'>nec</span> <span class='ocrx_word' id='word_1_493' title='bbox 1428 2491 1530 2528; x_wconf 84' lang='lat' dir='ltr'>ratio</span> <span class='ocrx_word' id='word_1_494' title='bbox 1551 2491 1694 2529; x_wconf 85' lang='lat' dir='ltr'>divinae</span> 
     </span>
     <span class='ocr_line' id='line_1_52' title="bbox 74 2536 1693 2582; baseline 0.002 -9"><span class='ocrx_word' id='word_1_495' title='bbox 74 2537 278 2582; x_wconf 82' lang='lat' dir='ltr'>sapientiae</span> <span class='ocrx_word' id='word_1_496' title='bbox 297 2545 371 2574; x_wconf 90' lang='lat' dir='ltr'>nee</span> <span class='ocrx_word' id='word_1_497' title='bbox 389 2545 522 2575; x_wconf 89' lang='lat' dir='ltr'>rerum</span> <span class='ocrx_word' id='word_1_498' title='bbox 542 2539 684 2575; x_wconf 88' lang='lat' dir='ltr'>natura</span> <span class='ocrx_word' id='word_1_499' title='bbox 694 2536 772 2574; x_wconf 88' lang='lat' dir='ltr'>hoc</span> <span class='ocrx_word' id='word_1_500' title='bbox 792 2537 974 2574; x_wconf 81' lang='lat' dir='ltr'>habebat.</span> <span class='ocrx_word' id='word_1_501' title='bbox 992 2537 1032 2574; x_wconf 90' lang='lat' dir='ltr'>Si</span> <span class='ocrx_word' id='word_1_502' title='bbox 1053 2541 1184 2575; x_wconf 86' lang='lat' dir='ltr'>autem</span> <span class='ocrx_word' id='word_1_503' title='bbox 1197 2538 1364 2582; x_wconf 89' lang='lat' dir='ltr'>dicatur,</span> <span class='ocrx_word' id='word_1_504' title='bbox 1378 2540 1422 2575; x_wconf 85' lang='lat' dir='ltr'>ut</span> <span class='ocrx_word' id='word_1_505' title='bbox 1440 2541 1579 2576; x_wconf 87' lang='lat' dir='ltr'>octava</span> <span class='ocrx_word' id='word_1_506' title='bbox 1593 2539 1693 2577; x_wconf 86' lang='lat' dir='ltr'>ratio</span> 
     </span>
     <span class='ocr_line' id='line_1_53' title="bbox 72 2583 1694 2631; baseline 0.002 -11"><span class='ocrx_word' id='word_1_507' title='bbox 72 2583 334 2630; x_wconf 86' lang='lat' dir='ltr'>proponebat,</span> <span class='ocrx_word' id='word_1_508' title='bbox 359 2583 466 2630; x_wconf 85' lang='lat' dir='ltr'>quod</span> <span class='ocrx_word' id='word_1_509' title='bbox 488 2583 718 2630; x_wconf 83' lang='lat' dir='ltr'>hujusmodi</span> <span class='ocrx_word' id='word_1_510' title='bbox 737 2584 929 2622; x_wconf 87' lang='lat' dir='ltr'>miracula</span> <span class='ocrx_word' id='word_1_511' title='bbox 952 2584 1065 2622; x_wconf 88' lang='lat' dir='ltr'>etiam</span> <span class='ocrx_word' id='word_1_512' title='bbox 1089 2593 1157 2628; x_wconf 84' lang='lat' dir='ltr'>per</span> <span class='ocrx_word' id='word_1_513' title='bbox 1182 2584 1283 2622; x_wconf 89' lang='lat' dir='ltr'>alios</span> <span class='ocrx_word' id='word_1_514' title='bbox 1302 2593 1391 2622; x_wconf 88' lang='lat' dir='ltr'>esse</span> <span class='ocrx_word' id='word_1_515' title='bbox 1421 2584 1525 2622; x_wconf 86' lang='lat' dir='ltr'>facta</span> <span class='ocrx_word' id='word_1_516' title='bbox 1554 2585 1694 2631; x_wconf 79' lang='lat' dir='ltr'>legun-</span> 
     </span>
     <span class='ocr_line' id='line_1_54' title="bbox 72 2630 1693 2678; baseline 0.002 -11"><span class='ocrx_word' id='word_1_517' title='bbox 72 2635 152 2676; x_wconf 80' lang='lat' dir='ltr'>tur,</span> <span class='ocrx_word' id='word_1_518' title='bbox 171 2633 305 2668; x_wconf 87' lang='lat' dir='ltr'>tamen</span> <span class='ocrx_word' id='word_1_519' title='bbox 325 2630 662 2668; x_wconf 87' lang='lat' dir='ltr'>considerandum</span> <span class='ocrx_word' id='word_1_520' title='bbox 682 2634 743 2668; x_wconf 89' lang='lat' dir='ltr'>est</span> <span class='ocrx_word' id='word_1_521' title='bbox 762 2631 867 2678; x_wconf 86' lang='lat' dir='ltr'>quod</span> <span class='ocrx_word' id='word_1_522' title='bbox 888 2631 1014 2668; x_wconf 86' lang='lat' dir='ltr'>multo</span> <span class='ocrx_word' id='word_1_523' title='bbox 1031 2630 1281 2669; x_wconf 84' lang='lat' dir='ltr'>differentius</span> <span class='ocrx_word' id='word_1_524' title='bbox 1312 2635 1352 2669; x_wconf 88' lang='lat' dir='ltr'>et</span> <span class='ocrx_word' id='word_1_525' title='bbox 1383 2631 1557 2670; x_wconf 89' lang='lat' dir='ltr'>divinius</span> <span class='ocrx_word' id='word_1_526' title='bbox 1587 2633 1693 2670; x_wconf 83' lang='lat' dir='ltr'>Chri·</span> 
     </span>
     <span class='ocr_line' id='line_1_55' title="bbox 73 2676 1693 2725; baseline 0.002 -11"><span class='ocrx_word' id='word_1_527' title='bbox 73 2681 161 2715; x_wconf 89' lang='lat' dir='ltr'>stus</span> <span class='ocrx_word' id='word_1_528' title='bbox 180 2686 226 2714; x_wconf 87' lang='lat' dir='ltr'>ea</span> <span class='ocrx_word' id='word_1_529' title='bbox 243 2676 386 2715; x_wconf 86' lang='lat' dir='ltr'>effecit.</span> <span class='ocrx_word' id='word_1_530' title='bbox 408 2679 506 2715; x_wconf 85' lang='lat' dir='ltr'>Nam</span> <span class='ocrx_word' id='word_1_531' title='bbox 540 2678 609 2715; x_wconf 88' lang='lat' dir='ltr'>alii</span> <span class='ocrx_word' id='word_1_532' title='bbox 645 2677 797 2716; x_wconf 89' lang='lat' dir='ltr'>orando</span> <span class='ocrx_word' id='word_1_533' title='bbox 826 2678 911 2716; x_wconf 82' lang='lat' dir='ltr'>haec</span> <span class='ocrx_word' id='word_1_534' title='bbox 938 2678 1082 2715; x_wconf 87' lang='lat' dir='ltr'>fecisse</span> <span class='ocrx_word' id='word_1_535' title='bbox 1111 2678 1311 2725; x_wconf 81' lang='lat' dir='ltr'>leguntur,</span> <span class='ocrx_word' id='word_1_536' title='bbox 1355 2678 1533 2716; x_wconf 83' lang='lat' dir='ltr'>Christus</span> <span class='ocrx_word' id='word_1_537' title='bbox 1561 2683 1693 2717; x_wconf 88' lang='lat' dir='ltr'>autem</span> 
     </span>
     <span class='ocr_line' id='line_1_56' title="bbox 72 2724 1693 2772; baseline 0.002 -12"><span class='ocrx_word' id='word_1_538' title='bbox 72 2724 322 2771; x_wconf 87' lang='lat' dir='ltr'>imperando,</span> <span class='ocrx_word' id='word_1_539' title='bbox 343 2724 458 2771; x_wconf 83' lang='lat' dir='ltr'>quasi</span> <span class='ocrx_word' id='word_1_540' title='bbox 471 2734 520 2762; x_wconf 83' lang='lat' dir='ltr'>ex</span> <span class='ocrx_word' id='word_1_541' title='bbox 539 2725 698 2771; x_wconf 86' lang='lat' dir='ltr'>propria</span> <span class='ocrx_word' id='word_1_542' title='bbox 713 2727 905 2771; x_wconf 85' lang='lat' dir='ltr'>potestate</span> <span class='ocrx_word' id='word_1_543' title='bbox 921 2736 930 2769; x_wconf 85' lang='lat'>3</span> <span class='ocrx_word' id='word_1_544' title='bbox 945 2727 984 2762; x_wconf 89' lang='lat' dir='ltr'>et</span> <span class='ocrx_word' id='word_1_545' title='bbox 1002 2733 1084 2762; x_wconf 85' lang='lat' dir='ltr'>non</span> <span class='ocrx_word' id='word_1_546' title='bbox 1104 2726 1236 2763; x_wconf 89' lang='lat' dir='ltr'>solum</span> <span class='ocrx_word' id='word_1_547' title='bbox 1259 2725 1347 2772; x_wconf 88' lang='lat' dir='ltr'>ipse</span> <span class='ocrx_word' id='word_1_548' title='bbox 1366 2726 1451 2763; x_wconf 83' lang='lat' dir='ltr'>haee</span> <span class='ocrx_word' id='word_1_549' title='bbox 1485 2725 1591 2772; x_wconf 86' lang='lat' dir='ltr'>fecit,</span> <span class='ocrx_word' id='word_1_550' title='bbox 1623 2726 1693 2764; x_wconf 86' lang='lat' dir='ltr'>sed</span> 
     </span>
     <span class='ocr_line' id='line_1_57' title="bbox 73 2770 1693 2824; baseline 0.002 -16"><span class='ocrx_word' id='word_1_551' title='bbox 73 2774 113 2808; x_wconf 85' lang='lat' dir='ltr'>et</span> <span class='ocrx_word' id='word_1_552' title='bbox 132 2771 223 2824; x_wconf 76' lang='lat' dir='ltr'>aliis</span> <span class='ocrx_word' id='word_1_553' title='bbox 243 2771 381 2810; x_wconf 88' lang='lat' dir='ltr'>eadem</span> <span class='ocrx_word' id='word_1_554' title='bbox 396 2770 608 2824; x_wconf 63' lang='lat' dir='ltr'>etmajora</span> <span class='ocrx_word' id='word_1_555' title='bbox 627 2771 796 2824; x_wconf 68' lang='lat' dir='ltr'>faciendi</span> <span class='ocrx_word' id='word_1_556' title='bbox 817 2771 954 2824; x_wconf 74' lang='lat' dir='ltr'>tribuit</span> <span class='ocrx_word' id='word_1_557' title='bbox 976 2774 1226 2818; x_wconf 87' lang='lat' dir='ltr'>potestatem,</span> <span class='ocrx_word' id='word_1_558' title='bbox 1246 2772 1328 2819; x_wconf 89' lang='lat' dir='ltr'>qui,</span> <span class='ocrx_word' id='word_1_559' title='bbox 1349 2772 1399 2810; x_wconf 87' lang='lat' dir='ltr'>ad</span> <span class='ocrx_word' id='word_1_560' title='bbox 1425 2773 1555 2811; x_wconf 88' lang='lat' dir='ltr'>solam</span> <span class='ocrx_word' id='word_1_561' title='bbox 1580 2774 1693 2811; x_wconf 91' lang='lat' dir='ltr'>invo-</span> 
     </span>
     <span class='ocr_line' id='line_1_58' title="bbox 79 2818 1692 2865; baseline 0.002 -11"><span class='ocrx_word' id='word_1_562' title='bbox 79 2821 278 2855; x_wconf 80' lang='lat' dir='ltr'>cationem</span> <span class='ocrx_word' id='word_1_563' title='bbox 297 2819 474 2856; x_wconf 83' lang='lat' dir='ltr'>nominis</span> <span class='ocrx_word' id='word_1_564' title='bbox 500 2819 657 2862; x_wconf 84' lang='lat' dir='ltr'>Christi,</span> <span class='ocrx_word' id='word_1_565' title='bbox 677 2818 906 2865; x_wconf 74' lang='lat' dir='ltr'>hujusmodi</span> <span class='ocrx_word' id='word_1_566' title='bbox 924 2818 1116 2857; x_wconf 84' lang='lat' dir='ltr'>miracula</span> <span class='ocrx_word' id='word_1_567' title='bbox 1134 2818 1344 2857; x_wconf 85' lang='lat' dir='ltr'>faciebant.</span> <span class='ocrx_word' id='word_1_568' title='bbox 1377 2821 1422 2856; x_wconf 89' lang='lat' dir='ltr'>Et</span> <span class='ocrx_word' id='word_1_569' title='bbox 1451 2829 1533 2858; x_wconf 90' lang='lat' dir='ltr'>non</span> <span class='ocrx_word' id='word_1_570' title='bbox 1561 2821 1692 2858; x_wconf 89' lang='lat' dir='ltr'>solum</span> 
     </span>
     <span class='ocr_line' id='line_1_59' title="bbox 80 2864 1694 2914; baseline 0.001 -11"><span class='ocrx_word' id='word_1_571' title='bbox 80 2865 306 2913; x_wconf 82' lang='lat' dir='ltr'>corporalia</span> <span class='ocrx_word' id='word_1_572' title='bbox 322 2864 516 2905; x_wconf 84' lang='lat' dir='ltr'>miracula</span> <span class='ocrx_word' id='word_1_573' title='bbox 534 2874 604 2912; x_wconf 86' lang='lat' dir='ltr'>per</span> <span class='ocrx_word' id='word_1_574' title='bbox 623 2865 819 2903; x_wconf 85' lang='lat' dir='ltr'>Christum</span> <span class='ocrx_word' id='word_1_575' title='bbox 845 2865 949 2904; x_wconf 83' lang='lat' dir='ltr'>facta</span> <span class='ocrx_word' id='word_1_576' title='bbox 966 2869 1074 2912; x_wconf 88' lang='lat' dir='ltr'>sunt,</span> <span class='ocrx_word' id='word_1_577' title='bbox 1094 2865 1165 2905; x_wconf 87' lang='lat' dir='ltr'>sed</span> <span class='ocrx_word' id='word_1_578' title='bbox 1190 2866 1307 2906; x_wconf 84' lang='lat' dir='ltr'>etiam</span> <span class='ocrx_word' id='word_1_579' title='bbox 1334 2866 1569 2914; x_wconf 86' lang='lat' dir='ltr'>spiritualia,</span> <span class='ocrx_word' id='word_1_580' title='bbox 1606 2874 1694 2914; x_wconf 68' lang='lat' dir='ltr'>quaa</span> 
     </span>
    </p>
   </div>
  </div>
 </body>
</html>
