1894 3223
147 105 195 140 20
745 97 832 133 LIB.
860 97 890 140 1,
918 95 1018 132 CAP.
1041 97 1168 133 XVIII.

197 184 379 229 Amplius,
401 180 579 227 sequitur
608 188 671 215 res
698 177 899 214 naturales
931 187 1025 214 casu
1058 177 1248 213 exsistere
1281 175 1345 212 his
1378 176 1445 223 qui
1481 175 1522 212 in
1555 175 1761 211 materiam

151 231 286 267 omnia
324 228 573 270 reducebant,
611 225 712 262 sicut
746 224 786 260 in
821 233 981 261 causam
1013 224 1203 270 primam;
1245 226 1385 260 contra
1417 231 1518 270 quos
1553 223 1684 267 agitur
1718 221 1759 257 in

152 277 328 315 secundo
358 274 615 321 Physicorum
647 271 755 317 (text.
785 280 928 308 comm.
961 272 1036 317 77).
1075 271 1114 307 Si
1149 270 1271 316 igitur
1306 271 1423 314 Deus,
1443 269 1509 316 qui
1543 273 1605 306 est
1635 269 1764 315 prima

150 332 286 367 causa,
307 323 359 359 sit
375 329 496 358 causa
516 318 731 355 materialis
750 326 895 358 rerum,
919 318 1097 364 sequitur
1115 317 1251 354 omnia
1270 325 1366 353 casu
1387 317 1591 354 exsistere.
1772 344 1773 347 ,

197 372 296 413 Item,
317 368 479 405 materia
496 374 576 402 non
595 364 639 400 fit
658 373 779 401 causa
799 364 967 410 aliquus
987 365 1027 400 in
1045 368 1147 407 actu,
1167 364 1245 400 nisi
1267 363 1487 400 secundum
1519 362 1625 409 quod
1663 361 1759 399 alte-

150 422 259 454 ratur
279 420 316 452 et
333 417 517 451 mutatur.
539 412 578 448 Si
600 411 721 457 igitur
740 413 844 448 Deus
866 415 926 448 est
960 410 1191 455 immobilis,
1215 414 1256 447 ut
1290 410 1499 456 probatum
1532 413 1593 446 est
1613 409 1662 456 (c.
1687 408 1761 455 13),

151 464 262 501 1111110
286 461 404 498 modo
422 462 554 505 potest
571 467 661 495 esse
681 467 812 495 rerum
834 467 955 494 causa
975 467 1044 503 per
1063 457 1225 494 modum
1246 457 1434 494 materiae.

199 511 305 546 Hanc
331 510 461 544 autem
489 505 691 542 veritatem
725 504 824 541 fides
853 504 1050 541 catholica
1081 503 1304 548 confitetur,
1327 513 1414 550 quae
1445 505 1568 540 Deum
1600 511 1680 539 non
1714 502 1761 539 de

151 565 225 594 sua
256 553 492 596 substantia,
521 552 587 589 sed
622 551 668 588 de
700 551 827 587 nihilo
871 551 1014 588 asserit
1048 554 1191 587 cuncta
1229 559 1400 587 creasse.
1424 552 1469 587 In
1507 550 1583 587 hoc
1632 553 1763 586 autem

150 602 306 640 insania
327 599 486 637 Davidis
505 599 552 636 de
571 598 750 635 Dinando
770 598 1039 641 confunditur,
1061 597 1128 644 qui
1146 606 1270 633 ausus
1291 601 1352 634 est
1371 597 1501 634 dicere
1522 599 1647 633 Deum
1668 605 1757 633 esse

150 650 254 686 idem
284 647 389 694 quod
422 647 548 692 prima
575 644 754 689 materia,
776 655 823 681 ex
854 645 930 681 hoc
963 643 1081 690 quod,
1105 643 1139 680 si
1175 652 1255 680 non
1288 647 1393 681 esset
1424 644 1543 688 idern,
1565 645 1764 689 oporteret

150 695 306 733 differre
321 704 368 731 ea
387 693 587 740 aliquibus
608 691 861 733 differentiis:
885 695 922 727 et
945 691 1003 728 sic
1028 699 1107 727 non
1129 695 1263 727 essent
1283 690 1501 736 simplici-‘213
1525 699 1615 726 nam
1641 690 1681 725 in
1700 699 1762 734 eo,

150 742 254 788 quod
277 751 344 788 per
364 739 626 777 differentiam
645 739 692 776 ab
711 739 790 775 alio
806 737 948 782 differt,
967 738 1054 783 ipsa
1069 736 1291 773 differentia
1305 737 1639 782 compositionem
1656 736 1763 772 facit.

150 791 231 826 Hoc
250 792 379 825 autem
400 787 595 833 processit
614 796 661 823 ex
680 786 918 832 ignorantia,
942 794 1020 832 qua
1041 784 1208 821 nescivit
1236 784 1330 830 quid
1364 784 1467 820 inter
1498 783 1764 820 differentiam

149 840 189 872 et
225 835 492 872 diversitatem
525 833 694 870 intersit.
727 831 922 869 Differens
957 832 1077 875 enim,
1098 834 1141 867 ut
1176 831 1215 866 in
1250 830 1405 868 decimo
1437 831 1766 876 Metaphysicorum

150 883 258 930 (text.
281 891 424 919 comm.
449 880 506 927 12)
526 880 823 923 determinatur,
846 879 989 915 dicitur
1009 878 1056 914 ad
1078 877 1249 924 aliquid;
1282 887 1373 914 nam
1403 886 1520 914 omne
1560 876 1764 921 differens,

150 930 285 976 aliquo
307 933 367 966 est
402 927 603 965 differens.
623 928 831 963 Diversum
867 930 996 962 autem
1032 925 1179 971 aliquid
1214 924 1394 962 absolute
1428 924 1587 967 dicitur,
1611 933 1659 960 ex
1689 924 1766 961 hoc

150 976 256 1023 quod
276 985 356 1013 non
377 979 437 1012 est
456 975 575 1011 idem.
595 973 825 1010 Differentia
846 973 967 1019 igitur
986 972 1024 1008 in
1045 972 1108 1008 his
1129 971 1340 1018 quaerenda
1361 975 1434 1016 est,
1458 980 1547 1018 quae
1567 971 1608 1007 in
1629 970 1765 1017 aliquo

150 1023 411 1066 conveniunt;
435 1025 588 1067 oportet
608 1021 710 1057 enim
735 1019 883 1066 aliquid
905 1020 945 1055 in
967 1019 1030 1056 his
1061 1019 1274 1065 assignari,
1297 1018 1516 1055 secundum
1552 1017 1657 1064 quod
1691 1017 1766 1054 dif-

150 1071 291 1114 ferant,
324 1070 426 1106 sicut
460 1069 546 1105 duee
580 1068 733 1113 species
764 1067 1004 1104 conveniunt
1033 1066 1072 1102 in
1122 1075 1279 1112 genere,
1311 1065 1414 1102 unde
1461 1067 1616 1111 oportet
1659 1063 1766 1111 quod

149 1116 386 1154 differentiis
407 1116 714 1161 distinguantur.
737 1116 779 1150 In
810 1114 873 1150 his
907 1117 1052 1156 autem,
1074 1122 1160 1159 quae
1181 1113 1219 1148 in
1256 1112 1366 1148 nullo
1400 1112 1655 1155 conveniunt,
1684 1120 1766 1148 non

150 1167 213 1201 est
246 1163 502 1210 quaerendum
536 1171 615 1208 quo
649 1160 851 1201 differant:
887 1160 957 1197 sed
986 1160 1132 1205 seipsis
1163 1159 1317 1196 diversa
1347 1163 1454 1196 sunt.
1493 1159 1556 1195 Sic
1588 1159 1694 1195 enim
1728 1162 1766 1194 et

149 1211 343 1256 oppositae
376 1209 609 1246 differentiae
642 1208 689 1245 ab
722 1208 890 1243 invicem
925 1207 1245 1253 distinguuntur;
1280 1215 1360 1243 non
1394 1206 1499 1242 enim
1530 1205 1767 1251 participant

149 1267 293 1304 genus,
314 1257 428 1303 quasi
446 1260 594 1301 partem
619 1264 700 1291 suec
722 1256 926 1298 essentiae3
950 1258 989 1290 et
1015 1254 1103 1290 ideo
1126 1262 1205 1290 11011
1237 1257 1298 1289 est
1330 1253 1586 1300 quaerendum
1620 1252 1766 1298 quibus

150 1303 357 1348 differant;
381 1303 526 1349 seipsis
546 1302 650 1338 enim
684 1302 840 1338 diversa
869 1305 975 1338 sunt.
1007 1301 1070 1338 Sic
1101 1301 1218 1337 etiarn
1238 1301 1341 1336 Deus
1377 1303 1414 1336 et
1444 1299 1609 1336 materia
1639 1299 1768 1344 prima

150 1352 466 1398 distinguuntur,
489 1358 658 1396 quorum
677 1357 800 1384 unum
822 1351 882 1386 est
915 1351 1028 1385 actus
1064 1356 1203 1394 purUS,
1234 1347 1341 1384 aliud
1371 1347 1548 1393 potentia
1579 1355 1691 1392 pura,
1724 1345 1767 1382 in

149 1399 262 1436 nullo
279 1397 600 1436 convenientiam
620 1395 826 1432 habentes.

788 1543 958 1584 CAPUT
984 1541 1129 1584 XVIII.

566 1665 667 1700 QUOD
692 1665 734 1694 IN
759 1664 836 1694 DEO
870 1664 997 1693 NULLA
1022 1663 1081 1692 SIT
1105 1664 1345 1693 COMPOSITIO.

195 1779 251 1814 Ex
266 1775 486 1822 praemissis
506 1774 840 1814 autem-concludi
861 1777 1004 1820 potest,
1023 1774 1128 1820 quod
1151 1774 1191 1809 in
1210 1775 1290 1809 Deo
1311 1771 1492 1824 nullatsit
1506 1772 1764 1818 compositio.

195 1824 308 1867 Nam,
326 1823 367 1859 in
389 1822 495 1859 omni
517 1822 753 1867 composito,
775 1825 929 1867 oportet
951 1830 1039 1858 esse
1058 1825 1188 1857 actum
1221 1823 1258 1855 et
1288 1822 1518 1864 potentiam.
1539 1821 1622 1856 Non
1657 1820 1764 1856 enim

149 1869 264 1917 plura
281 1873 450 1915 possunt
467 1869 698 1914 simpliciter
717 1868 801 1905 fieri
821 1877 957 1911 unum,
980 1868 1057 1904 nisi
1081 1866 1229 1914 aliquid
1250 1866 1305 1902 ibi
1329 1866 1379 1902 sit
1405 1870 1516 1903 actus
1544 1869 1582 1902 et
1614 1866 1765 1913 aliquid

150 1917 342 1964 potentia.
365 1917 458 1960 Quae
490 1916 596 1952 enim
632 1919 721 1952 actu
754 1918 848 1952 sunt
879 1924 960 1951 non
991 1914 1196 1958 uniuntur,
1220 1913 1297 1950 nisi
1334 1913 1449 1960 quasi
1484 1912 1672 1959 colligata
1703 1912 1766 1949 vel

151 1964 256 2001 sicut
272 1966 514 2009 congregata
536 1974 544 1999 ε
566 1971 651 2009 quae
671 1971 752 1999 non
773 1965 867 1999 sunt
886 1970 1010 1998 unum
1033 1961 1285 2006 simpliciter;
1303 1959 1342 1995 in
1365 1960 1511 2007 quibus
1532 1961 1649 1996 etiam
1667 1959 1764 2006 ipsae

150 2014 285 2056 partes
306 2012 571 2056 congregatae,
590 2012 683 2046 sunt
705 2009 809 2046 sicut
822 2008 998 2054 potentia
1019 2012 1198 2054 respectu
1216 2006 1391 2044 unionis.
1409 2007 1507 2044 Sunt
1521 2007 1626 2043 enim
1646 2007 1765 2044 unitae

149 2059 193 2094 in
220 2061 334 2101 actu,
365 2060 576 2102 postquam
606 2056 751 2092 fuerint
790 2055 832 2091 in
864 2055 1040 2101 potentia
1073 2055 1259 2092 unibiles.
1298 2056 1338 2090 In
1375 2055 1456 2091 Deo
1488 2057 1619 2091 autem
1657 2053 1768 2091 nulla

151 2107 212 2142 est
228 2104 424 2150 potentia;
444 2112 523 2139 non
546 2105 606 2139 est
625 2103 746 2149 igitur
764 2102 805 2139 in
827 2111 872 2139 eo
895 2102 1027 2148 aliqua
1045 2101 1299 2148 compositio.

195 2151 298 2195 Item,
326 2159 442 2187 omne
473 2150 738 2195 compositum
769 2150 969 2195 posterius
1000 2153 1059 2186 est
1090 2150 1176 2186 suis
1213 2147 1559 2194 componentibus.
1590 2148 1764 2186 Primum

150 2207 246 2244 ergo
267 2206 352 2242 ens,
377 2196 483 2243 quod
504 2198 608 2233 Deus
627 2200 699 2240 est,
719 2206 767 2233 ex
786 2196 908 2233 nullis
922 2196 1185 2241 compositum
1209 2199 1281 2232 est.

197 2245 342 2288 Adhuc,
378 2253 495 2280 omne
525 2243 788 2289 compositum
825 2246 885 2280 est
919 2244 1093 2289 potentia
1124 2242 1374 2287 dissolubile,
1401 2245 1593 2288 quantum
1627 2245 1688 2279 est
1718 2252 1767 2279 ex

149 2292 305 2328 ratione
326 2291 645 2336 compositionis,
667 2290 760 2327 licet
775 2290 816 2326 in
837 2290 1075 2337 quibusdam
1106 2290 1158 2327 sit
1191 2289 1341 2336 aliquid
1368 2288 1475 2326 aliud
1507 2288 1765 2327 dissolutioni

149 2347 392 2385 repugnans.
407 2337 520 2389 Quod
540 2341 670 2374 autem
691 2340 751 2374 est
769 2337 1003 2374 dissolubile
1021 2340 1081 2374 est
1100 2337 1142 2374 in
1161 2336 1339 2383 potentia
1358 2336 1407 2373 ad
1426 2345 1508 2373 non
1529 2345 1640 2381 esse;
1658 2335 1765 2383 quod

150 2386 231 2422 Deo
253 2394 331 2422 non
355 2388 554 2430 competit,
572 2393 693 2432 quum
722 2384 774 2421 sit
804 2393 874 2430 per
904 2392 947 2420 se
979 2392 1144 2421 necesse
1179 2392 1282 2421 csse.
1301 2384 1388 2420 Non
1419 2387 1480 2420 est
1512 2392 1606 2431 ergo
1639 2383 1682 2420 in
1717 2391 1765 2421 eo

151 2432 286 2478 aliqua
305 2431 558 2478 compositio.

197 2479 380 2524 Amplius,
413 2479 544 2515 omnis
571 2478 809 2524 compositio
827 2477 979 2524 indiget
1000 2477 1133 2524 aliquo
1155 2481 1438 2524 componente3
1458 2477 1492 2514 si
1513 2477 1618 2514 enim
1656 2485 1765 2514 com-

151 2525 299 2570 positio
319 2530 391 2569 est,
405 2535 452 2562 ex
475 2525 654 2571 pluribus
673 2526 851 2569 est.Quae
870 2529 999 2562 autem
1022 2525 1241 2562 secundum
1263 2534 1305 2562 se
1329 2528 1422 2562 sunt
1439 2524 1565 2571 plura,
1579 2524 1619 2560 in
1640 2532 1763 2560 unum

151 2580 233 2623 non
254 2572 506 2612 conveniunt,
530 2572 607 2608 nisi
628 2572 676 2609 ab
704 2573 837 2619 aliquo
870 2576 1131 2617 componente
1165 2573 1365 2609 uniantur.
1385 2571 1423 2608 Si
1454 2571 1576 2617 igitur
1602 2579 1763 2616 compo-

153 2621 255 2655 situs
277 2622 380 2655 esset
402 2620 518 2662 Deus,
538 2618 699 2655 haberet
718 2624 1044 2665 componentcm;
1068 2628 1148 2655 11011
1170 2619 1274 2655 cuim
1296 2619 1381 2664 ipse
1399 2617 1575 2663 seipsum
1599 2626 1764 2663 compo-

152 2673 246 2716 nere
264 2668 412 2709 posset,
430 2665 522 2716 quia
539 2665 636 2700 1111111
661 2670 719 2702 est
739 2675 860 2703 causa
879 2666 1073 2712 suiipsius
1088 2678 1095 2710 ;
1113 2670 1218 2703 esset
1233 2666 1338 2702 enim
1356 2664 1467 2710 prius
1485 2664 1633 2709 seipso.
1653 2664 1758 2709 quod

154 2714 214 2748 est
234 2712 493 2757 impossibile.
517 2712 767 2757 componens
797 2718 926 2749 autem
958 2717 1018 2750 est
1049 2722 1171 2750 causa
1202 2712 1379 2749 efficiens
1411 2711 1636 2756 compositi.
1661 2713 1762 2757 Ergo

154 2759 258 2794 Deus
277 2759 435 2794 liaberet
456 2767 614 2794 causam
648 2759 902 2804 cl'ticientem3
926 2763 963 2796 et
992 2760 1050 2796 sic
1084 2769 1163 2796 11011
1195 2762 1303 2796 esset
1337 2767 1459 2794 causa
1491 2757 1632 2803 prima,
1655 2758 1759 2804 quod

154 2813 275 2849 supra
294 2804 342 2850 (c.
367 2805 422 2850 13)
446 2803 622 2840 habitum
643 2808 716 2841 est.

200 2852 300 2893 Item,
324 2851 364 2888 in
384 2851 560 2898 quolibet
580 2860 738 2898 genere,
760 2855 869 2890 tanto
887 2853 1038 2900 aliquid
1059 2857 1119 2890 est
1133 2852 1324 2895 nobilius,
1340 2855 1488 2898 quanto
1504 2851 1727 2898 simplicius
1749 2863 1759 2896 ;
