1894 3223
622 121 708 158 LlB.
738 123 766 166 1,
794 122 893 158 CAP.
920 121 1090 158 LXXXIX.
1617 125 1658 160 {¹3

643 301 810 343 CAPUT
852 302 1062 343 LXXXIX.

353 422 453 458 01:01)
475 421 516 452 m
539 421 614 452 nno
640 422 718 451 NON
754 422 850 452 sua-T
878 422 1086 451 Passiones
1112 423 1342 453 iti-“ramnum

96 533 148 570 Ex
171 531 391 578 praemissis
411 534 541 568 autem
564 530 656 567 sciri
679 533 822 577 potest,
845 530 948 578 quod
970 531 1180 577 passiones
1201 531 1413 569 affectuum
1434 532 1473 569 in
1488 534 1565 570 Deo
1582 542 1662 571 non

50 583 158 618 sunt.
181 578 404 616 Secundum
427 578 532 615 enim
554 578 832 614 intellectivam
866 577 1116 615 affectionem
1140 587 1216 615 non
1252 583 1310 616 est
1346 579 1477 626 aliqua
1501 580 1660 625 passi03

49 626 118 665 sed
133 626 262 664 solum
280 625 498 663 secundum
516 625 761 669 sensitivam,
778 628 820 661 ut
833 625 1066 671 probaturin
1079 629 1189 662 sexto
1203 626 1311 670 Phys.
1327 625 1432 672 (text.
1444 635 1587 664 comm.
1604 627 1661 675 58)

50 673 159 711 nulla
176 676 305 710 autem
327 672 418 710 talis
439 671 595 709 affectio
619 672 657 708 in
680 674 757 709 Deo
779 681 867 708 esse
889 676 1029 718 potest,
1053 682 1141 709 cum
1163 673 1264 708 desit
1284 673 1359 709 sibi
1385 674 1576 710 sensitiva
1601 683 1663 711 co·

50 720 191 768 gnitio,
215 723 256 757 ut
274 729 343 766 per
362 719 589 766 supradicta
605 719 704 765 (cap.
720 722 815 756 sistet
832 720 889 766 65)
905 723 965 756 est
985 720 1253 756 manifestum.
1277 719 1525 769 Relinquitur
1542 721 1663 768 igitur

52 767 156 814 quod
178 767 217 803 in
240 768 320 804 Deo
341 775 422 804 non
442 767 494 804 sit
513 766 693 803 allectiva
713 766 862 812 passio.

95 815 286 855 Praeterea,
307 814 438 851 omnis
459 812 639 850 affectiva
661 814 794 860 passio
830 812 1050 849 secundum
1081 812 1253 859 aliquam
1285 815 1660 852 transmutationem

51 861 295 907 corporalem
318 860 372 906 fit,
395 865 488 907 puta
499 860 718 898 seeundum
734 860 1057 897 constrictionem
1072 859 1131 895 vel
1150 859 1420 897 dilatationem
1431 861 1576 906 cordis,
1597 865 1664 900 aut

51 908 270 946 secundum
293 907 441 954 aliquid
464 907 717 954 hujusmodi:
750 915 917 953 quorum
936 906 1102 958 'nullum
1125 906 1164 942 in
1186 908 1265 944 Deo
1298 908 1491 954 possibile
1517 913 1576 945 est
1597 918 1661 946 ae-

51 955 195 999 cidere,
217 964 264 992 eo
284 955 386 1001 quod
411 963 489 992 non
511 955 562 991 sit
582 963 739 999 eorpus,
762 962 888 1000 neque
908 957 1032 990 virtus
1060 954 1100 989 in
1132 962 1311 1000 corpore,
1343 959 1386 993 ut
1419 964 1539 1002 supra
1560 955 1660 1004 (cap.

50 1002 110 1048 20)
133 1006 336 1040 ostensum
357 1004 430 1038 est.
453 1003 536 1038 Non
558 1005 618 1037 est
637 1001 756 1046 igitur
777 1000 818 1037 in
839 1000 926 1046 ipso
949 998 1128 1037 affectiva
1148 1001 1298 1045 passio.

96 1050 196 1089 Item,
219 1049 260 1085 in
281 1048 387 1085 omni
411 1046 590 1084 affectiva
610 1048 796 1093 passione
816 1047 971 1092 patiens
993 1048 1217 1094 aliqualiter
1237 1048 1405 1085 trahitur
1422 1051 1529 1086 extra
1548 1059 1662 1087 suam

51 1095 317 1133 conditionem
341 1095 594 1133 essentialem
616 1095 675 1130 vel
695 1095 990 1131 connaturalem
1013 1094 1332 1140 dispositionem,
1355 1095 1468 1141 cujus
1500 1097 1660 1143 signum

50 1146 124 1186 est,
143 1142 248 1190 quod
271 1141 498 1188 hujusmodi
519 1142 743 1188 passiones,
767 1142 799 1178 si
819 1141 1087 1186 intendantur,
1109 1142 1348 1179 animalibus
1370 1142 1545 1180 inferunt
1561 1152 1663 1180 mor-

49 1192 142 1226 tem.
163 1189 237 1226 Sed
259 1197 338 1226 non
361 1192 420 1225 est
440 1189 630 1235 possibile
654 1191 774 1225 Deum
796 1193 904 1225 extra
924 1198 1037 1226 suam
1060 1189 1278 1225 naturalem
1304 1189 1573 1227 conditionem
1594 1191 1664 1227 ali-

49 1236 218 1283 qualiter
236 1236 352 1280 trahi,
375 1245 464 1273 curn
486 1236 537 1273 sit
555 1236 718 1273 omnino
739 1236 1012 1277 immutabilis,
1036 1239 1078 1273 ut
1098 1245 1217 1282 supra
1253 1235 1352 1282 (cap.
1378 1236 1433 1283 13)
1456 1241 1663 1276 ostensum

50 1287 123 1321 est.
146 1285 254 1320 Patet
274 1283 394 1330 igitur
416 1283 520 1330 quod
543 1283 582 1319 in
606 1285 683 1320 Deo
705 1283 929 1329 hujusmodi
954 1283 1163 1329 passiones
1180 1292 1267 1320 esse
1286 1292 1366 1321 non
1387 1288 1569 1329 possunt.

95 1330 278 1376 Amplius,
302 1330 432 1367 omnis
455 1330 611 1367 affectio
632 1339 718 1376 quae
749 1334 808 1367 est
837 1331 1056 1368 secundum
1083 1331 1312 1375 passionem
1343 1330 1599 1368 determinate
1624 1332 1665 1369 in

50 1385 173 1414 unum
195 1377 317 1414 fertur
337 1378 554 1414 secundum
578 1378 737 1414 modum
761 1381 797 1414 et
816 1386 1042 1414 mensuram
1063 1378 1279 1423 passionis.
1299 1378 1439 1415 Passio
1470 1379 1575 1415 enim
1596 1379 1666 1416 im-

52 1427 184 1470 petum
213 1424 330 1461 habet
366 1424 414 1461 ad
445 1425 595 1471 aliquid
629 1434 766 1469 unum,
789 1425 892 1462 sicut
911 1428 949 1461 et
981 1428 1133 1465 natura,
1169 1429 1217 1470 et,
1240 1429 1398 1472 propter
1418 1425 1492 1462 hoc
1513 1426 1664 1463 ratione

51 1474 205 1516 oportet
223 1480 307 1508 eam
330 1472 488 1517 reprimi
505 1476 542 1508 et
559 1472 728 1518 regulari
748 1483 756 1515 ;
778 1472 911 1508 divina
931 1475 1060 1508 autem
1076 1472 1260 1509 voluntas
1280 1481 1359 1509 non
1381 1472 1666 1509 determinatur

52 1518 270 1556 secundum
292 1527 336 1555 se
356 1518 403 1555 ad
424 1519 600 1556 nnumin
623 1519 685 1556 liis
706 1528 793 1565 quae
813 1523 943 1556 creata
962 1523 1068 1563 sunt,
1091 1519 1233 1556 nisiex
1247 1519 1385 1556 ordine
1405 1528 1488 1557 suae
1509 1520 1664 1566 sapien-

50 1565 129 1618 tiae,
146 1568 319 1649 utsulpra
339 1569 544 1602 ostensum
566 1569 639 1603 est.
658 1567 744 1602 Non
761 1568 821 1602 est
840 1565 961 1613 igitur
980 1566 1021 1603 in
1041 1566 1130 1613 ipso
1151 1566 1287 1612 passio
1305 1566 1523 1604 secundum
1548 1566 1664 1605 affec-

49 1615 197 1650 tionem
219 1622 240 1649 a
259 1621 405 1659 iquam.

96 1660 242 1703 Adhuc,
263 1660 395 1696 omnis
416 1659 550 1706 passio
578 1662 639 1696 est
670 1659 839 1707 alicujus
870 1659 909 1696 in
943 1660 1119 1705 potentia
1149 1660 1356 1698 existentis
1378 1672 1387 1697 ε
1409 1662 1513 1699 Deus
1534 1665 1665 1700 autem

52 1710 113 1744 est
132 1707 296 1744 omnino
317 1706 416 1743 liber
435 1716 458 1743 a
477 1707 770 1752 potentia‚t:um
795 1707 847 1744 sit
877 1716 1001 1752 purus
1034 1711 1158 1744 actus
1191 1709 1256 1744 Est
1284 1708 1405 1755 igitur
1439 1717 1562 1756 agens
1579 1713 1665 1747 tan-

51 1756 148 1799 tum,
171 1757 213 1790 ut
233 1753 342 1790 nullo
361 1753 478 1790 modo
498 1753 630 1800 aliqua
650 1754 785 1799 passio
804 1754 842 1790 in
864 1754 953 1800 ipso
974 1755 1104 1791 locum
1137 1754 1290 1791 habeat.

98 1801 162 1838 Sic
182 1800 304 1847 igitur
322 1800 454 1838 omnis
475 1801 609 1846 passio
619 1801 771 1837 ratione
786 1802 943 1848 generis
956 1811 976 1837 a
994 1803 1071 1838 Deo
1087 1804 1320 1838 removetur.
1335 1801 1520 1847 Quaedam
1536 1805 1665 1841 autern

49 1847 262 1894 passiones
283 1851 534 1884 removentur
553 1857 574 1884 a
595 1849 777 1892 Deo,non
795 1849 925 1885 solum
947 1849 1098 1885 ratione
1111 1849 1172 1885 sui
1189 1849 1363 1895 generis,
1384 1849 1452 1887 sed
1475 1850 1592 1886 etiam
1608 1860 1666 1889 ra·

50 1895 158 1932 tione
179 1894 339 1940 speciei.
363 1895 500 1931 Omnis
521 1895 626 1931 enim
650 1895 785 1940 passio
800 1905 846 1932 ex
861 1895 1014 1942 objecto
1037 1895 1209 1941 speciem
1229 1896 1386 1943 recipit:
1410 1896 1524 1943 cujus
1546 1897 1667 1944 igitur

50 1941 246 1988 objectum
265 1942 429 1979 omnino
441 1945 501 1979 est
517 1943 595 1978 Deo
609 1942 896 1988 incompetens,
915 1942 1006 1979 talis
1024 1942 1159 1988 passio
1175 1952 1197 1979 a
1212 1945 1291 1979 Deo
1316 1949 1539 1981 removetur
1553 1948 1590 1981 et
1609 1954 1667 1981 se-

50 1988 223 2026 cundum
245 1989 436 2026 rationem
460 1989 626 2035 propriae
643 1990 802 2035 speciei.
825 1989 928 2026 Talis
950 1994 1080 2026 autem
1102 1993 1161 2026 est
1174 1990 1333 2027 tristitia
1354 1995 1390 2027 et
1408 1990 1521 2028 dolor
1540 2003 1548 2027 :
1572 2000 1662 2028 nam

50 2035 343 2083 ejusobjeetum
365 2040 425 2073 est
441 2036 682 2082 malumjam
703 2036 917 2081 inhaerens,
941 2037 1044 2073 sicut
1063 2037 1197 2083 gaudii
1217 2037 1415 2084 objectum
1437 2042 1496 2075 est
1514 2037 1662 2076 bonum

49 2091 227 2129 praesens
249 2086 285 2119 et
310 2083 502 2120 habitum.
523 2083 696 2121 Tristitia
725 2083 848 2130 igitur
878 2087 916 2120 et
950 2083 1064 2121 dolor
1083 2093 1130 2121 ex
1162 2084 1250 2131 ipsa
1267 2084 1329 2122 sui
1351 2085 1503 2122 ratione
1523 2085 1563 2123 in
1584 2087 1663 2123 Deo

50 2138 140 2167 esse
163 2138 243 2167 non
292 2134 447 2167 ossum.

96 2176 238 2217 Adhuc,
261 2139 362 2214 ipatio
380 2176 522 2224 objecti
543 2176 712 2223 alicujus
732 2177 936 2223 passionis
955 2187 1036 2215 non
1068 2178 1199 2216 solum
1232 2178 1402 2216 sumitur
1425 2189 1471 2215 ex
1500 2179 1605 2217 bono
1627 2184 1665 2217 et

49 2224 170 2269 malo,
190 2224 259 2261 sed
281 2225 398 2262 etiam
417 2234 465 2261 ex
482 2225 557 2261 hoc
578 2225 682 2270 quod
704 2225 927 2271 aliqualiter
947 2225 1036 2272 quis
1057 2234 1100 2263 se
1121 2225 1238 2264 habet
1256 2226 1303 2263 ad
1324 2226 1489 2262 alterum
1505 2227 1663 2264 horum:

49 2270 110 2309 sic
129 2271 234 2308 enim
255 2280 348 2318 spes
368 2274 406 2310 et
422 2271 610 2318 gaudium
632 2270 832 2309 differunt.
855 2272 892 2308 Si
924 2272 1047 2318 igitur
1080 2273 1221 2310 modus
1251 2273 1336 2319 ipse
1357 2281 1402 2309 se
1425 2273 1593 2310 habendi
1617 2273 1666 2310 ad

50 2317 261 2364 objectum,
282 2318 410 2365 quiin
428 2319 580 2356 ratione
602 2319 802 2364 passionis
823 2319 1052 2364 includitur,
1073 2321 1151 2356 Deo
1168 2329 1248 2356 non
1270 2320 1468 2365 competit,
1486 2329 1557 2357 nec
1578 2321 1664 2366 ipsa

49 2365 187 2410 passio
207 2366 286 2402 Deo
307 2365 517 2402 convenire
535 2368 678 2411 potest,
699 2366 817 2403 etiam
837 2375 886 2403 ex
905 2366 1055 2403 ratione
1089 2367 1256 2412 propriae
1288 2366 1457 2412 speciei;
1486 2376 1576 2412 spes
1597 2376 1666 2404 au-

49 2414 143 2454 tem,
166 2411 346 2457 quamvis
367 2412 509 2448 haheat
527 2412 723 2459 objectum
742 2413 905 2458 honum,
927 2417 1154 2450 nontamen
1177 2413 1326 2450 honum
1347 2412 1563 2457 obtentum,
1595 2412 1664 2451 sed

51 2457 324 2502 obtinendum,
347 2458 453 2504 quod
474 2458 630 2505 quidem
653 2459 695 2496 in
714 2462 793 2497 Deo
809 2468 888 2496 non
910 2463 1037 2505 potest
1059 2459 1459 2505 competere‚rati0ne
1479 2468 1561 2497 suae
1579 2469 1665 2506 per-

50 2503 250 2549 fectionis,
271 2513 358 2551 quae
371 2507 480 2541 tanta
497 2509 569 2549 est,
591 2506 696 2552 quod
718 2507 752 2543 ei
774 2506 923 2543 additio
946 2505 1029 2542 fieri
1052 2515 1131 2542 non
1168 2509 1297 2552 potest
1317 2517 1326 2542 :
1349 2514 1442 2553 spes
1471 2507 1592 2554 igitur
1622 2507 1664 2544 in

47 2552 132 2589 Deo
151 2560 241 2588 esse
263 2560 342 2588 non
363 2554 506 2597 potest,
528 2552 646 2589 etiam
665 2553 818 2590 ratione
838 2562 921 2590 suae
943 2553 1104 2598 speciei,
1127 2556 1165 2590 et
1194 2552 1380 2590 similiter
1413 2562 1486 2590 nec
1508 2553 1662 2591 deside-

50 2598 154 2637 rium
175 2598 344 2645 alicujus
365 2607 446 2635 non
468 2598 606 2635 hahiti.

95 2645 278 2691 Amplius,
310 2645 412 2682 sicut
433 2645 567 2682 divina
585 2645 771 2691 perfectio
796 2646 959 2692 impedit
991 2646 1208 2691 potentiam
1242 2645 1458 2685 additionis
1494 2647 1663 2693 alicujus

49 2691 145 2729 boni
163 2692 364 2730 obtinendi
389 2702 412 2729 a
431 2694 524 2732 Deo,
547 2692 602 2728 ita
619 2692 736 2729 etiam
754 2693 880 2729 multo
898 2693 1069 2739 amplius
1090 2692 1263 2730 excludit
1281 2694 1496 2739 potentiam
1519 2694 1567 2731 ad
1587 2704 1659 2731 ma-

50 2737 146 2776 lum.
169 2739 300 2777 Timor
316 2742 446 2776 autem
467 2739 627 2785 respicit
648 2740 794 2776 malum
816 2739 922 2786 quod
943 2743 1071 2785 potest
1104 2740 1325 2785 imminere,
1356 2741 1459 2778 sicut
1486 2750 1577 2787 spes
1596 2743 1661 2778 ho·

49 2792 145 2822 num
166 2785 438 2824 obtinendum.
462 2786 615 2832 Duplici
634 2786 756 2832 igitur
775 2786 927 2823 ratione
949 2795 1030 2824 suae
1052 2787 1199 2834 speciei
1220 2788 1338 2825 timor
1357 2797 1381 2825 a
1397 2789 1477 2826 Deo
1498 2788 1667 2826 excludi-

49 2834 127 2877 tur,
149 2835 188 2869 et
202 2833 296 2880 quia
314 2842 395 2871 non
415 2837 476 2870 est
495 2833 574 2871 nisi
604 2833 810 2871 existentis
829 2833 871 2870 in
902 2833 1092 2881 potentia,
1124 2837 1162 2872 et
1194 2834 1289 2883 quia
1320 2834 1438 2872 habet
1468 2835 1664 2882 objectum

51 2879 200 2917 malum
219 2880 324 2928 quod
336 2883 467 2929 potest
485 2880 635 2919 inesse.
