1838 3227
506 135 639 172 BERN.
667 136 824 171 MARIAE
850 136 910 171 DE
935 135 1100 172 RL'BEIS
1127 136 1436 172 DlSSERTATIO.
1687 137 1777 170 ,wll

160 246 213 275 ει·
230 234 342 274 tertio
361 233 627 273 libracontra
647 233 831 274 Gentiles
850 233 1123 285 sapientissimi
1139 234 1173 273 T
1170 233 1304 281 leomoe,
1326 246 1410 285 qum
1436 247 1485 273 esc
1510 234 1631 273 latino
1659 247 1780 285 qrcece

163 298 367 338 transtulit
401 297 704 350 sapientissimus
742 298 959 337 Demetrius
1000 298 1207 349 Cydonizcs.
1245 298 1472 345 Quartus...
1503 308 1563 337 Τοῦ
1605 304 1781 347 σοφωτάτω

159 371 262 414 Θωμᾶ
279 365 397 411 βιδ).ιόν
419 369 454 401 τὸ
473 373 495 401 Δ
506 369 598 413 ’,ὅπερ
617 370 650 402 ἐν.
669 371 726 406 τῆς
737 351 797 401 τῶν.
814 373 946 401 λατινῶν
961 365 1121 402 Sinuare-a
1138 368 1178 406 εὶς
1196 369 1254 405 τὴν
1272 365 1410 402 ςΕλλοίδσι
1425 369 1596 413 perinzam-a
1613 370 1628 402 ὁ
1643 369 1784 412 σοφώτα-

161 445 213 471 τος
231 432 283 466 καὶ
303 432 493 479 λογιώτκτος
522 434 622 478 κύριος
653 432 826 478 Δημτὶτριος
842 429 1002 470 Κωδώνης·
1024 427 1310 478 Saln‘entz'ssz'rm'
1323 426 1472 465 leomoe
1483 425 1578 466 liber
1595 433 1782 479 quartas,·

161 503 211 532 ez·
230 490 351 530 latino
371 502 495 543 qraeee
516 490 634 530 vertit
649 491 950 543 sapientissimus
970 491 1188 530 Demetrias
1201 491 1233 530 C
1234 491 1409 543 yclom'us.
1446 522 1450 523 γ

216 556 388 596 Mutilus
408 560 471 595 est
491 558 666 606 quartus
685 555 753 595 hic
774 556 893 605 liber,
915 556 1103 608 itemque
1124 558 1344 596 secundus.
1369 557 1534 595 Primus
1560 560 1601 596 et
1633 557 1781 595 tertius

162 621 300 671 capita
337 620 681 670 complectuntur
721 621 862 660 omnia
885 652 893 669 ‚
924 625 972 660 ut
1008 622 1051 660 in
1088 621 1289 670 exemplis
1327 621 1465 659 latinis
1491 635 1499 660 :
1523 621 1603 660 alia
1639 625 1781 660 tamen

161 684 324 737 integre
342 684 384 723 in
406 696 591 737 graecum
613 685 831 733 translata,
855 685 935 724 alia
970 697 1056 724 non
1076 685 1252 736 integra.
1272 685 1318 723 In
1350 685 1453 723 libro
1484 686 1609 724 tertio
1642 686 1780 735 capita

161 749 380 797 nonnulla,
404 760 499 800 quae
519 749 670 788 omissa
692 750 786 788 loco
809 760 885 789 suo
909 750 1090 798 fuerant,
1114 749 1155 788 in
1177 749 1269 787 libri
1292 750 1404 788 calce
1437 751 1600 801 adjecta
1634 751 1781 801 legun-

162 817 248 853 tur.
270 813 376 853 Hinc
397 813 459 853 hlS
490 814 583 852 1ῚὶῸο
604 812 727 852 verba
751 826 759 852 :
783 819 876 857 Τέλος
911 822 963 851 τοῦ
998 818 1101 864 τρίτου
1132 816 1252 859 βιὲλίευ
1291 823 1344 852 τοῦ
1379 820 1556 863 anquiritan
1581 823 1702 865 Θωμᾶ;
1742 820 1782 855 et

163 878 321 918 iterum
337 891 345 916 :
362 884 452 921 Τέλος
467 888 519 917 τοῦ
539 884 641 929 τρίτου
660 881 781 925 βιῧλίου
803 886 856 916 τοῦ
872 883 1024 927 μακαρίου
1043 885 1156 928 Θωμᾶ.

219 943 374 982 Graecae
405 942 604 982 versionis
625 944 841 980 auctorem
860 941 948 992 jam
969 942 1082 980 vides
1104 942 1343 982 Demetrium
1376 942 1591 996 Cydoniam
1612 957 1626 984 .·
1656 957 1781 994 quem

165 1007 294 1048 etiam
327 1006 494 1046 exhibet
514 1006 645 1044 codex
678 1006 803 1056 regiae
836 1004 1101 1046 bibliotheca)
1121 1008 1363 1047 parisiensis
1384 1009 1493 1058 apud
1528 1009 1781 1048 Echardum.

165 1072 271 1111 Cum
291 1074 432 1110 autem
454 1071 496 1109 in
519 1069 747 1118 codicibus,
769 1074 812 1110 et
842 1071 952 1120 apud
986 1072 1340 1120 Cantacuzenum‚
1364 1073 1524 1113 dictum
1546 1073 1784 1113 Demetrium

163 1135 470 1187 legeritJoann.
483 1134 1089 1186 AlhertusFabriciusffixusewn,
1101 1136 1383 1188 colligendum
1397 1149 1482 1178 esse
1495 1142 1629 1189 putat,
1642 1139 1746 1179 libro
1757 1151 1784 1179 v

163 1198 356 1239 Bz'blz'otlz.
381 1198 539 1248 Graeeae,
561 1199 697 1250 capite
714 1200 781 1248 43,
795 1211 914 1239 num.
935 1201 976 1249 8,
989 1200 1048 1240 ita
1067 1202 1329 1241 Demetrium
1348 1202 1487 1251 potius
1509 1204 1782 1253 appellatum,

163 1275 292 1316 quam
309 1262 525 1316 Cydoniam
540 1276 563 1303 a
578 1264 779 1315 Cydonia,
795 1264 930 1303 insula
942 1265 1090 1305 Cretae.
1107 1266 1335 1305 AtVenetis
1350 1267 1391 1305 in
1405 1267 1618 1307 codicibus
1634 1269 1784 1307 nostris

165 1329 319 1370 dicitur
335 1329 586 1378 Demetrius,
608 1336 622 1368 ὁ
641 1331 802 1374 Κωδώνης.
827 1330 882 1370 Ut
906 1341 994 1369 sese
1015 1341 1080 1369 res
1099 1330 1267 1379 habeat,
1292 1330 1508 1383 Cydoniam
1536 1333 1784 1384 cognomine

163 1394 334 1446 proprio
355 1393 613 1445 appellatum
632 1393 753 1434 illum
775 1393 1033 1433 arbitrantur
1059 1394 1204 1445 aliqui,
1227 1395 1380 1446 aliique
1398 1408 1421 1435 a
1443 1394 1618 1448 Cydonia
1642 1395 1782 1447 Cretae,

165 1458 238 1500 ubi
258 1459 521 1499 domicilium
540 1459 759 1508 habuerit3
776 1459 926 1509 hisque
951 1458 1292 1499 Thessalonicensis
1312 1461 1445 1510 patria
1467 1461 1650 1511 auditur,
1665 1462 1782 1502 ethis

166 1521 428 1575 Byzantinus,
440 1527 489 1562 ut
508 1523 708 1562 admonet
727 1523 840 1562 idem
854 1523 1081 1571 Fabricius,
1098 1525 1192 1564 loco
1205 1525 1347 1564 citato.
1363 1526 1486 1565 Lucis
1501 1537 1626 1565 usura
1645 1526 1784 1566 adhuc

165 1586 386 1627 fruebatur
406 1597 517 1626 anno
538 1587 656 1626 1384.
679 1587 795 1626 Hanc
813 1587 874 1626 illi
896 1599 1076 1640 graecam
1091 1589 1323 1628 versionem
1352 1588 1596 1639 adjudicant
1615 1591 1783 1631 Guillel-

168 1661 263 1691 mus
283 1651 401 1699 Cave,
422 1650 654 1699 Fabricius,
668 1651 895 1702 caeterique
910 1653 1134 1703 scriptores
1154 1653 1427 1704 frequentius.
1444 1655 1619 1695 Consule
1635 1655 1785 1696 Echar-

168 1714 287 1764 dum,
307 1715 379 1766 qui
399 1715 520 1765 plura
542 1715 679 1754 docet.

845 1865 1012 1908 CAPUT
1040 1865 1105 1906 IV.

165 1989 410 2020 SOLIDISSIMAE
442 1989 576 2020 SANGTI
608 1989 753 2019 THOMAE
791 1988 991 2018 DOCTRINAE
1031 1988 1217 2018 SPEGIMEN
1246 1989 1287 2018 IN
1327 1989 1378 2019 EO
1406 1990 1653 2029 ARGUMENTO,
1687 1992 1785 2026 QUOD

217 2054 430 2084 RELIGIONIS
448 2054 663 2084 REVELATAE
682 2040 908 2084 VERITATEM
927 2054 1092 2083 SPEGTAT
1113 2056 1124 2083 :
1146 2054 1195 2084 AC
1218 2055 1334 2084 PRIMO
1352 2055 1516 2084 NATURAE
1540 2057 1681 2086 LUMINE
1709 2058 1786 2088 NON

219 2118 345 2148 OMNES
362 2118 526 2149 POSSUN‘P
542 2118 757 2148 VERITATES
776 2119 828 2147 AD
848 2118 956 2148 DEUM
970 2119 1226 2148 PERTINENTES
1244 2119 1515 2149 INNOTESCERE.
1532 2121 1638 2150 ISTAS
1660 2123 1784 2152 REVE·

220 2182 320 2211 LARE
340 2182 531 2212 GRATUITO
550 2183 707 2212 FAVORE
725 2182 862 2212 POTUIT
878 2183 974 2213 DEUS
995 2185 1006 2212 2
1025 2183 1194 2218 ITEMQUE
1214 2184 1341 2223 ALIAS,
1362 2186 1449 2219 QUAE
1467 2184 1598 2216 EODEM
1624 2187 1786 2217 NATURAE

218 2247 361 2277 LUMINE
375 2247 623 2277 INVESTIGARI
636 2247 816 2278 POSSUNT.
828 2247 1027 2283 UTRASQUE
1041 2249 1177 2278 REIPSA
1189 2249 1392 2279 SUPREMUM
1404 2249 1536 2279 NUMEN
1550 2251 1782 2280 REVELAVIT.

217 2312 420 2341 PERPERAM
440 2311 697 2351 OBJICIUNTUR,
721 2313 807 2347 QUAE
836 2313 1029 2342 MYSTERIA
1056 2314 1261 2343 REVELATA
1276 2313 1496 2344 JAGTABANT
1523 2316 1719 2354 GENTILES,
1737 2317 1786 2345 AG

218 2375 385 2405 JAGTANT
400 2375 674 2406 MAHOMETANI.
687 2377 846 2407 RATIONI
859 2377 1051 2407 NATURALI
1065 2378 1246 2407 ADVERSA
1261 2378 1339 2408 NON
1363 2379 1455 2408 SUNT
1470 2379 1662 2408 MYSTERIA
1681 2380 1783 2409 FIDEI

220 2438 470 2468 GHRISTIANAE.
485 2440 604 2469 SUPRA
615 2441 732 2471 IPSAM
746 2441 947 2471 RATIONEM
959 2443 1244 2480 ATTOLLUNTUR,
1260 2443 1308 2472 Ac
1323 2443 1495 2471 ORDINEM
1512 2444 1782 2482 CONSTITUUNT,

219 2502 374 2532 NATURA
403 2503 590 2537 QUALIBET
608 2504 760 2534 CREATA
778 2507 1030 2535 SUPERIOREM.

219 2615 252 2654 Ι.
268 2615 478 2654 Doctrinae
491 2615 764 2663 solidissimae,
777 2620 819 2656 et
832 2617 982 2667 amplae
998 2617 1243 2658 eruditionis
1261 2618 1432 2659 Thomae
1443 2620 1674 2671 Aquinatis,
1688 2633 1783 2672 quae

164 2678 210 2728 in
228 2677 310 2720 hoc
329 2679 553 2719 adversum
574 2679 758 2719 Gentiles
776 2692 903 2731 opere
916 2681 1092 2732 fulgent,
1109 2683 1324 2732 specimen
1338 2683 1533 2724 exhibere
1552 2684 1596 2723 in
1614 2696 1663 2725 eo
1679 2686 1782 2725 mihi

165 2741 291 2783 liceat
308 2743 464 2783 summi
484 2743 684 2794 ponderis
704 2748 969 2795 argumento,
985 2746 1099 2796 quod
1119 2746 1337 2798 negotium
1357 2748 1570 2799 religionis
1589 2750 1781 2789 revelatae

165 2809 341 2857 spectat.
360 2807 460 2848 AEvo
478 2807 617 2858 priore
637 2818 686 2848 ac
704 2808 929 2848 novissimo
950 2813 1180 2863 eruperunt
1194 2811 1389 2851 homines
1410 2812 1543 2864 impii,
1561 2814 1632 2864 qui
1653 2814 1782 2854 cleistze

166 2871 345 2911 audiunt
367 2885 376 2912 ε
399 2883 527 2912 unam
547 2873 806 2922 profitentes,
827 2873 860 2912 si
879 2873 938 2912 ita
957 2874 1129 2924 quidem
1149 2875 1218 2925 sit,
1238 2876 1459 2917 naturalem
1479 2889 1606 2928 quam
1627 2883 1778 2919 vocant
