1894 3223
694 137 780 174 LIB.
811 138 867 181 tv,
896 138 997 174 CAP.
1026 137 1139 173 xxix.
1662 137 1731 172 543

101 241 110 246 —
155 220 247 257 Haec
264 221 392 256 autem
410 217 556 265 positio
604 217 706 256 rimo
722 219 880 265 quidem
895 220 1102 265 Scripturre
1119 218 1390 255 auctoritatem
1407 220 1582 255 evacuat.
1600 219 1728 263 Quum

108 267 216 305 enim
237 265 368 304 carnis
403 265 564 303 similitu
597 275 620 302 0
653 275 745 302 caro
768 275 845 303 non
869 267 932 310 sit,
957 275 1083 313 neque
1103 265 1322 303 similitudo
1345 265 1626 303 ambulationis
1647 275 1729 302 am-

108 313 276 358 bulatio,
298 316 336 350 et
361 312 402 349 in
438 313 590 350 caeteris
623 313 818 357 similiter,
840 314 1029 349 mentitur
1061 313 1261 358 Scriptura
1281 313 1415 350 dicens
1439 324 1447 349 ε
1472 313 1627 349 Verbum
1647 323 1730 349 caro

108 361 249 406 factum
266 362 330 401 est,
350 360 384 396 si
418 359 549 396 solum
584 358 833 407 phantastica
862 369 952 396 caro
974 360 1046 396 suit
1064 372 1071 404 ;
1092 360 1280 396 mentitur
1300 361 1414 397 etiam
1439 358 1576 397 dicens
1594 361 1730 397 ,lesum

110 407 308 445 Christum
332 406 574 451 ambulasee‚
596 407 834 451 comedisse,
856 412 1054 443 mortuum
1091 407 1214 444 fuisse
1236 411 1273 443 et
1298 407 1510 453 sepultum,
1534 407 1566 443 si
1590 406 1673 444 haec
1689 407 1730 443 in

109 453 198 492 sola
219 453 471 500 phantastica
499 454 746 500 apparitione
781 454 1042 501 contigerunt.
1064 454 1101 490 Si
1117 458 1245 490 autem
1278 454 1336 490 vel
1359 454 1398 490 in
1421 454 1577 491 modico
1600 459 1731 504 apoto-

107 500 215 539 ritati
238 509 362 538 sacrae
381 501 591 547 Scripturae
610 501 834 548 derogetur,
851 501 929 546 jam
948 501 1043 536 nihil
1062 500 1180 537 fixum
1203 501 1242 536 in
1260 500 1334 537 fide
1356 504 1491 537 nostra
1512 510 1600 538 esse
1622 505 1730 547 pote-

108 547 174 593 rit,
198 557 285 595 quie
322 549 446 585 sacris
479 548 692 594 Scripturis
723 548 919 591 innititur,
943 548 1161 584 secundum
1199 548 1294 584 illud
1319 559 1326 584 :
1350 549 1432 584 Haec
1463 550 1601 593 scripta
1631 551 1727 588 sunt,

108 597 151 631 ut
169 595 342 632 credatis.
364 595 523 641 (Joann.‚
545 603 610 640 xx,
630 596 703 648 31.)
1522 624 1528 632 .

158 642 293 679 Potest
326 645 456 679 autem
490 642 632 690 aliquis
662 642 789 679 dicere
822 642 1029 688 scripturae
1062 641 1220 689 quidem
1253 650 1375 679 sacrae
1407 643 1608 679 veritatem
1648 650 1729 679 non

110 687 266 734 deesse,
282 689 375 726 dum
394 689 430 726 id
448 689 552 736 quod
574 689 764 736 apparuit,
787 690 962 726 refertae
981 689 1013 725 si
1035 689 1179 726 sactum
1199 689 1351 729 suisset,
1369 689 1460 736 quia
1477 699 1607 726 rerum
1629 689 1732 726 simi-

110 735 302 773 litudines
330 736 530 783 aequivoce
550 746 595 773 ac
626 738 791 785 figurate
822 736 997 782 ipsarum
1019 746 1148 773 rerum
1186 736 1414 773 nominibus
1436 741 1729 782 nuncupantur,

112 783 217 821 sicut
236 783 356 821 ltomo
376 783 507 830 pictus
528 783 728 830 aequivoce
747 783 888 821 dicitur
910 784 1054 827 homo;
1083 787 1120 819 et
1138 784 1224 830 ipsa
1255 792 1368 820 sacra
1402 783 1600 829 Scriptura
1637 792 1730 820 con-

112 830 241 868 suevit
272 830 347 867 hoc
379 830 498 868 modo
530 830 717 878 loquendi
749 830 818 875 uti,
849 834 892 867 ut
927 834 986 867 est
1010 830 1138 867 illud:
1171 833 1279 867 Petra
1308 833 1425 866 autem
1457 835 1534 866 crat
1570 831 1732 868 Christus

113 876 148 924 (Ι
163 877 258 922 Cor.,
279 885 318 921 x,
334 878 369 923 4)
389 890 397 920 ς
418 878 587 923 plurima
607 881 736 915 autem
764 878 987 924 corporalia
1011 878 1051 914 in
1072 877 1279 924 Scripturis
1300 878 1346 914 de
1378 880 1456 914 Deo
1478 878 1732 914 inveniuntur

113 924 191 961 dici
219 927 377 971 propter
409 925 703 962 similitudinem
734 925 875 969 solam,
898 925 1001 961 sicut
1021 925 1126 972 quod
1160 925 1386 962 nominatur
1405 934 1546 972 agnus,
1568 925 1628 961 vel
1653 925 1729 970 leo,

111 971 174 1009 vel
193 971 339 1018 aliquid
364 971 604 1018 hujusmodi.

159 1018 246 1063 Sed,
270 1018 360 1055 licet
393 1027 524 1055 rerum
557 1018 836 1056 similitudines
865 1018 1062 1064 aequivoce
1084 1028 1215 1055 rerum
1249 1019 1324 1056 sibi
1354 1019 1515 1055 nomina
1534 1019 1731 1055 interdum

113 1067 334 1109 assumant,
367 1074 445 1102 non
475 1069 606 1102 tamen
640 1066 825 1112 competit
855 1074 977 1102 sacra]
999 1065 1205 1111 Scripturae
1234 1069 1277 1102 ut
1312 1066 1578 1102 narrationem
1612 1066 1731 1103 unius

113 1111 206 1149 facti
225 1115 348 1149 totam
369 1112 442 1148 sub
469 1112 539 1149 tali
568 1112 879 1159 aequivocatione
901 1116 1108 1157 proponat,
1131 1113 1185 1148 ita
1214 1113 1319 1159 quod
1341 1123 1386 1149 ex
1414 1113 1500 1149 aliis
1522 1113 1731 1159 Scripturae

113 1158 215 1195 locis
251 1158 463 1196 manifesta
498 1159 644 1196 veritas
679 1159 813 1195 haberi
850 1167 928 1195 non
965 1159 1103 1204 possit,
1136 1160 1229 1205 quia
1261 1169 1308 1196 ex
1342 1160 1416 1196 hoc
1447 1168 1526 1195 non
1567 1159 1734 1197 eruditio

113 1204 335 1250 hominum,
355 1205 423 1243 sed
440 1206 568 1253 magis
585 1205 762 1251 deceptio
789 1210 1045 1252 sequeretur3
1072 1214 1191 1252 quum
1214 1209 1344 1243 tamen
1363 1206 1578 1252 Apostolus
1597 1206 1700 1243 dicat
1722 1219 1730 1243 ε

113 1252 220 1300 quod
240 1262 471 1299 quaecumque
488 1254 626 1298 scripta
641 1255 738 1293 sunt,
752 1253 801 1288 ad
819 1257 978 1288 nostram
989 1253 1191 1288 doctrinam
1203 1255 1341 1298 scripta
1354 1256 1438 1289 sunt
1453 1253 1582 1299 (Rom.,
1598 1262 1666 1297 XV,
1682 1253 1732 1300 4),

113 1303 153 1336 et
174 1310 183 1336 τ
205 1299 328 1336 Omnis
339 1299 530 1345 Scriptura
543 1301 720 1336 divinitus
735 1301 915 1345 inspiratu
931 1301 1031 1335 utilis
1051 1300 1162 1335 estad
1182 1300 1420 1337 docendum...
1437 1304 1469 1336 et
1483 1301 1732 1336 erudiendum.

113 1345 167 1393 (H
185 1347 292 1387 Tim,
313 1354 372 1391 m,
395 1346 467 1394 16.)
489 1349 602 1384 Esset
617 1350 806 1393 praeterea
825 1349 909 1383 tota
929 1347 1158 1394 evangelica
1178 1348 1351 1385 narratio
1382 1348 1537 1394 poetica
1558 1351 1594 1384 et
1615 1348 1733 1385 sabu-

112 1392 223 1437 laris,
244 1393 278 1430 si
298 1402 429 1430 rerum
451 1394 729 1431 similitudines
750 1398 983 1440 apparentes
1012 1394 1125 1440 quasi
1150 1403 1213 1431 res
1246 1395 1354 1440 ipsas
1386 1399 1577 1439 narraret,
1611 1404 1733 1442 quum

113 1443 247 1477 tamen
277 1440 429 1477 dicatur
451 1451 458 1475 :
486 1443 565 1478 Non
584 1443 678 1476 enim
697 1441 818 1477 doctas
839 1442 985 1485 fabulas
1006 1443 1128 1482 secuti,
1150 1445 1271 1477 notam
1302 1443 1452 1486 fecimus
1471 1442 1570 1478 vobis
1590 1443 1735 1478 Domini

114 1488 232 1523 nostri
250 1488 333 1523 Jesu
347 1488 482 1524 Christi
499 1490 684 1524 virtutem.
709 1488 759 1534 (11
771 1490 883 1531 Petr.,
906 1497 931 1527 1,
956 1488 1023 1534 16.)

163 1533 296 1570 Sicubi
323 1543 416 1571 vero
447 1535 646 1580 Scriptura
675 1538 808 1572 narrat
834 1535 938 1582 quod
971 1535 1104 1581 aliqua
1135 1537 1402 1582 apparentiam
1423 1542 1459 1574 et
1492 1547 1572 1574 non
1602 1546 1734 1574 rerum

115 1580 386 1618 exsistentiam
418 1581 653 1626 habuerunt,
672 1591 719 1619 ex
746 1582 834 1628 ipso
868 1591 975 1618 more
998 1583 1234 1620 narrationis
1266 1584 1341 1620 1100
1376 1584 1596 1632 intelligere
1618 1585 1732 1629 facit3

116 1627 258 1665 dicitur
277 1628 380 1664 enim
406 1638 414 1662 :
437 1628 620 1674 Quumque
639 1629 806 1664 elevasset
825 1630 953 1669 oculos,
976 1628 1169 1666 Abraham
1205 1630 1390 1676 scilisset,
1423 1635 1672 1677 apparuerunt
1703 1633 1736 1667 ei

114 1677 187 1710 tres
202 1676 276 1710 viri
296 1674 413 1721 (Gen.,
435 1684 550 1721 xyxti,
568 1676 603 1722 2)
621 1688 630 1719 3
653 1686 708 1720 ex„
722 1685 799 1723 quo
821 1676 933 1712 (latur
953 1676 1121 1723 intelligi
1156 1677 1261 1724 quod
1296 1679 1516 1716 secuudum
1537 1687 1728 1726 apparen-

115 1722 210 1758 tiam
231 1722 305 1758 virt
324 1723 504 1766 t'uerunt;
524 1723 628 1759 unde
647 1723 739 1759 etin
758 1724 816 1760 eis
840 1725 958 1759 Deum
981 1723 1157 1760 adoravit
1177 1728 1214 1760 et
1233 1724 1444 1762 consessus
1465 1730 1538 1771 est,
1562 1726 1698 1764 dicens
1722 1738 1730 1764 :

115 1769 261 1815 Loquar
279 1769 328 1804 aci
346 1771 538 1805 Dominum
570 1780 699 1814 meum,
720 1780 829 1815 quum
857 1771 924 1806 sim
945 1771 1069 1815 pulvis
1093 1775 1126 1805 et
1155 1773 1245 1807 cinis
1278 1772 1395 1817 (Getta,
1434 1781 1549 1817 xvm,
1583 1773 1669 1820 27);
1698 1778 1735 1811 et

114 1816 256 1852 iterum
279 1825 288 1850 t
309 1817 389 1853 Non
409 1819 461 1851 est
479 1817 542 1852 hoc
561 1819 673 1858 tuum,
697 1818 761 1862 qui
779 1817 921 1852 indicas
940 1827 1075 1853 omnem
1096 1821 1241 1854 terram.
1266 1818 1387 1865 (Ibid.,
1409 1820 1484 1866 25.)
1502 1821 1613 1864 Quod
1643 1830 1735 1858 vero

114 1862 238 1915 Isaias
270 1865 308 1915 et
331 1863 506 1900 Ezechiel
526 1867 562 1900 et
583 1863 650 1900 alii
680 1864 880 1910 prophetae
901 1864 1033 1911 aliqua
1061 1864 1138 1901 alia
1165 1865 1461 1912 descripserunt
1488 1877 1574 1914 quie
1594 1868 1734 1916 imagi-

114 1918 226 1947 narie
250 1918 338 1947 visa
360 1914 466 1954 sunt,
502 1919 674 1948 errorem
702 1919 782 1947 non
817 1915 991 1958 generat,
1013 1911 1104 1958 quia
1138 1912 1365 1958 hujusmodi
1396 1918 1551 1960 ponunt
1583 1924 1663 1952 non
1693 1916 1733 1952 iu

113 1956 342 1994 narratione
381 1957 570 2003 historiae,
606 1958 675 1994 sed
709 1957 748 1994 in
789 1957 1052 2004 descriptione
1090 1960 1318 2005 prophetiae,
1342 1965 1378 1997 et
1408 1965 1538 1998 tamen
1579 1971 1735 2008 semper

114 2003 262 2051 aliquid
302 2003 452 2041 addunt
487 2014 556 2050 per
590 2004 695 2052 quod
735 2005 928 2051 apparitio
965 2005 1208 2053 designatur,
1246 2007 1349 2045 sicut
1379 2018 1387 2043 :
1421 2009 1509 2046 Vidi
1541 2011 1734 2046 Dominum

113 2051 292 2087 sedente-m
323 2061 431 2096 super
455 2053 584 2087 solium
603 2052 779 2088 eoecelsum
809 2052 924 2098 (lsai,
945 2061 1001 2096 Vt,
1025 2053 1057 2099 1)
1076 2065 1083 2098 ;
1101 2054 1212 2089 Facta
1232 2057 1284 2090 est
1301 2065 1409 2100 super
1437 2067 1515 2091 eum
1535 2057 1588 2091 ibi
1605 2068 1735 2093 manus

114 2099 270 2138 Domini,
291 2099 325 2133 et
335 2097 427 2142 vidi,
443 2101 476 2133 et
488 2108 562 2134 ecce
573 2102 700 2134 ventus
719 2100 876 2134 turbinis
889 2100 1054 2135 veniebat
1073 2101 1117 2135 ab
1134 2102 1301 2146 aquilone
1316 2102 1472 2149 (Ezech.,
1489 2112 1516 2146 1,
1533 2106 1565 2144 3,
1582 2103 1632 2151 4),
1651 2107 1709 2141 etc
1724 2114 1732 2138 ε

113 2145 256 2180 Emissa
285 2144 485 2180 similitudo
503 2155 633 2181 manus
652 2156 698 2190 ap
727 2146 891 2181 rehendit
921 2157 1034 2187 me...,
1069 2150 1102 2182 et
1136 2148 1295 2184 adduoeit
1321 2160 1375 2185 me
1409 2152 1447 2185 in
1475 2151 1672 2186 Jerusalem
1697 2153 1735 2186 in

113 2192 251 2227 visione
268 2191 347 2226 Dei.
371 2190 527 2237 (Ezech.‚
548 2200 636 2235 vm,
659 2194 692 2229 3.

162 2237 275 2282 Quod
313 2237 428 2275 etiam
461 2238 593 2285 aliqua
624 2239 662 2275 in
694 2238 903 2284 scripturis
937 2239 983 2276 de
1011 2240 1130 2278 rebus
1163 2241 1307 2279 divinis
1337 2253 1406 2289 per
1436 2243 1734 2282 similitudinem

114 2283 314 2330 dicuntur,
333 2293 506 2322 errorem
527 2293 715 2332 generare
733 2294 813 2322 non
832 2290 964 2331 potest
986 2298 994 2322 ε
1013 2290 1097 2324 tum
1117 2288 1209 2334 quia
1222 2289 1503 2327 similitudines
1522 2296 1736 2329 sumuntur

114 2339 138 2368 a
156 2331 276 2369 rebus
296 2335 376 2369 tam
391 2332 537 2369 vilibus
555 2335 597 2369 ut
621 2336 759 2369 notum
780 2332 830 2369 sit
851 2333 939 2377 hoc,
966 2334 1070 2379 quod
1106 2336 1326 2373 secundum
1359 2337 1675 2383 similitudinem,
1697 2341 1736 2376 et

113 2386 196 2431 11011
234 2378 454 2416 secundum
493 2387 622 2416 rerum
668 2379 914 2416 existentiam
932 2408 941 2424 ,
979 2380 1189 2426 dicuntur;
1231 2386 1310 2419 tum
1349 2384 1442 2430 quia
1478 2384 1735 2423 inveniuntur

114 2424 248 2472 aliqua
266 2425 423 2471 proprie
440 2425 544 2462 dicta
564 2426 604 2462 in
625 2426 851 2472 scripturis,
872 2436 941 2473 per
960 2436 1046 2474 quae
1065 2429 1210 2466 veritas
1236 2439 1421 2476 expresse
1441 2432 1731 2478 manifestatur,

113 2479 202 2524 quae
232 2471 308 2509 sub
328 2472 655 2510 similitudinibus
673 2473 715 2509 in
736 2473 835 2510 10013
869 2473 957 2510 aliis
978 2475 1240 2513 occultantur.
1263 2477 1373 2521 Quod
1396 2478 1552 2524 quidem
1582 2479 1622 2515 in
1642 2488 1732 2525 pro-

111 2521 244 2565 posito
269 2527 348 2556 non
372 2518 525 2556 accidit.
546 2520 643 2556 Nam
669 2519 781 2557 nulla
799 2520 1008 2566 Scripturae
1031 2523 1245 2560 auctoritas
1263 2524 1465 2561 veritatem
1488 2534 1623 2562 eorum
1645 2536 1731 2573 quae

113 2564 162 2602 de
181 2564 427 2602 humanitate
449 2565 592 2603 Christi
612 2565 799 2614 leguntur
817 2567 1002 2605 excludit.

161 2612 273 2648 Forte
294 2615 424 2649 autem
445 2613 536 2659 quis
556 2612 660 2650 dicat
679 2613 784 2660 quod
806 2613 880 2650 hoc
892 2613 1006 2650 datur
1023 2614 1191 2663 intelligi
1210 2625 1280 2662 per
1299 2617 1374 2655 hoc
1395 2618 1500 2665 quod
1518 2619 1733 2666 Apostolus

113 2657 208 2696 dicit
224 2668 233 2693 ε
252 2661 347 2695 Deus
364 2660 498 2696 Filium
515 2669 620 2695 suum
635 2661 780 2696 mittens
795 2661 836 2695 in
855 2661 1128 2697 similitudinem
1148 2665 1270 2699 carnis
1282 2668 1423 2709 peccati
1437 2665 1565 2712 (Rom.,
1586 2676 1669 2712 v111,
1681 2667 1732 2714 3),

111 2705 174 2743 vel
190 2714 260 2752 per
279 2706 356 2743 hoc
382 2706 488 2752 quod
509 2706 603 2743 dicit
623 2718 632 2743 z
656 2708 699 2743 In
718 2707 992 2743 similitudinem
1009 2708 1193 2745 hominum
1210 2711 1344 2754 factus,
1364 2715 1398 2748 et
1417 2713 1544 2749 habitu
1567 2715 1734 2750 inventus

109 2754 153 2789 ut
188 2753 302 2790 homo,
337 2752 461 2800 (Phil.,
501 2761 545 2798 11,
580 2752 633 2800 7.)
670 2753 739 2791 Hic
775 2756 904 2791 autem
938 2763 1083 2791 sensus
1122 2765 1192 2802 per
1227 2766 1273 2794 ea
1307 2768 1394 2805 quae
1431 2759 1496 2797 hic
1534 2761 1733 2798 adduntur

112 2798 347 2836 excluditur.
369 2801 399 2836 N
405 2809 456 2837 on
475 2801 581 2836 enim
603 2800 698 2837 dicit
718 2800 849 2837 solum
870 2802 1193 2838 imsimilitudinem
1210 2806 1345 2850 carniS,
1362 2806 1430 2843 sed
1453 2807 1562 2844 addit
1577 2809 1729 2853 peccati,

112 2845 206 2892 quia
239 2847 420 2884 Christus
457 2855 589 2884 veram
621 2847 779 2894 quidem
804 2856 960 2884 carnem
992 2848 1140 2894 habuit,
1161 2850 1232 2887 sed
1259 2860 1340 2889 non
1368 2862 1527 2891 carnem
1564 2854 1731 2901 peccati,

113 2891 204 2939 quia
232 2892 273 2929 in
307 2902 355 2930 eo
380 2898 584 2940 peccatum
620 2903 699 2931 non
722 2894 818 2939 fuit3
841 2894 910 2931 sed
937 2894 1108 2932 similem
1128 2897 1238 2934 carni
1268 2900 1433 2945 peccati,
1455 2901 1549 2948 quia
1572 2909 1730 2938 carnem
