1894 3223
667 59 756 98 LIB.
784 61 847 104 111,
875 61 977 97 CAP.
1005 61 1126 97 LXIII.
1636 64 1702 99 337

78 144 249 187 animas,
264 145 475 189 postquam
491 140 720 179 felicitatem
739 142 919 179 ultimam
941 141 1091 188 adeptze
1107 142 1292 188 fuissent,
1309 143 1451 180 iterum
1467 142 1515 180 ad
1531 152 1700 189 corpora

78 189 254 237 incipere
270 187 371 226 veile
392 186 534 232 redire,
557 192 595 225 et
615 187 727 225 finita
747 188 934 227 felicitate
954 189 1066 226 illius
1086 189 1190 234 vitae,
1215 190 1358 228 iterum
1380 189 1556 228 miseriis
1577 189 1700 236 hujus

75 236 167 274 vitae
186 234 348 274 involvi.
371 236 414 272 Et
435 234 554 273 etiam
574 243 684 273 error
704 235 900 281 origenis,
923 236 990 283 qui
1025 236 1123 274 dixit
1155 236 1311 275 animas
1345 241 1383 275 et
1414 237 1579 283 angelos
1607 241 1700 285 post

78 281 360 379 beatitigdinem
400 282 543 320 iterum
582 290 702 328 posse
741 283 788 319 ad
824 283 1026 323 miseriam
1064 283 1249 322 devenire
1269 284 1355 331 (Περὶ
1383 283 1512 329 'Am-m,
1536 283 1605 323 lib.
1638 292 1698 330 111,

722 427 891 472 CAPUT
917 430 1057 472 LXIII.

74 549 271 584 QUALITER
288 549 331 580 IN
356 549 445 581 ILLA
470 548 617 580 ULTmA
642 548 865 579 FELICITATE
892 549 997 579 OMNE
1021 548 1259 579 DESIDERIt'xt
1277 549 1435 580 Homxis
1460 550 1696 582 COMrLETtR.

128 657 420 706 Expraemissis
437 662 568 697 autem
598 658 798 697 evidenter
830 661 1005 705 apparet,
1028 652 1135 711 quod
1166 659 1208 696 in
1237 658 1307 695 illa
1340 659 1478 698 ultima
1500 662 1699 714 ‚felicitate

77 712 169 754 quae
186 705 369 753 provenit
388 714 436 744 ex
453 705 610 744 visione
644 705 792 750 divina,
813 713 931 743 omne
966 704 1206 744 desiderium
1243 705 1462 745 humanum
1496 709 1698 755 impletur,

81 751 302 791 secundum
333 752 432 791 illud
468 752 532 791 Pe.
569 760 636 798 cll,
659 754 679 790 5
701 763 710 790 :
732 751 802 798 Qua·
823 752 935 799 replet
961 754 1000 789 in
1028 752 1127 789 bortis
1155 762 1255 790 omne
1279 752 1498 791 desiderium
1516 758 1630 794 tunm.
1655 758 1701 795 Et

79 807 199 838 omne
215 799 435 838 humanum
456 798 631 838 studium
654 798 708 838 ibi
726 808 839 838 suam
873 799 1258 838 consummationem
1289 801 1444 847 accipit.
1466 803 1578 847 Quod
1611 804 1698 851 qui·

84 846 174 884 dem
209 849 317 894 patet
348 846 586 886 discurrenti
626 855 695 893 per
738 846 1010 894 singula-Est
1052 847 1158 885 enim
1205 847 1404 899 quoddam
1453 849 1697 889 desiderium

82 893 272 938 hominis,
294 894 335 932 in
373 897 565 942 quantum
604 893 885 931 intellectualis
921 898 994 938 est,
1014 892 1062 932 de
1093 895 1324 941 cognitione
1355 895 1552 942 veritatis;
1589 898 1697 945 quod

81 940 242 988 quidem
263 939 502 979 desiderium
526 940 712 979 homines
741 944 1043 993 consequuntur
1074 950 1144 987 per
1171 942 1348 979 studium
1380 945 1698 990 contemplativae

79 988 183 1026 vitae.
205 988 250 1024 Et
268 987 344 1025 hoc
369 985 528 1035 quidem
547 987 758 1025 manifeste
794 987 833 1024 in
867 988 936 1039 illa
969 988 1124 1025 visione
1156 989 1515 1036 consummabitur,
1536 992 1697 1038 quando

80 1043 152 1082 per
177 1033 374 1072 visionem
406 1035 543 1081 primae
569 1033 746 1072 veritatis
780 1043 916 1072 omnia
950 1044 1038 1081 quae
1067 1034 1293 1074 intellectus
1327 1038 1562 1077 naturaliter
1593 1040 1696 1077 scire

79 1079 295 1126 desiderat,
314 1082 350 1118 ei
368 1079 635 1126 innotescent,
655 1083 699 1118 ut
717 1090 766 1119 ex
785 1081 1060 1133 superioribus
1081 1081 1181 1128 (cap.
1203 1084 1261 1129 59)
1282 1087 1458 1129 apparet.

130 1128 197 1166 Est
214 1127 333 1166 etiam
382 1126 552 1166 uoddam
570 1127 747 1166 hominis
768 1127 1008 1166 desiderium
1030 1128 1250 1166 secundum
1281 1130 1388 1177 quod
1421 1129 1539 1169 habet
1572 1133 1696 1170 ratio-

88 1181 181 1213 nem
209 1182 290 1222 qua
320 1174 362 1213 in
382 1175 511 1213 eriora
540 1174 751 1222 disponere
779 1179 921 1221 potest.
945 1175 1057 1220 Quod
1087 1181 1384 1223 prosequuntur
1414 1177 1599 1217 homines
1628 1189 1699 1228 per

80 1220 262 1261 studium
281 1220 418 1261 activae
437 1226 476 1260 et
492 1221 624 1261 civilis
642 1222 745 1260 vitae.
769 1222 881 1267 Quod
902 1222 1069 1275 quidem,
1082 1223 1323 1276 desiderium
1350 1225 1621 1273 principaliter
1649 1227 1699 1265 ad

85 1266 164 1309 hoc
181 1271 258 1315 est,
279 1272 323 1308 ut
340 1273 424 1307 tota
442 1268 619 1309 hominis
638 1270 718 1308 vita
745 1269 965 1308 secundum
999 1275 1194 1308 rationem
1226 1271 1479 1319 disponatur3
1502 1274 1607 1321 quod
1638 1277 1700 1312 est

80 1315 216 1356 ‘vivere
245 1315 468 1356 secundum
498 1315 697 1370 virtutem.
717 1316 936 1370 cujuslibet
963 1317 1069 1370 enim
1101 1317 1268 1371 virtuosi
1299 1318 1391 1357 finis
1421 1320 1462 1356 in
1497 1321 1698 1368 operando

85 1366 148 1402 est
204 1363 346 1411 ropriae
374 1364 532 1403 virtutis
564 1363 729 1408 bonum,
763 1368 866 1403 sicut
897 1364 1012 1402 sortis
1043 1367 1087 1402 ut
1116 1364 1268 1403 sortiter
1298 1370 1400 1413 agat.
1435 1368 1515 1405 Hoc
1567 1372 1698 1406 autem

82 1372 326 1463 desigerium
347 1414 446 1464 tunc
470 1411 635 1464 omnino
667 1411 941 1458 complebitur,
975 1411 1135 1459 quando
1167 1413 1341 1464 ratio-in
1372 1423 1528 1452 summo
1560 1416 1696 1462 vigore

88 1460 176 1501 erit,
197 1457 331 1494 divino
352 1457 502 1496 lumine
521 1458 731 1503 illustrata,
753 1467 802 1496 ne
821 1467 845 1495 a
863 1462 970 1496 recto
992 1458 1158 1496 deficere
1177 1464 1319 1505 possit.

133 1505 438 1552 consequuntur
456 1505 575 1543 etiam
595 1505 750 1542 civilem
766 1505 883 1558 vitam
903 1505 1083 1558 quaedam
1103 1505 1221 1550 bona,
1243 1507 1388 1553 quibus
1406 1508 1526 1546 honio
1546 1508 1699 1555 indiget

86 1551 137 1590 ad
155 1551 292 1589 civiles
312 1551 577 1598 operationes,
598 1552 703 1590 sicut
722 1552 888 1590 honoris
916 1552 1155 1597 sublimitas,
1177 1562 1295 1600 quam
1327 1554 1511 1593 homines
1544 1556 1694 1594 inordi-

85 1601 176 1636 nate
195 1601 438 1645 appetentes,
459 1598 650 1645 superflui
669 1603 708 1638 et
727 1599 929 1637 ambitiosi
949 1599 1063 1651 fiunt.
1082 1599 1138 1638 Ad
1157 1608 1355 1638 summam
1377 1606 1507 1640 autem
1526 1602 1694 1642 lionoris

83 1644 331 1684 altitudinem
352 1655 421 1692 per
449 1645 558 1684 illam
590 1646 785 1685 visionem
806 1646 874 1683 Dei
904 1646 1088 1684 homines
1119 1646 1397 1692 sublimantur,
1432 1649 1472 1686 in
1502 1654 1695 1697 quantum

83 1693 164 1730 Deo
184 1692 477 1740 quodammodo
495 1693 699 1734 uniuntur,
723 1698 764 1730 ut
780 1702 902 1739 supra
921 1701 1021 1739 (cap.
1044 1693 1102 1740 51)
1127 1697 1334 1732 ostensum
1365 1699 1437 1732 est.
1461 1697 1507 1733 Et
1536 1701 1698 1744 propter

80 1736 174 1784 hoc,
188 1738 397 1786 sicutipse
414 1739 519 1778 Deus
536 1748 607 1778 rex
620 1738 861 1778 saeculorum
881 1743 954 1785 est,
974 1740 1029 1777 ita
1046 1744 1086 1777 et
1104 1739 1210 1779 beati
1228 1742 1265 1780 ei
1293 1742 1495 1789 conjuncti
1527 1753 1696 1792 regnare

62 1792 65 1793 ’
87 1784 286 1832 dicuntur,
302 1785 476 1832 Apocai„
495 1792 562 1833 xx,
580 1788 626 1825 27
647 1798 658 1824 z
676 1786 891 1834 aequabunt
909 1797 988 1824 cum
1006 1787 1161 1826 Christo.

129 1831 397 1881 Consequitur
427 1833 546 1872 etiam
577 1833 733 1872 civilem
767 1834 887 1872 vitam
919 1833 1027 1872 aliud
1055 1833 1283 1883 appetibile,
1326 1837 1434 1885 quod
1470 1841 1532 1875 est
1579 1838 1696 1878 famae

79 1878 306 1926 celebritas,
337 1888 407 1927 per
435 1880 550 1928 cujus
582 1881 852 1919 inordinatum
893 1881 1110 1928 appetitum
1152 1880 1338 1921 homines
1378 1884 1511 1922 inanis
1557 1885 1696 1932 g'loriae

79 1926 214 1975 cupidi
232 1925 431 1966 dicuntur.
452 1927 561 1968 Beati
579 1932 712 1967 autem
731 1937 802 1976 per
819 1927 929 1967 illam
950 1928 1146 1968 visionem
1166 1929 1386 1968 redduntur
1407 1931 1597 1978 celebres,
1613 1941 1696 1971 non

79 1972 302 2013 secundum
336 1974 558 2021 hominum,
593 1976 661 2024 qui
692 1975 822 2023 decipi
854 1978 892 2014 et
924 1974 1105 2028 decipere
1136 1981 1320 2030 possunt,
1349 1979 1593 2025 opinionem,
1625 1980 1696 2019 sed

80 2020 302 2060 secundum
322 2020 572 2061 verissimam
593 2023 865 2071 cognitionem
885 2026 924 2060 et
941 2023 1024 2068 Dei,
1045 2026 1083 2061 et
1101 2031 1282 2062 omnium
1302 2025 1522 2063 beatorum.
1540 2029 1585 2064 Et
1604 2027 1695 2065 ideo

78 2067 152 2121 illa
167 2066 370 2106 beatitudo
390 2069 433 2107 in
450 2077 565 2122 sacra
581 2067 785 2116 Scriptura
802 2068 1127 2123 frequentissime
1156 2071 1287 2120 gloria
1320 2073 1563 2120 nominatur,
1588 2075 1694 2113 sicut

80 2121 125 2152 in
142 2114 206 2153 Ps.
226 2121 359 2160 cmx,
377 2116 413 2160 5,
431 2115 576 2154 dicitur
593 2127 605 2154 ι
620 2117 853 2155 ,exultabunt
865 2119 962 2163 susti·
979 2118 1018 2153 in
1034 2118 1166 2162 moria.

128 2160 197 2200 Est
211 2161 331 2200 etiam
351 2165 390 2199 et
406 2162 515 2200 aliud
549 2163 592 2201 in
619 2163 727 2202 civili
757 2163 838 2202 vita
869 2163 1095 2210 appetibile,
1115 2164 1269 2203 scilicet
1299 2165 1458 2212 divitiae,
1479 2177 1550 2215 per
1579 2168 1694 2215 cujus

78 2206 351 2247 inordinatum
368 2209 582 2256 appetitum
603 2214 642 2248 et
660 2219 850 2256 amorem,
873 2210 1058 2248 homines
1091 2211 1308 2251 illiberales
1337 2217 1378 2251 et
1406 2214 1546 2261 injusti
1578 2214 1693 2253 fiunt.

81 2255 126 2293 In
144 2254 215 2294 illa
231 2257 364 2294 autem
383 2255 628 2295 beatitudine
645 2261 706 2296 est
723 2257 919 2296 bonorum
938 2258 1118 2296 omnium
1147 2258 1403 2302 sufficientia,
1424 2261 1466 2299 in
1499 2266 1693 2309 quantum

77 2302 184 2340 beati
201 2301 459 2349 perfruuntur
476 2302 547 2342 illo
567 2304 635 2351 qui
654 2304 955 2352 comprehendit
971 2305 1150 2343 omnium
1168 2305 1366 2345 bonorum
1386 2307 1691 2354 perfectionem

76 2349 367 2434 raperer?
383 2349 672 2436 ‘triturata
688 2355 825 2436 ass-
847 2364 858 2389 ³
883 2352 1066 2435 tersia
1084 2398 1333 2436 dm,
1439 2357 1583 2402 PW

72 2407 76 2409 ’
148 2424 157 2434 .
360 2424 368 2433 .
691 2409 702 2436 ἓ
791 2409 884 2435 rme
947 2410 995 2435 tvl
1075 2410 1115 2435 2η
1338 2428 1346 2437 .

128 2442 194 2481 Est
206 2441 324 2482 etiam
345 2424 506 2481 tertium'
525 2442 701 2483 bominis
720 2445 976 2491 desiderium,
993 2446 1098 2493 quod
1119 2449 1180 2484 est
1199 2411 1287 2484 sibi]
1291 2451 1330 2484 et
1343 2447 1434 2486 aliis
1450 2449 1692 2490 animalibus

80 2497 309 2536 commune,
328 2493 373 2529 ut
388 2490 719 2531 delectationibus
736 2492 980 2539 perfruatur3
1001 2491 1108 2540 quod
1137 2493 1322 2532 homines
1350 2495 1522 2533 maxime
1553 2504 1692 2543 prose-

74 2539 254 2584 auuntur
286 2536 507 2576 secundum
539 2537 660 2576 vitam
703 2538 998 2585 voluptuosam,
1031 2542 1070 2576 et
1107 2547 1178 2586 per
1214 2540 1301 2586 ejus
1345 2541 1690 2583 immoderantiam

69 2581 263 2623 ‘homines
292 2584 542 2631 intemperati
575 2588 613 2622 et
643 2586 938 2624 incontinentes
969 2584 1083 2624 fiunt.
1116 2587 1160 2624 In
1192 2586 1263 2626 illa
1295 2595 1385 2626 vero
1415 2589 1602 2628 felicitate
1629 2594 1692 2630 est

75 2630 287 2670 delectatio
323 2632 644 2679 perfectissima;
674 2635 790 2685 tanto·
821 2633 984 2685 quidem
1017 2631 1228 2678 perfectior
1264 2644 1313 2672 ea
1342 2644 1430 2684 quae
1468 2638 1689 2676 secundum

75 2683 223 2717 seusus
242 2681 317 2724 est,
339 2687 419 2727 qua
437 2681 476 2716 et
494 2678 609 2717 bruta
629 2679 820 2717 animalia
838 2680 985 2726 perfrui
1003 2683 1188 2726 possunt,
1206 2685 1355 2728 quanto
1373 2683 1598 2723 intcllectus
1629 2688 1691 2723 est

78 2722 198 2763 altior
214 2733 353 2764 sensu.
373 2726 496 2764 Tanto
519 2727 636 2764 etiam
657 2725 756 2764 illud
786 2726 936 2779 bon-um
968 2726 1010 2763 in
1042 2735 1123 2773 quo
1152 2727 1448 2780 delectabimur,
1469 2731 1598 2779 majus
1629 2736 1691 2770 est

75 2771 186 2809 omni
214 2771 398 2811 sensibili
425 2771 548 2818 bono,
572 2775 610 2810 et
640 2774 770 2820 magis
799 2777 999 2818 intimum,
1033 2777 1070 2811 et
1089 2782 1219 2821 magis
1247 2777 1437 2815 continue
1468 2778 1686 2824 delectans,

76 2821 226 2864 quanto
244 2820 363 2859 etiam
382 2819 453 2859 illa
473 2819 682 2859 delectatio
702 2823 762 2860 est
784 2821 914 2869 magis
941 2829 1041 2868 pura
1071 2820 1121 2859 ab
1150 2823 1261 2861 omni
1294 2825 1554 2871 permixtione
1594 2835 1688 2862 con·

1487 2902 1525 2932 22
