1894 3223
133 134 208 169 ,550
712 128 800 163 Lm,
828 128 886 170 IV,
915 128 1015 163 CAP.
1042 128 1186 163 XXXIV.

141 212 361 251 secundum
384 217 553 244 errorem
576 206 775 244 Manichaei
803 211 918 252 atque
939 207 1144 247 Valentini,
1168 216 1240 244 nec
1260 208 1374 243 etiam
1413 207 1587 243 humana
1607 207 1755 251 anima,

142 260 245 296 sicut
280 259 496 300 posuerunt
526 255 641 291 Arius
673 257 712 290 et
741 253 992 298 Apollinaris.
1029 254 1095 290 His
1129 253 1247 300 igitur
1275 255 1401 291 tribus
1441 253 1676 290 substantiis
1715 253 1756 290 in

141 304 294 343 Christo
320 301 660 340 convenientibus,
683 300 832 337 scilicet
847 299 1060 343 divinitate,
1077 300 1209 337 anima
1224 301 1399 337 humana
1419 305 1456 336 et
1473 309 1565 337 vero
1579 299 1756 337 humano

139 358 320 395 corpore,
344 349 446 384 circa
466 348 608 384 horum
623 348 811 384 unionem
833 346 923 393 quid
946 347 1197 383 sentiendum
1219 347 1284 392 sit,
1301 347 1520 384 secundum
1541 347 1757 392 Scriptura-

140 406 227 434 rum
250 396 499 438 documenta,
523 394 801 440 inquirendum
822 397 956 430 restat.

188 443 415 479 Theodorus
438 442 558 488 igitur
573 443 876 486 mopsuestenus
893 443 930 476 et
949 439 1154 477 Nestorius
1172 439 1257 486 ejus
1278 444 1448 478 sectator
1464 441 1581 478 talem
1601 444 1756 478 senten-

140 490 235 527 tiam
258 489 303 526 de
321 488 508 534 praedicta
525 489 673 525 unione
694 488 955 533 protulerunt.
977 487 1278 523 Dixeruntenim
1300 488 1405 532 quod
1426 489 1559 525 anima
1583 489 1757 525 humana

139 542 179 574 et
197 546 341 581 corpus
364 536 579 572 humanum
603 534 769 571 naturali
788 535 934 570 unione
955 539 1225 570 convenerunt
1245 534 1282 570 in
1305 534 1457 571 Christo
1488 535 1537 571 ad
1565 536 1756 572 constitu-

140 585 289 620 tionem
311 583 431 619 unius
451 582 625 619 hominis
647 582 822 627 ejusdem
846 581 992 626 speciei
1013 585 1051 617 et
1071 583 1219 617 naturae
1237 590 1324 617 curn
1346 581 1436 618 aliis
1455 581 1700 626 hominibus,
1721 585 1758 619 et

142 631 247 677 quod
270 631 307 666 in
330 630 406 666 hoc
426 630 583 665 bomine
602 631 706 665 Deus
726 628 913 664 habitavit
930 628 1033 664 sicut
1052 627 1094 663 in
1123 628 1270 673 templo
1292 636 1380 671 suo,
1403 628 1554 665 scilicet
1585 638 1655 674 per
1674 638 1756 676 gra-

141 679 251 721 tiam,
272 678 374 714 sicut
403 679 440 712 et
471 677 511 712 in
542 676 629 712 aliis
665 675 896 712 hominibus
928 674 1078 712 sanctis
1097 686 1106 719 ;
1128 676 1230 710 unde
1251 674 1347 710 illud
1376 675 1478 720 quod
1502 675 1585 720 ipse
1610 677 1757 713 Judaeis

142 725 239 761 dixit
258 733 266 758 :
290 725 421 760 Solvite
441 724 609 768 templum
629 723 705 766 hoc,
727 725 760 757 et
771 724 810 757 in
826 723 941 757 tribus
959 722 1083 757 diebus
1097 723 1259 756 eoecz‘tabo
1290 721 1383 756 illud
1415 721 1573 767 (Jocnm.,
1597 731 1639 765 ΙΙ,
1675 723 1755 769 19);

142 774 180 807 et
200 775 337 817 postea
359 770 614 816 evangelista,
636 770 748 816 quasi
772 778 988 814 exponens,
1005 768 1137 805 subdit
1161 781 1167 803 :
1188 770 1249 803 Ille
1270 772 1387 803 {actem
1408 769 1548 803 (licebat
1568 768 1610 804 de
1629 771 1758 814 templo

143 819 300 862 corporis
320 819 377 852 sm·
395 818 513 861 (ibat,
535 817 594 861 21)
613 829 621 860 ;
646 819 683 852 et
696 816 910 862 Apostolus
928 816 1033 861 quod
1050 817 1089 850 z'n
1110 818 1187 860 ipso
1203 816 1416 860 complacuit
1436 826 1572 850 omnem
1600 816 1752 860 plenitu-

143 866 262 899 dinem
282 865 500 899 inhabitare.
523 863 684 910 (coloss.,
706 873 732 905 1,
757 863 828 909 19.)
852 865 893 898 Et
914 873 961 899 ex
977 862 1054 899 hoc
1075 867 1288 898 consecuta
1307 866 1366 898 est
1398 863 1562 899 ulterius
1578 862 1755 908 quaedam

143 912 364 948 affectualis
381 911 474 947 unio
495 911 597 947 inter
621 909 825 946 hominem
847 910 957 946 illum
982 914 1019 946 et
1039 911 1176 952 Deum,
1206 910 1297 945 dum
1333 912 1370 945 et
1402 909 1521 946 homo
1555 909 1621 945 ille
1653 909 1759 946 bona

143 969 216 995 sua
232 959 434 994 voluntate
455 960 531 994 Deo
551 957 707 994 inhaesit
725 961 762 993 et
778 959 882 993 Deus
898 966 970 993 sua
991 957 1191 993 voluntate
1220 956 1332 992 illum
1365 956 1592 1002 acceptavit,
1616 965 1756 993 secun-

144 1005 236 1042 dum
256 1005 352 1040 illud
373 1017 380 1040 z
400 1005 534 1048 Quinte
552 1006 664 1047 misit,
686 1014 821 1039 mecum
839 1007 912 1047 θεῖς
933 1007 964 1038 et
984 1014 1053 1038 iton
1072 1005 1220 1048 reliquit
1242 1014 1296 1038 me
1323 1004 1448 1045 solum,
1471 1006 1558 1048 quia
1585 1013 1659 1047 eqo,
1681 1013 1760 1048 quae

137 1053 278 1097 placita
298 1054 383 1086 sunt
402 1053 445 1092 ei,
466 1053 563 1095 facio
577 1062 714 1096 semper
732 1052 889 1095 (Jocmn.‚
905 1059 992 1093 V111,
1014 1051 1072 1096 29)
1091 1062 1099 1092 ;
1125 1056 1164 1086 ut
1190 1051 1248 1086 sic
1270 1050 1513 1097 intelligatur
1544 1050 1633 1086 talis
1667 1059 1758 1087 esse

146 1100 239 1136 unio
260 1099 433 1134 hominis
451 1099 561 1135 illius
581 1098 628 1134 ad
648 1101 784 1141 Deum,
806 1098 936 1144 qualis
957 1101 1016 1134 est
1035 1098 1127 1134 unio
1147 1097 1193 1134 de
1214 1107 1292 1143 qua
1310 1097 1521 1142 Apostolus
1543 1097 1665 1133 dicit:
1689 1097 1759 1140 Qui

144 1146 300 1181 adhaeret
322 1148 402 1187 Deo,
420 1155 512 1180 unus
533 1147 684 1190 spiritus
705 1149 767 1180 est.
791 1144 822 1190 (1
842 1146 934 1184 Gor„
953 1154 1008 1188 VI,
1031 1145 1103 1190 17.)
1136 1146 1192 1188 Et,
1215 1144 1317 1181 sicut
1346 1155 1392 1180 ex
1418 1144 1491 1180 hac
1523 1145 1671 1180 unione
1692 1152 1760 1180 no-

143 1194 253 1228 mina
273 1202 357 1237 uuae
378 1193 533 1237 proprie
554 1194 632 1227 Deo
653 1192 894 1228 conveniunt
915 1191 961 1228 ad
979 1191 1163 1227 homines
1186 1192 1490 1234 transferuntur,
1515 1195 1555 1227 ut
1579 1191 1759 1227 dicantur

145 1239 198 1275 dii
217 1244 254 1275 et
271 1239 341 1274 filii
364 1240 430 1274 Dei
452 1243 489 1274 et
507 1238 654 1274 domini
673 1242 709 1274 ct
730 1239 855 1274 sancti
877 1242 913 1274 et
942 1238 1092 1280 christi,
1115 1238 1218 1274 sicut
1246 1248 1293 1273 ex
1313 1238 1480 1274 diversis
1514 1238 1610 1274 locis
1632 1238 1757 1283 Scrip—

143 1289 240 1322 turae
260 1288 363 1331 patet
385 1295 392 1319 ε
424 1286 479 1321 ita
499 1290 535 1321 et
566 1286 725 1321 nomina
747 1285 877 1321 divina
906 1285 1057 1321 homini
1089 1285 1145 1320 illi
1171 1285 1424 1327 conveniunt,
1450 1288 1491 1320 ut
1511 1288 1668 1329 propter
1688 1284 1757 1320 Dei

143 1332 467 1368 inhabitationem
481 1336 517 1368 et
533 1333 719 1368 unionem
735 1331 912 1374 affectus,
927 1332 1078 1367 dicatur
1090 1336 1125 1367 et
1140 1333 1242 1367 Deus
1258 1336 1291 1367 et
1306 1331 1369 1367 Dei
1386 1331 1502 1367 Filius
1518 1336 1555 1367 et
1568 1331 1759 1368 Dominus

146 1383 183 1415 et
203 1381 369 1415 Sanctus
391 1383 427 1414 et
446 1379 635 1415 Christus.
658 1379 731 1415 Sed
757 1383 901 1422 tamen,
924 1379 1015 1424 quia
1035 1379 1073 1414 in
1105 1378 1174 1414 illo
1209 1379 1368 1414 homine
1398 1378 1523 1424 major
1556 1377 1758 1423 plenitudo

145 1428 279 1471 gratiae
303 1427 373 1461 luit
391 1435 507 1471 quam
529 1427 569 1461 in
593 1426 688 1462 aliis
716 1425 945 1461 hominibus
981 1425 1142 1468 sanctis,
1176 1425 1248 1461 fuit
1273 1434 1351 1470 prae
1384 1425 1535 1461 caeteris
1568 1426 1755 1470 templum

145 1474 227 1513 Dei,
252 1476 289 1508 et
311 1474 458 1509 arctius
481 1474 557 1508 Deo
579 1472 797 1509 secundum
819 1471 1002 1508 affectum
1032 1472 1178 1515 unitus,
1202 1475 1240 1507 et
1266 1471 1457 1518 singulari
1481 1472 1650 1517 quodam
1681 1472 1757 1516 pri-

143 1519 289 1565 vilegio
310 1519 442 1555 divina
462 1520 626 1555 nomina
644 1519 913 1564 participavit;
938 1521 974 1554 et
1008 1523 1166 1564 propter
1195 1517 1298 1554 hanc
1327 1519 1596 1554 excellentiam
1624 1518 1757 1565 gratiae

144 1567 383 1649 concsltitutus
405 1569 463 1602 est
484 1567 525 1602 in
545 1566 838 1612 participatione
866 1566 1006 1601 divinae
1029 1565 1231 1611 dignitatis
1267 1568 1304 1601 et
1338 1565 1517 1609 honoris,
1538 1568 1580 1601 ut
1609 1565 1761 1602 scilicet

144 1622 215 1650 coa
248 1616 379 1650 oretur
394 1615 487 1649 Deo.

194 1663 233 1696 Et
253 1661 324 1703 sic,
347 1660 565 1697 secundum
586 1660 783 1706 praedicta,
805 1662 959 1706 oportet
977 1659 1082 1706 quod
1103 1659 1181 1696 alia
1210 1659 1260 1696 sit
1286 1668 1457 1705 persona
1481 1658 1594 1696 Verbi
1626 1660 1695 1695 Dei
1723 1662 1761 1696 et

146 1708 222 1744 alia
244 1716 413 1752 persona
429 1707 536 1744 illius
558 1708 731 1744 hominis
752 1707 819 1754 qui
841 1707 963 1743 Verbo
984 1707 1051 1743 Dei
1073 1706 1322 1744 coadoratur.
1352 1708 1406 1748 Et,
1443 1707 1476 1743 si
1508 1706 1660 1743 dicatur
1681 1715 1760 1743 una

144 1764 317 1800 persona
337 1755 556 1800 utriusque,
577 1755 651 1790 hoc
672 1755 746 1791 erit
773 1758 931 1800 propter
962 1754 1150 1790 unionem
1181 1753 1428 1790 affectualem
1462 1753 1702 1799 praedictam,
1719 1757 1761 1797 ut

146 1802 204 1838 sic
224 1801 375 1838 dicatur
392 1801 512 1838 bomo
533 1801 598 1837 ille
618 1805 654 1837 et
675 1801 742 1838 Dei
762 1802 930 1837 Verbum
956 1810 1036 1837 una
1055 1809 1226 1846 persona
1252 1801 1355 1837 sicut
1382 1800 1522 1836 dicitur
1542 1800 1588 1837 de
1616 1801 1700 1837 viro
1723 1804 1762 1837 et

144 1849 308 1884 muliere
330 1849 433 1894 quod
451 1849 532 1893 jam
553 1857 633 1885 non
654 1853 747 1885 sunt
777 1848 869 1892 duo,
896 1848 965 1884 sed
988 1857 1063 1884 una
1083 1857 1189 1884 caro.
1223 1849 1278 1891 Et,
1309 1847 1401 1894 quia
1429 1848 1521 1883 talis
1549 1847 1642 1884 unio
1678 1855 1760 1883 non

145 1895 239 1931 facit
261 1898 301 1931 ut
322 1895 427 1941 quod
443 1896 489 1931 de
508 1904 587 1932 uno
609 1895 752 1931 dicitur
772 1895 819 1931 de
839 1896 961 1932 altero
983 1894 1060 1931 dici
1078 1894 1205 1940 possit
1222 1894 1317 1941 (non
1332 1894 1436 1930 enim
1458 1893 1647 1940 quidquid
1667 1902 1761 1930 con-

144 1942 252 1977 venit
271 1942 354 1977 viro
371 1951 506 1978 verum
530 1946 589 1978 est
616 1942 664 1978 de
686 1942 850 1978 muliere
870 1946 935 1978 aut
971 1952 992 1977 e
1024 1941 1246 1987 converso),
1269 1940 1357 1977 ideo
1387 1941 1427 1976 in
1462 1941 1611 1976 unione
1629 1940 1757 1977 Verbi.

147 1990 192 2025 Et
207 1988 317 2024 illius
339 1988 515 2025 hominis
543 1988 619 2025 hoc
655 1988 946 2025 observandum
968 1991 1106 2034 putant
1135 1988 1239 2034 quod
1284 1997 1328 2024 ea
1359 1996 1445 2033 quae
1477 1990 1570 2024 sunt
1599 1988 1761 2033 propria

144 2035 253 2072 illius
271 2034 461 2078 hominis,
485 2035 532 2071 ad
564 2035 778 2072 humanam
799 2039 979 2072 naturam
1010 2034 1259 2081 pertinentia,
1287 2034 1334 2071 de
1359 2034 1484 2071 Verbo
1517 2033 1585 2070 Dei
1613 2038 1681 2071 aut
1712 2034 1760 2072 de

145 2083 225 2118 Deo
246 2082 525 2118 convenienter
545 2082 622 2118 dici
653 2091 732 2118 non
754 2086 945 2127 possunt;
974 2082 1078 2119 sicut
1098 2082 1248 2118 homini
1270 2081 1327 2117 illi
1351 2081 1537 2118 convenit
1571 2081 1678 2128 quod
1710 2082 1761 2119 sit

144 2133 263 2166 natus
285 2128 332 2164 de
352 2128 523 2176 Virgine,
545 2128 651 2175 quod
668 2138 826 2175 passus,
845 2132 1028 2166 mortuus
1049 2133 1086 2165 et
1115 2129 1308 2174 sepultus,
1328 2130 1367 2164 et
1397 2127 1652 2174 hujusmodi;
1673 2136 1760 2175 quae

144 2176 281 2212 omnia
301 2178 487 2212 asserunt
506 2176 553 2212 de
573 2177 653 2212 Deo
671 2176 731 2212 vel
751 2176 798 2212 de
819 2176 887 2212 Dei
905 2176 1030 2213 Verbo
1052 2175 1127 2213 dici
1148 2185 1227 2212 uon
1249 2175 1404 2212 debere.

198 2223 286 2266 Sed,
304 2223 396 2268 quia
417 2226 511 2259 sunt
530 2223 707 2269 quaedam
730 2223 893 2260 nomina
913 2232 1014 2270 quae,
1031 2222 1105 2260 etsi
1124 2224 1205 2260 Deo
1220 2223 1490 2269 principaliter
1507 2222 1752 2268 conveniant,-

143 2269 488 2306 communicantur
508 2273 640 2306 tamen
668 2270 894 2307 hominibus
924 2279 993 2316 per
1024 2270 1196 2316 aliquem
1223 2270 1398 2314 modum,
1438 2270 1542 2306 sicut
1569 2269 1755 2313 christus.

144 2315 345 2359 dominus,
366 2323 529 2353 sanctus
550 2320 588 2353 et
607 2316 724 2353 etiam
739 2316 843 2354 filius
862 2317 943 2361 Dei,
962 2316 1009 2353 de
1030 2316 1258 2364 hujusmodi
1271 2316 1514 2361 nominibus,
1538 2315 1752 2353 secundum

146 2371 230 2403 eos,
252 2363 352 2399 nihil
371 2363 552 2408 prohibet
570 2364 754 2409 praedicta
771 2364 991 2410 praedicari.
1013 2364 1298 2402 convenienter
1317 2363 1422 2400 enim
1440 2363 1596 2408 dicitur,
1619 2371 1752 2400 secun-

144 2409 237 2446 dum
257 2419 342 2454 cos,
360 2410 465 2457 quod
486 2409 678 2456 Christus,
703 2411 891 2449 Dominus
908 2411 1059 2459 gloriae,
1075 2411 1136 2448 vel
1156 2412 1325 2448 Sanctus
1342 2415 1585 2454 sanctorum,
1606 2409 1668 2447 vel
1688 2410 1759 2447 Dei

144 2456 279 2509 Filius,
302 2457 354 2494 sit
371 2461 488 2494 natus
508 2457 555 2495 de
575 2458 746 2506 Virgine,
766 2466 926 2504 passus,
948 2461 1131 2496 mortuus
1150 2462 1188 2495 et
1207 2458 1389 2504 sepultus
1405 2458 1531 2502 3unde
1550 2460 1589 2494 et
1601 2457 1758 2494 beatam

140 2503 457 2587 {irginemhnon
478 2506 640 2542 matrem
665 2505 734 2542 Dei
760 2505 821 2542 vel
851 2505 965 2542 Verbi
993 2505 1079 2551 Dei,
1109 2505 1181 2543 sed
1199 2509 1365 2543 matrem
1384 2504 1527 2543 Christi
1547 2504 1759 2541 nominan-

172 2559 231 2586 am
255 2559 343 2588 esse
387 2555 508 2588 icunt.

177 2597 278 2647 *Sed‚
296 2598 329 2680 si
343 2598 432 2680 guis
454 2598 665 2645 diligenter
681 2599 919 2644 consideret,
937 2599 1123 2646 praedicta
1141 2599 1286 2646 positio
1303 2598 1505 2636 veritatem
1521 2598 1757 2636 incarnatio-

143 2651 208 2679 nis
230 2653 299 2680 exc
319 2654 341 2681 u
373 2649 414 2681 it.

190 2691 275 2725 Non
295 2691 413 2734 enim,
436 2692 656 2729 secundum
673 2692 871 2739 praedicta,
893 2692 1061 2730 Verbum
1083 2692 1151 2730 Dei
1170 2692 1243 2731 fuit
1263 2692 1480 2730 hominiilli
1494 2691 1661 2735 unitum,
1678 2690 1755 2727 nisi

138 2736 363 2774 secundum
387 2738 713 2790 inhabitationem
731 2749 801 2786 per
831 2740 1013 2786 gratiam,
1035 2747 1085 2777 ex
1103 2749 1184 2787 qua
1212 2739 1471 2786 consequitur
1498 2737 1753 2790 unioyolun-

141 2785 281 2819 tatum.
301 2784 536 2823 Inhabitatio
557 2791 687 2823 autem
697 2786 811 2823 Verbi
835 2787 902 2824 Dei
920 2787 962 2823 in
983 2787 1143 2824 homine
1165 2796 1246 2824 non
1267 2790 1326 2824 est
1346 2785 1511 2822 Verbum
1533 2786 1601 2821 Del
1621 2792 1751 2821 incar-

142 2829 507 2882 natum3habitavit
525 2833 630 2870 enim
651 2833 818 2871 Verbum
851 2833 919 2870 Dei
952 2838 992 2871 et
1019 2835 1123 2871 Deus
1155 2834 1242 2880 ipse
1271 2834 1312 2870 in
1344 2831 1530 2870 omnibus
1563 2831 1712 2869 sanctis
1733 2840 1756 2868 a

134 2879 427 2914 constitutione
447 2879 598 2924 mundi,
619 2881 838 2918 secundum
858 2880 961 2918 illud
977 2880 1158 2927 Apostoli
1179 2890 1190 2916 ε
1214 2881 1284 2918 Vos
1303 2881 1387 2916 estis
1403 2879 1573 2924 templum
1582 2880 1649 2915 Dei
1662 2880 1755 2923 vivi,
