1894 3223
93 133 163 169 268
710 125 798 160 LlB.
827 125 892 168 111,
919 124 1020 160 CAP.
1047 124 1105 159 IX.

95 221 177 249 non
204 211 243 247 in
267 211 459 256 quantum
487 209 549 244 est
567 215 710 250 caecus,
733 205 803 242 sed
820 205 862 241 in
884 207 1076 251 quantum
1097 207 1158 241 est
1178 204 1243 241 hic
1263 204 1409 248 homo;
1430 207 1469 240 et
1488 203 1718 242 irrationale

97 262 158 296 est
188 255 411 294 differentia
430 253 630 297 animalis,
652 261 733 289 non
766 254 925 298 propter
957 251 1219 297 privationem
1247 251 1428 291 rationis,
1464 251 1532 287 sed
1566 252 1720 290 ratione

95 305 188 342 talis
210 306 360 339 naturae
389 300 438 337 ad
466 309 584 346 quam
607 299 788 346 sequitur
808 298 977 336 remotio
999 299 1181 335 rationis.
1204 300 1339 335 Potest
1375 298 1494 334 etiam
1514 297 1592 334 dici
1613 300 1721 345 quod

95 349 325 389 Aristoteles
346 347 442 384 dicit
461 347 610 383 malum
631 350 668 383 et
687 346 836 382 bonum
857 354 947 383 esse
967 354 1125 392 genera,
1147 354 1228 382 non
1262 345 1484 382 secundum
1518 346 1720 391 propriam

97 397 342 443 opinionem,
372 402 495 441 quum
524 393 628 430 inter
659 393 788 439 prima
807 392 942 430 decem
965 401 1112 439 genera
1131 391 1188 439 (in
1220 401 1388 439 quorum
1411 391 1590 438 quolibet
1610 393 1720 429 inve-

96 446 203 482 nitur
222 442 357 489 aliqua
387 439 662 487 contrarietas)
684 449 730 477 ea
747 448 828 477 non
848 443 1120 484 connumeret,
1143 439 1212 476 sed
1245 439 1464 476 secundum
1486 438 1719 484 opinionem

96 490 344 538 Pythagorae,
360 488 427 535 qui
441 487 575 533 posuit
592 487 741 524 bonum
762 489 799 523 et
818 487 965 523 malum
988 496 1077 524 esse
1098 487 1233 524 decem
1250 486 1378 533 prima
1395 485 1595 523 contraria
1615 496 1623 520 :
1645 487 1721 524 3111)

95 538 204 576 bono
235 535 410 583 quidem,
436 534 606 579 finitum,
641 543 725 580 par,
758 543 897 578 unum,
938 533 1131 577 dextrum,
1165 534 1448 578 masculinum,
1488 532 1719 580 quiescens,

97 588 262 628 rectum,
284 582 428 627 lucem,
452 582 686 628 quadratum
708 584 746 617 et
764 581 904 617 ultimo
923 580 1096 625 bonum3
1117 580 1191 618 sub
1211 580 1317 617 malo
1336 584 1483 625 autem,
1502 579 1720 626 infinitum,

97 633 238 677 impar,
255 629 420 676 plurale,
437 629 659 673 sinistrum,
681 627 886 671 feminum,
902 631 1068 672 motum,
1085 636 1262 671 curvum,
1277 627 1462 671 tenebrae,
1478 626 1601 664 altera
1611 632 1723 674 parte

98 679 260 725 longius
282 680 318 713 et
338 677 478 714 ultimo
499 676 662 712 malum.
687 676 750 713 Sic
771 679 915 718 01110111,
940 678 978 711 01
1012 675 1052 710 10
1074 674 1254 720 pluribus
1276 674 1467 711 librorum
1486 674 1720 721 logicalium

99 726 215 769 locis,
246 724 368 760 utitur
403 723 595 769 exemplis
626 722 845 760 secundum
885 721 1123 758 sententiam
1164 721 1333 758 aliorum
1372 721 1720 767 philosophorum,

99 772 213 821 quasi
234 770 506 818 probabilibus
527 770 747 807 secundum
768 768 867 806 illud
891 772 1062 814 tempus.

147 819 270 856 Habet
285 821 418 854 tamen
437 821 474 854 et
507 817 583 854 hoc
613 817 760 854 dictum
791 816 964 863 aliquam
996 815 1341 860 veritatem3nam
1373 814 1624 860 impossibile
1657 818 1720 853 est

100 866 206 914 quod
224 865 481 912 probabiliter
509 864 666 909 dicitur,
694 863 914 901 secundum
949 865 1074 899 totum
1098 871 1188 899 esse
1218 861 1378 899 falsum.
1403 861 1589 899 Omnium
1609 862 1719 899 enim

101 913 391 951 contrariorum
412 921 536 948 unum
569 914 630 948 est
660 911 877 957 perfectum
899 913 935 946 et
968 910 1134 946 alterum
1164 909 1427 948 deminutum,
1450 910 1564 955 quasi
1585 910 1721 955 priva-

99 961 247 997 tionem
284 959 494 1005 quamdam
524 958 675 995 habens
706 958 942 1002 admixtam3
970 957 1074 994 sicut
1105 956 1237 993 album
1259 960 1297 992 et
1327 956 1497 992 calidum
1521 960 1723 1002 3111111101·-

101 1008 216 1050 fecta,
239 1006 427 1052 frigidum
458 1014 551 1042 vero
582 1009 620 1042 et
652 1004 811 1052 nigrum
846 1007 940 1042 sunt
967 1004 1211 1050 imperfecta,
1243 1003 1357 1049 quasi
1380 1012 1468 1040 cum
1500 1003 1722 1050 privatione

102 1053 340 1101 significata.
375 1052 474 1097 Quia
493 1061 588 1099 ergo
624 1052 756 1089 omnis
797 1051 1017 1088 deminutio
1051 1054 1088 1088 et
1117 1051 1283 1096 privatio
1322 1050 1370 1087 ad
1395 1051 1591 1088 rationem
1626 1051 1721 1088 mali

101 1102 283 1149 pertinet,
318 1100 450 1137 omnis
486 1103 616 1136 autem
651 1099 839 1145 perfectio
861 1102 899 1135 et
935 1098 1269 1144 complementum
1309 1097 1358 1134 ad
1394 1097 1590 1134 rationem
1607 1096 1719 1143 boni,

103 1157 259 1194 semper
296 1147 336 1184 in
374 1146 585 1183 contrariis
622 1146 787 1183 alterum
811 1146 885 1183 31111
923 1145 1076 1182 ratione
1097 1144 1191 1181 boni
1230 1143 1386 1181 videtur
1421 1144 1720 1191 comprehendi,

103 1195 271 1233 alterum
291 1194 340 1231 ad
359 1193 553 1230 rationem
572 1193 666 1230 mali
705 1193 905 1233 accedere,
928 1195 966 1228 et
995 1192 1215 1229 secundum
1233 1191 1310 1228 1100
1344 1191 1493 1228 bonum
1513 1195 1550 1228 et
1570 1191 1719 1228 malum

102 1250 248 1290 genera
268 1240 556 1278 contrariorum
578 1240 758 1277 omnium
781 1249 870 1277 esse
887 1238 1083 1276 videntur.
1472 1259 1474 1261 -
1606 1262 1615 1285 2

152 1291 224 1325 Per
244 1288 319 1325 hoc
340 1288 457 1324 etiam
477 1291 581 1333 patet
601 1288 770 1334 qualiter
781 1287 929 1323 malum
949 1285 1278 1333 repugnatbono,
1299 1294 1348 1323 ex
1360 1294 1439 1333 quo
1459 1287 1599 1332 quarta
1619 1285 1720 1323 ratio

101 1335 353 1383 procedebat.
378 1335 600 1371 Secundum
629 1335 735 1371 enim
767 1333 874 1381 quod
906 1334 1043 1370 formae
1073 1336 1110 1370 et
1131 1331 1216 1377 fini,
1238 1341 1325 1379 quae
1346 1332 1494 1370 habent
1523 1332 1720 1369 rationem

101 1383 197 1421 boni
216 1386 254 1419 et
273 1385 367 1419 311111
385 1381 527 1428 agendi
547 1390 640 1418 vera
658 1381 867 1428 principia,
890 1384 951 1418 est
971 1380 1156 1426 adJ'uncta
1169 1379 1336 1425 privatio
1355 1379 1565 1416 contrariae
1586 1379 1723 1417 formae

104 1434 142 1468 et
160 1429 252 1466 finis
273 1428 475 1473 contrarii,
498 1428 601 1465 actio
622 1438 709 1475 quae
731 1429 911 1474 sequitur
931 1437 978 1463 ex
995 1427 1063 1464 tali
1094 1427 1222 1463 forma
1253 1430 1291 1463 et
1309 1426 1378 1463 tali
1399 1427 1476 1462 tine
1497 1426 1724 1463 attribuitur

101 1476 314 1524 privationi
335 1479 373 1512 et
392 1475 513 1520 malo,
540 1485 610 1521 per
629 1475 814 1512 accidens
835 1474 994 1521 quidem
1017 1486 1025 1518 ;
1047 1483 1138 1510 nam
1172 1473 1354 1520 privatio,
1374 1473 1594 1511 secundum
1615 1473 1722 1520 quod

103 1522 349 1570 hujusmodi,
370 1531 451 1559 non
473 1525 533 1559 est
552 1522 722 1568 aliquus
740 1522 910 1559 actionis
928 1521 1180 1567 principium.
1203 1522 1367 1566 Propter
1380 1520 1486 1568 quod
1507 1520 1609 1557 bene
1629 1520 1725 1557 dicit

104 1572 320 1618 Dionysius
355 1569 419 1617 (De
458 1570 574 1607 divin,
617 1571 767 1610 nomin„
800 1579 834 1606 0.
857 1569 892 1615 4)
933 1568 1037 1615 quod
1077 1568 1225 1605 malum
1278 1577 1360 1604 non
1398 1571 1548 1614 pugnat
1585 1571 1725 1605 contra

102 1618 254 1657 bonum
275 1617 354 1654 nisi
375 1617 518 1654 virtute
549 1617 644 1653 boni
668 1629 676 1653 :
696 1615 916 1654 secundum
945 1625 988 1653 se
1008 1624 1100 1652 vero
1123 1619 1183 1652 est
1203 1615 1403 1661 impotens
1430 1619 1467 1651 et
1504 1613 1722 1659 infirmum,

104 1665 220 1713 quasi
241 1665 395 1702 nullius
424 1664 596 1701 actionis
630 1664 884 1710 principium.
913 1663 1058 1700 Malum
1090 1671 1185 1699 vero
1214 1671 1468 1708 corrumpere
1496 1662 1640 1699 dicitu-r
1658 1661 1726 1699 110-

103 1722 214 1756 num,
235 1721 317 1750 non
338 1712 469 1749 solum
489 1710 642 1758 agendo
663 1711 806 1747 virtute
826 1710 921 1747 boni
943 1710 1047 1747 sicut
1067 1709 1291 1756 expositum
1312 1713 1388 1754 est,
1414 1708 1484 1758 sed
1505 1708 1724 1746 formaliter

104 1759 325 1797 secundum
359 1768 416 1802 se,
456 1758 560 1796 sicut
593 1758 737 1796 dicitur
770 1758 928 1795 caecitas
966 1766 1219 1802 corrumpere
1253 1756 1399 1800 visum,
1423 1756 1517 1803 quia
1538 1760 1598 1794 est
1632 1756 1721 1802 ipsa

103 1807 216 1844 visus
234 1806 458 1852 corruptio;
480 1814 551 1852 per
572 1815 690 1852 quem
708 1805 872 1842 modum
893 1804 1038 1841 dicitur
1057 1803 1198 1840 albedo
1212 1803 1402 1850 parietem
1417 1803 1610 1844 colorare,
1632 1803 1725 1850 quia

102 1853 193 1900 ipsa
212 1856 273 1890 est
290 1853 453 1899 parietis
475 1853 598 1889 color.

152 1900 302 1937 Dicitur
333 1903 463 1936 autem
496 1898 646 1945 aliquid
678 1898 802 1935 altero
828 1897 957 1944 magis
985 1901 1022 1934 et
1039 1897 1173 1934 minus
1205 1896 1354 1933 malum
1380 1906 1450 1943 per
1469 1906 1673 1934 recessum
1702 1907 1725 1934 a

102 1947 224 1985 11000.
249 1947 311 1984 Sic
329 1947 434 1983 enim
456 1956 543 1992 quae
572 1946 833 1991 privationem
865 1946 1079 1990 important
1111 1943 1372 1981 intenduntur
1403 1947 1442 1980 et
1469 1944 1724 1980 remittuntur

103 1995 211 2033 sicut
230 1993 425 2040 inaequale
447 1996 484 2029 et
501 1993 723 2036 dissimile;
749 1992 894 2029 dicitur
928 1991 1033 2028 enirn
1055 1990 1293 2038 inaequalius
1314 1991 1420 2038 quod
1443 1994 1503 2028 est
1523 1990 1572 2028 ab
1592 2000 1723 2037 aequa-

108 2041 220 2079 litate
238 2041 368 2087 magis
389 2040 557 2085 distans,
587 2043 625 2076 et
653 2039 838 2076 similiter
867 2038 1106 2076 dissimilius
1131 2038 1261 2085 magis
1293 2047 1316 2074 a
1336 2037 1598 2075 similitudine
1617 2047 1725 2074 rece-

104 2088 218 2126 dens.
241 2088 349 2124 Unde
369 2091 406 2124 et
429 2087 557 2133 magis
572 2086 720 2123 malum
742 2086 886 2123 dicitur
903 2086 1008 2132 quod
1029 2088 1090 2123 est
1102 2086 1232 2132 magis
1253 2085 1449 2131 privatum
1468 2084 1591 2129 bono,
1609 2085 1726 2131 quasi

102 2135 233 2182 magis
254 2145 276 2171 a
295 2135 403 2172 bono
426 2134 595 2171 distans.
617 2133 863 2170 privationes
884 2134 991 2169 0111111
1011 2141 1093 2170 000
1119 2131 1382 2169 intenduntur
1412 2132 1527 2179 quasi
1549 2131 1726 2179 aliquam

104 2182 320 2220 essentiam
350 2181 556 2225 habentes,
587 2181 692 2218 sicut
723 2180 968 2227 aequalitates
992 2183 1029 2217 et
1058 2180 1210 2224 formae,
1229 2183 1272 2217 ut
1303 2179 1443 2227 quinta
1462 2179 1562 2216 ratio
1588 2187 1726 2225 proce-

104 2230 233 2274 debat,
255 2229 325 2266 sed
343 2238 413 2275 per
441 2231 698 2275 augmentum
721 2236 853 2265 causae
884 2226 1092 2274 privantis‚
1112 2227 1217 2264 sicut
1242 2235 1311 2263 aer
1338 2230 1449 2264 tanto
1476 2224 1727 2263 tenebrosior

104 2281 165 2315 est
184 2279 333 2324 quanto
353 2276 468 2322 plura
484 2275 631 2312 tuerint
661 2275 898 2321 interposita
929 2274 1137 2312 obstacula
1169 2273 1299 2318 lucis;
1332 2274 1392 2310 sic
1423 2274 1530 2311 enim
1563 2273 1726 2320 longius

103 2333 127 2362 a
146 2324 248 2361 lucis
271 2322 575 2370 participatione
597 2322 730 2359 distat.

151 2371 301 2408 Dicitur
315 2370 433 2407 etiam
467 2369 616 2407 malum
652 2378 741 2406 esse
762 2368 804 2405 in
836 2369 1001 2409 mundo,
1022 2377 1104 2405 non
1146 2367 1263 2416 quasi
1299 2366 1515 2406 essentiam
1552 2367 1727 2414 aliquam

101 2418 247 2456 habeat
268 2417 330 2454 vel
359 2426 423 2455 res
455 2417 633 2464 quaedam
655 2416 811 2460 existat,
834 2420 876 2453 ut
896 2420 1008 2454 sexta
1024 2416 1125 2452 ratio
1146 2414 1398 2462 procedebat,
1421 2414 1491 2452 sed
1509 2423 1556 2451 ea
1574 2414 1728 2452 ratione

103 2466 198 2512 quia
218 2465 362 2502 dicitur
381 2464 488 2512 quod
507 2473 573 2502 res
593 2464 727 2511 aliqua
746 2463 852 2500 mala
879 2466 940 2501 est
960 2464 1048 2509 ipso
1080 2464 1200 2507 malo,
1223 2463 1328 2500 sicut
1347 2462 1505 2499 caecitas
1533 2464 1570 2498 et
1590 2460 1727 2508 quaeli-

101 2512 168 2548 bet
188 2512 356 2558 privatio
395 2521 485 2549 esse
520 2511 677 2551 dicitur,
720 2510 814 2555 quia
851 2511 1000 2547 animal
1029 2509 1205 2547 caecitate
1243 2513 1305 2547 est
1330 2518 1494 2546 caecum.
1516 2509 1595 2545 Ens
1619 2507 1726 2544 enim

104 2558 314 2604 dupliciter
337 2558 494 2603 dicitur,
530 2562 573 2595 ut
602 2557 872 2604 Philosophus
894 2558 1009 2595 docet
1041 2557 1274 2604 metaphys„
1291 2566 1329 2601 V,
1353 2560 1447 2600 text,
1469 2563 1613 2592 comm.
1639 2554 1694 2600 ¹4)
1716 2565 1725 2589 :

104 2606 188 2641 Uno
207 2606 340 2650 modo,
362 2605 582 2644 seeundum
603 2604 709 2653 quod
724 2603 924 2652 significat
943 2604 1159 2642 essentiam
1174 2604 1230 2641 rei
1250 2607 1288 2641 et
1302 2603 1489 2640 dividitur
1504 2610 1573 2648 per
1592 2600 1728 2637 decem

102 2651 422 2698 praedicamenta,
443 2656 481 2689 et
500 2653 559 2690 310
579 2652 689 2689 nulla
709 2652 876 2698 privatio
894 2655 1024 2698 potest
1044 2651 1120 2689 dici
1137 2660 1208 2689 ens
1225 2663 1235 2696 ;
1250 2650 1330 2688 alio
1345 2649 1479 2692 modo,
1505 2647 1727 2699 secundum

105 2697 210 2745 quod
230 2698 428 2744 significat
456 2700 660 2737 veritatem
682 2699 1000 2744 compositionis,
1029 2701 1066 2736 et
1086 2698 1145 2736 sic
1162 2698 1311 2735 malum
1331 2701 1367 2734 et
1387 2696 1555 2743 privatio
1584 2693 1729 2731 dicitur

105 2753 177 2783 ens
197 2745 240 2781 in
257 2749 447 2791 quantum
465 2747 686 2793 privatione
707 2746 852 2784 dicitur
869 2746 1020 2794 aliquid
1048 2754 1138 2784 esse
1163 2745 1372 2793 privatum.

1878 2877 1885 2886 a
1875 2828 1886 2870 .·=„-
1870 2609 1888 2821 ιαμ-ΝΜ»,
1881 2513 1889 2602 mn„
1886 2454 1891 2479 -,
