1894 3223
649 130 737 168 Lm.
766 132 828 176 in,
856 130 957 168 CAP.
986 131 1083 170 Lxx·
1608 131 1674 171 349

51 213 238 259 activum,
263 212 370 251 sicut
402 211 511 260 ignis
543 214 725 258 raepectu
756 210 991 248 inferiorum
1019 219 1254 257 corporum;
1290 219 1364 249 nec
1397 213 1531 249 tamen
1554 212 1673 252 etiam

51 260 233 299 infimum
254 268 401 307 corpus
419 258 644 297 excluditur
660 257 709 295 ab
729 258 898 310 agendo.
921 258 1171 310 Manifestum
1188 261 1249 295 est
1268 258 1389 311 enim,
1403 258 1511 306 quod
1528 267 1676 306 corpus

52 315 136 346 non
158 310 288 354 potest
304 315 420 354 agere
438 315 484 344 se
502 309 588 344 toto
607 313 699 343 cum
719 308 772 343 sit
791 309 1058 350 compositum
1078 314 1127 343 ex
1145 309 1326 351 materia,
1347 315 1435 352 quae
1461 309 1521 343 est
1540 315 1612 344 ens
1632 307 1676 345 in

51 354 241 402 potentia,
265 357 304 392 et
325 363 374 391 ex
394 353 534 398 forma,
552 361 643 401 quae
662 355 724 390 est
742 356 869 389 actus.
890 352 979 398 Agit
993 352 1101 405 enim
1123 352 1434 436 unumguodque
1449 353 1674 392 secundum

53 401 159 449 quod
178 405 241 439 est
254 403 360 439 actu.
381 401 426 437 Et
443 404 604 447 propter
622 400 698 438 hoe
717 407 835 437 omne
857 407 1002 444 corpus
1021 403 1104 446 agit
1121 408 1247 437 secun
1280 408 1344 437 um
1366 408 1481 437 suam
1504 400 1671 439 sormam

52 448 102 486 ad
124 457 245 496 quam
279 451 532 495 comparatur
563 447 671 485 aliud
700 454 861 493 corpus,
897 446 1050 483 scilicet
1081 446 1252 492 patiens,
1293 447 1515 485 secundum
1556 457 1672 487 suam

51 491 272 540 materiam,
303 498 348 533 ut
377 494 614 541 subjectum,
644 495 686 531 in
714 496 907 541 quantum
938 493 1104 531 materia
1135 493 1220 539 ejus
1248 496 1312 530 est
1341 494 1382 530 in
1412 495 1590 539 potentia
1626 493 1671 532 ad

52 542 221 580 sormam
241 542 410 589 agentis.
431 542 471 580 Si
491 545 622 579 autem
643 551 664 578 e
685 549 879 578 converso
897 540 946 578 ad
964 540 1131 593 sormam
1146 540 1325 592 corporis
1344 541 1532 587 patientis
1557 542 1612 580 sit
1630 542 1672 579 in

53 590 231 636 potentia
249 589 414 627 materia
431 589 613 635 corporis
630 588 801 636 agentis,
820 591 934 625 erunt
953 591 1112 632 agentia
1130 590 1168 624 et
1184 587 1375 632 pauentia
1403 587 1452 625 ad
1487 588 1671 626 invicem.

53 636 162 674 Sicut
180 636 324 674 accidit
340 636 382 674 in
400 636 560 674 duobus
576 635 814 682 corporibus
835 634 1156 672 elementaribus.
1177 634 1412 687 sinautem,
1441 635 1517 672 erit
1546 643 1672 673 unum

51 687 206 722 tantum
233 692 360 731 agens
384 687 426 721 et
443 684 611 721 alterum
629 686 783 720 tantum
806 682 959 728 patiens
987 684 1170 727 respectu
1198 681 1325 726 illius,
1358 678 1464 719 sicui
1483 686 1543 719 cst
1565 691 1673 720 com-

52 731 205 778 paratio
220 730 402 784 corporis
419 731 597 768 coelestis
615 730 666 768 ad
686 738 834 776 corpus
853 729 1105 766 elementare.
1136 727 1198 766 Sic
1218 727 1341 775 igitur
1370 737 1515 774 corpus
1548 738 1673 777 agens

53 778 136 826 agit
151 778 195 816 in
213 778 436 826 subjectum
460 786 543 815 non
563 777 717 816 ratione
737 777 861 814 totius
877 776 1071 821 corporis,
1092 774 1162 812 scd
1183 775 1320 813 sormae
1340 784 1410 821 per
1433 785 1551 822 quam
1576 779 1670 824 agit.

100 826 187 862 Non
207 828 268 863 est
286 825 404 863 etiam
422 834 571 870 verum,
592 824 698 873 quod
718 832 885 870 corpora
903 823 986 860 sint
1013 822 1055 858 in
1095 822 1236 859 ultima
1262 823 1483 860 remotione
1521 832 1544 860 a
1578 824 1671 861 Deo.

54 873 150 910 Cum
166 872 275 910 enim
295 873 400 910 Deus
419 872 474 909 sit
489 876 604 910 actus
620 880 760 918 purus,
781 869 1002 908 secundum
1025 869 1100 907 hoc
1126 869 1260 916 aliqua
1279 869 1409 917 magis
1440 870 1502 907 vel
1537 871 1672 909 minus

54 919 103 956 ab
123 928 171 957 eo
192 919 353 964 distant,
371 918 594 957 secundum
611 918 717 967 quod
737 921 831 955 sunt
844 918 935 963 plus
955 917 1014 954 vel
1032 917 1166 955 minus
1186 917 1228 954 in
1247 920 1338 954 actu
1353 916 1462 954 velin
1479 918 1671 964 potentia.

53 965 155 1004 [llud
174 967 292 1004 etiam
314 967 354 1003 in
375 966 534 1004 entibus
553 968 614 1003 est
645 969 818 1003 extreme
842 964 997 1016 distans
1031 973 1054 1001 a
1084 965 1164 1001 Deo
1194 963 1298 1010 quod
1328 967 1390 1001 est
1421 964 1459 1001 in
1495 965 1674 1012 potentia

54 1017 221 1059 tantum,
240 1013 398 1051 scilicet
414 1013 582 1051 materia
593 1013 733 1058 prima.
757 1011 863 1049 Unde
881 1020 967 1058 ejus
986 1014 1048 1047 est
1067 1011 1147 1057 pati
1164 1012 1333 1055 tantum,
1354 1013 1393 1047 et
1426 1020 1507 1048 non
1540 1020 1670 1058 agere.

55 1061 228 1107 Corpora
243 1069 336 1097 vero
353 1068 443 1097 cum
461 1060 544 1097 sint
562 1059 786 1105 composita
805 1067 854 1095 ex
874 1058 1038 1095 materia
1054 1060 1093 1093 et
1111 1057 1254 1101 forma,
1277 1057 1471 1094 accedunt
1505 1059 1553 1095 ad
1575 1059 1672 1095 divi-

53 1116 146 1145 nam
176 1107 480 1144 similitudinem
509 1106 550 1143 in
577 1110 768 1154 quantum
806 1105 952 1141 habent
986 1104 1170 1149 formam,
1208 1113 1328 1150 quam
1363 1105 1596 1142 Aristoteles
1633 1106 1673 1143 in

53 1154 181 1201 primo
199 1155 310 1199 Phys.
333 1153 439 1200 (text.
459 1162 604 1191 comm.
624 1154 684 1199 48)
703 1151 882 1190 nominat
912 1151 1091 1188 divinum
1114 1150 1330 1198 quoddam.
1354 1153 1398 1188 Et
1415 1155 1576 1197 propter
1598 1152 1673 1190 hoc

54 1201 274 1239 secundum
303 1200 410 1248 quod
442 1200 590 1238 habent
617 1200 802 1244 formam,
835 1201 956 1245 agunt
980 1208 988 1235 :
1019 1197 1241 1235 secundum
1270 1206 1366 1235 vero
1390 1199 1499 1246 quod
1527 1198 1674 1236 habent

53 1248 273 1293 materiam,
289 1248 506 1294 patiuntur.

101 1295 325 1333 Ridiculum
347 1298 477 1332 autem
496 1297 559 1332 est
577 1294 709 1332 dicere
729 1293 834 1341 quod
862 1293 953 1330 ideo
974 1300 1118 1339 corpus
1138 1299 1221 1329 non
1239 1296 1346 1338 agat,
1369 1292 1466 1339 quia
1486 1292 1675 1331 accidens

55 1350 138 1380 non
155 1342 299 1380 transit
318 1342 366 1379 de
384 1341 564 1390 subjecto
584 1341 626 1378 in
646 1340 883 1387 subjectum.
908 1342 991 1377 Nou
1012 1339 1120 1376 enim
1136 1339 1211 1376 hoc
1225 1339 1346 1376 modo
1364 1339 1509 1377 dicitur
1529 1349 1676 1386 corpus

53 1389 228 1426 calidum
252 1389 486 1435 calefacere,
519 1387 628 1437 quod
660 1388 764 1425 idem
795 1396 961 1425 numero
995 1387 1104 1424 calor
1134 1385 1203 1434 qui
1234 1389 1297 1423 est
1331 1386 1373 1423 in
1412 1387 1673 1424 calefaciente

54 1445 220 1482 coi-iore
242 1439 418 1474 transeat
446 1435 495 1473 ad
521 1443 669 1482 corpus
690 1434 943 1478 calefactum;
965 1433 1050 1478 sed,
1072 1433 1164 1481 quia
1184 1433 1328 1474 virtute
1343 1433 1507 1479 caloris,
1531 1434 1597 1480 qui
1616 1438 1675 1472 est

55 1484 98 1521 in
116 1491 284 1530 corpore
306 1482 576 1529 calefaciente,
593 1482 700 1520 alius
720 1481 830 1519 calor
845 1489 1013 1518 numero
1031 1480 1073 1518 fit
1101 1483 1194 1518 actu
1210 1480 1253 1517 in
1274 1489 1441 1526 corpore
1461 1481 1671 1525 calefacto,

55 1530 123 1577 qui
153 1529 264 1576 prius
281 1533 366 1568 erat
384 1530 424 1567 in
445 1538 492 1567 eo
519 1530 561 1566 in
580 1528 768 1575 potentia.
787 1531 918 1575 Agens
948 1527 1053 1564 enim
1076 1527 1255 1564 naturale
1276 1535 1357 1565 non
1379 1530 1439 1565 est
1458 1527 1672 1566 traducens

54 1577 255 1624 propriam
284 1576 451 1614 formam
480 1577 522 1613 in
547 1576 714 1614 alterum
735 1575 971 1623 subjectum,
987 1574 1060 1612 sed
1091 1573 1287 1612 reducens
1315 1573 1538 1621 subjectum
1569 1575 1675 1622 quod

54 1625 204 1671 patitur
219 1623 270 1662 de
287 1624 466 1670 potentia
481 1623 525 1660 in
545 1627 691 1661 actum.
735 1650 746 1659 .

101 1673 188 1709 Non
215 1671 340 1719 igitur
356 1671 577 1708 auferimus
605 1668 788 1716 proprias
806 1669 987 1706 actiones
1008 1667 1128 1706 rebus
1148 1666 1309 1712 creatis,
1329 1669 1512 1715 quamvis
1532 1677 1674 1707 omnes

54 1717 221 1756 effectus
240 1727 371 1755 rerum
403 1721 622 1755 creatarum
653 1718 733 1754 Deo
754 1716 1030 1759 attribuamus,
1050 1715 1167 1763 quasi
1195 1715 1237 1752 in
1264 1715 1455 1752 omnibus
1475 1716 1672 1762 operanti.

55 1764 104 1812 (11
124 1765 238 1808 Sene„
257 1765 348 1802 dist.
365 1772 420 1810 xl,
443 1774 480 1813 q.
501 1773 528 1810 1,
544 1767 616 1802 art.
640 1767 673 1809 1,
696 1767 767 1802 art.
791 1765 838 1808 33
860 1766 898 1800 et
921 1765 1065 1810 lpai·t.‚
1083 1772 1120 1810 q.
1142 1770 1224 1807 2111,
1246 1765 1318 1800 art.
1340 1761 1389 1809 l.)

708 1907 876 1952 CAPUT
909 1907 1027 1951 LXX.

199 2024 381 2060 QUOMODO
406 2024 504 2055 IDEM
538 2024 730 2055 EFFEGTUS
756 2024 816 2054 SIT
836 2025 865 2052 A
888 2024 978 2059 ΒΕΘ,
1005 2024 1056 2053 ET
1086 2023 1114 2054 A
1137 2022 1337 2054 NATURALI
1360 2023 1529 2053 AGENTE.

103 2132 348 2178 Quibusdam
385 2135 518 2171 autem
548 2131 712 2170 difficile
739 2130 895 2170 videtur
929 2131 979 2169 ad
1010 2131 1317 2178 intelligendum
1354 2131 1462 2180 quod
1508 2131 1674 2172 effectus

55 2180 257 2220 naturales
291 2179 557 2217 attribuantur
583 2180 663 2216 Deo
683 2181 725 2216 et
751 2177 922 2216 naturali
951 2178 1099 2225 agenti.
1120 2180 1218 2217 Nam
1238 2187 1319 2217 una
1337 2179 1442 2218 actio
1473 2187 1496 2218 a
1515 2179 1672 2218 duobus

55 2227 267 2275 agentibus
298 2234 381 2264 non
395 2225 551 2264 videtur
577 2224 764 2272 progredi
790 2234 924 2272 posse.
939 2225 977 2262 Si
1003 2225 1126 2272 igitur
1143 2225 1250 2264 actio
1278 2234 1348 2273 per
1367 2235 1486 2280 quam
1509 2225 1675 2265 effectus

56 2274 251 2313 naturalis
264 2273 496 2320 producitur
518 2273 697 2319 procedit
713 2281 738 2309 a
756 2280 922 2318 corpore
941 2272 1126 2313 naturali,
1149 2280 1231 2309 non
1254 2273 1432 2318 procedit
1450 2283 1473 2312 a
1492 2274 1585 2311 Deo.

102 2322 204 2366 item,
226 2320 329 2368 quod
350 2322 480 2365 potest
503 2319 589 2358 fieri
606 2318 855 2357 sufficienter
872 2328 943 2366 per
961 2327 1100 2364 unum,
1114 2319 1364 2366 superfluum
1399 2324 1460 2357 est
1479 2320 1586 2367 quod
1606 2329 1675 2366 per

56 2367 184 2408 multa
200 2367 282 2405 fiat.
303 2367 488 2405 Videmus
518 2366 624 2404 enim
662 2366 770 2413 quod
793 2369 935 2418 natura
957 2373 1039 2402 non
1070 2366 1164 2403 facit
1198 2375 1269 2412 per
1298 2366 1377 2404 duo
1408 2367 1674 2404 instrumenta

53 2414 164 2463 quod
182 2417 315 2462 potest
341 2414 471 2452 facere
488 2422 558 2459 per
577 2422 715 2450 unum.
736 2414 829 2450 Cum
862 2413 984 2459 igitur
1003 2413 1131 2450 virtus
1164 2412 1300 2450 divina
1317 2411 1526 2452 sufficiens
1548 2413 1601 2451 sit
1625 2413 1676 2452 ad

54 2460 337 2510 producendos
367 2459 534 2499 effectus
564 2461 782 2504 naturales,
813 2459 1060 2505 superfluum
1100 2463 1162 2497 est
1198 2459 1386 2497 adhibere
1428 2459 1478 2499 ad
1515 2459 1677 2499 eosdem

53 2507 222 2547 effectus
253 2506 532 2555 producendos
560 2507 680 2544 etiam
717 2507 919 2544 naturales
953 2506 1143 2551 virtutes3
1163 2506 1239 2552 vel,
1263 2506 1299 2543 si
1328 2506 1455 2545 virtus
1481 2508 1676 2546 naturalis

53 2555 304 2597 sufficienter
321 2554 524 2602 proprium
545 2552 729 2591 effectum
750 2553 948 2599 producit,
970 2552 1216 2600 superfluum
1237 2556 1314 2599 est,
1332 2553 1440 2602 quod
1461 2552 1596 2592 divina
1630 2553 1675 2600 a<

53 2602 239 2641 eumdem
261 2601 446 2639 effectum
466 2604 569 2648 agat.

102 2651 295 2696 Praeterea,
311 2650 346 2687 si
366 2650 473 2686 Deus
489 2651 616 2686 totum
636 2646 821 2685 effectum
843 2646 1065 2684 naturalem
1084 2645 1282 2692 producit,
1303 2645 1406 2684 nihil
1437 2646 1677 2696 relinquitur

54 2695 106 2735 de
128 2695 270 2735 effectu
291 2695 462 2736 naturali
483 2694 615 2743 agenti
645 2694 694 2731 ad
714 2692 1026 2739 producendum.
1051 2694 1139 2746 Non
1157 2693 1314 2732 videtur
1336 2693 1460 2741 igitur
1477 2703 1568 2733 esse
1587 2703 1677 2742 pos-

55 2742 188 2827 sibige,
206 2743 317 2791 quod
344 2743 507 2781 eosdem
524 2741 690 2779 effectus
710 2742 816 2779 Deus
833 2739 1054 2788 producere
1077 2739 1248 2786 dicatur,
1268 2749 1373 2789 quos
1387 2749 1452 2779 res
1471 2742 1674 2780 naturales

57 2827 60 2830 .
86 2798 129 2826 ro
159 2794 296 2828 ucunt.

11 2838 14 2840 ’
57 2798 82 2835 p
106 2837 196 2875 Haec
231 2839 363 2875 autem
392 2834 668 2874 difficultatem
688 2842 771 2872 non
808 2833 993 2878 afferunt,
1014 2833 1049 2871 si
1070 2834 1279 2886 praemissa
1291 2834 1610 2874 considerentur.
1631 2836 1674 2873 In

55 2882 238 2929 quolibet
262 2883 371 2921 enim
397 2886 542 2931 agente
569 2885 632 2921 est
649 2881 730 2920 duo
749 2881 1019 2926 considerare,
1038 2881 1194 2920 scilicet
1212 2889 1296 2920 rem
1317 2882 1448 2929 ipsam
1468 2892 1557 2931 quae
1578 2883 1674 2929 agit,
