1894 3223
23 84 25 86 .
0 0 31 58 art.

41 0 65 38 *ta

661 112 748 148 [ΑΒ.
775 111 836 156 lv,
863 111 962 147 CAP.
987 111 1074 147 xm.
1617 111 1689 148 565

113 195 303 235 Praeterea,
321 202 440 232 omne
467 192 575 240 quod
605 192 765 230 advenit
794 193 912 230 alicui
935 196 1026 238 post
1057 201 1148 230 esse
1175 192 1415 239 completum
1457 191 1615 230 advenit
1648 190 1685 230 ei

67 241 372 279 accidentaliter.
395 239 490 285 Sed,
522 248 645 288 quum
681 239 844 277 Verbum
877 240 945 276 Dei
976 239 1028 277 sit
1061 239 1109 277 ab
1147 243 1309 285 aeterno,
1331 238 1588 276 manifestum
1626 241 1688 276 est

68 288 531 373 gggdhfflffingssumpta
562 286 719 324 advenit
739 287 775 324 ei
808 291 1009 333 postesse
1042 286 1296 333 completum.
1318 287 1442 333 igitur
1472 285 1631 322 advenit
1649 285 1689 323 ei

746 444 914 485 CAPUT
942 443 1042 484 XLI.

236 557 418 593 QUOMODO
453 557 654 587 OPORTEAT
688 558 1009 587 INGARNATIONEM
1040 558 1130 586 FILII
1161 558 1228 586 DEI
1259 557 1520 588 INTELLIGERE.

114 661 173 700 Ad
192 662 335 699 horum
354 661 475 708 igitur
493 660 736 699 solutionem
758 661 1106 704 considerandam,
1126 661 1245 706 paulo
1271 661 1390 699 altius
1417 661 1694 700 inchoandum

68 713 144 748 est.
165 709 296 754 Quum
316 709 421 746 enim
444 708 639 756 Eutyches
670 709 860 746 unionem
882 708 950 745 Dei
972 712 1010 745 et
1031 708 1207 746 hominis
1237 708 1378 745 factam
1401 717 1490 745 esse
1511 710 1687 754 posuerit

70 756 111 794 in
134 759 289 800 natura,
309 756 516 794 Nestorius
547 759 679 793 autem
712 765 785 793 nee
816 756 856 792 in
890 759 1030 792 natura
1062 755 1194 792 necin
1228 764 1413 802 persona,
1437 754 1536 792 fides
1557 760 1689 794 autem

71 803 269 842 catholica
289 804 364 841 hoc
382 807 514 840 teneat
548 802 655 849 quod
676 803 729 839 sit
748 802 850 840 facta
871 803 966 838 unio
988 803 1027 838 in
1060 811 1245 847 persona,
1268 811 1348 839 non
1369 803 1408 838 in
1432 806 1569 839 natura
1589 815 1597 847 ;
1621 812 1689 840 ne-

71 850 291 903 cessarium
311 849 466 888 videtur
484 859 808 897 praecognoscere
830 849 925 896 quid
946 849 999 886 sit
1018 850 1119 886 uniri
1137 850 1178 885 in
1196 854 1335 886 natura
1352 850 1495 896 etquid
1514 850 1564 887 sit
1583 850 1687 888 uniri

71 907 110 934 in
135 906 320 943 persona.

120 945 265 981 Natura
286 945 406 991 igitur
434 944 571 982 multis
609 944 740 981 modis
788 943 943 980 dicitnr.
966 945 1060 980 Nam
1094 947 1131 981 et
1163 944 1367 991 generatio
1398 944 1616 980 viventium
1650 947 1689 981 et

71 991 310 1037 principium
344 992 613 1038 generationis
635 996 672 1028 et
707 995 839 1028 motus
860 995 897 1027 et
927 991 1088 1027 materia
1118 993 1156 1027 et
1172 991 1300 1028 forma
1319 993 1455 1026 natura
1475 991 1688 1035 dicuntum

73 1039 167 1075 item
188 1042 226 1075 et
254 1039 469 1085 aliqnando
505 1042 644 1075 natura
677 1038 820 1075 dicitur
849 1038 954 1084 quod
989 1038 1083 1084 quid
1118 1037 1188 1082 rei,
1211 1038 1421 1074 continens
1455 1048 1501 1074 ea
1533 1047 1620 1084 quae
1640 1037 1688 1075 ad

73 1085 220 1130 speciei
241 1086 439 1132 pertinent
458 1086 738 1132 integritatem,
761 1085 864 1121 sicut
884 1085 1054 1121 dicimus
1077 1088 1255 1121 naturam
1279 1085 1492 1121 humanam
1515 1094 1691 1122 commu-

72 1141 164 1169 nem
182 1141 272 1169 esse
291 1132 475 1169 omnibus
508 1132 753 1174 bominibus,
776 1131 960 1168 similiter
981 1132 1020 1167 in
1041 1132 1208 1168 canteris.
1234 1131 1301 1167 llla
1323 1141 1417 1177 ergo
1439 1133 1629 1168 uniuntur
1648 1132 1689 1168 in

72 1183 215 1217 natura
231 1189 280 1216 ex
300 1179 446 1225 quibus
479 1179 735 1216 constituitur
766 1178 972 1223 integritas
995 1179 1140 1223 speciei
1161 1179 1356 1223 alicujus3
1379 1178 1481 1213 sicut
1502 1178 1634 1214 anima
1653 1181 1695 1215 et

73 1234 220 1272 corpus
240 1225 459 1263 humanum
482 1226 673 1262 uniuntur
693 1225 738 1262 ad
764 1225 1084 1262 constituendam
1115 1226 1286 1270 speciem
1321 1226 1521 1268 animalis,
1546 1229 1582 1261 et
1605 1225 1690 1262 uni-

71 1273 279 1310 versaliter
299 1282 558 1319 quaecumque
579 1277 669 1309 sunt
706 1276 836 1318 partes
867 1272 1027 1317 speciei.
1052 1274 1117 1308 Est
1145 1276 1273 1308 autem
1307 1272 1553 1317 impossibile
1585 1272 1691 1318 quod

73 1320 193 1358 alicui
214 1321 360 1366 speciei
395 1321 435 1356 in
455 1330 529 1357 sua
558 1320 782 1366 integritate
809 1320 890 1364 jam
913 1319 1135 1355 constitutae
1157 1319 1306 1365 aliquid
1328 1324 1558 1356 extraneum
1580 1319 1690 1356 unia-

74 1367 195 1404 turin
214 1367 404 1404 unitatem
438 1372 601 1407 naturae,
625 1367 702 1403 nisi
737 1367 889 1412 species
919 1367 1108 1403 solvatur.
1134 1367 1262 1410 Quum
1295 1367 1396 1402 enim
1430 1367 1583 1411 speeies
1612 1366 1693 1404 sint

75 1414 177 1452 sicut
196 1414 365 1459 numeri,
385 1415 426 1450 in
455 1414 600 1461 quibus
619 1413 802 1461 quaelibet
833 1414 966 1450 unitas
999 1413 1132 1450 addita
1151 1414 1212 1450 vel
1233 1413 1435 1450 subtracta
1453 1414 1578 1449 variat
1605 1422 1692 1459 spe-

75 1461 188 1504 ciem,
207 1461 241 1498 si
257 1461 353 1508 quid
378 1461 426 1498 ad
447 1461 621 1506 speciem
651 1461 730 1507 jam
755 1462 966 1505 perfectam
996 1461 1174 1503 addatur,
1198 1470 1363 1497 necesse
1394 1460 1549 1505 estjam
1572 1461 1690 1497 aliam

75 1509 246 1554 speciem
281 1509 533 1552 esse;sicut‚
555 1508 590 1545 si
624 1508 856 1544 substantiae
888 1510 1071 1544 animatae
1104 1511 1256 1543 tantum
1291 1508 1456 1543 addatur
1483 1507 1692 1548 sensibile,

75 1555 149 1592 erit
164 1555 244 1601 jam
266 1555 342 1592 alia
367 1556 544 1600 species:
566 1564 656 1591 nam
678 1555 822 1590 animal
843 1558 879 1589 et
903 1555 1033 1598 planta
1052 1554 1215 1591 diversae
1237 1555 1391 1598 species
1410 1557 1514 1590 sunt.
1532 1554 1692 1591 Contin-

74 1601 130 1648 git
149 1606 280 1638 tamen
300 1601 338 1638 id
367 1602 472 1648 quod
492 1611 571 1638 non
593 1604 653 1638 est
681 1601 728 1638 de
749 1602 972 1646 integritate
994 1601 1138 1647 speciei
1162 1602 1200 1637 in
1228 1601 1362 1647 aliquo
1383 1601 1588 1637 individuo
1619 1600 1693 1638 sub

75 1648 152 1686 alia
181 1649 313 1695 specie
333 1651 520 1686 contento
539 1648 700 1695 reperiri
717 1660 726 1693 3
748 1648 849 1685 sicut
866 1648 997 1685 album
1020 1652 1058 1685 et
1077 1649 1258 1685 vestitum
1288 1648 1327 1684 in
1349 1649 1507 1685 Socrate
1526 1648 1587 1685 vel
1607 1648 1694 1685 Pla-

75 1700 182 1741 tone,
201 1699 268 1734 aut
297 1696 442 1743 digitus
473 1700 609 1734 sextus
628 1696 700 1732 vel·
720 1695 868 1743 aliquid
903 1696 1144 1741 hujusmodi.
1168 1695 1276 1733 Unde
1305 1695 1400 1732 nihil
1420 1695 1601 1741 probibet
1623 1694 1693 1732 ali-

76 1753 154 1791 qua
187 1743 362 1780 uniri-in
394 1743 599 1780 individuo
628 1752 714 1790 quae
749 1752 826 1779 non
860 1743 1049 1779 uniuntur
1076 1745 1116 1779 in
1153 1753 1231 1782 nna
1264 1743 1488 1786 integritate
1521 1742 1691 1787 speeiei;

77 1792 181 1828 sicut
211 1791 386 1827 humana
406 1795 546 1828 natura
567 1794 604 1827 et
635 1789 774 1827 albedo
808 1793 844 1825 et
865 1790 1017 1826 musica
1041 1790 1078 1825 in
1099 1790 1273 1834 Socrate,
1290 1794 1326 1826 et
1348 1789 1573 1835 liuJ‘usmodi
1606 1798 1693 1835 quie

77 1837 262 1875 dicuntur
278 1846 368 1874 esse
400 1846 522 1874 unum
556 1837 747 1882 subjecto.
773 1838 829 1880 Et,
851 1837 942 1883 quia
963 1837 1210 1873 individuum
1232 1837 1271 1872 in
1294 1846 1438 1883 genere
1460 1836 1692 1882 substantiae

77 1884 219 1922 dicitur
250 1885 492 1932 hypostasis,
514 1885 555 1921 in
576 1884 811 1921 substantiis
844 1887 973 1920 autem
1008 1884 1268 1920 rationalibus
1299 1884 1441 1919 dicitur
1461 1884 1579 1919 <aiam
1606 1892 1692 1928 per—

77 1939 190 1977 sona,
213 1931 494 1969 convenienter
521 1931 658 1968 omnia
676 1931 904 1977 hujusmodi
927 1931 1110 1967 dicuntur
1132 1931 1235 1967 uniri
1263 1931 1482 1968 secundum
1510 1931 1692 1976 hyposta-

77 1979 153 2016 sim
175 1979 235 2016 vel
257 1979 375 2016 etiam
406 1978 625 2016 secundum
659 1987 885 2024 personam.
905 1978 966 2014 Sic
988 1978 1108 2023 igitur
1130 1981 1233 2023 patet
1266 1978 1371 2024 quod
1394 1978 1490 2013 nillil
1513 1977 1694 2022 prohibet

77 2026 212 2073 aliqua
231 2034 309 2062 non
332 2026 444 2063 unita
478 2035 567 2063 esse
591 2025 810 2063 secundum
833 2028 1028 2069 naturam,
1051 2025 1155 2061 uniri
1173 2028 1305 2062 autem
1327 2025 1546 2062 secundum
1567 2024 1691 2072 hypo-

78 2073 218 2110 Stasim
238 2073 299 2109 vel
317 2081 542 2118 personam.

125 2119 341 2156 Audientes
370 2123 502 2156 autem
540 2119 711 2156 liaeretici
741 2119 783 2155 in
806 2119 962 2156 Christo
996 2119 1184 2157 unionem
1222 2119 1290 2156 Dei
1327 2122 1364 2155 et
1393 2119 1570 2156 hominis
1602 2128 1692 2156 esse

79 2167 236 2211 factam,
258 2166 469 2249 contrsslriis
498 2165 573 2203 viis
603 2165 854 2203 incesserunt
885 2165 935 2203 ad
968 2167 1042 2203 hoc
1078 2165 1392 2213 expendendum,
1426 2165 1693 2211 praetermisso

77 2214 234 2251 tramite
255 2213 377 2250 verita
397 2212 443 2250 's.

123 2260 252 2308 Aliqui
273 2261 378 2298 enim
401 2260 504 2298 hanc
524 2260 713 2297 unionem
734 2259 1029 2296 aestimaverunt
1044 2259 1090 2296 ad
1110 2260 1270 2296 modum
1289 2268 1424 2296 eorum
1447 2268 1533 2306 quae
1555 2259 1689 2296 uniun-

77 2307 198 2345 turin
220 2317 338 2345 unam
360 2311 540 2344 naturam
561 2319 570 2351 ;
592 2307 697 2344 sicut
720 2307 836 2343 Arius
857 2310 895 2343 et
911 2307 1163 2352 Apollinaris,
1186 2309 1379 2353 ponentes
1400 2306 1504 2351 quod
1526 2305 1691 2342 Verbum

78 2359 162 2392 erat
189 2355 344 2401 corpori
376 2354 518 2392 Christi
546 2362 618 2400 pro
647 2353 781 2391 anima
811 2353 894 2390 sive
916 2362 986 2399 pro
1018 2357 1173 2398 mente3
1194 2357 1233 2390 et
1263 2353 1367 2390 sieut
1398 2353 1605 2400 Eutyclie5‚
1626 2353 1690 2399 qui

77 2401 214 2448 posuit
233 2406 323 2438 ante
341 2401 654 2438 incarnationem
674 2401 773 2437 duas
795 2404 969 2445 naturas,
999 2401 1064 2436 Dei
1085 2403 1123 2436 et
1140 2400 1327 2442 hominis,
1350 2404 1440 2445 post
1460 2400 1696 2436 incarnatio-

78 2457 168 2484 nem
202 2458 293 2485 vero
327 2457 460 2486 unam.
482 2449 553 2485 Sed
583 2457 719 2484 eorum
754 2447 900 2484 dictum
926 2448 1091 2484 omnino
1119 2447 1480 2493 impossibilitatem
1502 2447 1691 2484 continet.

78 2494 330 2532 Manifestum
351 2499 412 2532 est
431 2496 537 2532 enim
558 2500 740 2532 naturam
759 2495 871 2531 Verbi
893 2494 941 2532 ab
972 2498 1120 2531 aeterno
1141 2495 1180 2530 in
1201 2503 1275 2531 sua,
1299 2494 1523 2539 integritate
1545 2494 1692 2540 persec-

76 2542 276 2579 tissimam
294 2550 399 2586 esse,
422 2551 494 2578 nec
513 2542 678 2579 omnino
693 2542 883 2587 corrumpi
905 2546 972 2578 aut
992 2541 1134 2578 mutari
1158 2549 1300 2587 posse;
1320 2541 1425 2578 unde
1445 2540 1703 2586 impossibile·

78 2594 140 2626 est
160 2588 310 2636 aliquid
342 2589 609 2626 extrinsecum
629 2597 654 2626 a
685 2592 825 2625 natura
855 2588 1002 2633 divina,
1024 2591 1158 2634 utpote
1192 2591 1372 2624 naturam
1399 2588 1612 2625 humanam
1632 2587 1693 2624 vel

77 2636 250 2684 aliquam
272 2638 419 2681 partem
441 2635 541 2682 ejus,
563 2635 603 2672 in
624 2635 814 2672 unitatem
833 2640 982 2672 naturae
1003 2635 1038 2671 ei
1057 2635 1255 2672 advenire.

122 2683 196 2720 Alii
216 2692 321 2724 vero,
343 2682 463 2730 hujus
482 2682 695 2728 positionis
726 2682 1090 2728 impossibilitatem
1121 2682 1317 2727 videntes,
1338 2682 1380 2719 in
1413 2681 1516 2718 viam
1537 2684 1692 2718 contra-

76 2731 173 2768 riam
195 2730 449 2768 diverterunt.
472 2731 524 2766 Ea
544 2729 646 2766 enim
669 2738 756 2776 quae
788 2729 947 2765 habenti
980 2729 1154 2776 aliquam
1186 2733 1364 2765 naturam
1388 2729 1600 2765 adveniunt
1620 2737 1686 2766 nec

74 2780 208 2815 tamen
226 2777 425 2824 pertinent
445 2777 493 2814 ad
514 2776 778 2824 integritatem
811 2779 960 2813 naturae
979 2775 1104 2821 illius,
1124 2775 1186 2812 vel
1207 2776 1427 2813 accidentia
1447 2785 1535 2813 esse
1556 2776 1690 2812 viden-

76 2827 152 2869 tur,
173 2827 215 2862 ut
248 2823 389 2863 albedo
423 2828 461 2861 et
492 2823 658 2866 musica,
680 2823 740 2860 vel
774 2822 1072 2861 accidentaliter·
1097 2832 1141 2860 se
1169 2823 1313 2860 habere
1344 2823 1392 2860 ad
1421 2823 1566 2869 ipsum,
1589 2823 1694 2860 sicut

80 2872 268 2917 annulus,
291 2871 587 2916 vestimentum,
605 2870 765 2915 domus,
787 2873 825 2907 et
857 2870 1016 2908 similia.
1052 2869 1356 2908 considerantes
1403 2875 1533 2908 autem
1570 2868 1691 2916 quod,
