1894 3223
135 111 206 146 258
760 107 850 143 LIB.
878 107 941 146 111,
969 105 1070 142 CAP.
1097 106 1127 143 1.

587 354 865 407 LIBER
926 355 1303 410 TERTIUS

840 669 1008 711 CAPUT
1027 668 1059 710 1.

716 783 935 813 Pfloofflmm
949 783 1003 813 AD
1024 783 1257 818 SEQUENTIA.

187 898 282 932 Deus
300 903 453 938 magnus
470 894 656 938 Dominus,
675 896 711 929 et
729 895 805 930 Rem
820 904 972 938 maynus
991 904 1100 940 super
1118 904 1236 931 omnes
1255 894 1350 930 deos.
1364 894 1541 938 Quoniam
1559 904 1633 931 non
1651 895 1766 941 repel-

142 943 190 979 let
205 943 377 978 Dominus
390 940 529 986 plebem
547 951 663 981 suam,
687 942 775 986 quia
790 943 830 976 in
847 952 959 977 manu
977 940 1056 986 ejus
1072 943 1157 978 sunt
1181 951 1300 977 omnes
1320 943 1408 987 fines
1421 945 1526 978 terrae
1548 944 1582 977 et
1598 942 1766 978 altitudi-

141 1000 204 1026 nes
222 990 397 1025 montium
427 989 505 1033 ipse
540 989 728 1034 conspicit.
766 987 943 1032 Quoniam
973 990 1089 1034 ipsius
1122 991 1176 1025 est
1207 999 1318 1029 mare,
1357 992 1391 1024 et
1407 990 1485 1035 ipse
1502 990 1592 1034 fecit
1606 990 1714 1035 illud,
1732 993 1767 1026 et

141 1039 273 1074 siccam
292 1045 420 1072 manus
434 1035 511 1080 ejus
527 1036 778 1080 formaverunt
793 1035 906 1082 (Psal.
928 1043 1036 1080 xciv,
1059 1038 1148 1080 3-5).

192 1087 320 1121 [num
335 1091 424 1120 esse
441 1082 611 1135 primum
635 1083 800 1127 entium,
818 1083 942 1120 totius
960 1092 1049 1120 esse
1061 1082 1345 1130 perfectionem
1359 1082 1518 1129 plenam
1532 1083 1764 1130 possidens,

144 1132 251 1179 quod
277 1132 401 1167 Deum
434 1130 619 1173 dicimus,
648 1133 855 1167 ostensum
891 1133 951 1167 est
987 1130 1171 1176 superius
1191 1129 1231 1176 (l.
1256 1139 1285 1175 1,
1301 1140 1336 1167 c.
1360 1129 1432 1177 13),
1464 1130 1571 1177 quod
1601 1139 1648 1168 ex
1681 1139 1766 1169 suae

142 1177 403 1229 perfectionis
439 1176 683 1214 abundantia
719 1177 906 1214 omuibus
944 1177 1231 1214 exsistentibus
1271 1186 1361 1214 esse
1395 1177 1577 1225 largitur,
1598 1181 1642 1215 ut
1682 1187 1764 1215 non

144 1226 275 1264 solum
295 1232 468 1270 primum
487 1224 652 1276 entium,
670 1224 741 1262 sed
761 1227 797 1261 et
815 1224 986 1269 primum
1009 1224 1248 1270 principium
1267 1223 1448 1262 omnium
1472 1232 1562 1263 esse
1581 1233 1765 1271 compro-

142 1273 271 1311 betur.
293 1274 388 1309 Esse
420 1274 551 1308 autem
581 1271 673 1308 aliis
705 1271 843 1308 tribuit
863 1280 944 1308 non
980 1272 1218 1309 necessitate
1250 1274 1415 1316 naturae,
1447 1271 1518 1310 sed
1541 1273 1763 1310 secundum

144 1329 228 1358 suae
246 1318 453 1357 arbitrium
471 1318 702 1363 voluntatis,
725 1322 767 1355 ut
792 1328 839 1356 ex
860 1319 1134 1364 superioribus
1155 1318 1197 1365 (l.
1218 1327 1262 1362 11,
1284 1328 1318 1355 c.
1339 1318 1400 1366 23)
1418 1319 1761 1357 estmanifestum.

144 1368 254 1404 Unde
287 1374 539 1412 consequens
571 1369 645 1418 est·
663 1369 707 1402 ut
737 1366 930 1402 factorum
963 1374 1127 1402 suorum
1148 1366 1202 1403 sit
1231 1365 1446 1410 dominus;
1466 1374 1559 1403 nam
1577 1375 1698 1419 super
1718 1376 1767 1404 ea

144 1424 233 1461 quae
270 1417 416 1451 nostrae
454 1413 648 1449 voluntati
688 1412 922 1450 subdundur
945 1412 1212 1450 dominamur.
1249 1413 1332 1449 Hoc
1368 1416 1499 1449 autem
1539 1413 1764 1451 dominium

144 1470 266 1507 super
285 1469 348 1498 res
369 1469 392 1512 a
412 1469 454 1512 se
472 1459 686 1506 productas
705 1460 921 1506 perfectum
940 1459 1070 1504 habet,
1091 1463 1224 1506 utpote
1245 1459 1312 1507 qui
1327 1459 1377 1496 ad
1396 1469 1465 1497 eas
1483 1459 1766 1506 producendas

143 1518 227 1546 non
259 1512 468 1544 exterioris
503 1506 659 1554 agentis
697 1507 940 1544 adminiculo
979 1507 1132 1553 indiget
1169 1516 1244 1544 nec
1277 1507 1453 1544 materiae
1488 1507 1764 1553 fundamento,

144 1565 268 1603 quum
289 1556 341 1592 sit
361 1554 484 1592 totius
505 1563 594 1591 esse
615 1554 854 1591 universalis
874 1553 1049 1592 effector.
1072 1555 1215 1592 Eorum
1235 1557 1368 1591 autem
1384 1563 1472 1601 quae
1491 1563 1561 1600 per
1580 1555 1762 1592 volunta-

142 1607 222 1640 tem
245 1602 518 1649 producuntur
550 1602 706 1648 agentis
738 1601 1052 1649 unumquodque
1089 1601 1138 1639 ab
1173 1605 1315 1648 agente
1351 1601 1394 1638 in
1431 1600 1551 1638 finem
1589 1602 1764 1649 aliquem

145 1651 377 1694 ordinatur;
398 1648 547 1686 bonum
565 1649 670 1685 enim
688 1653 725 1684 et
743 1648 835 1685 finis
865 1653 924 1685 est
943 1649 1140 1695 objectum
1167 1648 1372 1694 proprium
1391 1648 1633 1693 voluntatis;
1658 1649 1764 1687 unde

143 1706 312 1735 necesse
334 1700 393 1734 est
414 1699 456 1733 ut
473 1705 560 1742 quae
582 1705 629 1732 ex
648 1695 851 1732 voluntate
872 1696 1092 1741 procedunt
1112 1696 1159 1733 ad
1180 1695 1300 1733 finem
1318 1696 1490 1742 aliquem
1513 1696 1761 1734 ordinentur.

145 1746 282 1783 Finem
302 1748 430 1781 autem
454 1742 637 1780 ultimum
655 1752 902 1789 unaquaeque
923 1752 987 1780 res
1015 1753 1085 1789 per
1117 1752 1230 1780 suam
1261 1743 1521 1789 consequitur
1548 1743 1763 1790 actionem,

146 1801 265 1839 quam
302 1794 456 1838 oportet
476 1790 592 1835 dirigi
628 1789 676 1827 ab
715 1799 765 1833 eo,
784 1791 850 1836 qui
884 1789 1080 1836 principia
1115 1789 1234 1827 rebus
1255 1789 1362 1826 dedit
1392 1799 1461 1835 per
1498 1799 1585 1837 quae
1623 1795 1761 1837 agunt.

144 1840 316 1877 Necesse
336 1842 394 1875 est
414 1838 536 1885 igitur
551 1840 594 1873 ut
609 1838 730 1881 Deus,
750 1837 817 1883 qui
837 1840 898 1873 est
916 1836 957 1873 in
979 1845 1023 1884 se
1044 1836 1276 1873 naturaliter
1298 1836 1497 1881 perfectus
1517 1841 1555 1873 et
1575 1837 1762 1875 omnibus

146 1886 304 1923 entibus
326 1895 370 1922 ex
393 1895 466 1922 sua
485 1887 678 1929 potestate
708 1893 798 1921 esse
831 1883 1012 1929 largitur,
1046 1883 1226 1920 omnium
1255 1882 1406 1919 entium
1438 1886 1567 1920 rector
1598 1883 1760 1930 existat,

145 1943 170 1971 a
189 1933 300 1970 nullo
322 1933 457 1979 utique
476 1932 648 1968 directus
665 1942 673 1975 ;
696 1939 769 1968 nec
790 1934 851 1968 est
869 1930 1144 1977 aliquid'quod
1161 1930 1208 1967 ab
1222 1929 1308 1976 eJus
1327 1929 1522 1977 regimine
1536 1932 1761 1976 excusetur,

145 1981 252 2019 sicut
271 1989 343 2017 nec
363 1983 422 2017 est
450 1977 599 2025 aliquid
626 1977 732 2024 quod
763 1977 812 2014 ab
844 1977 933 2023 ipso
966 1986 1056 2015 esse
1090 1986 1169 2014 non
1193 1977 1394 2014 sortiatur.
1417 1978 1484 2014 Est
1501 1977 1637 2025 igitur,
1658 1977 1765 2015 sicut

143 2027 344 2074 perfectus
364 2026 406 2063 in
441 2025 613 2063 essendo
633 2028 670 2061 et
707 2024 924 2069 causando,
953 2024 1008 2062 ita
1035 2024 1152 2061 etiam
1192 2028 1230 2061 et
1262 2024 1304 2060 in
1334 2022 1510 2070 regendo
1547 2025 1760 2070 perfectus.

145 2074 271 2120 Hujus
292 2083 384 2111 vero
405 2073 613 2120 regiminis
632 2071 797 2109 effectus
817 2072 860 2109 in
881 2071 1049 2109 diversis
1070 2074 1232 2118 apparet
1251 2070 1519 2108 diversimode
1540 2071 1762 2108 secundum

145 2122 408 2160 differentiam
429 2125 674 2157 naturarum.

194 2168 381 2213 Quaedam
419 2177 589 2214 namque
611 2167 670 2204 sic
691 2175 713 2202 a
733 2167 813 2204 Deo
848 2166 1041 2213 producta
1060 2168 1153 2204 sunt
1190 2168 1246 2206 ut,
1276 2164 1522 2202 intellectum
1561 2164 1764 2211 habentia,

146 2216 231 2263 ejus
254 2215 556 2253 similitudinem
578 2217 717 2262 gerant
736 2217 774 2250 et
806 2213 1023 2261 imaginem
1053 2214 1337 2260 repraesentent
1354 2223 1364 2257 3
1382 2211 1488 2249 unde
1508 2214 1546 2249 et
1573 2211 1662 2259 ipsa
1681 2221 1763 2250 non

146 2264 278 2301 solum
300 2267 393 2300 sunt
413 2262 574 2309 directa,
595 2261 665 2299 sed
686 2264 724 2297 et
742 2261 876 2307 seipsa
895 2260 1107 2308 dirigentia
1127 2259 1347 2298 secundum
1379 2259 1563 2305 proprias
1582 2259 1762 2298 actiones

144 2311 186 2348 in
209 2310 383 2348 debitum
403 2309 521 2347 finem
540 2322 548 2354 ;
570 2318 671 2356 quae,
695 2308 729 2345 si
751 2308 792 2345 in
813 2317 886 2346 sua
917 2308 1134 2345 directione
1165 2306 1351 2354 regimini
1371 2306 1506 2343 divino
1527 2306 1759 2353 subdantur·

145 2358 195 2395 ad
215 2358 398 2395 ultimum
418 2354 536 2394 finem
554 2355 881 2404 consequendum
898 2366 946 2392 ex
965 2355 1099 2392 divino
1114 2354 1308 2402 regimine
1329 2353 1615 2399 admittuntur;
1636 2353 1762 2400 repel-

143 2405 280 2443 luntur
299 2409 445 2449 autem,
465 2405 499 2442 si
518 2413 636 2442 secus
657 2403 699 2440 in
720 2412 795 2440 sua
815 2403 1032 2440 directione
1052 2400 1336 2449 processerint.

191 2454 276 2490 Alia
297 2462 404 2495 vero,
425 2452 627 2489 intellectu
651 2450 840 2495 carentia,
860 2450 992 2496 seipsa
1009 2450 1050 2486 in
1072 2458 1189 2487 suum
1212 2448 1332 2485 finem
1360 2456 1442 2485 non
1468 2447 1658 2494 dirigunt,
1693 2446 1764 2484 sed

146 2501 194 2538 ab
227 2501 305 2538 alio
336 2500 588 2546 diriguntur3
618 2506 788 2546 quorum
823 2498 1018 2544 quaedam,
1051 2494 1368 2542 incorruptibilia
1399 2494 1628 2538 existentia,
1659 2493 1765 2530 sicut

145 2547 188 2583 in
209 2557 297 2584 esse
319 2546 489 2584 naturali
508 2546 589 2593 pati
610 2554 692 2583 non
710 2549 880 2591 possunt
910 2544 1120 2589 defectum,
1141 2543 1196 2581 ila
1214 2544 1256 2581 in
1277 2542 1450 2589 propriis
1469 2540 1694 2579 actionibus
1713 2539 1762 2577 ab

147 2594 285 2631 ordine
306 2594 347 2630 in
368 2593 487 2631 finem
508 2594 566 2631 eis
585 2594 851 2640 praestitutum
874 2600 1125 2639 nequaquam
1147 2590 1382 2631 exorbitant,
1405 2588 1475 2626 sed
1490 2586 1765 2640 indeficienter

146 2641 331 2687 regimini
354 2641 471 2687 primi
492 2640 669 2688 regentis
691 2640 939 2683 subduntur;
959 2639 1063 2677 sicut
1080 2641 1175 2676 sunt
1195 2645 1363 2684 corpora
1380 2636 1572 2679 coelestla‚
1592 2641 1761 2681 quorum

146 2690 280 2724 motus
301 2696 455 2733 semper
475 2688 727 2726 uniformiter
743 2687 977 2732 procedunt.

193 2733 279 2771 Alia
309 2743 416 2778 vero,
450 2734 724 2781 corruptibilia
756 2733 980 2776 existentia,
1009 2732 1204 2770 naturalis
1236 2739 1326 2769 esse
1355 2729 1435 2776 pati
1461 2730 1631 2775 possunt
1657 2727 1762 2764 defe-

149 2784 268 2824 ctum,
289 2781 355 2827 qui
377 2784 509 2816 tamen
528 2791 598 2827 per
629 2780 793 2818 alterius
811 2781 1031 2827 profectum
1065 2778 1310 2826 completur;
1330 2784 1436 2820 nam,
1459 2783 1540 2812 uno
1561 2779 1762 2826 corrup-to,

149 2827 257 2865 aliud
278 2829 580 2874 generaturam
608 2828 792 2864 similiter
823 2828 864 2864 in
899 2826 1126 2864 actionibus
1161 2823 1373 2871 propriisa
1410 2820 1580 2873 naturali
1623 2822 1764 2858 ordine

149 2874 361 2919 deficiunt;
383 2874 450 2921 qui
480 2877 611 2911 tamen
639 2874 816 2912 defectus
843 2883 913 2920 per
937 2873 1099 2921 aliquod
1115 2873 1266 2910 bonum
1287 2869 1377 2907 inde
1395 2877 1633 2915 proveniens
1655 2877 1764 2906 com·
