1894 3223
155 141 223 178 322
779 132 869 168 LIB.
896 131 962 175 ΙΙΙ,
989 130 1090 167 CAP.
1118 130 1158 168 L.

156 222 346 266 separatae
367 217 618 262 cognoscunt
636 212 817 250 omnium
849 220 996 256 rerum,
1017 221 1184 259 quarum
1215 211 1482 250 substantiam
1518 211 1665 251 vident,
1691 220 1785 249 esse

155 269 278 305 Deum
300 271 477 306 causam,
503 269 586 298 non
605 259 777 307 quiescit
799 258 1041 296 desiderium
1059 259 1239 296 naturale
1257 259 1300 296 in
1331 259 1448 306 ipsis,
1469 258 1549 296 nisi
1583 261 1621 295 et
1651 258 1785 304 ipsius

156 314 224 351 Dei
245 309 510 348 substantiam
530 307 706 344 videant.

202 358 346 398 Adhuc,
369 356 473 393 sicut
491 364 534 392 se
555 354 672 391 habet
703 353 872 400 quaestio
901 355 1054 399 propter
1086 353 1177 399 quid
1211 353 1260 390 ad
1292 353 1555 401 quaestionem
1590 353 1691 399 quia,
1728 352 1784 391 ita

158 416 199 444 se
222 403 338 442 habet
357 402 526 450 quaestio
553 401 644 447 quid
677 403 729 436 est
760 400 808 437 ad
842 401 1104 447 quaestionem
1137 411 1185 436 an
1214 403 1279 436 est.
1312 402 1409 438 Nam
1436 399 1605 448 quaestio
1634 402 1785 446 propter

157 452 247 499 quid
280 450 420 498 quaerit
451 449 627 486 medium
660 448 710 485 ad
744 446 1098 485 demonstrandum
1136 449 1226 493 quia
1253 450 1315 485 est
1347 447 1518 494 aliquid3
1550 450 1646 493 puta
1676 445 1782 494 quod

155 501 252 538 luna
271 497 499 544 eclipsatur.
514 498 558 533 Et
578 494 763 533 similiter
781 494 950 542 quaestio
968 494 1057 540 quid
1075 497 1128 530 est
1146 494 1289 542 quaerit
1319 493 1483 532 modum
1515 495 1565 532 ad
1597 494 1783 531 demons-

156 545 342 583 trandum
362 555 411 580 an
439 546 503 588 est,
537 541 758 580 secundum
789 541 1010 579 doctrinam
1041 541 1226 578 traditam
1257 540 1301 578 in
1332 541 1509 579 secundo
1537 543 1783 578 Posteriorum

159 594 265 639 (text.
288 600 432 629 comm.
456 590 504 638 1).
525 589 713 627 Videmus
742 592 874 626 autem
898 588 1004 635 quod
1024 587 1205 626 videntes
1225 588 1318 635 quia
1336 592 1397 626 est
1434 588 1599 636 aliquid,
1624 592 1783 625 natura-

156 641 246 677 liter
269 640 371 676 scire
393 638 621 676 desiderant
639 640 800 683 propter
816 636 926 683 quid.
949 637 1050 682 Ergo
1071 638 1109 672 et
1127 639 1419 682 cognoscentes
1446 645 1497 672 an
1530 635 1682 683 aliquid
1717 636 1782 676 sit,

159 686 393 723 naturaliter
421 686 523 723 scire
557 684 785 721 desiderant
815 683 910 730 quid
942 686 1002 720 est
1033 682 1180 729 ipsum.
1204 682 1317 727 Quod
1346 685 1408 720 est
1439 682 1663 729 intelligere
1697 682 1784 729 ejus

159 733 438 772 substantiam.
462 735 545 769 Non
568 731 691 778 igitur
709 731 907 777 quietatur
927 729 1107 768 naturale
1124 729 1277 767 sciendi
1299 729 1541 766 desiderium
1568 731 1610 766 in
1646 730 1786 776 cogni·

159 782 267 818 tione
290 780 373 826 Dei,
392 790 468 827 qua
491 780 615 816 scitur
637 778 684 815 de
704 778 794 825 ipso
814 778 943 815 solum
967 777 1062 824 quia
1080 780 1155 814 est.

205 828 387 873 Amplius,
422 827 522 863 nihil
551 826 707 862 finitum
735 825 977 862 desiderium
1011 823 1240 861 intellectus
1271 823 1449 870 quietare
1493 825 1638 869 potest.
1675 822 1788 867 Quod

161 875 301 913 exinde
336 874 573 918 ostenditur,
596 872 702 920 quod
733 872 961 909 intellectus
1001 870 1182 919 quolibet
1210 869 1326 907 finito
1363 870 1469 914 dato,
1500 868 1652 916 aliquid
1685 869 1790 907 ultra

160 922 335 960 molitur.
378 920 487 958 Unde
525 920 701 968 qualibet
737 919 845 956 linea
880 919 994 956 finita
1032 918 1143 959 data,
1184 917 1358 964 aliquam
1398 916 1588 963 majorem
1626 916 1791 954 molitur

162 969 470 1016 apprehendere.
495 969 534 1004 Et
558 967 744 1004 similiter
762 966 803 1003 in
822 966 1016 1004 numeris.
1038 967 1083 1002 Et
1101 965 1188 1002 haec
1208 968 1270 1002 est
1287 964 1389 1001 ratio
1420 963 1587 1001 infinitae
1620 963 1790 1001 additio·

161 1017 225 1054 nis
246 1016 285 1052 in
307 1015 485 1053 numeris
506 1019 543 1051 et
561 1015 680 1051 lineis
698 1013 1006 1051 mathematicis.
1026 1012 1202 1050 Altitudo
1221 1015 1353 1049 autem
1370 1014 1409 1048 et
1426 1011 1554 1048 virtus
1575 1010 1791 1057 cujuslibet

162 1064 395 1102 substantiae
417 1065 556 1099 creatae
576 1061 688 1098 finita
707 1064 780 1098 est.
803 1063 888 1098 Non
916 1060 1040 1108 igitur
1070 1059 1298 1096 intellectus
1327 1057 1562 1096 substantiae
1594 1061 1787 1104 separatae

162 1111 332 1158 quiescit
363 1118 433 1156 per
464 1109 554 1153 hoc,
576 1109 683 1156 quod
715 1108 925 1155 cognoscit
956 1107 1204 1145 substantias
1234 1109 1388 1143 creatas
1418 1108 1788 1152 quantumcumque

163 1158 398 1202 eminentes,
415 1156 485 1193 sed
505 1155 634 1197 adhuc
654 1155 825 1192 naturali
846 1154 1046 1192 desiderio
1065 1153 1193 1190 tendit
1212 1153 1262 1191 ad
1282 1152 1590 1199 intelligendum
1606 1151 1792 1189 substan-

160 1205 257 1242 tiam
279 1213 365 1251 quae
385 1207 442 1240 est
463 1203 685 1240 altitudinis
702 1202 882 1247 infinitae,
903 1205 948 1239 ut
963 1202 1006 1238 in
1024 1201 1154 1247 primo
1187 1200 1255 1238 lib.
1280 1199 1380 1247 (cap.
1404 1199 1464 1247 43)
1487 1203 1694 1236 ostensum
1731 1202 1792 1236 est

163 1252 211 1290 de
232 1251 455 1289 substantia
473 1250 619 1287 divina.

210 1301 400 1339 Praeterea,
439 1298 543 1335 sicut
581 1296 760 1334 naturale
801 1295 1045 1333 desiderium
1081 1294 1188 1331 inest
1227 1293 1416 1331 omnibus
1451 1292 1794 1332 intellectualibus

164 1347 319 1384 naturis
338 1345 387 1382 ad
408 1344 630 1388 sciendum,
659 1343 714 1380 ita
734 1343 840 1380 inest
859 1343 917 1380 eis
937 1341 1115 1379 naturale
1144 1341 1386 1380 desiderium
1417 1340 1686 1387 ignorantiam
1719 1350 1792 1379 seu

165 1392 427 1430 nescientiam
446 1391 635 1438 pellendi.
664 1390 903 1428 Substantiae
925 1393 1056 1426 autem
1085 1392 1290 1435 separatae,
1313 1388 1418 1425 sicut
1441 1387 1523 1433 J'am
1551 1387 1700 1426 dictum
1732 1391 1796 1426 est

166 1440 265 1487 (cap.
288 1438 362 1486 49),
385 1441 638 1485 cognoscunt
665 1437 853 1483 praedicto
885 1436 1130 1482 cognitionis
1161 1435 1281 1473 modo
1313 1434 1578 1472 substantiam
1599 1434 1668 1472 Dei
1703 1443 1796 1473 esse

165 1496 285 1533 supra
318 1495 374 1529 se,
398 1490 433 1522 et
468 1495 588 1531 supra
621 1493 738 1521 omne
772 1484 878 1531 quod
912 1484 959 1520 ab
991 1483 1049 1520 eis
1084 1482 1334 1529 intelligitur,
1368 1485 1406 1519 et
1435 1490 1507 1528 per
1540 1489 1796 1529 consequens

165 1535 299 1572 sciunt.
329 1532 501 1569 divinam
533 1531 799 1569 substantiam
829 1531 905 1568 sibi
938 1539 1027 1568 esse
1060 1530 1254 1576 ignotam.
1286 1528 1425 1566 Tendit
1455 1528 1579 1575 igitur
1612 1529 1795 1566 naturale

164 1582 345 1628 ipsorum
368 1579 610 1617 desiderium
631 1579 679 1616 ad
699 1578 1000 1626 intelligendam
1022 1577 1195 1614 divinam
1216 1576 1498 1614 substantiam.

213 1630 313 1669 Item,
339 1631 488 1674 quanto
513 1626 664 1674 aliquid
684 1630 743 1663 est
763 1625 833 1662 fini
855 1624 1136 1672 propinquius,
1157 1627 1268 1661 tanto
1288 1623 1429 1670 majori
1451 1622 1651 1660 desiderio
1669 1623 1797 1661 tendit

171 1675 220 1712 ad
242 1675 375 1712 finem.
397 1674 505 1711 Unde
524 1678 561 1711 et
579 1673 761 1710 videmus
782 1673 888 1720 quod
907 1677 1040 1709 motus
1059 1671 1253 1709 naturalis
1274 1679 1488 1717 corporum
1508 1670 1550 1707 in
1568 1669 1647 1708 fine
1664 1670 1796 1708 inten-

171 1723 291 1759 ditur.
316 1722 545 1759 Intellectus
567 1724 699 1758 autem
720 1720 1034 1758 substantiarum
1064 1722 1335 1765 separatarum
1366 1717 1673 1765 propinquiores
1702 1721 1798 1755 sunt

169 1769 314 1806 divinae
349 1768 570 1815 cognitioni
605 1777 722 1815 quam
755 1771 892 1805 noster
921 1767 1162 1803 intellectus.
1182 1765 1383 1803 intensius
1414 1765 1536 1812 igitur
1569 1764 1796 1802 desiderant

169 1816 240 1853 Dei
265 1816 536 1862 cognitionem
556 1824 675 1862 quam
698 1824 787 1851 nos.
812 1816 892 1851 Nos
915 1817 1046 1851 autem
1077 1816 1442 1860 quantumcumque
1474 1811 1651 1850 sciamus
1671 1813 1795 1848 Deum

168 1872 271 1902 esse,
296 1867 332 1899 et
353 1862 430 1899 alia
451 1872 535 1909 quae
559 1872 679 1908 supra
700 1862 805 1898 dicta
824 1864 933 1907 sunt,
951 1869 1032 1897 non
1053 1860 1299 1907 quiescimus
1320 1858 1532 1903 desiderio,
1555 1858 1625 1895 sed
1665 1858 1798 1896 adhuc

168 1909 441 1947 desideramus
465 1919 553 1945 eum
575 1919 643 1954 per
673 1909 889 1946 essentiam
924 1916 1036 1944 suam
1070 1915 1334 1953 cognoscere3
1357 1905 1482 1942 multo
1516 1905 1639 1952 igitur
1665 1906 1796 1952 magis

169 1956 403 1994 substantiae.
425 1960 614 2001 separatae
635 1956 711 1992 hoc
735 1954 967 1992 naturaliter
987 1953 1228 1991 desiderant.
1251 1955 1340 1990 Nou
1357 1952 1480 1999 igitur
1497 1951 1539 1989 in
1565 1953 1796 2000 cognitione

167 2004 237 2041 Dei
259 2002 444 2048 praedicta
466 2012 600 2040 eorum
623 2001 862 2039 desiderium
886 2001 1097 2048 quietatur.

218 2052 271 2086 Ex
292 2049 435 2097 quibus
456 2049 706 2086 concluditur
726 2048 832 2096 quod
852 2048 992 2086 ultima
1012 2047 1182 2085 felicitas
1213 2045 1450 2084 substantiae
1491 2050 1684 2092 separatae
1714 2055 1796 2083 non

169 2097 291 2134 estin
321 2097 390 2134 illa
422 2097 650 2143 cognitione
675 2097 742 2134 Dei
776 2105 854 2143 qua
887 2105 976 2132 eum
1010 2098 1262 2142 cognoscunt
1294 2103 1365 2140 per
1398 2102 1500 2130 suas
1534 2093 1795 2137 substantias,

169 2154 257 2181 cuni
282 2144 409 2180 adhuc
431 2153 567 2181 eornm
590 2143 831 2181 desiderium
854 2142 971 2180 ducat
990 2151 1060 2180 eos
1081 2151 1209 2189 usque
1230 2140 1278 2178 ad
1301 2140 1369 2177 Dei
1392 2139 1678 2178 substantiam.

221 2194 257 2227 ln
282 2200 359 2237 quo
381 2190 498 2227 etiam
521 2191 619 2228 satis
650 2194 822 2237 apparet,
846 2189 950 2237 quod
984 2189 1026 2226 in
1061 2189 1173 2226 nullo
1207 2188 1287 2226 alio
1323 2187 1545 2235 quaerenda
1566 2191 1627 2225 est
1658 2187 1801 2225 ultima

169 2238 354 2283 felicitas,
375 2248 493 2284 quain
512 2238 554 2275 in
574 2239 804 2285 operatione
826 2237 1069 2282 intellectus,
1092 2245 1183 2273 cum
1200 2235 1360 2272 nullum
1380 2234 1627 2272 desiderium
1642 2239 1723 2272 tam
1754 2234 1799 2271 in

169 2285 340 2323 sublime
375 2285 473 2322 ierat
504 2286 609 2323 sicut
640 2285 881 2323 desiderium
914 2283 1186 2331 intelligendae
1225 2282 1419 2320 veritatis.
1443 2282 1586 2320 Omnia
1625 2291 1799 2329 namque

168 2337 307 2370 nostra
343 2332 540 2370 desideria
571 2332 632 2370 vel
665 2332 956 2372 delectationis,
978 2331 1039 2368 vel
1071 2331 1360 2378 cujuscumque
1392 2329 1562 2367 alterius
1598 2329 1705 2377 quod
1746 2328 1794 2366 ab

167 2379 331 2417 homine
351 2379 612 2425 desideratur,
630 2379 672 2416 in
693 2380 783 2417 aliis
803 2379 922 2416 rebus
941 2379 1145 2426 quiescere
1163 2380 1347 2424 possunt.
1369 2377 1622 2415 Desiderium
1661 2380 1793 2414 autem

167 2427 399 2472 praedictum
424 2436 505 2464 tion
525 2427 698 2475 quiescit
713 2426 792 2464 nisi
815 2427 863 2464 ad
892 2435 1093 2464 summum
1125 2434 1259 2462 rerum
1293 2423 1496 2462 cardinem
1534 2427 1574 2461 et
1605 2423 1796 2460 factorem

169 2475 293 2511 Deum
307 2474 541 2520 pervenerit.
556 2476 718 2521 Propter
729 2474 835 2521 quod
848 2473 1130 2511 convenienter
1143 2471 1345 2518 Sapientia
1359 2471 1467 2516 dicit,
1485 2470 1796 2516 Eccli.,xx111,7:

166 2522 244 2565 qu
276 2522 315 2557 in
335 2522 523 2557 altissimis
543 2522 720 2563 habitavi,
743 2525 776 2557 et
798 2522 949 2558 thronus
967 2530 1066 2556 meus
1085 2522 1126 2556 in
1149 2521 1315 2556 columna
1333 2518 1453 2555 nubis.
1477 2520 1521 2555 Et
1540 2520 1669 2562 Prov.‚
1686 2524 1742 2561 lx,
1761 2518 1800 2560 3,

171 2566 329 2613 dicitur,
352 2568 458 2615 quod
477 2570 661 2614 sapientia
678 2569 833 2605 ancillas
853 2578 937 2605 suas
955 2570 1059 2603 vocat
1079 2567 1129 2603 ad
1147 2577 1278 2603 arcem.

170 2614 459 2708 refifigbffigtnt
479 2616 601 2699 {gitur
620 2616 688 2663 qui
710 2616 938 2653 felicitatem
959 2614 1136 2652 hominis
1147 2617 1227 2652 tam
1250 2613 1445 2652 altissime
1457 2612 1575 2650 sitam
1591 2610 1632 2647 in
1646 2608 1796 2648 infimis

403 2672 476 2699 run
496 2689 506 2701 .
