1894 3223
152 140 226 175 480
726 132 908 175 L18..111‚
936 132 1037 168 CAP.
1065 132 1215 169 CLVIII.

140 221 327 259 ‚naturae;
349 215 425 251 hoc
444 213 550 250 enim
570 216 610 250 et
637 216 781 250 natura
799 212 918 250 habet
935 223 957 250 a
978 214 1073 251 Deo.
1108 216 1267 251 Frustra
1285 217 1417 251 autem
1439 213 1585 261 aliquid
1605 222 1781 252 movere-

155 269 233 307 tur,
257 263 333 299 nisi
352 265 488 307 posset
506 260 711 306 pervenire
730 260 779 296 ad
810 259 929 296 finem
950 264 1098 297 motus.
1125 261 1400 299 Necessarium
1420 265 1481 299 est
1500 270 1594 309 ergo
1613 261 1720 308 quod
1741 261 1784 299 id

156 309 263 356 quod
284 312 419 344 natum
441 310 502 344 est
529 306 679 344 moveri
705 306 755 344 ad
786 307 958 354 aliquem
980 306 1099 344 finem
1127 308 1180 345 sit
1214 308 1406 354 possibile
1426 309 1562 346 venire
1592 308 1634 345 in
1667 308 1782 362 illum

157 357 291 394 finem.
313 355 386 392 Sed
408 354 545 398 homo,
565 357 778 401 postquam
798 353 838 390 in
871 357 1079 400 peccatum
1110 354 1264 400 cecidit,
1279 355 1468 402 quamdiu
1501 359 1629 393 status
1660 355 1781 402 hujus

155 403 245 439 vitae
267 402 395 446 durat,
418 404 595 438 remanet
612 401 654 438 in
672 410 721 438 eo
742 401 920 448 aptitudo
943 405 985 438 ut
1017 406 1222 439 moveatur
1252 403 1298 439 ad
1324 402 1495 447 bonum;
1517 402 1632 449 cujus
1663 403 1783 450 signa

157 453 251 488 sunt
271 448 510 486 desiderium
533 448 580 484 de
600 447 707 485 bono
724 452 762 484 et
781 447 896 485 dolor
915 447 962 485 de
992 449 1113 493 malo,
1135 458 1223 495 quae
1255 448 1382 486 adhuc
1401 450 1443 486 in
1462 450 1623 487 homine
1652 458 1780 488 rema—

155 500 253 534 nent
273 499 363 541 post
381 498 599 541 peccatum.
634 497 700 532 Est
727 494 848 542 igitur
866 495 1056 541 possibile
1079 495 1282 532 hominem
1303 499 1394 542 post
1412 501 1617 543 peccatum
1637 496 1780 534 iterum

156 542 285 581 redire
306 543 353 579 ad
374 543 539 587 bonum,
562 542 668 588 quod
688 542 814 589 gratia
832 542 874 578 in
892 542 1053 579 homine
1073 546 1270 589 operatur.

201 591 385 635 Amplius,
409 589 519 626 nulla
536 589 712 635 potentia
724 589 882 634 passiva
896 589 1093 626 invenitur
1113 590 1153 625 in
1171 599 1301 627 rerum
1320 593 1462 627 natura
1482 600 1569 637 quae
1589 600 1670 628 non
1691 600 1780 637 pos-

156 637 209 675 sit
226 637 361 674 reduci
381 636 424 673 in
443 640 574 673 actum
592 645 662 682 per
682 636 856 682 aliquam
890 637 1105 682 potentiam
1129 637 1296 673 activam
1315 637 1549 675 naturalem.
1570 638 1692 675 Multo
1711 639 1783 685 igi·

155 687 220 721 tur
239 684 373 721 minus
393 687 454 720 est
471 683 604 730 aliqua
623 683 801 729 potentia
821 684 862 719 in
880 683 1015 720 anima
1046 683 1221 720 humana
1244 693 1331 730 quae
1353 694 1433 721 non
1466 685 1519 721 sit
1548 685 1781 723 reducibilis

155 730 197 768 in
215 735 346 767 actum
365 740 435 776 per
450 730 667 776 potentiam
686 730 850 768 activam
871 730 1060 767 divinam.
1082 732 1209 768 Manet
1223 735 1354 768 autem
1374 732 1415 767 in
1436 731 1570 768 anima
1590 731 1781 778 humana,

155 778 274 815 etiam
296 781 386 823 post
411 781 629 823 peccatum,
651 777 828 824 potentia
847 777 895 814 ad
916 777 1080 821 bonum,
1100 778 1193 824 quia
1223 787 1293 824 per
1312 782 1517 824 peccatum
1538 787 1619 815 non
1638 779 1783 816 tollun-

155 828 219 861 tur
238 824 422 870 potentiae
443 825 646 861 naturales
674 824 819 871 quibus
844 824 975 862 anima
995 825 1201 862 ordinatur
1232 825 1278 862 ad
1314 835 1431 862 suum
1462 825 1625 862 bonum.
1647 827 1784 863 Potest

155 871 274 918 igitur
292 881 361 918 per
383 871 554 909 divinam
575 871 792 917 potentiam
808 872 982 917 reparari
1001 872 1042 909 in
1062 871 1183 916 bono,
1205 876 1243 909 et
1262 872 1321 909 sic
1338 872 1485 909 auxilio
1507 872 1642 920 gratiae
1660 872 1783 910 homo

155 922 286 965 potest
306 919 500 966 consequi
520 919 798 956 remissionem
821 923 1090 965 peccatorum.

203 965 300 1002 Hinc
318 969 379 1002 est
398 965 504 1012 quod
542 966 684 1003 dicitur
705 978 714 1002 z
735 967 778 1003 Si
794 967 936 1010 fuerint
963 969 1112 1011 peccata
1135 968 1256 1001 vestra
1283 968 1326 1001 ut
1355 967 1547 1005 coccinum,
1580 967 1687 1011 quasi
1713 967 1782 1002 nim

154 1012 422 1048 dealbabuntur
466 1013 585 1058 (Isai.,
618 1022 646 1050 Ι.
683 1013 759 1059 18);
793 1017 831 1050 et
859 1025 868 1049 τ
911 1015 1088 1049 Universa
1120 1013 1252 1048 delicta
1284 1015 1401 1058 operit
1440 1014 1613 1050 charitas.
1642 1013 1778 1058 (Prov.,

153 1067 195 1104 x,
217 1060 288 1106 12).
312 1061 393 1097 Hoc
413 1060 530 1096 etiam
558 1059 734 1106 quotidie
762 1069 786 1097 a
814 1060 981 1097 Domino
1011 1070 1092 1098 non
1116 1060 1263 1097 frustra
1280 1060 1464 1106 petimus,
1487 1060 1663 1097 dicentes
1685 1071 1694 1096 :
1716 1061 1782 1096 Di-

154 1107 256 1142 mitte
273 1107 376 1143 nobis
395 1107 517 1143 debita
535 1110 673 1144 nostra.

201 1155 275 1190 Per
293 1153 370 1190 hoc
392 1158 525 1190 autem
549 1154 771 1190 excluditur
801 1163 910 1190 error
941 1154 1261 1201 Novatianorum,
1293 1154 1361 1201 qui
1393 1154 1575 1190 dixerunt
1607 1153 1711 1205 quod
1733 1152 1783 1190 de

155 1201 327 1245 peccatis
361 1200 504 1246 quibus
540 1204 629 1245 post
666 1200 908 1246 baptismum
940 1205 1076 1246 peccat
1122 1201 1243 1238 homo
1284 1201 1438 1238 veniam
1473 1209 1667 1246 consequi
1700 1208 1782 1236 non

156 1250 299 1292 potest.
324 1247 414 1292 (1-11‚
433 1257 470 1294 q.
494 1255 573 1291 (ΗΧ,
596 1250 666 1284 art.
688 1248 740 1294 7.)

790 1393 957 1435 CAPUT
993 1394 1143 1435 CLVII.

273 1512 373 1546 QUOD
399 1511 506 1540 HOMO
533 1512 561 1540 A
586 1512 757 1541 PECCATO
784 1513 967 1541 LIBERARI
992 1513 1072 1542 NON
1095 1513 1242 1542 POTEST
1266 1513 1345 1543 NISI
1368 1513 1444 1542 PER
1469 1513 1656 1544 GRATIAM.

201 1622 255 1657 Ex
274 1620 423 1657 eisdem
445 1620 564 1673 etiam
585 1621 742 1658 ostendi
761 1624 891 1666 potest
923 1621 1029 1668 quod
1058 1621 1180 1659 homo
1213 1631 1236 1659 a
1260 1625 1423 1668 peccato
1457 1622 1616 1660 mortali
1646 1631 1779 1661 resur·

158 1677 250 1716 gere
271 1677 351 1704 non
369 1671 498 1713 potest
518 1668 596 1704 nisi
615 1678 684 1714 per
704 1669 885 1715 gratiam.

198 1717 271 1751 Per
290 1719 492 1760 peccatum
512 1715 616 1752 enim
640 1715 805 1752 mortale
825 1715 946 1752 homo
969 1715 1016 1752 ab
1050 1716 1186 1752 ultimo
1205 1715 1282 1752 fine
1309 1717 1510 1753 avertitur.
1533 1718 1576 1753 In
1596 1717 1780 1756 ultimum

151 1765 283 1798 autem
306 1761 425 1798 finem
447 1762 567 1799 homo
590 1771 670 1798 non
691 1762 896 1799 ordinatur
915 1763 992 1799 nisi
1017 1772 1085 1808 per
1104 1763 1283 1810 gratiam.
1305 1764 1381 1802 Per
1402 1764 1530 1801 solam
1551 1764 1672 1811 igitur
1690 1773 1780 1812 gra·

152 1808 246 1845 tiam
266 1808 388 1845 homo
406 1813 536 1854 potest
558 1819 581 1845 a
598 1814 760 1855 peccato
779 1819 1000 1856 resurgere.

199 1856 342 1898 Adhuc,
359 1854 514 1893 offensa
534 1856 694 1893 nonnisi
729 1867 797 1902 per
812 1857 1064 1893 dilectionem
1086 1856 1247 1893 tollitur.
1265 1857 1339 1894 Sed
1356 1867 1426 1903 per
1448 1860 1653 1903 peccatum
1671 1865 1778 1894 mor-

152 1902 230 1938 tale
252 1902 371 1938 homo
393 1901 588 1939 offensam
613 1903 679 1939 Dei
701 1903 885 1946 incurrit;
908 1903 1165 1940 diciturenim
1211 1904 1289 1940 uod
1308 1906 1412 1941 Deus
1429 1908 1659 1949 peccatores
1680 1904 1776 1949 odit,

149 1948 190 1984 in
213 1953 404 1995 quantum
424 1950 508 1985 vult
525 1958 594 1986 eos
615 1950 768 1995 privare
802 1951 941 1986 ultimo
961 1952 1038 1986 tine
1059 1959 1174 1996 quem
1224 1950 1258 1987 is
1285 1960 1387 1998 quos
1421 1950 1552 1998 diligit
1570 1954 1774 1997 praeparat.

149 1996 238 2031 Non
260 2005 354 2042 ergo
371 1995 492 2033 homo
515 2000 644 2042 potest
664 2006 685 2032 a
704 1997 861 2033 mortali
898 2003 1058 2042 peccato
1080 2005 1288 2044 resurgere
1308 1998 1384 2035 nisi
1417 2007 1486 2043 per
1505 1998 1688 2045 gratiam,
1707 2007 1778 2044 per

152 2051 271 2088 quam
290 2042 332 2079 fit
353 2043 532 2089 quaedam
552 2043 727 2080 amicitia
746 2044 848 2080 inter
864 2045 988 2080 Deum
1004 2047 1041 2080 et
1061 2044 1279 2081 hominem.

197 2089 335 2126 Adhuc
356 2090 474 2126 etiam
493 2090 627 2127 induci
646 2094 817 2136 possunt
836 2099 976 2127 omnes
1016 2091 1193 2128 rationes
1226 2091 1412 2138 superius
1448 2091 1497 2138 (c.
1534 2092 1614 2139 147)
1635 2091 1776 2138 positae

151 2134 198 2171 de
219 2136 354 2182 gratiae
378 2137 628 2174 necessitate.

198 2183 294 2219 Hinc
312 2187 371 2220 est
392 2184 497 2230 quod
518 2184 662 2221 dicitur
684 2196 691 2220 :
713 2186 790 2229 1390
809 2195 888 2220 sum
908 2186 983 2230 ipse
1003 2186 1068 2231 qui
1084 2184 1180 2221 deleo
1200 2187 1414 2231 iniquitates
1441 2188 1524 2221 tuas
1548 2188 1699 2232 propter
1721 2196 1777 2222 me

151 2228 266 2274 (lsai,
288 2238 394 2274 me,
417 2231 497 2277 25ss
518 2234 556 2267 et
578 2243 585 2267 :
606 2232 790 2268 Rcmisisti
808 2233 1038 2278 iniquitatem
1053 2233 1171 2278 plebis
1189 2235 1279 2277 tuae3
1300 2234 1478 2279 operuisti
1494 2234 1615 2269 omnia
1626 2235 1778 2278 peccata

148 2286 281 2311 eorum.
306 2277 453 2322 (Psalm.
472 2286 632 2318 LXXXIV,
654 2277 704 2324 3.)

194 2324 268 2359 Per
286 2323 362 2361 hoc
384 2327 516 2361 autem
549 2324 770 2362 excluditur
798 2335 908 2362 error
935 2325 1255 2373 pelagianorum,
1277 2326 1345 2373 qui
1371 2326 1554 2363 dixerunt
1572 2326 1776 2364 hominem

147 2378 268 2415 posse
288 2380 311 2407 a
331 2375 493 2417 peccato
514 2381 722 2419 resurgere
739 2382 809 2418 per
827 2373 994 2409 liberum
1019 2373 1236 2411 arbitrium.
1257 2372 1354 2421 (1·11,
1371 2383 1409 2421 q.
1431 2382 1513 2419 (1111,
1533 2378 1604 2411 art.
1625 2373 1679 2421 7.)

773 2517 942 2560 CAPUT
977 2519 1146 2560 CLVIII.

544 2638 738 2672 QUALITER
761 2639 870 2668 HOMO
896 2640 924 2668 A
948 2640 1122 2671 PECGATO
1147 2640 1379 2671 LIBERATUR.

194 2742 291 2794 Quia
310 2753 403 2781 vero
422 2745 542 2784 homo
565 2756 646 2785 non
679 2752 810 2794 potest
827 2748 874 2786 ad
896 2758 1021 2786 unum
1052 2750 1327 2797 oppositorum
1359 2750 1485 2788 redire
1515 2749 1593 2787 nisi
1611 2750 1771 2788 recedat

136 2787 193 2826 >ab
213 2789 304 2834 alio,
326 2791 375 2842 ad
395 2792 470 2829 hoc
503 2795 606 2840 quod
629 2794 752 2832 homo
785 2796 933 2833 auxilio
954 2796 1088 2844 gratiae
1108 2797 1158 2835 ad
1190 2800 1336 2835 statum
1365 2796 1614 2834 rectitudinis
1634 2797 1772 2836 redeat

143 2843 414 2874 necessarium
428 2843 496 2890 ‚est
515 2841 621 2886 quod
641 2851 664 2878 a
683 2846 859 2888 peccato,
880 2853 949 2888 per
980 2843 1085 2890 quod
1108 2854 1131 2881 a
1152 2844 1386 2882 rectitudine
1403 2844 1683 2889 declinaverat,
1705 2854 1768 2883 re-

135 2883 270 2921 cedat.
292 2885 348 2925 Et.
369 2894 463 2932 quia
483 2885 604 2924 homo
624 2888 667 2924 in
686 2889 870 2927 ultimum
890 2889 1010 2928 finem
1029 2890 1215 2938 dirigitur
1232 2894 1272 2928 et
1290 2890 1339 2928 ab
1356 2898 1403 2928 eo
1423 2891 1613 2928 avertitur
1631 2892 1768 2938 praeci-
