1894 3223
730 153 817 188 LIB.
846 154 874 195 1,
903 154 1004 189 CAP.
1030 153 1146 189 xxiv.
1702 158 1748 192 29

176 236 360 281 Amplius,
380 243 497 272 omne
523 234 629 281 quod
662 234 766 271 inest
794 234 911 270 alicui
945 235 1251 275 accidentaliter.
1273 234 1391 271 habet
1422 244 1583 272 causam
1619 245 1741 282 quare

130 283 239 327 insit,
261 291 382 329 quum
404 282 456 319 sit
493 284 632 327 praeter
652 281 867 317 essentiam
901 281 987 326 ejus
1009 282 1071 318 cui
1095 283 1210 318 inest.
1236 282 1275 318 Si
1308 281 1430 328 igitur
1463 282 1610 329 aliquid
1643 283 1745 320 acci-

129 329 338 367 dentaliter
358 328 466 366 sitin
488 330 582 373 Deo,
605 332 759 374 oportet
775 328 879 374 quod
900 328 975 364 hoc
997 329 1049 365 sit
1069 338 1137 375 per
1155 329 1328 375 aliquam
1355 338 1531 365 causam.
1555 333 1629 366 Aut
1651 340 1746 376 ergo

129 386 251 415 causa
271 375 490 413 accidentis
507 380 567 412 est
589 376 675 420 ipsa
697 375 829 412 divina
861 375 1084 412 substantia
1113 379 1178 412 aut
1210 375 1359 422 aliquid
1381 376 1502 413 aliud.
1526 377 1563 412 Si
1597 377 1745 423 aliquid

129 423 252 467 aliud,
275 426 429 470 oportet
448 422 553 469 quod
575 422 671 459 illud
694 426 784 468 agat
805 422 845 458 in
867 422 1040 459 divinam
1075 423 1353 459 substantiam.
1374 423 1479 459 Nihil
1508 424 1611 459 enim
1636 424 1748 460 indu-

130 471 184 509 cit
203 471 378 518 aliquam
397 470 563 506 sormam
585 469 646 506 vel
674 469 977 507 substantialem
1009 469 1069 506 vel
1092 470 1388 513 accidentalem,
1422 470 1462 506 in
1497 470 1630 517 aliquo
1652 471 1746 507 reci-

128 518 275 565 piente,
298 517 376 554 nisi
395 517 531 569 aliquo
552 516 670 553 modo
686 516 841 563 agendo
863 516 902 552 in
927 516 1071 562 ipsum,
1094 526 1141 553 eo
1163 517 1269 564 quod
1290 526 1406 564 agere
1438 517 1537 554 nihil
1553 518 1663 554 'aliud
1687 522 1747 555 est

128 575 247 612 quam
271 564 400 602 facere
418 563 565 609 aliquid
589 567 700 607 actu;
723 563 826 610 quod
851 563 1007 610 quidem
1031 568 1091 600 est
1121 574 1189 610 per
1222 565 1402 600 sormam.
1425 565 1526 610 Ergo
1558 566 1662 601 Deus
1686 575 1747 611 pa-

127 612 248 649 tietur
267 615 305 648 et
326 610 547 648 movebitur
567 610 615 648 ab
652 611 786 657 aliquo
819 614 981 655 agente;
1003 611 1108 657 quod
1141 615 1201 647 est
1232 615 1371 648 contra
1404 611 1746 657 praedeterminata

129 659 178 704 (c.
215 658 287 706 ¹3).
309 659 349 695 Si
371 661 501 695 autem
524 658 611 704 ipsa
632 657 766 694 divina
794 658 1017 694 substantia
1047 661 1108 694 est
1136 666 1256 694 causa
1283 658 1499 695 accidentis
1526 659 1630 706 quod
1664 660 1741 696 sibi

128 706 254 749 inest;
277 704 526 752 impossibile
547 708 679 742 autem
699 709 757 741 est
784 704 889 751 quod
917 705 966 741 sit
999 714 1120 741 causa
1148 705 1270 747 illius,
1305 705 1524 742 secundum
1559 706 1664 753 quod
1686 710 1746 744 est

128 753 325 799 recipiens
354 752 509 798 ipsum;
542 752 635 799 quia
666 752 725 788 sic
760 751 887 795 idem,
920 751 1141 788 secundum
1178 751 1281 787 idem
1310 752 1454 788 faceret
1492 753 1668 798 seipsum
1703 754 1744 790 in

128 804 218 837 actu
234 812 242 844 3
260 808 354 847 ergo
372 802 538 845 oportet,
556 799 590 836 si
612 800 649 835 in
673 801 752 835 Deo
773 802 833 835 est
847 798 1006 845 aliquod
1023 798 1336 844 accidens,qu0d
1350 799 1569 836 secundum
1584 800 1690 837 aliud
1709 804 1746 837 et

131 847 238 884 aliud
255 847 419 893 recipiat
438 850 475 882 et
495 850 632 883 causet
650 845 834 883 accidens
849 845 967 888 illud;
990 845 1094 882 sicut
1125 845 1347 891 corporalia
1375 846 1570 892 recipiunt
1586 848 1746 893 propria

128 894 350 932 accidentia
368 903 437 940 per
454 897 634 930 naturam
654 892 840 935 materiai,
862 895 899 927 et
927 896 1093 928 causant
1113 901 1182 937 per
1200 892 1383 929 formam.
1403 893 1466 930 Sic
1499 893 1620 939 igitur
1640 896 1744 932 Deus

130 941 203 978 erit
223 941 492 987 compositus;
515 941 628 986 cujus
649 941 888 976 contrarium
912 939 1096 984 superius
1116 939 1327 984 probatum
1349 944 1409 976 est
1427 939 1474 985 (c.
1499 941 1571 986 18).

174 990 276 1033 Item,
303 996 420 1025 omne
440 988 659 1034 subjectum
682 985 898 1022 accidentis
915 989 1167 1031 comparatur
1198 986 1244 1023 ad
1263 987 1408 1031 ipsum,
1431 990 1474 1023 ut
1492 988 1670 1033 potentia
1695 989 1743 1026 ad

128 1039 273 1079 actum,
294 1043 341 1072 eo
363 1033 468 1081 quod
487 1033 671 1071 accidens
691 1032 869 1079 quaedam
891 1032 1018 1069 forma
1038 1036 1098 1069 est
1114 1033 1265 1070 faciens
1285 1042 1372 1071 esse
1400 1037 1489 1070 actu
1518 1036 1739 1072 secundum

128 1091 218 1120 esse
238 1080 505 1124 accidentale;
529 1080 596 1118 sed
630 1081 670 1116 in
692 1081 771 1116 Deo
801 1079 912 1116 nulla
935 1084 995 1116 est
1026 1080 1308 1125 potentialitas,
1328 1084 1371 1117 ut
1391 1090 1511 1127 supra
1537 1087 1744 1120 ostensum

127 1128 257 1175 θεῖ-(ο.
277 1130 320 1165 16
340 1131 378 1164 et
399 1127 471 1174 Π).
493 1129 534 1164 In
551 1136 597 1164 eo
619 1127 740 1174 igitur
760 1126 911 1163 nullum
937 1126 1123 1164 accidens
1143 1136 1232 1165 esse
1247 1131 1391 1173 potest.

172 1176 319 1219 Adhuc,
341 1174 576 1222 cuicumque
598 1175 701 1211 inest
715 1173 864 1220 aliquid
885 1174 1192 1218 accidentaliter,
1215 1179 1274 1212 est
1294 1175 1428 1222 aliquo
1446 1175 1578 1221 modo,
1607 1186 1745 1214 secun·

127 1222 222 1261 dum
246 1231 358 1260 suam
380 1225 575 1266 naturam,
597 1221 805 1265 mutabile;
828 1221 1011 1257 accidens
1033 1222 1136 1258 enim
1160 1222 1206 1258 de
1234 1231 1275 1259 se
1308 1226 1444 1259 natum
1465 1227 1526 1260 est
1545 1224 1679 1261 inesse
1707 1228 1745 1261 et

128 1278 210 1307 non
227 1269 376 1307 inesse.
395 1269 432 1306 Si
455 1269 577 1315 igitur
597 1270 701 1305 Deus
721 1268 839 1305 habet
865 1267 1015 1314 aliquid
1048 1268 1344 1306 accidentaliter
1376 1269 1451 1306 sibi
1486 1271 1743 1316 conveniens,

132 1320 321 1364 sequetur
340 1315 445 1363 quod
467 1316 552 1363 ipse
574 1316 624 1353 sit
645 1315 865 1359 mutabilis3
888 1315 1002 1362 cujus
1029 1316 1270 1353 contrarium
1292 1326 1412 1363 supra
1431 1317 1744 1355 demonstratum

127 1367 189 1402 est
224 1366 324 1401 c.13
345 1366 383 1400 et
405 1366 476 1408 15,
598 1365 606 1369 ·

177 1364 364 1456 Amplius,
392 1362 628 1457 cuicumque
655 1410 760 1447 inest
794 1409 954 1456 aliquod
986 1410 1171 1448 accidens
1204 1420 1285 1448 non
1319 1415 1379 1448 est
1410 1411 1601 1459 quidquid
1629 1412 1745 1450 habet

131 1458 174 1495 in
190 1467 234 1496 se
250 1469 260 1503 ;
278 1458 372 1505 quia
388 1457 574 1494 accidens
595 1466 676 1494 non
697 1461 757 1494 est
777 1457 823 1493 de
853 1457 1027 1494 essentia
1047 1458 1227 1504 subjecti.
1250 1458 1323 1496 Sed
1347 1460 1452 1496 Deus
1472 1464 1533 1496 est
1552 1459 1743 1507 quidquid

129 1505 172 1542 in
193 1513 237 1542 se
266 1504 396 1542 habet.
419 1506 462 1541 ln
482 1506 562 1541 Deo
583 1504 704 1551 igitur
737 1503 890 1540 nullum
918 1507 979 1540 est
1008 1505 1205 1543 accidens.

180 1551 308 1589 Media
327 1551 387 1588 sic
405 1551 595 1597 probatur
616 1563 625 1587 ε
654 1551 968 1597 Unumquodque
989 1551 1165 1589 nobilius
1185 1552 1383 1589 invenitur
1403 1554 1442 1589 in
1475 1562 1598 1591 causa
1625 1563 1740 1601 quam

131 1598 174 1635 in
196 1597 355 1635 effectu.
377 1599 482 1635 Deus
500 1602 631 1635 autem
651 1601 712 1634 est
727 1598 905 1634 omnium
927 1607 1067 1642 causa;
1093 1608 1188 1645 ergo
1205 1599 1394 1645 quidquid
1417 1601 1528 1637 estin
1551 1610 1612 1645 eo,
1635 1602 1744 1638 nobi-

129 1645 288 1683 lissimo
308 1644 427 1682 modo
448 1645 488 1681 in
508 1654 556 1682 eo
578 1644 789 1681 invenitur.
812 1645 1104 1682 perfectissime
1125 1649 1255 1683 autem
1290 1648 1475 1684 convenit
1509 1648 1656 1695 aliquid
1675 1649 1743 1685 ali-

129 1693 208 1737 cui,
225 1691 331 1740 quod
351 1695 413 1729 est
431 1692 657 1738 ipsummet.
681 1693 760 1728 Hoc
781 1691 886 1743 enim
908 1692 1120 1737 perfectius
1140 1697 1201 1730 est
1219 1702 1357 1738 unum,
1377 1704 1494 1741 quam
1525 1705 1646 1741 quum
1670 1696 1742 1732 ali-

130 1739 226 1786 quid
257 1738 368 1776 alteri
401 1738 717 1776 substantialiter
748 1741 896 1781 unitur,
929 1742 971 1774 ut
1005 1740 1132 1776 forma
1163 1741 1358 1784 materiae;
1381 1752 1468 1788 quae
1493 1743 1610 1778 etiam
1646 1743 1742 1780 unio

125 1786 338 1833 perfectior
357 1789 430 1830 est,
451 1795 568 1833 quam
590 1795 710 1832 quum
733 1784 882 1831 aliquid
906 1785 1017 1822 alteri
1038 1786 1333 1824 accidentaliter
1353 1788 1469 1825 inest.
1493 1789 1741 1836 Relinquitur

127 1842 223 1879 ergo
243 1831 350 1878 quod
367 1833 472 1870 Deus
487 1833 539 1870 sit
553 1832 745 1879 quidquid
766 1831 896 1869 habet.

171 1881 272 1925 Item,
295 1879 524 1917 Substantia
544 1887 623 1916 non
645 1879 839 1925 dependet
856 1879 903 1916 ab
925 1880 1139 1925 accidente,
1167 1881 1348 1928 quamvis
1379 1882 1564 1920 accidens
1597 1883 1740 1929 depen-

125 1926 215 1964 deat
236 1936 259 1964 a
279 1926 516 1964 substantia.
542 1926 653 1970 Quod
678 1929 807 1963 autem
830 1935 910 1978 non
931 1927 1124 1973 dependet
1143 1929 1190 1965 ab
1212 1929 1345 1975 aliquo
1377 1934 1507 1976 potest
1528 1930 1741 1977 aliquando

123 1974 293 2011 inveniri
316 1973 403 2010 sine
418 1974 502 2011 illo.
524 1975 626 2021 Ergo
645 1976 777 2019 potest
794 1973 931 2026 aliqua
951 1974 1174 2012 substantia
1199 1975 1369 2013 inveniri
1402 1977 1489 2014 sine
1524 1978 1739 2015 accidente.

124 2022 206 2058 Hoc
226 2024 355 2058 autem
376 2021 574 2067 praecipue
593 2021 749 2073 videtur
768 2021 1078 2066 simplicissimae
1105 2023 1339 2061 substantiae
1358 2025 1586 2064 convenire,
1610 2025 1740 2071 qualis

125 2072 187 2105 est
223 2067 448 2105 substantia
481 2068 628 2105 divina.
662 2067 812 2104 Divinae
841 2068 965 2114 igitur
995 2069 1230 2107 substantiae
1251 2071 1416 2108 omnino
1436 2072 1623 2109 accidens
1657 2081 1735 2109 non

124 2114 243 2152 inest.

172 2159 215 2194 ln
234 2157 337 2195 hanc
360 2161 492 2195 autem
511 2160 748 2196 sententiam
771 2160 889 2197 etiam
920 2161 1104 2199 catholici
1139 2164 1327 2201 Doctores
1358 2165 1611 2202 conveniunt.
1634 2167 1742 2204 Unde

123 2204 370 2251 Augustinus
382 2204 423 2241 in
436 2205 537 2242 libro
548 2208 598 2242 De
613 2209 789 2243 Trinitate
804 2207 858 2254 (v,
872 2208 907 2255 4)
925 2209 1018 2245 dicit
1033 2209 1138 2256 quod
1151 2210 1191 2246 in
1204 2212 1283 2248 Deo
1299 2212 1452 2248 nullum
1465 2216 1525 2249 est
1541 2213 1739 2251 accidens.

172 2254 223 2288 Ex
245 2251 318 2304 hac
337 2255 466 2289 autem
487 2253 649 2290 veritate
670 2258 847 2299 ostensa,
866 2264 975 2292 error
993 2257 1255 2303 quorumdam
1274 2258 1315 2294 in
1334 2259 1419 2306 lege
1435 2261 1739 2297 sarracenorum

123 2298 370 2352 loquentium
391 2299 630 2344 confutatur,
653 2301 720 2347 qui
740 2305 895 2347 ponunt
915 2303 1107 2350 quasdam
1126 2304 1368 2343 intentiones
1396 2306 1538 2344 divinae
1555 2308 1740 2345 essentiae

123 2345 398 2392 superadditas
420 2347 448 2394 (1
468 2350 582 2393 part.,
603 2357 640 2395 q.
662 2357 720 2394 111,
743 2352 814 2386 art.
837 2348 886 2396 6.)

763 2486 930 2528 CAPUT
957 2487 1098 2528 XXIV.

287 2615 387 2650 QUOD
413 2615 505 2644 ESSE
529 2615 698 2646 DIVINUM
722 2616 800 2645 NON
824 2616 968 2646 POTEST
1002 2617 1209 2646 DESIGNARI
1234 2618 1307 2647 PER
1332 2618 1572 2650 ADDITIONEM

625 2663 890 2692 DIFFERENTIAE
917 2664 1228 2694 SUBSTANTIALIS.

170 2753 331 2790 Ostendi
353 2753 469 2790 etiam
491 2764 538 2791 ex
557 2754 754 2800 praedictis
775 2758 917 2800 potest,
939 2756 1043 2802 quod
1063 2765 1182 2802 supra
1204 2757 1333 2802 ipsum
1352 2759 1527 2796 divinum
1547 2769 1636 2798 esse
1655 2770 1735 2798 non

121 2804 250 2846 potest
270 2800 418 2847 aliquid
448 2801 672 2847 superaddi,
695 2802 800 2848 quod
828 2802 1008 2849 designet
1040 2803 1169 2849 ipsum
1203 2805 1479 2852 designatione
1513 2808 1733 2852 essentiali,

121 2847 224 2883 sicut
241 2847 470 2893 designatur
489 2857 615 2894 genus
639 2858 707 2894 per
727 2848 961 2885 differentia.

166 2895 417 2939 Impossibile
437 2896 542 2932 enim
563 2899 624 2932 est
643 2895 792 2942 aliquid
825 2905 913 2933 esse
939 2896 980 2932 in
1013 2900 1117 2942 actu,
1141 2898 1218 2935 nisi
1242 2899 1429 2937 omnibus
1454 2901 1732 2947 existentibUS,
