1894 3223
672 155 759 191 ΜΒ.
789 156 834 199 11,
862 155 962 192 CAP.
990 155 1077 191 xm.
1620 156 1680 190 151

63 238 170 286 quod
197 236 428 285 hujusmodi
458 235 612 274 ordinis
633 236 686 273 sit
714 235 848 283 aliqua
865 245 944 273 una
964 246 1098 273 cansa.
1121 238 1217 273 Nam
1247 235 1370 272 multa
1391 244 1471 273 non
1492 236 1686 274 uniuntur

67 285 144 322 nisi
172 294 241 331 per
270 284 431 331 aliquod
464 291 615 320 unum:
654 286 690 319 et
725 283 783 320 sic
816 283 924 320 illius
956 284 1108 320 ordinis
1141 287 1202 320 est
1237 292 1317 320 una
1344 292 1466 320 causa
1484 311 1493 328 ,
1538 287 1573 319 ct
1605 292 1685 320 una

64 331 336 370 distinctionis
355 339 501 368 rerum.
525 330 563 366 Si
579 338 672 366 vero
691 329 837 366 diversi
857 334 1022 376 agentes
1043 338 1122 367 non
1144 330 1223 367 sint
1241 329 1472 367 adinvicem
1497 330 1683 376 ordinati,

64 387 289 416 concursus
308 386 446 415 eorum
467 376 513 414 ad
537 376 805 414 diversitatem
828 386 957 413 rerum
986 377 1279 422 producendam
1301 377 1374 414 erit
1392 386 1462 424 per
1483 377 1682 415 accidens.

66 425 276 463 Distinctio
323 424 448 471 igitur
479 432 611 461 rerum
645 424 719 461 erit
753 423 954 468 casualis3
975 424 1089 470 cujus
1119 424 1361 461 contrarium
1396 433 1517 470 supra
1543 423 1591 470 (c.
1624 424 1686 471 39)

66 476 277 511 ostensum
297 475 371 509 est.

113 520 213 561 Item,
237 528 260 556 a
278 518 447 556 diversis
480 517 615 555 causis
637 526 716 554 non
747 517 941 554 ordinatis
960 527 1039 554 non
1071 517 1290 563 procedunt
1308 517 1472 555 effectus
1498 518 1684 563 ordinati,

66 566 147 604 nisi
170 566 270 604 sorte
290 575 359 612 per
373 564 559 602 accidens
580 577 588 601 :
611 564 766 601 diversa
781 565 900 609 enim,
919 565 957 600 in
974 569 1164 610 quantum
1185 565 1426 610 hujusmodi,
1443 574 1522 602 non
1538 565 1686 602 faciunt

69 622 207 651 unum.
231 614 308 650 Res
342 615 473 649 autem
507 611 703 648 distinctae
750 612 1006 648 inveniuntur
1040 612 1182 649 habere
1209 611 1387 648 ordinem
1419 612 1466 648 ad
1500 612 1683 656 invicem,

67 668 149 697 non
170 659 399 702 causaliter,
422 668 527 703 cum,
547 663 590 695 ut
610 659 649 695 in
671 658 865 704 pluribus,
888 667 1009 695 unum
1034 658 1082 695 ab
1098 659 1176 695 alio
1198 662 1413 694 moveatur.
1436 659 1686 704 impossibile

65 711 129 744 est
149 707 270 754 igitur
290 706 397 754 quod
419 705 623 743 distinctio
646 714 774 743 rerum
794 705 851 742 sic
871 705 1139 742 ordinatarum
1161 705 1214 742 sit
1241 708 1399 750 propter
1418 705 1685 743 diversitatem

69 754 273 801 agentium
295 762 375 791 non
395 753 682 790 ordinatorum.
1436 756 1445 765 ’

115 801 297 847 Amplius,
317 809 577 848 quaecumquc
609 799 755 836 habent
782 807 942 836 causam
975 807 1058 836 suae
1090 798 1374 841 distinctionis,
1406 808 1483 836 non
1518 803 1687 845 possunt

68 856 160 885 esse
189 847 317 893 prima
357 856 481 884 causa
509 846 779 883 distinctionis
813 855 957 882 rerum.
978 845 1052 882 Sed
1085 846 1119 882 si
1155 845 1268 890 plura
1299 846 1457 892 agentia
1495 856 1541 883 ex
1572 856 1686 893 aequo

70 895 333 940 accipiantur,
358 902 526 932 necesse
549 897 610 930 est
629 892 735 939 quod
754 891 926 944 habeant
951 900 1113 944 causam
1131 901 1213 929 suae
1234 892 1517 930 distinctionis.
1538 894 1688 931 Habent

68 942 176 978 enirn
198 950 360 978 causam
382 940 556 984 essendi,
578 949 667 976 cum
683 939 819 976 omnia
836 943 942 975 entia
961 942 1043 975 sint
1063 938 1111 976 ab
1131 948 1210 976 uno
1231 939 1359 984 primo
1380 944 1481 980 ente,
1505 944 1547 977 ut
1567 950 1687 987 supra

69 988 120 1034 (c.
147 988 203 1034 15)
226 992 432 1025 ostensum
447 990 520 1024 est.
536 986 639 1023 Idem
659 989 788 1023 autem
806 988 864 1022 est
879 994 1002 1023 causa
1022 986 1180 1023 essendi
1217 986 1334 1023 alicui
1358 990 1395 1022 et
1415 987 1686 1025 distinctionis

69 1035 158 1081 ejus
194 1034 242 1071 ab
275 1034 379 1077 aliis,
403 1033 506 1070 sicut
541 1033 591 1079 (c.
613 1033 671 1078 40)
707 1036 914 1069 ostensum
949 1036 1021 1069 est.
1044 1034 1130 1070 Non
1151 1036 1282 1079 potest
1300 1034 1422 1080 igitur
1450 1043 1539 1072 esse
1559 1035 1687 1080 prima

70 1091 194 1120 causa
214 1080 486 1118 distinctionis
507 1089 638 1116 rerum
660 1079 869 1116 diversitas
890 1079 1106 1126 agentium.

114 1129 214 1167 Item,
237 1128 270 1164 si
291 1127 500 1164 diversitas
532 1135 663 1163 rerum
684 1126 871 1171 procedat
889 1135 913 1163 a
933 1126 1159 1164 diversitate
1180 1127 1241 1164 vel
1266 1128 1542 1165 contrarietate
1564 1128 1686 1165 diver-

68 1183 204 1213 sorum
236 1174 452 1221 agentium,
474 1173 643 1210 maxime
673 1173 750 1210 hoc
779 1173 946 1217 videtur,
966 1173 1072 1220 quod
1104 1173 1238 1219 plures
1270 1179 1437 1221 ponunt,
1460 1175 1507 1212 de
1527 1178 1681 1213 contra-

68 1222 206 1258 rietate
224 1220 377 1258 boniet
404 1219 497 1257 mali
515 1232 524 1265 3
545 1220 599 1257 ita
620 1220 726 1267 quod
758 1220 894 1257 omnia
922 1220 1029 1257 bona
1055 1221 1270 1267 procedant
1290 1231 1313 1258 a
1331 1222 1438 1258 hono
1470 1221 1681 1268 principiO,

69 1269 175 1306 mala
193 1271 324 1305 autem
344 1277 369 1305 a
389 1267 509 1304 malo.
533 1268 685 1304 Bonum
717 1267 824 1304 enim
846 1270 884 1304 et
900 1268 1049 1304 malum
1071 1271 1165 1304 sunt
1185 1268 1223 1304 in
1247 1269 1434 1306 omnibus
1455 1269 1683 1315 generibus.

73 1317 160 1352 Non
181 1318 454 1361 potestantem
470 1322 559 1351 esse
574 1323 697 1351 unum
716 1314 887 1360 primum
906 1314 1143 1361 principium
1159 1315 1338 1352 omnium
1358 1316 1566 1353 malorum.
1590 1317 1686 1354 Cum

71 1362 179 1399 enim
197 1371 244 1399 ea
264 1370 352 1408 quae
374 1364 469 1398 sunt
488 1370 557 1407 per
581 1361 689 1398 aliud
710 1361 949 1398 reducantur
971 1362 1019 1399 ad
1040 1371 1086 1398 ea
1108 1371 1195 1408 quae
1213 1366 1308 1399 sunt
1327 1372 1396 1409 per
1412 1372 1468 1406 se,
1491 1363 1687 1409 oportebit

70 1409 312 1455 principium
345 1409 515 1445 activum
536 1408 732 1445 malorum
766 1417 855 1446 esse
875 1418 1003 1453 perse
1023 1408 1185 1445 malum.
1208 1411 1280 1445 Per
1300 1418 1343 1446 se
1364 1413 1495 1446 autem
1514 1411 1684 1447 dicimus

69 1456 163 1500 tale,
186 1455 292 1503 quod
330 1465 400 1501 per
435 1455 650 1492 essentiam
682 1463 795 1492 suam
832 1456 908 1492 tale
941 1459 1013 1493 est.
1048 1456 1139 1501 Ejus
1180 1456 1301 1502 igitur
1318 1457 1493 1494 essentia
1512 1466 1593 1494 non
1612 1457 1686 1494 erit

69 1502 191 1540 bona.
214 1504 294 1539 Hoc
312 1506 443 1539 autem
474 1505 534 1539 est
555 1502 818 1548 impossibile.
841 1503 965 1539 Omne
994 1503 1099 1539 enim
1120 1503 1226 1549 quod
1255 1506 1330 1547 est,
1351 1504 1392 1540 in
1412 1507 1603 1550 quantum
1625 1508 1685 1541 est

70 1558 159 1593 ens,
177 1557 342 1586 necesse
360 1552 421 1586 est
451 1557 540 1586 esse
570 1548 734 1585 bonum.
756 1550 852 1586 Esse
882 1558 1051 1596 namque
1081 1558 1199 1586 suum
1231 1551 1541 1597 unumquodque
1563 1554 1682 1596 amat,

71 1600 110 1633 et
133 1604 368 1633 conservare
398 1595 556 1641 appetit.
579 1596 744 1641 Signum
778 1599 907 1632 autem
927 1600 987 1633 est
1007 1596 1100 1642 quia
1119 1600 1408 1643 contrapugnat
1433 1598 1683 1644 unumquod-

70 1652 148 1690 que
168 1652 250 1680 suae
271 1643 529 1688 corruptioni.
554 1643 704 1679 Bonum
726 1647 856 1679 autem
877 1646 936 1680 est
957 1643 1062 1689 quod
1083 1644 1217 1680 omnia
1232 1647 1432 1689 appetunt.
1447 1646 1532 1681 Non
1554 1647 1684 1691 potest

71 1690 195 1736 igitur
213 1690 417 1727 distinctio
438 1689 479 1726 in
500 1688 618 1726 rebus
639 1689 852 1735 procedere
874 1699 897 1726 a
919 1689 1075 1727 duobus
1096 1691 1308 1727 contrariis
1337 1691 1560 1738 principiis,
1585 1700 1683 1739 quo·

72 1746 159 1774 rum
182 1745 303 1774 unum
326 1736 557 1780 sithonum,
579 1739 618 1773 et
635 1736 741 1773 aliud
758 1736 921 1773 malum.

117 1783 261 1825 Adhuc,
284 1791 401 1820 omne
433 1791 556 1829 agens
591 1783 674 1828 agit
702 1783 743 1819 in
775 1787 967 1830 quantum
1000 1787 1062 1821 est
1090 1784 1267 1829 actu;in
1298 1788 1489 1830 quantum
1510 1794 1602 1822 vero
1624 1789 1685 1823 est

73 1834 178 1875 actu,
199 1829 510 1876 unumquodque
545 1831 761 1875 perfectum
795 1833 867 1867 est.
891 1830 1109 1868 Perfectum
1139 1839 1232 1868 vero
1264 1840 1396 1876 omne,
1418 1832 1459 1868 in
1491 1835 1683 1879 quantum

70 1876 315 1923 hujusmodi,
337 1877 486 1914 bonum
502 1876 686 1914 dicimus.
709 1877 832 1914 Omne
853 1877 975 1923 igitur
994 1886 1132 1924 agens,
1153 1878 1196 1914 in
1215 1882 1406 1924 quantum
1436 1879 1681 1925 hujusmodi,

71 1924 218 1961 bonum
242 1927 315 1961 est.
338 1924 377 1960 Si
395 1922 490 1970 quid
518 1923 640 1970 igitur
661 1933 730 1969 per
752 1932 795 1961 se
826 1924 975 1961 malum
998 1928 1072 1969 est,
1094 1933 1174 1962 non
1196 1926 1340 1971 poterit
1358 1934 1449 1963 esse
1469 1935 1592 1972 agens
1616 1939 1624 1963 :
1648 1927 1681 1963 si

73 1975 204 2008 autem
225 1974 285 2008 est
313 1970 508 2008 malorum
528 1971 698 2016 primum
727 1970 980 2017 principium,
1002 1975 1157 2017 oportet
1184 1981 1274 2009 esse
1292 1982 1362 2019 per
1392 1982 1435 2010 se
1456 1974 1619 2019 malum,
1641 1977 1684 2011 ut

73 2021 281 2055 ostensum
300 2021 373 2055 est.
394 2017 645 2064 Impossibile
666 2021 726 2055 est
756 2018 877 2065 igitur
895 2018 1193 2057 distinctionem
1212 2019 1254 2056 in
1280 2019 1400 2058 rebus
1427 2020 1641 2067 procedere
1661 2030 1684 2058 a

73 2064 231 2101 duobus
251 2064 473 2111 principiis,
495 2063 601 2101 bono
618 2068 656 2102 et
677 2064 795 2102 malo.

118 2111 302 2162 amplius,
325 2111 360 2148 si
391 2119 508 2147 omne
541 2120 627 2156 ens,
664 2111 706 2148 in
735 2115 927 2159 quantum
959 2112 1212 2159 hujusmodi,
1244 2113 1395 2151 bonum
1428 2117 1503 2159 est,
1533 2114 1681 2152 malum

72 2157 207 2203 igitur,
229 2157 271 2194 in
288 2161 478 2204 quantum
501 2161 560 2195 est
588 2158 750 2203 malum,
773 2162 834 2196 est
853 2168 933 2196 non
967 2169 1052 2197 ens.
1074 2162 1161 2198 Non
1192 2161 1296 2198 entis
1329 2164 1474 2205 autem,
1496 2162 1537 2198 in
1558 2171 1682 2209 quan-

72 2207 157 2240 tum
178 2203 421 2250 hujusmodi,
442 2213 524 2241 non
546 2209 606 2242 est
636 2214 783 2251 ponere
809 2215 970 2243 causam
989 2211 1187 2253 agentem,
1206 2216 1297 2244 cum
1315 2217 1431 2245 omne
1447 2217 1570 2254 agens
1591 2212 1683 2255 agat

71 2251 115 2287 in
147 2254 337 2296 quantum
370 2254 432 2288 est
460 2260 531 2288 ens
563 2255 666 2288 actu.
691 2252 779 2298 Agit
813 2257 942 2290 autem
975 2253 1286 2302 unumquodque
1317 2255 1395 2292 sihi
1429 2255 1573 2291 simile.
1593 2255 1682 2292 Mali

72 2297 209 2343 igitur,
231 2297 274 2334 in
305 2300 497 2344 quantum
530 2302 590 2335 est
610 2298 853 2344 hujusmodi,
876 2309 956 2336 non
975 2304 1035 2337 est
1054 2310 1201 2346 ponere
1222 2310 1384 2339 causam
1402 2310 1472 2347 per
1499 2310 1542 2338 se
1562 2310 1682 2347 agen-

72 2347 166 2380 tem.
189 2345 274 2380 Non
295 2348 361 2396 est·
375 2344 497 2390 igitur
510 2344 593 2382 fieri
615 2346 886 2383 reductionem
906 2347 1101 2385 malorum
1116 2348 1156 2384 in
1174 2356 1295 2385 unam
1316 2348 1484 2394 primam
1505 2356 1685 2392 causam,

37 2414 50 2429 -.
73 2399 162 2437 quae
177 2399 247 2435 per
266 2399 309 2428 se
329 2394 382 2428 sit
401 2400 522 2428 causa
544 2392 722 2429 omnium
743 2393 952 2430 malorum.
1364 2438 1366 2440 ,

120 2437 263 2477 Adhuc,
286 2437 392 2484 quod
423 2437 604 2475 educitur
635 2442 774 2483 praeter
794 2440 1056 2477 intentionem
1087 2441 1257 2486 agentis,
1279 2449 1361 2478 non
1382 2441 1500 2479 habet
1518 2452 1680 2481 causam

72 2493 144 2530 per
161 2492 218 2527 se,
232 2483 301 2520 sed
322 2484 461 2530 incipit
474 2493 543 2529 per
558 2485 755 2527 accidens,
770 2486 874 2523 sicut
893 2496 981 2523 cum
997 2487 1087 2533 quis
1105 2487 1256 2523 invenit
1273 2487 1505 2526 thesaurum
1525 2490 1683 2528 fodiens

73 2530 122 2567 ad
145 2530 402 2583 plantandum
422 2541 431 2566 :
453 2530 523 2568 sed
554 2531 702 2583 malum
720 2532 762 2569 in
791 2532 930 2570 effectu
952 2533 1087 2580 aliquo
1108 2542 1189 2570 non
1219 2537 1350 2579 potest
1376 2536 1583 2581 provenire
1603 2537 1682 2574 nisi

73 2581 216 2623 praeter
231 2580 492 2614 intentionem
515 2581 684 2625 agentis,
698 2588 787 2616 cum
804 2588 921 2616 omne
935 2588 1059 2626 agens
1074 2579 1123 2617 ad
1142 2579 1292 2617 bonum
1314 2580 1506 2620 intendat.
1529 2584 1683 2621 Bonum

33 2671 35 2674 ι
75 2624 181 2660 enim
200 2623 382 2671 estquod
417 2624 552 2661 omnia
582 2628 783 2671 appetunt.
804 2626 946 2663 Malum
965 2626 1087 2672 igitur
1115 2635 1196 2665 non
1216 2627 1334 2665 habet
1352 2637 1515 2667 causam
1533 2639 1604 2676 per
1622 2639 1680 2675 se,

74 2670 145 2707 sed
164 2680 233 2716 per
259 2670 614 2724 accidens-incidit
632 2672 674 2708 in
694 2670 900 2709 effectibus
931 2681 1154 2711 causarum.
1173 2675 1260 2712 Non
1293 2673 1416 2721 igitur
1446 2679 1507 2714 est
1535 2685 1682 2724 ponere

74 2725 197 2754 unum
219 2718 388 2764 primum
408 2726 645 2764 principium
669 2718 846 2755 omnium
868 2719 1078 2757 malorum.

121 2765 310 2806 Praeterea,
332 2764 621 2802 contrariorum
637 2765 839 2811 agentium
853 2766 1165 2804 suntcontrariae
1185 2767 1376 2807 actiones.
1399 2771 1542 2807 Eorum
1563 2771 1684 2817 igitur

76 2819 166 2862 qua}
180 2820 250 2856 per
268 2821 388 2848 unam
418 2811 614 2849 actionem
636 2812 921 2858 producuntur,
944 2821 1025 2849 non
1046 2817 1139 2850 sunt
1157 2815 1342 2860 ponenda
1370 2817 1566 2863 principia
1587 2827 1681 2855 con·

76 2860 208 2908 traria.
230 2859 382 2895 Bonum
403 2862 532 2895 autem
555 2863 593 2895 et
609 2859 755 2896 malum
778 2859 914 2896 eadem
934 2859 1090 2897 actione
1108 2861 1393 2906 producuntur.
1413 2863 1555 2900 Eadem
1576 2864 1680 2901 enim

76 2906 231 2943 actione
250 2913 353 2953 aqua
365 2906 644 2954 corrumpitur,
665 2909 703 2943 et
717 2915 783 2944 aer
801 2908 1025 2954 generatur.
1040 2907 1128 2946 Non
1147 2911 1240 2946 sunt
1259 2909 1382 2957 igitur
1397 2913 1556 2957 propter
1573 2910 1681 2947 diffe-
