1894 3223
167 161 239 197 336
757 153 844 190 LIB.
873 153 937 195 111,
966 153 1068 190 CAP.
1096 155 1198 190 LXII.

172 239 312 280 saltem
354 239 513 281 propter
543 234 620 271 hoc
639 233 746 281 quod
766 233 986 271 aestimatur
1007 233 1332 280 impedimentum
1362 233 1525 281 majoris
1545 233 1655 270 boni.
1682 234 1791 271 Sicut

172 286 276 326 enim
305 283 406 319 nihil
439 281 637 318 desiderat
660 280 856 326 appetitus
878 280 956 317 nisi
985 281 1059 317 sub
1080 281 1233 318 ratione
1249 280 1361 326 honi,
1381 281 1437 318 ita
1465 280 1565 317 nihil
1587 280 1689 327 fugit
1709 281 1802 318 nisi·

172 331 246 369 sub
264 330 416 366 ratione
435 328 542 364 mali.
565 327 639 365 Sed
659 327 700 364 in
721 327 911 365 fruitione
940 327 1050 364 illius
1074 327 1244 364 visionis
1263 337 1345 365 non
1367 331 1496 373 potest
1516 336 1604 364 esse
1627 327 1788 373 aliquod

171 377 335 420 malum,
352 384 442 412 cum
460 375 513 411 sit
531 374 724 420 optimum
741 373 790 411 ad
811 374 917 421 quod
932 377 1112 411 creatura
1127 374 1407 412 intellectualis
1421 374 1624 420 pervenire
1640 378 1788 419 potest;

172 433 299 470 neque
321 422 438 459 etiam
459 425 590 467 potest
611 430 701 458 esse
721 420 831 468 quod
851 421 900 458 ab
923 429 971 458 eo
992 421 1059 468 qui
1083 421 1151 457 illa
1171 421 1314 459 fruitur
1333 421 1488 458 visione
1509 421 1726 458 aestimetur
1748 421 1791 458 in

172 479 220 507 ea
248 478 337 506 esse
358 468 519 514 aliquod
549 467 714 512 malurn,
734 467 795 504 vel
823 467 973 514 aliquid
998 477 1044 504 eo
1066 467 1223 508 melius,
1242 477 1331 504 cum
1355 467 1456 505 visio
1492 468 1600 504 illius
1624 476 1790 518 summae

171 516 348 554 veritatis
381 524 541 552 omnem
573 515 715 552 falsam
749 514 1054 552 aestimationem
1082 514 1276 551 excludat.
1297 514 1548 560 Impossibile
1581 519 1641 551 est
1670 515 1792 559 igitur

172 563 279 610 quod
324 561 549 645 substantia
588 561 869 599 intellectualis
899 570 987 607 quae
1017 563 1139 603 Deum
1173 560 1293 606 videt,
1322 570 1497 608 unquam
1525 561 1593 598 illa
1632 562 1790 598 risione

173 619 307 649 carere
326 619 371 645 ve
392 609 433 645 it.

219 657 319 696 Item,
354 654 558 692 fastidium
593 654 762 701 alicujus
801 663 880 700 quo
918 654 1029 700 prius
1068 654 1214 700 aliquis
1251 653 1534 692 delectabiliter
1590 655 1792 693 fruebatur

174 703 318 740 accidit
354 705 513 748 propter
549 702 624 739 1106
647 701 753 748 quod
782 710 846 738 res
885 701 952 737 illa
983 701 1156 748 aliquam
1194 701 1510 738 immutationem
1544 701 1637 738 facit
1669 702 1710 738 in
1749 711 1792 739 se

174 749 464 796 corrumpendo
494 748 555 785 vel
590 748 832 785 debilitando
855 748 1037 785 virtutem
1059 748 1202 794 ipsius,
1226 751 1263 784 et
1287 751 1446 794 propter
1477 748 1551 785 1106
1580 749 1684 785 vires
1707 758 1792 785 sen-

175 796 328 840 sibiles,
351 796 497 842 quibus
533 795 677 832 accidit
706 795 885 842 fatigatio
915 794 956 830 in
992 794 1077 832 suis
1107 794 1262 832 actibus
1282 797 1441 840 propter
1473 794 1792 833 immutationem

175 842 446 889 corporalium
476 851 718 888 organorum
753 851 776 879 a
793 841 1067 886 sensibilibus,
1089 850 1112 879 a
1135 841 1294 888 quibus,
1324 841 1480 879 etiamsi
1502 841 1649 878 fuerint
1670 842 1794 878 excel-

175 890 312 934 lentia,
329 892 650 934 corrumpuntur,
674 888 883 926 fastidiunt
908 892 998 934 post
1019 888 1181 935 aliquod
1199 892 1355 934 tempus
1376 888 1452 925 frui
1474 897 1520 925 eo
1543 888 1647 935 quod
1682 888 1792 934 prius

176 936 460 974 delectabiliter
480 935 718 974 sentiebant.
741 937 785 973 Et
811 939 970 981 propter
990 935 1067 973 hoc
1092 936 1211 972 ctiam
1232 935 1271 972 in
1294 934 1552 982 intelligendo
1587 935 1793 972 fastidium

175 984 347 1030 patimur
383 986 474 1029 post
509 983 669 1030 longam
707 982 768 1019 vel
802 982 1073 1019 vehementem
1105 982 1417 1026 meditationem,
1445 982 1538 1028 quia
1577 981 1794 1028 fatigantur

176 1030 362 1076 potentiae
384 1033 539 1066 utentes
558 1029 832 1076 corporalibus
847 1029 1024 1075 organis,
1046 1029 1134 1066 sine
1154 1028 1300 1076 quibus
1330 1028 1598 1067 consideratio
1615 1029 1793 1066 intellec-

175 1083 241 1114 tus
262 1077 388 1113 nostri
409 1076 598 1122 compleri
620 1085 701 1114 non
721 1079 863 1121 potest.
886 1076 1026 1112 Divina
1045 1080 1177 1113 autem
1203 1076 1428 1113 substantia
1454 1084 1536 1112 non
1555 1075 1790 1121 corrumpit,

178 1123 247 1160 sed
268 1123 437 1160 maxime
458 1122 609 1169 perficit
624 1123 882 1167 intellectum,
906 1132 1033 1169 neque
1049 1123 1097 1161 ad
1112 1123 1198 1169 ejus
1215 1123 1410 1160 visionem
1428 1123 1629 1160 concurrit
1647 1122 1793 1169 aliquis

177 1173 289 1207 actus
307 1170 373 1215 qui
392 1179 462 1215 per
480 1179 630 1216 organa
664 1170 886 1215 corporalia
912 1173 1152 1206 exerceatur.
1169 1169 1418 1215 Impossibile
1443 1172 1504 1206 est
1527 1169 1660 1215 igitur,
1685 1168 1791 1215 quod

176 1217 245 1253 illa
264 1216 366 1253 visio
386 1216 556 1263 aliquem
578 1215 766 1261 fastidiat,
782 1217 848 1263 qui
870 1216 980 1261 prius
1001 1226 1046 1253 ea
1066 1215 1350 1253 delectabiliter
1363 1215 1577 1253 fruebatur.

223 1264 404 1310 Amplz'u5‚
427 1264 527 1300 nihil
563 1262 668 1309 quod
690 1272 780 1300 cum
802 1263 1063 1300 admiratione
1097 1263 1373 1301 consideratur
1406 1266 1537 1308 potest
1567 1271 1656 1299 esse
1679 1262 1791 1300 fasti-

178 1310 351 1355 diosum,
377 1310 469 1355 quia
500 1310 688 1356 quamdiu
711 1310 784 1347 sub
824 1310 1084 1346 admiratione
1113 1313 1185 1350 est,
1204 1309 1333 1347 adhuc
1363 1309 1604 1347 deside-rium
1644 1313 1791 1347 manet.

178 1357 318 1393 Divina
338 1360 469 1401 autem
495 1356 718 1393 substantia
736 1366 760 1393 a
788 1357 966 1402 quolibet
986 1356 1189 1394 intellectu
1224 1360 1534 1401 creatosemper
1554 1365 1644 1393 cum
1667 1356 1792 1393 admi-

176 1403 331 1440 ratione
365 1403 532 1448 videtur,
566 1412 657 1440 cum
695 1402 830 1440 nullus
872 1403 1096 1440 intellectus
1141 1407 1298 1440 creatus
1335 1412 1422 1439 eam
1468 1403 1790 1448 comprehendat.

177 1448 427 1495 Impossibile
465 1453 526 1486 est
561 1450 683 1496 igitur
716 1449 823 1496 quod
857 1449 1082 1487 substantia
1115 1449 1396 1488 intellectualis
1447 1448 1557 1486 illam
1596 1449 1794 1487 visionem

176 1496 435 1579 fastidiatgjet·
459 1496 518 1579 11οί
546 1505 627 1533 non
660 1499 791 1542 potest
820 1505 909 1534 esse
929 1496 1035 1544 quod
1063 1505 1133 1543 per
1163 1496 1362 1543 propriam
1391 1495 1635 1535 voluntatem
1657 1496 1704 1533 ab
1726 1496 1795 1535 illa

175 1551 332 1580 vislone
380 1551 460 1579 esis
481 1553 501 1579 a
523 1571 531 1579 .

224 1590 368 1634 Adhuc,
393 1589 426 1626 si
448 1590 581 1636 aliqua
612 1589 691 1627 duo
732 1590 889 1627 fuerunt
910 1589 1019 1635 prius
1044 1589 1168 1634 unita,
1186 1593 1225 1626 et
1253 1589 1507 1642 postmodum
1540 1593 1792 1636 separantur,

177 1640 332 1682 oportet
357 1636 463 1683 quod
483 1637 559 1673 hoc
580 1636 733 1678 accidat
764 1646 833 1683 per
852 1636 1110 1673 mutationem
1145 1636 1314 1683 aliquus
1335 1646 1486 1674 eorum.
1509 1637 1660 1674 Relatio
1683 1637 1791 1674 enim

176 1684 280 1720 sicut
315 1692 396 1719 non
417 1683 556 1729 incipit
577 1692 666 1720 esse
686 1683 733 1720 de
767 1692 868 1721 novo
890 1683 1039 1730 absque
1060 1683 1279 1721 mutatione
1300 1683 1462 1721 alterius
1483 1683 1713 1727 relatorum,
1736 1683 1793 1721 ita

176 1739 251 1766 nec
271 1729 419 1776 absque
441 1730 603 1767 alterius
623 1729 841 1768 mutatione
863 1731 910 1767 de
931 1739 1034 1767 novo
1055 1730 1224 1768 desistit.
1244 1731 1473 1768 Intellectus
1489 1734 1619 1767 autem
1634 1734 1792 1768 creatus

175 1776 281 1813 videt
311 1779 434 1814 Deum
455 1786 524 1822 per
543 1777 618 1814 hoc
648 1777 754 1823 quod
772 1777 807 1814 ei
841 1777 1134 1824 quodammodo
1167 1777 1314 1822 unitur,
1336 1781 1379 1814 ut
1398 1787 1446 1814 ex
1473 1777 1588 1815 dictis
1610 1777 1709 1824 (cap.
1731 1776 1792 1823 51)

176 1826 294 1869 patet.
316 1823 354 1860 Si
395 1833 488 1869 ergo
509 1823 610 1862 visio
643 1824 711 1861 illa
754 1824 922 1867 desinat,
940 1824 1087 1860 unione
1123 1824 1353 1870 hujusmodi
1391 1824 1609 1868 desinente,
1635 1826 1791 1869 oportet

177 1869 285 1916 quod
315 1869 391 1921 1106
419 1869 486 1906 fiat
505 1880 574 1916 per
601 1870 861 1908 mutationem
884 1870 1025 1907 divinae
1055 1870 1302 1915 substantiae,
1323 1870 1384 1907 vel
1416 1870 1642 1907 intellectus
1663 1871 1792 1915 ipsam

177 1915 546 1961 videntis‚quorum
580 1922 788 1963 utrumque
830 1921 890 1953 est
919 1917 1180 1962 impossibile.
1201 1918 1297 1954 Nam
1318 1917 1451 1954 divina
1484 1916 1707 1954 substantia
1732 1920 1793 1954 est

176 1962 453 2007 immutabilis,
472 1966 515 1999 ut
529 1963 569 2000 in
584 1964 711 2009 primo
724 1963 790 2000 lib.
805 1963 904 2010 (cap.
927 1963 982 2009 13)
1002 1967 1207 2001 ostensum
1223 1967 1295 2001 est.
1311 1963 1538 2001 Substantia
1552 1963 1793 2000 etiamintel·

177 2009 359 2046 lectualis
380 2009 554 2060 elevatur
575 2019 696 2056 supra
714 2019 874 2047 omnem
894 2010 1168 2055 mutationem,
1186 2020 1277 2048 cum
1296 2010 1364 2047 Dei
1385 2010 1649 2048 substantiam
1669 2010 1789 2047 videt.

178 2055 429 2102 Impossibile
464 2059 524 2092 est
553 2056 674 2103 igitur
712 2057 818 2104 quod
853 2057 997 2104 aliquis
1024 2057 1176 2095 decidat
1208 2057 1257 2095 ab
1295 2057 1365 2094 illa
1396 2057 1581 2094 felicitate
1615 2066 1691 2103 qua
1723 2057 1791 2094 Dei

177 2103 441 2140 substantiam
460 2103 577 2139 videt.

223 2151 323 2195 Item,
343 2152 491 2196 quanto
512 2149 661 2196 aliquid
683 2154 744 2187 est
781 2151 861 2187 Deo
882 2150 1159 2197 propinquius,
1182 2151 1248 2196 qui
1282 2154 1343 2187 est
1370 2151 1535 2187 omnino
1558 2150 1790 2196 immobilis,

176 2199 286 2233 tanto
323 2200 384 2233 est
404 2196 538 2233 minus
561 2196 750 2234 mutabile
787 2201 826 2234 et
855 2197 984 2243 magis
1003 2206 1274 2244 perseverans.
1297 2197 1404 2234 Unde
1424 2197 1603 2244 quaedam
1624 2206 1793 2243 corpora

174 2247 334 2289 propter
354 2243 429 2280 hoc
447 2243 552 2290 quod
574 2244 693 2290 longe
717 2243 864 2281 distant
882 2253 904 2280 a
924 2246 1018 2288 Deo,
1040 2253 1121 2281 non
1141 2247 1312 2290 possunt
1331 2244 1373 2281 in
1389 2248 1619 2290 perpetuum
1633 2244 1790 2289 durare,

177 2289 282 2326 sicut
302 2289 446 2327 dicitur
479 2291 519 2326 111
545 2290 720 2327 secundo
751 2292 803 2328 De
820 2292 1047 2336 ,ueneratione
1066 2291 1174 2337 (text.
1192 2299 1336 2328 comm.
1359 2291 1431 2337 59).
1452 2291 1524 2328 Sed
1556 2291 1665 2327 nulla
1687 2300 1792 2328 crea-

176 2339 265 2373 tura
285 2340 414 2382 potest
427 2338 507 2374 Deo
532 2337 703 2374 vicinius
721 2337 1037 2384 appropinquare
1053 2346 1170 2384 quam
1185 2347 1273 2384 quae
1290 2337 1375 2384 ejus
1390 2338 1654 2375 substantiam
1671 2337 1788 2375 videt.

177 2384 365 2420 Creatura
399 2383 520 2429 igitur
558 2384 840 2422 intellectualis
859 2394 946 2431 quae
977 2384 1045 2421 Dei
1066 2384 1330 2422 substantiam
1356 2384 1473 2426 videt,
1496 2384 1789 2431 quodammodo

174 2429 492 2481 immobilitatem
513 2431 802 2478 consequitur;
824 2440 905 2468 non
933 2431 1054 2478 igitur
1090 2431 1284 2478 possibile
1317 2434 1377 2468 est
1398 2431 1503 2478 quod
1536 2439 1710 2478 unquam
1741 2429 1789 2469 ab

175 2476 243 2513 illa
263 2477 418 2514 visione
439 2476 606 2514 deficiat.

225 2523 323 2561 Hinc
352 2524 533 2570 estquod
552 2524 593 2561 in
615 2525 678 2561 ΡΞ.
700 2532 863 2569 LXXXJH,
886 2527 920 2569 5,
942 2525 1086 2561 dicitur
1107 2537 1115 2561 ε
1137 2526 1240 2561 Beati
1256 2526 1319 2570 qui
1337 2525 1504 2561 habitant
1522 2526 1562 2560 in
1581 2525 1682 2560 domo
1710 2527 1787 2569 tua,

175 2571 349 2607 Domine!
367 2571 411 2607 In
429 2572 560 2608 saecula
576 2571 785 2608 saeculorum
805 2572 1007 2607 laudabunt
1027 2574 1072 2607 te.
1086 2573 1127 2608 Et
1142 2571 1252 2616 alibi,
1272 2579 1406 2616 CXXIV,
1431 2575 1444 2608 l
1470 2573 1574 2608 :Non
1593 2569 1789 2606 movebitur

178 2617 218 2650 in
237 2620 407 2653 aeteruum
426 2620 492 2663 qul
520 2618 662 2654 habitat
680 2619 720 2655 in
747 2619 957 2655 Jerusalem.
979 2620 1023 2655 Et
1040 2618 1166 2663 lsaiae,
1185 2626 1326 2660 xxxm,
1340 2621 1399 2660 20,
1412 2621 1453 2655 21
1471 2629 1479 2654 τ
1498 2618 1601 2654 Oculi
1620 2618 1675 2652 tui
1693 2617 1790 2653 ride-

177 2661 264 2697 bunt
290 2664 485 2700 Jerusalem
519 2666 704 2702 civitatem
733 2665 951 2710 opulentam,
973 2668 1007 2701 et
1034 2665 1304 2702 tabernaculum
1333 2665 1429 2711 quod
1454 2673 1640 2709 nunquam
1668 2666 1788 2700 trans-

175 2708 267 2751 ferri
293 2712 439 2754 poterit,
461 2721 524 2748 nec
555 2713 769 2756 auferentur
797 2713 892 2748 clavi
905 2712 981 2757 ejus
1001 2713 1041 2748 in
1059 2713 1325 2757 sempiternum,
1347 2714 1381 2746 et
1400 2720 1518 2747 omnes
1535 2710 1694 2753 funiculi
1712 2711 1788 2755 eJ'us

174 2763 248 2790 non
283 2759 507 2807 rumpentur,
529 2760 621 2804 quia
646 2759 863 2794 solummodo
900 2760 953 2795 ibi
974 2760 1187 2804 magnificus
1218 2761 1270 2794 est
1286 2759 1459 2794 Dominus
1478 2758 1574 2792 Deus
1592 2759 1722 2792 noster.
1745 2758 1789 2794 Et

179 2800 454 2848 Apocalypsis,
478 2812 536 2848 111,
560 2807 602 2840 12
627 2816 634 2840 :
658 2805 726 2848 Qut
743 2807 881 2846 vicerit,
904 2807 1042 2849 faciam
1052 2806 1154 2840 illum
1167 2805 1365 2841 columnam
1378 2805 1416 2839 in
1433 2803 1559 2848 templo
1577 2805 1642 2839 Del
1661 2805 1788 2848 mei‚et

174 2847 277 2891 forus
296 2859 367 2883 non
388 2849 588 2892 ew'eclz‘etur
607 2852 776 2895 amplius.

222 2895 295 2931 Per
315 2894 390 2932 hoc
412 2899 542 2932 autem
564 2896 785 2934 excluditur
805 2907 914 2934 error
937 2897 1247 2941 Platonicorum,
1267 2895 1335 2943 qui
1366 2895 1550 2934 dicebaut
1581 2900 1788 2943 separatas
