1894 3223
667 95 752 131 ΗΒ.
782 94 844 138 ΙΙΙ,
871 95 971 131 CAP.
1000 94 1124 132 Lxxx.
1636 99 1702 135 363

89 178 165 216 hoc
198 176 303 225 quod
335 185 360 214 a
379 178 457 213 Deo
475 176 688 223 accipiunt.
711 176 797 213 llaec
819 180 948 213 autem
968 176 1110 214 divinae
1130 176 1395 214 ordinationis
1417 177 1698 225 manifestatio,

87 225 279 262 divinitus
294 222 410 267 sacta,
427 231 554 269 usque
574 222 622 260 ad
641 221 798 260 ultimas
818 223 1145 260 intellectualium
1167 223 1478 262 substantiarum
1499 226 1700 273 pertingit,

90 273 194 309 sicut
214 270 370 315 dicitur,
385 269 471 314 Job,
485 277 578 314 xxv,
601 271 621 307 3
643 281 652 306 :
670 270 857 316 Numquid
874 273 923 306 est
944 281 1110 306 nanterus
1130 272 1285 307 militum
1304 272 1399 317 ejus;
1420 275 1453 308 ct
1475 281 1582 318 super
1601 283 1702 318 quem

88 329 162 355 non
187 317 350 364 splendet
377 318 497 353 lumen
527 316 606 362 ejus
625 315 731 354 ?Sed
756 317 964 354 inferiores
1003 318 1227 355 intellectus
1266 326 1346 355 non
1380 328 1424 356 ea
1463 320 1701 365 perfectione

89 367 219 412 ipsam
252 364 464 411 recipiunt,
485 363 591 411 quod
619 372 688 410 per
724 372 810 401 eam
847 363 1006 410 singula
1039 374 1124 411 quae
1157 365 1204 402 ad
1233 365 1410 403 ordinem
1446 367 1701 412 providentiae

89 415 272 459 spectant
299 410 348 448 ab
379 410 480 458 ipsis
513 409 743 458 exequenda
774 420 1015 456 cognoscere
1038 411 1205 457 possint,
1219 412 1289 449 sed
1321 412 1450 449 solum
1471 413 1512 450 in
1533 414 1703 461 quadam

89 458 402 502 communitate;
425 461 651 505 quantoque
690 461 783 495 sunt
821 458 1042 502 inferiores,
1065 462 1173 496 tanto
1208 468 1277 505 per
1307 460 1473 505 primam
1503 461 1702 498 illumina-

90 506 239 544 tionem
261 505 453 542 divinitus
486 508 685 552 acceptam
706 505 840 542 minus
860 505 898 541 in
922 505 1083 551 speciali
1106 505 1227 543 divini
1253 506 1405 543 ordinis
1434 508 1699 553 cognitionem

90 553 316 600 accipiunt3
345 552 387 589 in
415 554 568 589 tantum
589 551 694 599 quod
720 552 944 589 intellectus
967 553 1177 593 humanus,
1201 553 1267 599 qui
1290 556 1349 590 est
1379 553 1540 591 intimus
1561 564 1702 592 secun-

91 599 187 638 dum
222 599 443 637 naturalem
481 599 767 646 cognitionem,
807 599 936 636 solum
972 599 1233 646 quorumdam
1270 600 1703 639 univei-salissi-morum

93 646 274 684 notitiam
292 646 423 683 habet.
444 645 644 691 sicigitur
665 646 897 683 substantiae
936 646 1223 684 intellectuales
1249 647 1475 692 superiores
1498 649 1703 694 perfsctio-

93 703 184 731 nem
206 693 450 741 cognitionis
477 693 652 739 praedicti
678 693 829 731 ordinis
857 693 1080 730 immediate
1102 697 1437 739 consequuntur-a
1460 697 1562 740 Deo;
1587 705 1704 742 quam

93 741 252 788 quidem
275 740 560 787 perfectionem
582 744 735 786 oportet
756 739 860 787 quod
879 740 965 777 aliae
985 739 1195 777 inferiores
1215 750 1284 787 per
1307 750 1374 777 eas
1394 741 1702 790 consequantur,

94 788 199 825 sicut
214 787 537 834 supradiximus,
556 787 661 835 quod
678 787 913 825 universalis
944 787 1127 833 discipuli
1155 787 1332 835 cognitio
1354 790 1704 835 percognitionem

94 835 290 882 magistri,
313 834 381 882 qui
412 835 453 871 in
488 834 650 882 speciali
688 835 908 880 cognoscit,
931 834 1158 880 perducitur
1189 834 1236 872 ad
1275 835 1503 880 perfectum.
1526 837 1622 873 ilinc
1647 841 1706 875 est

94 881 200 929 quod
215 881 430 929 Dionysius
448 880 496 918 de
517 881 714 927 supremis
735 881 1070 918 intellectualibus
1091 881 1341 927 substantiis,
1357 891 1456 929 quas
1474 883 1608 928 primic
1627 883 1706 921 hie-

93 929 273 974 rarchiae,
286 928 326 966 id
341 931 400 966 est
415 928 516 966 sacri
530 929 788 975 principatus,
801 929 993 973 nominat,
1008 928 1048 964 in
1064 929 1232 974 septimo
1247 938 1330 975 cap.
1346 929 1479 966 Coelest.
1496 931 1706 967 hierarchiae

95 976 190 1014 dicit
215 975 322 1023 quod
342 983 424 1012 non
440 984 510 1020 per
539 974 638 1012 alias
662 975 907 1012 substantias
925 974 1193 1019 sanctificatae,
1216 976 1284 1013 sed
1313 976 1360 1013 ab
1391 977 1478 1023 ipsa
1503 977 1705 1016 divinitate

94 1023 136 1060 in
173 1023 185 1059 i
217 1031 261 1060 sa
295 1021 523 1059 immediate
555 1021 832 1066 extenduntur,
854 1022 970 1058 etiam
1009 1022 1054 1058 ad
1080 1022 1378 1059 immaterialem
1407 1027 1444 1060 et
1464 1024 1705 1064 invisibilem

93 1032 442 1116 pulcfiritudinem,
461 1072 652 1115 quantum
672 1069 731 1106 fas
755 1074 828 1113 est,
850 1069 891 1105 in
921 1069 1294 1114 contemplationem
1316 1069 1577 1116 adducuntur,
1601 1076 1637 1109 et
1658 1073 1706 1112 ad

94 1115 319 1154 divinorum
341 1124 505 1161 operum
527 1115 688 1153 scibiles
708 1115 882 1153 rationes
904 1127 911 1159 ;
934 1119 972 1152 ct
1013 1125 1082 1162 per
1101 1115 1174 1153 has
1195 1116 1290 1153 dicit
1318 1118 1547 1163 suppositas
1566 1119 1703 1158 cceles-

95 1162 196 1200 tium
216 1162 480 1200 essentiarum
500 1161 786 1208 dispositiones
806 1162 965 1199 erudiri.

141 1209 206 1247 Sic
226 1218 320 1257 ergo
343 1208 504 1247 altiores
532 1208 757 1247 intellectus
791 1209 832 1246 in
853 1209 982 1246 altiori
1010 1209 1206 1256 principio
1228 1210 1472 1256 cognitionis
1495 1214 1703 1259 perfectio-

95 1265 186 1294 nem
204 1256 442 1304 suscipiunt.
458 1257 501 1293 In
516 1256 688 1303 qualibet
704 1260 834 1294 autem
856 1256 1118 1303 dispositione
1136 1257 1392 1303 providentiae
1407 1258 1494 1305 ipsa
1507 1261 1704 1301 ordinatio

96 1302 308 1341 effectuum
345 1313 393 1341 ex
424 1302 552 1341 forma
585 1303 740 1349 agentis
769 1303 980 1355 derivatur.
1011 1304 1171 1348 Oportet
1199 1304 1305 1341 enim
1335 1303 1500 1345 effectus
1527 1316 1551 1345 a
1586 1317 1705 1348 causa

96 1350 317 1388 secundum
338 1350 513 1398 aliquam
534 1349 836 1388 similitudinem
857 1350 1083 1397 procedere.

145 1397 256 1442 Quod
276 1400 406 1434 autem
436 1406 560 1443 agens
579 1406 661 1434 suae
697 1398 832 1434 formae
866 1397 1169 1434 similitudinem
1199 1397 1404 1437 effectibus
1425 1403 1703 1448 communicet,

97 1447 158 1481 est
175 1448 334 1491 propter
351 1445 400 1482 ali
435 1453 523 1482 uem
544 1443 677 1481 finem.
697 1444 871 1481 Primum
899 1453 993 1492 ergo
1014 1444 1252 1491 principium
1273 1445 1313 1482 in
1332 1446 1595 1493 dispositione
1615 1459 1704 1495 pro-

96 1490 281 1530 videntiae
318 1494 378 1529 est
433 1490 510 1529 nis.
541 1491 780 1537 Secundum,
814 1491 941 1528 forma
978 1491 1146 1538 agentis.
1167 1492 1352 1538 Tertium,
1369 1493 1456 1539 ipsa
1496 1495 1706 1541 dispositio

97 1538 251 1577 ordinis
281 1536 507 1576 effectuum.
529 1538 760 1584 Supremam
798 1538 919 1585 igitur
952 1538 992 1574 in
1020 1537 1158 1575 ordine
1193 1538 1419 1578 intellectus
1440 1545 1500 1579 est
1530 1544 1635 1590 quod
1665 1545 1706 1581 in

97 1584 176 1623 fine
203 1584 356 1624 ordinis
377 1584 478 1622 ratio
510 1584 758 1630 attendatur;
780 1584 997 1623 secundum
1025 1588 1170 1630 autem,
1189 1585 1294 1633 quod
1313 1586 1353 1623 in
1372 1587 1524 1633 sorma3
1547 1590 1705 1628 tertium

96 1641 204 1674 vero,
235 1631 340 1680 quod
368 1632 458 1678 ipsa
478 1631 632 1670 ordinis
664 1631 874 1679 dispositio
895 1632 937 1669 in
957 1631 1102 1684 seipsa,
1124 1641 1205 1670 non
1224 1632 1266 1670 in
1287 1633 1421 1681 aliquo
1441 1636 1572 1673 altiori
1599 1639 1706 1683 prin—

98 1679 202 1726 cipio
236 1682 516 1726 cognoscatur.
537 1679 644 1716 Unde
674 1682 712 1716 et
732 1688 796 1717 ars
825 1688 912 1726 quae
930 1679 1156 1717 considerat
1181 1678 1301 1717 finem
1321 1684 1382 1718 est
1400 1682 1708 1724 architectonica

97 1727 277 1773 respectu
298 1725 384 1772 eius
410 1734 497 1772 quae
521 1725 748 1763 considerat
768 1727 948 1771 formam,
965 1727 1067 1764 sicut
1094 1726 1376 1773 gubernatoria
1394 1734 1576 1777 respectu
1596 1732 1705 1769 navi-

97 1773 271 1818 iactivae;
293 1782 340 1810 ea
359 1781 450 1809 vero
472 1781 561 1820 quae
592 1772 819 1810 considerat
848 1773 1029 1818 sormam,
1049 1776 1231 1820 respectu
1263 1773 1350 1821 ejus
1375 1785 1462 1823 quae
1481 1778 1708 1817 considerat

97 1819 229 1859 solum
263 1819 423 1857 ordines
451 1823 632 1857 motuum
669 1820 736 1867 qui
773 1819 1007 1858 ordinantur
1044 1819 1093 1858 ad
1125 1820 1308 1869 formam,
1331 1821 1438 1860 sicut
1472 1824 1708 1864 navifactiva

97 1869 280 1920 respectu
300 1875 444 1904 manus
463 1865 672 1905 artificum.
920 1914 926 1919 ·
953 1914 959 1919 ,
1102 1913 1108 1920 .
1553 1887 1556 1890 -

143 1915 205 1952 Sic
225 1923 319 1961 ergo
351 1914 454 1950 inter
482 1914 575 1951 illos
604 1912 830 1952 intellectus
861 1923 928 1961 qui
949 1913 1176 1952 immediate
1206 1914 1359 1961 inipso
1389 1917 1469 1954 Deo
1492 1918 1706 1964 perfectam

96 1961 366 2008 cognitionem
387 1960 540 1998 ordinis
560 1960 816 2006 providentiae
835 1959 978 1999 divinae
993 1961 1216 2008 percipiunt
1238 1966 1300 1999 est
1320 1962 1482 2010 quidam
1497 1965 1608 2009 orde,
1628 1976 1706 2013 quo

97 2007 272 2055 supremi
294 2011 332 2046 et
349 2008 464 2054 primi
485 2008 640 2045 ordinis
653 2007 909 2054 providentiae
933 2009 1128 2046 rationem
1148 2008 1386 2056 participant
1403 2011 1445 2047 in
1462 2011 1550 2058 ipso
1567 2014 1706 2052 ultimo

97 2054 190 2100 fine,
209 2054 278 2102 qui
298 2057 360 2092 est
378 2054 511 2092 divina
546 2054 718 2093 bonitas.
740 2054 908 2100 Quidam
945 2059 1078 2093 tamen
1099 2064 1237 2093 eorum
1271 2057 1362 2095 aliis
1400 2058 1561 2104 clarius,
1584 2063 1621 2096 et
1640 2061 1707 2099 isti

97 2101 284 2139 dicuntur
302 2101 505 2146 Seraphim,
523 2102 638 2149 quasi
661 2102 845 2140 ardentes
877 2102 938 2143 vel
972 2102 1244 2148 incendentes,
1265 2104 1359 2150 quia
1382 2114 1452 2152 per
1478 2106 1705 2147 incendium

99 2147 300 2195 designari
337 2148 441 2184 solet
478 2148 652 2186 intensio
692 2149 841 2187 amoris
870 2149 931 2187 vel
952 2149 1153 2195 desiderii,
1170 2150 1237 2197 qui
1258 2154 1352 2188 sunt
1389 2151 1437 2190 de
1473 2151 1564 2191 fine.
1600 2155 1706 2192 Unde

98 2195 314 2242 Dionysius
334 2193 442 2240 dicit,
463 2193 505 2232 in
523 2195 693 2242 septimo
713 2205 799 2241 cap.
831 2195 986 2234 Caelestis
1019 2197 1242 2239 hierarchiae,
1264 2197 1371 2245 quod
1390 2208 1439 2237 ex
1460 2199 1536 2238 hoc
1569 2210 1706 2241 eorum

99 2242 260 2280 nomine
279 2240 512 2295 designatur
542 2246 581 2280 et
599 2241 858 2281 immobilitas
893 2252 1030 2282 eorum
1062 2244 1166 2281 eirca
1195 2243 1340 2290 divina,
1363 2244 1520 2283 fervens
1540 2251 1578 2283 et
1596 2248 1704 2285 flexi-

97 2288 205 2334 bilis,
228 2291 266 2325 et
284 2287 464 2326 reductio
480 2288 714 2328 inferiorum
734 2290 776 2326 in
795 2290 919 2328 Deum
942 2290 1046 2329 sicut
1064 2291 1106 2328 in
1122 2290 1254 2329 finem.

144 2334 314 2373 Secundi
351 2338 483 2373 autem
522 2335 715 2374 rationem
751 2335 904 2376 ordinis
936 2337 1192 2382 providentiae
1219 2337 1261 2375 in
1291 2337 1380 2385 ipsa
1411 2337 1539 2377 forma
1573 2339 1704 2379 divina

96 2381 268 2430 perfecte
286 2386 550 2428 cognoscunt,
569 2387 607 2420 et
636 2382 678 2420 hi
698 2383 884 2421 dicuntur
909 2383 1112 2429 Cherubim,
1134 2384 1241 2431 quod
1265 2384 1543 2431 interpretatur
1576 2387 1703 2425 scien-

95 2429 162 2468 tiae
190 2427 410 2477 plenitudo.
431 2428 604 2468 scientia
635 2429 740 2468 enim
770 2439 840 2476 per
858 2430 1026 2468 formam
1055 2431 1209 2470 scibilis
1234 2430 1448 2478 perficitur.
1470 2431 1578 2470 Unde
1611 2433 1706 2471 dicit

95 2475 312 2525 Dionysius
349 2475 455 2522 quod
484 2475 578 2514 talis
606 2477 827 2514 nominatio
861 2477 1061 2523 significat
1089 2478 1196 2525 quod
1219 2482 1312 2515 sunt
1348 2479 1642 2526 contemplativi
1662 2480 1704 2518 in

95 2523 226 2570 prima
243 2523 462 2571 operatrice
478 2522 622 2561 virtute
643 2522 785 2561 divinae
801 2523 1125 2570 pulchritudinis.

144 2569 262 2608 Tertii
292 2578 385 2607 vero
421 2569 551 2615 ipsam
582 2569 886 2616 dispositionem
934 2570 1158 2608 divinorum
1190 2569 1432 2618 judiciorum
1485 2573 1526 2610 in
1572 2574 1705 2620 seipsa

97 2617 366 2662 considerant,
382 2616 476 2654 ethi
494 2615 682 2655 dicuntur
701 2617 851 2655 Throni.
869 2618 967 2655 Nam
985 2626 1055 2664 per
1081 2617 1270 2656 thronum
1300 2621 1477 2665 potestas
1492 2619 1704 2668 judiciaria

96 2663 342 2711 designatur,
365 2663 604 2712 seeundum,
619 2663 720 2702 illud
741 2663 844 2702 Psal.
870 2672 927 2708 lx,
948 2666 969 2702 5
989 2675 998 2701 z
1022 2663 1157 2701 sedisti
1179 2674 1288 2711 super
1308 2665 1477 2704 thronum
1504 2669 1538 2704 et
1555 2666 1704 2713 judicas

89 2710 290 2757 justitiam.
311 2711 419 2748 Unde
440 2710 535 2749 dicit
554 2710 772 2758 Dionysius
799 2710 904 2757 quod
924 2720 993 2757 per
1013 2710 1114 2748 hanc
1135 2712 1448 2751 nominationem
1470 2712 1703 2761 designatur

96 2757 202 2805 quod
212 2761 306 2797 sunt
322 2757 474 2803 deiferi,
496 2760 535 2796 et
553 2757 603 2795 ad
621 2767 762 2795 omnes
782 2756 936 2794 divinas
953 2757 1229 2804 susceptiones
1247 2758 1493 2799 familiariter
1510 2762 1603 2808 apti.

141 2805 228 2843 Non
256 2809 388 2843 autem
410 2804 471 2842 sic
506 2805 716 2852 praemissa
751 2803 1011 2851 intelligenda
1046 2807 1153 2850 sunt,
1181 2806 1297 2854 quasi
1337 2807 1444 2844 aliud
1483 2808 1536 2845 sit
1566 2808 1700 2846 divina

95 2849 268 2898 bonitas,
283 2851 391 2890 aliud
425 2852 511 2899 ejus
541 2852 732 2898 essentia,
753 2854 792 2890 et
810 2851 918 2889 aliud
942 2851 1029 2898 ejus
1057 2851 1225 2891 scientia
1247 2862 1377 2892 rerum
1397 2853 1701 2901 dispositionem
