1894 3223
798 115 888 154 LIB.
915 115 976 157 tv,
1007 115 1110 153 GAP.
1133 115 1176 153 Χ.
1726 117 1799 152 505

220 199 315 236 Nam
337 195 443 244 quod
462 196 654 234 Dominus
721 199 759 234 st
776 198 1106 236 resurrectionem
1121 197 1213 235 dicit
1233 209 1242 234 z
1262 198 1358 234 Data
1369 199 1422 233 est
1440 196 1533 232 mihi
1547 196 1661 232 omnis
1675 199 1793 242 potes·

172 246 231 282 tas
248 246 290 281 in
306 244 390 280 ooelo
408 246 442 280 et
463 244 504 279 in
531 246 629 279 term
671 244 818 285 Mami..
839 252 980 289 xxvrn,
1004 244 1076 292 18),
1107 253 1189 282 non
1216 243 1304 281 idco
1330 243 1470 281 dicitur
1499 242 1615 290 quasi
1634 247 1728 280 tunc
1747 242 1796 280 de

173 299 278 330 novo
308 289 411 327 hanc
441 292 676 336 potestatem
707 292 914 336 acceperit,
934 291 1003 329 sed
1035 291 1127 338 quia
1156 293 1347 337 potestas.
1368 299 1486 337 quam
1516 290 1636 327 Filius
1656 289 1725 327 Dei
1746 289 1796 327 ab

173 342 319 377 aeterno
339 339 556 383 acceperat,
571 336 613 374 in
632 335 771 374 eodem
792 337 951 374 homine
964 338 1067 375 sacto
1087 347 1274 386 apparere
1292 337 1490 384 inceperat
1508 346 1578 383 per
1593 336 1794 374 victoriam

173 393 289 432 quam
310 383 357 421 de
378 386 503 421 morte
526 383 719 421 habuerat
737 385 996 431 resurgendo.

221 430 335 475 Quod
353 439 446 468 vero
468 430 684 477 Apostolus
705 431 809 472 dicit,
832 431 879 468 de
900 432 994 468 Filio
1016 431 1185 479 loquens
1204 442 1214 468 ε
1234 431 1305 476 Qui
1321 433 1442 475 factus
1474 434 1526 467 est
1549 432 1582 468 ez·
1599 440 1646 467 em
1664 432 1796 468 semino

171 477 294 515 David
313 477 443 524 (Rom,
465 487 493 522 1,
515 478 565 524 3),
592 477 799 515 manifeste
827 478 1061 521 ostenditur,
1082 478 1250 525 qualiter
1269 478 1322 515 sit
1352 478 1650 524 intelligendum
1680 487 1729 515 ex
1747 486 1797 516 eo

172 523 278 572 quod
301 524 468 569 additur,
485 525 681 562 secundum
708 535 865 562 carnem.
885 526 970 561 Non
992 533 1095 562 enim
1116 524 1211 561 dixit
1223 524 1326 570 quod
1349 525 1470 562 Filius
1491 525 1556 562 Dei
1579 528 1685 562 esset
1701 525 1795 562 sim-

170 571 323 618 pliciter
343 571 483 616 sactus,
504 571 573 609 sed
596 571 702 619 quod
723 573 849 609 sactus
870 576 977 609 esset
996 581 1042 608 cx
1061 572 1212 608 semine
1231 571 1348 608 David
1369 572 1587 608 secundum
1620 579 1793 616 carnem,

171 627 242 665 pei·
260 618 572 664 assumptionem
594 618 776 656 humanae
795 622 968 664 naturae3
990 619 1092 656 sicut
1123 621 1162 656 et
1185 618 1326 656 dicitur
1347 630 1355 654 :
1379 619 1531 655 Verbum
1557 629 1642 655 caro
1659 619 1797 663 factum

171 668 236 702 est.
259 665 418 711 (Joann.‚
440 674 466 705 1,
490 667 565 710 ¹4.)
586 666 694 703 Unde
709 667 824 704 etiam
845 668 951 712 patet
969 665 1076 713 quod
1100 665 1176 703 hoc
1205 665 1310 712 quod
1329 665 1505 712 sequitur
1526 678 1534 702 :
1555 666 1624 708 Qui
1636 666 1794 711 praedes-

171 713 310 749 tinatus
331 715 382 748 est
393 713 508 749 Filius
527 714 594 750 Dei
607 714 647 749 in
666 714 799 749 virtute
820 713 947 760 (Rom,
970 721 997 757 1,
1018 713 1053 758 4)
1074 712 1294 750 secundum
1314 711 1529 749 humanam
1546 715 1726 750 naturam
1746 711 1794 750 ad

172 759 311 797 Filium
330 759 509 806 pertinet.
531 759 642 804 Quod
662 760 765 797 enim
789 760 961 797 humana
982 764 1122 797 natura
1142 759 1237 797 Filio
1259 759 1326 796 Dei
1341 759 1530 800 uniretur,
1547 761 1590 796 ut
1603 760 1659 796 sic
1678 760 1797 798 homo

172 809 309 891 {osset
328 806 403 859 dici
425 806 544 845 Filius
565 807 645 850 Dei,
668 816 748 844 non
767 807 840 844 suit
858 817 906 844 ex
927 807 1110 844 humanis
1129 806 1292 852 meritis,
1312 806 1381 844 sed
1401 815 1449 844 ex
1468 805 1594 854 gratia
1611 806 1677 843 Dei
1699 814 1795 853 prae·

201 862 243 891 es
264 858 421 890 mantis.

221 900 407 937 Similiter
423 901 553 945 etiarn,
575 900 679 948 quod
700 900 802 938 idem
823 901 1035 946 Apostolus
1056 900 1281 947 dixit,quod
1302 901 1406 937 Deus
1421 899 1616 938 Christum
1637 902 1796 946 propter

173 947 372 994 passionis
389 948 565 984 meritum
590 948 771 985 exaltavit
793 947 918 993 (Phia,
940 957 982 991 11,
1003 951 1037 991 8,
1054 949 1103 993 9),
1125 948 1174 984 ad
1192 949 1406 985 humanam
1422 950 1602 983 naturam
1623 947 1795 984 referen-

179 994 271 1032 dum
293 997 365 1035 est,
388 995 426 1031 in
454 1004 532 1041 qua
553 995 680 1032 fuerat
711 994 912 1032 humilitas
942 995 1165 1041 passionis3
1189 994 1292 1032 unde
1313 998 1350 1031 et
1370 994 1474 1041 quod
1497 994 1677 1031 subditur
1700 1005 1708 1030 :
1730 995 1798 1029 Do·

172 1043 274 1077 navit
294 1041 349 1076 illi
366 1052 491 1077 nomen
512 1042 608 1087 quod
633 1044 683 1077 est
711 1051 817 1087 super
849 1052 949 1077 omne
978 1052 1117 1085 nomen,
1138 1041 1186 1078 ad
1218 1041 1294 1078 hoc
1322 1041 1573 1078 referendum
1600 1043 1661 1078 est
1689 1039 1793 1087 quod

174 1096 320 1125 nomen
343 1088 583 1125 conveniens
607 1088 700 1125 Filio
721 1097 769 1124 ex
789 1088 986 1125 nativitate
1011 1092 1156 1125 aeterna
1170 1087 1503 1126 manifestandum
1525 1091 1645 1132 esset,
1661 1086 1702 1123 in
1720 1086 1796 1124 fide

171 1134 424 1180 populorum,
445 1135 520 1172 hoc
538 1134 748 1172 convenire
763 1134 858 1172 Filio
878 1136 1097 1172 incarnato.

222 1182 294 1218 Per
313 1181 418 1227 quod
439 1186 476 1218 et
497 1181 748 1219 manifestum
767 1184 827 1218 est
845 1182 948 1227 quod
969 1182 1006 1218 id
1023 1181 1127 1228 quod
1143 1180 1236 1218 dicit
1251 1182 1406 1226 Petrus,
1419 1180 1525 1228 quod
1543 1181 1647 1217 Deus
1662 1181 1795 1218 Jesum

173 1226 369 1266 Christum
388 1232 425 1265 et
445 1229 654 1265 Dominum
666 1228 769 1272 fecit,
786 1227 834 1265 ad
849 1228 987 1265 Filium
1006 1228 1255 1265 referendum
1268 1230 1328 1265 est
1343 1228 1564 1265 secundum
1582 1227 1797 1265 humanam

173 1275 430 1360 l{ahur-ambin
457 1285 535 1322 qua
553 1275 698 1322 incepit
727 1275 765 1312 id
788 1275 932 1313 habere
953 1285 1000 1313 ex
1029 1279 1206 1321 tempore
1232 1274 1338 1322 quod
1363 1275 1405 1312 in
1425 1277 1567 1312 natura
1586 1273 1797 1312 divinitatis

203 1331 224 1359 a
255 1326 310 1359 uit
331 1332 352 1360 a
398 1325 559 1360 aeterno.

221 1369 333 1413 Quod
352 1369 466 1407 etiam
487 1369 681 1407 sabellius
700 1369 912 1408 introducit
945 1369 992 1408 de
1009 1370 1156 1407 unitate
1175 1368 1329 1406 deitatis
1351 1380 1360 1404 :
1381 1368 1498 1414 Audi,
1517 1368 1631 1405 Israel
1645 1380 1657 1403 ε
1676 1369 1797 1405 Domi-

173 1426 241 1452 nus
263 1418 355 1453 Deus
386 1419 517 1461 noster,
538 1418 711 1453 Dominus
740 1427 834 1453 ‘imus
865 1421 914 1453 est
948 1418 1080 1463 (Deua,
1102 1425 1158 1457 VI,
1180 1415 1230 1462 4),
1253 1419 1320 1453 et:
1344 1415 1469 1452 Videte
1505 1415 1602 1461 quod
1634 1425 1696 1459 090
1729 1416 1798 1451 sim

173 1463 281 1503 solus,
298 1468 329 1498 et
348 1474 419 1499 aon
436 1465 485 1499 sit
505 1464 598 1500 alius
618 1465 713 1500 Deus
734 1466 867 1509 praeter
886 1474 941 1500 me
972 1464 1103 1508 (Deut.,
1127 1471 1253 1507 xxxn,
1276 1462 1348 1509 39),
1371 1463 1575 1499 sententiae
1595 1460 1798 1499 catholicae

174 1508 265 1547 fidei
287 1519 366 1547 ncn
387 1514 592 1557 repugnat,
615 1520 702 1562 quae
722 1512 873 1548 Patrem
890 1514 927 1548 et
948 1511 1084 1548 Filium
1097 1519 1179 1548 non
1199 1510 1301 1547 duos
1321 1509 1432 1555 deos,
1448 1509 1518 1547 sed
1540 1517 1662 1547 unum
1675 1510 1796 1545 Deum

175 1565 265 1594 esse
286 1556 507 1601 confitetur,
529 1560 572 1594 ut
590 1557 734 1594 dictum
761 1561 832 1594 est.

220 1603 403 1641 Similiter
423 1605 553 1647 etiam,
581 1604 684 1651 quod
708 1604 847 1641 dicitur
869 1616 877 1641 :
899 1606 1008 1641 Pater
1026 1606 1066 1639 in
1084 1614 1139 1640 me
1156 1614 1304 1640 manens
1323 1605 1400 1649 ipse
1424 1604 1517 1647 facit
1537 1613 1657 1648 opera,
1680 1604 1713 1638 et
1736 1612 1799 1647 eqo

173 1651 213 1686 in
232 1652 341 1687 Patre
360 1654 394 1687 et
412 1652 520 1687 Pater
539 1653 579 1686 in
597 1661 651 1687 me
663 1654 715 1687 cst
729 1651 887 1697 (Jocmn.,
904 1660 986 1695 xus,
1009 1652 1080 1698 10),
1103 1660 1184 1688 non
1215 1650 1389 1688 ostendit
1406 1650 1595 1686 unitatem
1615 1657 1796 1696 personae

173 1700 217 1735 ut
233 1697 387 1735 volebat
406 1697 614 1743 sabellius,
638 1698 716 1736 sed·
729 1698 919 1736 unitatem
938 1698 1134 1743 essentiae,
1156 1707 1274 1745 quam
1293 1697 1409 1734 Arius
1429 1697 1611 1744 negabat.
1633 1696 1671 1733 Si
1691 1696 1797 1734 enim

177 1748 284 1782 esset
315 1754 394 1782 una
424 1753 595 1792 persona
628 1745 753 1782 Patris
786 1749 822 1782 et
859 1745 956 1788 Filii,
996 1754 1075 1782 non
1108 1753 1285 1793 congrue
1321 1744 1516 1781 diceretur
1551 1745 1664 1780 Pater
1707 1752 1798 1780 esse

174 1790 215 1828 in
254 1791 349 1829 Filio
388 1795 425 1829 et
458 1792 577 1829 Filius
610 1791 651 1828 in
683 1794 795 1829 Patre
813 1820 821 1838 ,
857 1801 977 1838 quum
1022 1801 1103 1829 non
1133 1792 1285 1829 dicatur
1322 1791 1477 1837 proprie
1515 1790 1618 1842 idem
1651 1798 1797 1836 suppo-

173 1838 293 1876 situm
323 1839 364 1875 in
401 1839 536 1885 seipso
573 1847 677 1882 esse,
713 1838 780 1877 sed
821 1840 952 1876 solum
984 1839 1132 1875 ratione
1163 1839 1345 1885 partium.
1383 1838 1482 1881 Quia
1526 1846 1628 1886 enim
1667 1839 1798 1882 partes

171 1884 213 1922 in
250 1888 333 1923 toto
369 1890 462 1923 sunt
501 1888 539 1923 et
571 1885 677 1933 quod
713 1886 896 1923 convenit
926 1885 1103 1932 partibus
1133 1887 1235 1923 solet
1263 1884 1421 1922 attribui
1450 1884 1535 1927 toti,
1561 1884 1797 1930 quandoque

174 1931 314 1970 dicitur
342 1932 499 1979 aliquod
530 1936 654 1969 totum
691 1942 779 1970 esse
815 1932 854 1969 in
891 1933 1036 1979 seipso.
1059 1932 1128 1970 Hie
1163 1935 1294 1971 autem
1326 1931 1470 1968 modus
1503 1930 1689 1977 loquendi
1717 1938 1797 1967 non

174 1980 363 2026 competit
394 1979 433 2016 in
473 1980 626 2020 divinis,
661 1979 700 2016 in
737 1979 880 2027 quibus
907 1984 1039 2026 partes
1071 1989 1160 2016 esse
1194 1988 1274 2016 non
1307 1982 1491 2024 possunt,
1513 1981 1557 2014 ut
1590 1980 1796 2015 ostensum

174 2028 234 2064 est
269 2027 309 2072 (l.
331 2035 357 2070 1,
378 2036 412 2063 c.
433 2027 507 2072 20).
529 2026 776 2072 Relinquitur
795 2027 925 2073 igitur,
949 2035 1070 2074 quum
1089 2029 1201 2064 Pater
1232 2026 1271 2063 in
1301 2026 1397 2063 Filio
1417 2028 1455 2062 et
1485 2024 1605 2062 Filius
1627 2024 1666 2061 in
1686 2026 1798 2061 Patre

174 2081 264 2110 esse
285 2073 447 2117 dicatur,
470 2073 573 2119 quod
598 2075 710 2110 Pater
738 2077 776 2110 et
808 2074 928 2111 Filius
950 2083 1030 2111 non
1070 2074 1149 2111 sint
1180 2073 1283 2111 idem
1318 2072 1537 2118 supposito.
1560 2071 1633 2108 Sed
1654 2081 1702 2108 ex
1723 2071 1798 2108 hoc

175 2119 395 2157 ostenditur
412 2120 516 2167 quod
539 2120 664 2158 Patris
685 2122 723 2156 et
742 2120 825 2157 Filii
840 2121 888 2157 sit
908 2121 1082 2158 essentia
1101 2130 1193 2158 una.
1208 2122 1288 2158 Hoc
1309 2119 1413 2157 enim
1432 2119 1575 2165 posito,
1589 2118 1797 2155 manifeste

176 2169 336 2213 apparet
355 2167 521 2213 qualiter
541 2168 654 2204 Pater
669 2169 729 2204 est
747 2167 787 2204 in
812 2167 904 2204 Filio
926 2171 963 2204 et
992 2168 1112 2205 Filius
1132 2168 1171 2204 in
1193 2169 1318 2205 Patre.
1340 2168 1450 2211 Nam,
1469 2175 1591 2213 quum
1619 2167 1732 2203 Pater
1749 2165 1799 2202 sit

176 2222 249 2251 sua
268 2214 452 2257 essentia,
471 2213 562 2261 quia
584 2213 624 2250 in
643 2215 723 2250 Deo
744 2223 824 2251 non
846 2217 905 2252 est
924 2214 1029 2252 aliud
1063 2223 1153 2252 esse
1173 2217 1212 2252 et
1243 2214 1457 2251 essentiam
1490 2213 1655 2258 habens,
1677 2216 1719 2249 ut
1739 2214 1799 2249 est

175 2263 381 2298 ostensum
403 2260 444 2307 (l.
465 2270 494 2305 1,
516 2270 548 2297 c.
571 2261 646 2307 22),
665 2260 898 2313 relinquitur
917 2262 1022 2308 quod
1056 2262 1097 2298 in
1128 2270 1380 2308 quocumque
1407 2260 1458 2298 sit
1481 2259 1654 2296 essentia
1673 2258 1799 2296 Patris

110 2311 113 2316 '
175 2307 227 2345 sit
244 2309 380 2352 Pater3
404 2311 454 2352 et,
474 2307 611 2345 eadem
643 2311 809 2352 ratione,
831 2308 869 2345 in
903 2317 1155 2356 quocumque
1184 2312 1244 2345 est
1275 2307 1449 2345 essentia
1469 2306 1551 2343 Filii
1573 2310 1632 2343 est
1663 2305 1796 2343 Filius.

176 2354 298 2399 Unde,
327 2363 447 2401 quum
469 2354 643 2392 essentia
665 2355 788 2392 Patris
804 2355 854 2392 sit
876 2355 916 2391 in
932 2355 1026 2393 Filio
1048 2359 1085 2392 et
1116 2354 1290 2392 essentia
1311 2354 1392 2391 Filii
1418 2354 1457 2390 in
1479 2355 1604 2396 Patre,
1626 2350 1798 2403 eoquod

176 2409 257 2438 una
278 2404 337 2437 est
367 2401 540 2438 essentia
569 2401 788 2449 utriusque,
810 2405 851 2439 ut
875 2402 973 2439 fides
1008 2402 1201 2440 catholica
1231 2401 1358 2444 docet,
1382 2400 1559 2446 sequitur
1590 2399 1798 2451 manifeste

177 2447 282 2494 quod
305 2449 416 2484 Pater
435 2448 486 2485 sit
505 2448 545 2484 in
564 2448 658 2484 Filio
677 2452 715 2486 et
734 2449 855 2487 Filius
873 2449 982 2486 sitin
1001 2451 1127 2487 Patre.
1150 2450 1194 2486 Et
1210 2448 1268 2485 sie
1288 2447 1427 2485 eodem
1451 2446 1568 2483 verbo
1584 2449 1622 2483 et
1640 2445 1798 2482 Sabelln

177 2496 215 2531 et
243 2493 322 2530 Arii
340 2503 448 2531 error
467 2495 705 2532 confutatur.

867 2602 1034 2643 CAPUT
1067 2601 1118 2642 X.

342 2719 531 2750 RATIONES
557 2718 711 2749 CONTRA
731 2716 1033 2748 GENERATIONEM
1057 2715 1107 2744 ET
1130 2713 1423 2745 PROCESSIONEM
1445 2714 1626 2745 DIVINAM.

226 2823 416 2861 Omnibus
439 2822 559 2859 initur
577 2820 784 2868 diligenter
802 2818 1075 2862 consideratis,
1095 2817 1303 2856 manifeste
1324 2820 1485 2865 apparet
1500 2818 1576 2856 hoc
1613 2817 1729 2855 nobis
1749 2818 1796 2854 de

179 2870 430 2917 generatione
452 2858 581 2906 divina
600 2868 642 2905 in
662 2867 787 2906 sacris
805 2866 1014 2912 scripturis
1034 2865 1201 2912 proponi
1230 2865 1469 2905 credendum
1503 2864 1609 2913 quod
1629 2866 1743 2903 Pater
1760 2867 1797 2902 et
