1894 3223
704 81 794 119 LiB.
821 81 887 124 lli,
913 81 1016 118 CAP.
1043 80 1159 118 cxlv,
1673 83 1741 119 4¹7

162 164 346 210 Amplius,
368 163 474 201 sicut
495 171 542 200 su
574 171 618 200 ra
636 162 685 208 (c.
702 162 766 207 76)
782 166 991 200 ostensum
1011 165 1086 206 est,
1107 160 1244 200 divina
1261 160 1509 208 providentia
1531 160 1578 199 ad
1601 161 1742 202 omnia,

113 211 338 264 singularia
357 219 400 247 se
419 212 534 246 exten
566 209 607 253 it,
623 209 743 246 etiam
777 209 956 247 minima.
974 209 1305 255 Quibuscumque
1339 209 1462 260 igitur
1477 211 1575 246 sunt
1594 208 1741 255 aliquae

116 262 296 296 actiones
314 259 456 303 praeter
486 255 788 293 inclinationem
815 256 977 301 speciei,
997 259 1153 302 oportet
1173 255 1280 303 quod
1309 264 1378 302 per
1399 255 1574 293 divinam
1609 256 1741 302 provi-

115 305 291 342 dentiam
312 303 542 350 regulentur
562 302 602 339 in
634 303 720 339 suis
751 302 906 340 actibus
927 307 1067 349 praeter
1101 302 1364 341 directionem
1393 311 1481 349 quae
1500 302 1671 348 pertinet
1690 302 1741 342 ad

117 351 306 397 speciem.
329 350 403 387 Sed
421 349 460 386 in
482 349 666 386 rationali
695 353 876 387 creatura
895 352 1084 395 apparent
1103 349 1239 387 multae
1269 349 1450 387 actiones
1469 350 1518 386 ad
1540 359 1640 397 quas
1661 358 1742 387 non

116 397 268 436 sufficit
298 396 505 434 inclinatio
529 395 692 448 speciei,
713 396 828 442 cujus
858 396 1018 443 signum
1051 399 1113 448 est
1143 395 1251 443 quod
1279 403 1362 434 non
1393 396 1548 435 similes
1579 401 1673 434 suut
1700 397 1741 434 in

116 444 320 489 omnibus,
341 443 412 482 sed
429 443 546 481 variae
576 452 617 480 in
648 442 832 481 diversis.
856 444 1017 489 Oportet
1037 443 1159 489 igitur
1212 442 1291 481 uod
1322 443 1532 481 rationalis
1560 448 1742 481 creatura

113 491 312 538 dirigatur
330 500 354 528 a
373 492 452 528 Deo
473 490 521 527 ad
542 498 640 528 suos
660 494 786 535 actus,
810 499 890 527 non
912 490 1043 528 solum
1063 498 1186 527 secun
1218 497 1284 528 um
1319 490 1508 536 speciem,
1531 490 1600 528 sed
1622 491 1741 529 etiam

117 538 340 577 secundum
361 537 626 575 individuum.

162 586 263 626 Item,
282 586 386 622 Deus
406 584 623 630 unicuique
655 586 806 622 naturae
834 584 1013 631 providet
1043 583 1265 622 secundum
1294 583 1423 629 ipsius
1453 584 1738 630 capacitatem;

114 632 217 670 tales
235 632 342 670 enim
363 631 546 678 singulas
567 634 769 669 creaturas
787 631 979 674 condidit,
1002 631 1142 678 quales
1160 635 1276 677 aptas
1298 639 1387 668 esse
1406 634 1596 677 cognovit
1614 634 1656 668 ut
1671 639 1740 677 per

116 687 232 717 suam
253 679 584 726 gubernationem
606 678 856 724 pervenirent
874 678 923 716 ad
944 677 1076 716 finem.
1099 678 1193 716 Sola
1211 680 1343 715 autem
1361 682 1543 715 creatura
1572 678 1743 716 rationa-

116 725 169 764 lis
189 728 251 764 est
266 733 391 772 capax
419 725 652 763 directionis
673 734 752 772 qua
780 725 965 772 dirigitur
993 725 1162 776 adsuos
1182 727 1310 770 actus,
1329 725 1576 777 nonsolum
1595 733 1740 763 seeun-

116 773 212 811 dum
232 773 421 819 speciem,
443 772 514 810 sed
534 772 652 810 etiam
683 772 904 810 seeundum
934 771 1183 809 individuum
1200 783 1210 816 ;
1227 771 1346 809 habet
1365 780 1471 809 enim
1493 772 1741 810 intellectum

115 823 157 859 et
176 819 386 864 rationem,
406 820 511 858 unde
544 819 746 866 percipere
767 819 895 864 possit
919 818 1121 870 quomodo
1139 818 1406 856 diversimode
1427 819 1479 855 sit
1496 819 1645 865 aliquid
1667 819 1741 857 bo-

117 875 217 905 num
235 866 297 904 vel
317 866 481 910 malum,
496 866 716 904 secundum
736 866 842 913 quod
866 866 1052 911 congruit
1071 865 1743 917 diversisindividuis‚tenipoi·ibus

115 918 159 953 et
178 913 297 953 locis.
316 914 410 952 Sola
438 914 560 960 igitur
591 917 770 951 creatura
805 913 1013 950 rationalis
1043 912 1228 959 dirigitur
1247 914 1367 950 aDeo
1402 912 1451 950 ad
1484 921 1581 950 suos
1615 915 1743 959 aetus,

119 969 201 999 nori
222 960 355 999 solum
375 960 595 998 secundum
619 960 806 1005 speciem,
830 959 900 997 sed
921 959 1039 996 etiam
1060 959 1280 996 secundum
1300 959 1563 997 individuum.

162 1008 354 1048 Praeterea,
376 1011 558 1045 ereatura
578 1006 785 1044 rationalis
808 1006 866 1043 sic
886 1006 1029 1043 divinae
1050 1006 1309 1051 providentiae
1323 1006 1514 1052 subjacet,
1533 1007 1639 1053 quod
1657 1014 1742 1045 non

116 1054 251 1092 solum
270 1053 321 1091 ab
340 1062 387 1091 ea
406 1053 665 1100 gubernatur,
687 1053 757 1091 sed
787 1053 906 1090 etiam
935 1053 1130 1090 rationem
1159 1053 1418 1098 providentiae
1438 1057 1653 1100 utcumque
1673 1062 1743 1091 co-

116 1108 314 1148 gnoscere
344 1100 621 1147 potest3unde
643 1099 720 1137 sibi
752 1100 941 1145 competit
962 1099 1080 1136 etiam
1113 1099 1206 1137 aliis
1224 1099 1513 1146 providentiam
1533 1104 1571 1136 et
1599 1099 1743 1147 guber-

116 1147 322 1185 nationem
353 1146 564 1191 exhibere3
585 1146 692 1193 quod
712 1154 794 1184 non
813 1146 1012 1193 contingit
1031 1146 1072 1183 in
1093 1146 1247 1183 caeteris
1266 1146 1474 1190 creaturis,
1494 1156 1582 1193 quaa
1612 1147 1743 1184 solum

117 1193 409 1240 providentiam
447 1193 687 1240 participant
720 1193 762 1231 in
782 1196 975 1241 quantum
997 1193 1256 1239 providentiae
1290 1192 1530 1231 subduntur.
1561 1195 1634 1230 Per
1668 1193 1744 1232 hoc

116 1245 249 1278 autem
271 1241 377 1289 quod
395 1240 542 1288 aliquis
561 1240 789 1278 facultatem
818 1239 1051 1286 providendi
1071 1239 1201 1279 habet,
1223 1242 1356 1287 potest
1371 1240 1490 1277 etiam
1511 1249 1609 1277 suos
1630 1244 1744 1279 aetus

115 1287 290 1335 dirigere
310 1291 349 1326 et
369 1290 604 1335 gubernare.
626 1287 839 1333 Participat
864 1287 988 1334 igitur
1015 1287 1224 1339 rationalis
1258 1290 1440 1326 creatura
1458 1287 1632 1325 divinam
1650 1297 1744 1333 pro-

115 1334 349 1380 videntiam,
370 1343 452 1373 non
473 1335 605 1373 solum
625 1333 847 1373 secuudum
874 1333 1101 1386 gubernari,
1125 1334 1195 1372 sed
1216 1334 1335 1372 etiam
1356 1334 1577 1373 secundum
1598 1336 1742 1381 guber-

115 1389 239 1427 nare;
259 1381 455 1429 gubernat
473 1382 580 1420 enim
600 1390 644 1420 se
664 1381 751 1420 suis
771 1381 926 1420 actibus
941 1389 1128 1427 propriis,
1149 1384 1188 1418 et
1207 1381 1327 1419 etiam
1341 1381 1432 1419 alia.
1456 1382 1595 1419 Omnis
1611 1386 1742 1419 antem

115 1428 285 1467 inferior
304 1429 554 1475 providentia
572 1428 717 1467 divini-,e
736 1428 994 1474 providentiae
1014 1427 1199 1480 subditur
1218 1428 1334 1475 quasi
1362 1436 1571 1475 supremae.
1595 1429 1743 1466 Guber-

117 1475 229 1514 natio
248 1475 372 1523 igitur
386 1479 546 1514 actuum
567 1474 777 1514 rationalis
795 1479 1001 1521 creaturae,
1019 1483 1062 1512 in
1080 1479 1274 1522 quantum
1293 1479 1390 1514 sunt
1420 1479 1534 1514 actus
1551 1483 1743 1522 persona.-

118 1522 195 1566 les,
216 1521 266 1560 ad
286 1522 461 1560 divinam
478 1521 768 1569 providentiam
787 1522 972 1569 pertinet.

163 1571 264 1610 Item.
287 1573 400 1607 actus
420 1569 653 1616 personales
683 1569 893 1607 rationalis
922 1571 1111 1606 creaturae
1131 1571 1227 1607 sunt
1247 1567 1405 1615 proprie
1427 1571 1540 1607 actus
1560 1569 1628 1616 qui
1649 1572 1745 1607 sunt

116 1617 168 1654 ab
190 1616 325 1654 anima
345 1616 544 1655 rationali.
557 1617 699 1654 Anima
713 1620 844 1654 autem
863 1616 1071 1654 rationalis
1087 1624 1168 1653 non
1184 1615 1316 1653 solum
1331 1615 1551 1653 secundum
1569 1617 1743 1662 speeiem

117 1666 180 1700 est
198 1663 472 1710 perpetuitatis
501 1672 639 1710 capax,
661 1663 766 1701 sicut
785 1663 873 1702 aliae
892 1666 1095 1706 creaturae,
1117 1662 1188 1700 sed
1215 1663 1333 1700 etiam
1356 1663 1576 1700 secundum
1599 1663 1743 1701 indivi-

117 1709 256 1748 duum.
288 1712 409 1748 Actus
440 1718 537 1757 ergo
570 1709 779 1748 rationaiis
809 1713 1039 1748 creaturaea.
1057 1709 1193 1748 divina
1220 1709 1470 1757 providentia
1500 1710 1742 1756 diriguntur,

116 1764 200 1794 non
220 1756 352 1794 solum
386 1765 434 1794 ea
451 1757 605 1795 ratione
634 1766 714 1805 qua.
733 1756 782 1794 ad
803 1756 976 1804 speciem
1007 1756 1220 1803 pertinent,
1242 1755 1314 1794 sed
1342 1756 1464 1796 etiam
1485 1755 1527 1794 in
1548 1760 1743 1804 quantum

114 1805 212 1842 sunt
230 1803 464 1850 personales
485 1807 613 1841 actus.
1220 1834 1221 1837 ,

164 1850 263 1902 Hinc
282 1853 344 1888 est
374 1850 495 1897 quod,
524 1850 618 1888 licet
647 1850 791 1888 divinae
823 1849 1083 1897 providentiae
1115 1849 1252 1902 omnia
1269 1850 1516 1902 subdantur,
1537 1855 1670 1889 tamen
1700 1851 1744 1891 in

114 1897 334 1943 Scrlpturis
346 1897 473 1935 sacris
486 1896 714 1943 specialiter
731 1898 766 1936 ei
785 1897 994 1935 hominum
1009 1906 1105 1934 cura
1116 1896 1357 1942 attribuitur,
1373 1898 1594 1936 secundum
1611 1899 1709 1936 illud
1733 1911 1742 1937 ς

115 1943 212 1987 Quid
230 1947 283 1981 est
305 1944 419 1986 homo,
439 1944 536 1991 quod
560 1954 693 1981 memor
711 1955 748 1982 es
776 1945 870 1990 effus,
891 1947 956 1980 aut
967 1945 1065 1990 filius
1086 1944 1255 1985 hominis,
1272 1946 1445 1990 quoniam
1471 1946 1600 1982 visitas
1633 1956 1711 1982 eam
1726 1946 1746 1984 ‘I

119 1990 270 2037 (Psazm.
292 1999 380 2032 VIII,
416 1992 473 2037 5);
496 1994 533 2028 et
555 2003 565 2028 ε
585 1992 774 2037 Numquid
790 1992 834 2027 de
850 1991 957 2028 bobus
988 2001 1078 2027 cura
1107 1993 1160 2027 est
1190 1992 1263 2028 Deo
1282 1993 1301 2027 P
1319 1991 1354 2038 (I
1365 1991 1459 2032 Cor„
1482 2000 1536 2036 IX,
1559 1992 1609 2038 9.)
1646 1993 1741 2037 Quae

116 2037 276 2084 quidem
297 2037 388 2076 ideo
420 2038 621 2083 dicuntur,
643 2038 737 2086 quia
756 2037 805 2075 de
835 2037 1022 2076 humanis
1042 2037 1199 2074 actibus
1219 2039 1325 2075 Deus
1344 2047 1480 2076 curam
1508 2038 1638 2084 habet,
1661 2048 1744 2078 non

116 2084 249 2121 solum
269 2088 387 2168 pfout
406 2084 456 2123 ad
475 2084 651 2132 speeiem
681 2085 894 2132 pertinent,
916 2085 986 2123 sed
1007 2085 1126 2123 etiam
1144 2083 1366 2123 secundum
1385 2085 1493 2133 quod
1513 2089 1609 2124 sunt
1628 2089 1743 2126 actus

762 2241 933 2285 CAPUT
959 2241 1096 2284 CXIV.

474 2354 576 2391 QUOD
599 2354 800 2387 mvmiws
824 2354 1041 2386 HOMINIBUS
1072 2354 1192 2387 LEGES
1216 2355 1387 2388 DANTUR.

114 2503 138 2541 d
162 2459 218 2509 Epi
243 2456 322 2495 hoc
340 2460 475 2495 autem
506 2460 670 2505 apparet
687 2457 796 2507 quod
825 2456 1100 2496 necessarium
1131 2458 1207 2496 fuit
1225 2458 1380 2497 homini
1399 2458 1591 2497 divinitus
1612 2459 1742 2508 legem

143 2512 216 2541 ari.

165 2550 277 2589 Sicut
294 2550 402 2589 enim
422 2553 537 2589 aetus
556 2550 849 2589 irrationalium
868 2554 1139 2589 creaturarum
1160 2551 1388 2599 diriguntur
1406 2562 1432 2592 a
1450 2555 1543 2596 Deo,
1563 2563 1610 2592 ea
1626 2553 1745 2593 ratio·

113 2606 166 2635 ne
184 2606 264 2645 qua
282 2597 332 2635 ad
351 2597 526 2644 speciem
543 2598 756 2644 pertinent,
771 2598 825 2636 ita
844 2601 957 2636 actus
977 2597 1189 2636 hominum
1203 2598 1430 2646 diriguntur
1446 2610 1471 2638 a
1489 2602 1583 2646 Dec,
1599 2610 1741 2640 secun·

113 2643 211 2684 dum
230 2644 338 2692 quod
369 2644 418 2683 ad
451 2644 702 2682 individuum
736 2644 948 2691 pertinent,
968 2647 1012 2682 ut
1027 2647 1236 2683 ostensum
1260 2649 1322 2684 est
1334 2646 1384 2694 (c.
1410 2647 1506 2695 113).
1530 2647 1606 2686 Sed
1629 2652 1742 2687 aetus

115 2693 388 2730 creaturarum
419 2691 714 2728 irrationalium
734 2694 852 2737 prout
871 2690 921 2729 ad
939 2691 1113 2737 speeiem
1138 2692 1352 2740 pertinent,
1375 2692 1602 2742 diriguntur
1618 2705 1641 2733 a
1662 2697 1742 2734 Deo

113 2737 286 2784 quadam
314 2738 486 2775 naturali
525 2738 800 2783 inclinatione,
821 2747 909 2785 quae
948 2741 1130 2775 naturam
1160 2739 1310 2785 speciei
1345 2742 1619 2789 consequitur.
1639 2743 1741 2789 Ergo

114 2792 235 2830 supra
251 2785 328 2823 boc
348 2785 523 2822 dandum
544 2788 606 2822 est
623 2784 773 2831 aliquid
806 2784 1039 2823 hominibus
1058 2792 1139 2833 quo
1170 2785 1215 2824 in
1232 2786 1320 2826 suis
1337 2789 1622 2835 personalibus
1643 2789 1741 2829 acti·

112 2829 191 2869 bus
211 2830 435 2879 dirigantur
455 2843 465 2878 3
486 2834 524 2869 et
545 2831 621 2870 hoc
642 2831 813 2870 dicimus
833 2831 977 2878 legem.

1537 2912 1577 2944 27
