1894 3223
181 104 248 140 ¹20
783 104 874 142 LIB.
900 105 950 149 ΙΙ,
975 103 1080 142 GAP.
1105 104 1192 140 xix.

817 251 986 293 CAPUT
1013 253 1156 293 XVIII.

296 362 475 397 QUOMODO
508 362 736 392 SOLVANTUR.
755 364 947 394 RATIONES
982 365 1133 394 CONTRA
1152 366 1400 395 CREATIONEM
1425 365 1478 394 AB
1496 365 1676 396 AETERNO.

226 467 279 502 Ex
296 465 370 501 lioc
404 468 532 501 autem
556 469 716 511 apparet
737 466 891 504 vanitas
921 467 1241 514 impugnantium
1262 468 1504 506 creationem
1525 478 1596 514 per
1623 469 1800 509 rationes

178 516 357 558 sumptas
375 521 422 548 ex
439 515 579 549 natura
598 516 730 550 motus
741 513 801 550 vel
816 515 1064 559 mutationis,
1085 519 1218 561 utpote
1237 515 1342 562 quod
1358 519 1512 562 oportet
1537 516 1794 562 creationem,

177 559 283 597 sicut
311 563 475 596 caeteros
504 563 637 596 motus
667 560 728 596 vel
749 561 1004 606 mutationes,
1035 570 1124 599 esse
1157 562 1197 598 in
1230 563 1363 609 aliquo
1397 563 1590 608 subjecto,
1622 567 1660 601 et
1690 565 1798 610 quod

178 610 334 652 oportet
354 615 434 643 non
454 615 542 644 esse
563 608 819 644 transmutari
838 608 879 644 in
899 617 1003 651 esse,
1026 608 1130 645 sicut
1148 609 1256 655 ignis
1275 613 1563 647 transmutatur
1585 610 1628 647 16
1649 620 1796 648 aerem.

177 655 262 690 Non
297 653 403 689 enim
435 656 497 690 est
541 654 688 691 creatio
719 655 901 699 mutatio,
931 655 1001 692 sed
1049 655 1138 702 ipsa
1167 656 1430 702 dependentia
1469 666 1559 694 esse
1607 658 1728 695 creati
1749 658 1799 696 ad

176 700 417 746 principium
435 709 458 738 a
473 709 552 747 quo
584 701 820 747 instituitur,
843 705 880 739 et
899 701 958 739 sic
990 705 1051 739 est
1067 702 1114 739 de
1135 711 1279 749 genere
1310 703 1517 740 relationis
1540 704 1672 741 :unde
1698 705 1799 742 nihil

176 747 360 794 prohibet
380 756 466 784 eam
485 748 527 783 16
545 751 677 786 creato
699 757 789 786 esse
810 748 914 786 sicut
933 749 975 786 in
996 749 1188 796 subjecto.
1216 749 1368 787 Dicitur
1383 753 1517 787 tamen
1535 750 1691 788 creatio>
1708 760 1800 789 esse

176 794 357 846 mutatio·
377 794 571 841 quaedam,
611 796 830 833 secundum
860 796 1023 833 modum
1056 797 1304 844 intelligendi
1336 800 1505 842 tantum,
1538 797 1582 834 16
1603 802 1798 844 quantum

177 841 332 879 scilicet
348 842 573 879 intellectus
595 846 732 880 noster
748 843 892 889 accipit
912 853 1032 880 unam
1047 847 1085 881 et
1098 844 1276 881 eamdem
1297 853 1380 881 rem
1400 847 1445 881 ut
1463 853 1545 881 non
1566 846 1800 882 existentem

175 888 288 935 prius
309 891 347 924 et
366 892 503 934 postea
523 889 773 927 existentem.

223 938 391 981 Apparet
411 939 557 981 autem,
579 937 613 974 si
635 937 782 974 creatio
804 937 943 974 relatio
959 938 1140 984 quaedam
1170 942 1244 982 est,
1267 939 1372 985 quod
1392 947 1455 976 res
1475 937 1657 985 quaedam
1678 939 1796 976 etiam

177 986 383 1029 est,iieque
398 983 573 1020 increata
593 987 805 1031 est,neque
827 985 904 1021 alia
918 985 1111 1022 relatione
1129 987 1378 1023 creata.Cum
1399 985 1504 1022 enim
1526 984 1691 1023 effectus
1709 995 1793 1023 cre-

142 1076 145 1078 v
176 1032 264 1066 atus
284 1029 441 1066 realiter
461 1031 679 1076 dependeat
698 1041 721 1066 a
741 1035 930 1076 creatore,
949 1036 1104 1078 oportet
1119 1032 1348 1079 hujusmodi
1362 1033 1594 1069 relationem
1612 1041 1701 1070 esse
1714 1041 1798 1070 rem

177 1076 404 1123 quamdam.
428 1077 565 1114 Omnis
583 1082 713 1114 autem
735 1088 798 1115 res
817 1088 840 1114 a
858 1080 937 1115 Deo
959 1079 1000 1115 16
1024 1089 1113 1116 6556
1134 1079 1379 1125 producitur.
1400 1082 1464 1116 Est
1496 1079 1618 1125 igitur
1640 1080 1681 1116 in
1703 1088 1793 1117 esse

176 1132 199 1159 a
221 1124 301 1160 Deo
325 1123 529 1169 producta,
551 1133 632 1161 non
653 1129 782 1161 tamen
803 1125 881 1162 alia
901 1126 1101 1163 creatione
1121 1130 1252 1163 creata
1271 1136 1388 1173 quain
1408 1126 1497 1172 ipsa
1518 1130 1699 1163 creatura
1717 1127 1795 1173 pri—

176 1178 257 1213 ma,
281 1180 367 1216 quae
382 1180 451 1215 per
465 1180 549 1208 eam
573 1175 703 1208 creata
724 1172 880 1215 dicitur,
900 1173 993 1219 quia
1013 1173 1233 1210 accidentia
1253 1177 1291 1210 et
1306 1174 1651 1219 i'ormae‚sicutper
1663 1183 1705 1210 se
1718 1182 1799 1210 non

177 1221 283 1261 sunt,
299 1218 353 1253 ita
367 1226 439 1253 nec
457 1227 526 1263 per
543 1227 585 1254 se
607 1223 803 1264 creantur,
820 1229 909 1256 cum
929 1221 1075 1257 creatio
1097 1220 1149 1257 sit
1164 1220 1371 1266 productio
1393 1220 1496 1257 entis
1519 1232 1527 1256 :
1551 1221 1619 1257 sed
1640 1220 1800 1258 sicutin

176 1263 256 1301 alio
278 1267 384 1304 sunt,
405 1264 460 1301 ita
477 1265 518 1300 16
539 1265 629 1302 31115
655 1266 799 1302 creatis
817 1270 1012 1304 creantur.
1613 1295 1616 1299 -

221 1312 411 1356 Praeterea,
432 1312 574 1349 relatio
596 1321 677 1349 6011
698 1313 865 1349 refertur
885 1323 953 1358 per
974 1314 1090 1351 aliam
1107 1314 1355 1354 relationem,
1378 1314 1471 1360 quia
1492 1314 1550 1350 sic
1569 1316 1674 1351 esset
1687 1314 1794 1350 abire

174 1357 452 1409 in‘iiifinitum,
475 1359 546 1395 sed
574 1368 644 1405 per
668 1360 841 1405 seipsam
859 1360 1040 1402 refertur,
1059 1361 1153 1407 quia
1173 1360 1439 1398 essentialiter
1459 1361 1598 1412 relatio
1619 1363 1798 1413 est-Non

174 1405 399 1488 igiturdaltia
421 1406 623 1443 creatione
644 1415 746 1452 opus
767 1410 841 1452 est,
862 1416 941 1454 qua
960 1408 1048 1454 ipsa
1064 1407 1212 1446 creatio
1233 1410 1401 1453 creatur,
1416 1411 1454 1445 et
1473 1417 1532 1445 sic
1546 1407 1798 1446 ininfinitum

172 1459 291 1497 proce
323 1461 344 1489 a
365 1461 422 1489 111.

830 1564 998 1607 CAPUT
1024 1565 1132 1607 XIX.

601 1678 701 1713 QUOD
726 1679 891 1709 CREATIO
927 1680 1006 1709 NON
1033 1680 1093 1709 SIT
1119 1679 1365 1710 SUCGESSIVA.

217 1784 386 1827 Apparet
405 1784 535 1819 autem
547 1791 596 1818 ex
612 1783 812 1827 przedictis
829 1783 935 1828 quod
958 1783 1090 1820 omnis
1114 1783 1262 1820 creatio
1272 1782 1423 1829 absque
1442 1783 1702 1821 successione
1717 1787 1795 1822 est.

171 1829 269 1866 Nam
290 1828 495 1866 successio
514 1829 672 1874 propria
692 1833 752 1865 est
773 1830 911 1866 motui.
935 1830 1086 1866 Creatio
1115 1833 1248 1867 autem
1275 1838 1403 1876 neque
1432 1833 1493 1867 651
1527 1833 1675 1874 motus,
1715 1839 1791 1868 ne-

173 1885 249 1923 que
266 1875 461 1912 terminus
482 1879 628 1920 motus,
651 1875 755 1913 sicut
774 1876 954 1913 mutatio.
980 1876 1103 1923 Igitur
1122 1876 1232 1913 nulla
1252 1879 1312 1913 est
1332 1877 1373 1913 16
1392 1876 1479 1922 ipsa
1497 1878 1721 1915 successio.

219 1924 319 1964 Item,
340 1922 382 1958 in
399 1923 506 1959 omni
530 1927 639 1959 motu
660 1924 889 1960 successivo
910 1927 970 1961 est
989 1924 1139 1970 aliquid
1159 1923 1334 1960 medium
1355 1923 1458 1960 inter
1477 1923 1564 1970 ejus
1586 1928 1764 1962 extrema
1784 1937 1793 1962 τ

172 1970 266 2016 quia
283 1969 456 2006 medium
478 1973 538 2007 est
555 1970 605 2007 ad
624 1970 730 2016 quod
745 1971 931 2007 continue
953 1975 1105 2008 motum
1122 1971 1233 2016 prius
1252 1971 1372 2014 venit,
1389 1979 1508 2018 quam
1527 1971 1574 2022 ad
1590 1972 1793 2010 ultimum.

171 2018 276 2054 Inter
302 2025 391 2053 esse
421 2019 550 2053 autem
572 2019 610 2054 et
627 2026 707 2053 non
728 2027 831 2061 esse,
852 2027 939 2064 quae
958 2022 1053 2055 suut
1072 2018 1186 2065 quasi
1222 2020 1398 2054 extrema
1429 2017 1660 2064 creationis,
1705 2027 1787 2056 non

170 2066 302 2110 potest
319 2072 408 2101 esse
429 2063 576 2110 aliquid
595 2064 784 2108 medium,
805 2065 926 2111 igitur
946 2074 1028 2102 non
1049 2069 1109 2102 est
1124 2065 1179 2102 1111
1200 2065 1334 2111 aliqua
1355 2065 1578 2102 successio.

215 2110 361 2152 Adhuc,
383 2110 424 2146 in
442 2111 550 2147 omni
574 2112 743 2148 factione
763 2112 804 2148 in
824 2122 902 2158 qua
922 2116 983 2149 651
997 2112 1215 2152 successio,
1236 2111 1321 2148 sieri
1342 2115 1507 2149 estante
1521 2112 1669 2149 factum
1684 2121 1790 2158 esse,

169 2160 213 2195 ut
228 2158 416 2203 probatur
435 2157 476 2193 in
496 2160 606 2195 sexto
625 2158 892 2205 Physic.(text.
914 2168 1057 2196 comm.
1082 2160 1156 2206 59).
1182 2161 1262 2196 Hoc
1283 2161 1414 2196 autem
1434 2159 1476 2195 16
1493 2159 1694 2196 creatione
1709 2167 1793 2197 non

167 2208 300 2250 potest
321 2204 515 2250 accidere;
535 2205 629 2251 quia
648 2205 856 2252 fieri,quod
877 2207 1117 2252 praecederet
1136 2207 1283 2244 factum
1303 2215 1392 2243 esse
1412 2210 1616 2258 creaturae,
1634 2206 1789 2253 indige-

167 2255 227 2289 ret
247 2252 381 2298 aliquo
402 2252 594 2298 subjecto,
617 2253 722 2298 quod
744 2262 824 2289 non
849 2258 986 2299 posset
1006 2262 1095 2291 esse
1116 2254 1204 2299 ipsa
1224 2255 1416 2297 creatura,
1452 2252 1500 2290 de
1532 2261 1648 2299 661115
1683 2262 1792 2291 crea-

166 2298 275 2336 tione
292 2298 506 2345 loquimur,
528 2300 622 2345 quia
641 2299 710 2336 illa
726 2308 807 2336 606
829 2304 998 2337 estante
1016 2301 1163 2338 factum
1185 2309 1288 2344 esse,
1311 2309 1382 2337 nec
1403 2299 1522 2337 etiam
1552 2300 1595 2336 in
1625 2300 1789 2338 factore.

167 2347 255 2383 Non
277 2346 381 2382 enim
402 2347 551 2382 moveri
567 2350 627 2383 est
646 2349 758 2383 actus
779 2348 990 2391 moventis,
1013 2348 1080 2384 sed
1103 2347 1215 2384 moti.
1246 2347 1498 2394 Relinquitur
1526 2346 1650 2393 igitur
1683 2347 1790 2394 quod

166 2392 253 2429 fieri
274 2393 435 2430 liaberet
456 2402 526 2439 pro
545 2392 723 2440 subjecto
743 2393 917 2441 aliquam
951 2395 1156 2432 materiam
1190 2394 1282 2431 facti
1311 2394 1644 2447 praeexistentem,
1683 2393 1792 2441 quod

166 2443 226 2492 est
242 2443 379 2477 contra
398 2440 614 2478 creationis
633 2440 842 2479 rationem.
865 2441 1116 2487 Impossibile
1137 2445 1198 2479 est
1217 2441 1340 2488 igitur
1354 2442 1392 2478 in
1409 2444 1609 2479 creatione
1630 2449 1792 2480 succes·

165 2495 322 2524 sionem
344 2496 448 2525 esse.

211 2534 396 2579 Amplius,
412 2543 572 2572 omnem
589 2534 803 2573 factionem
829 2536 1099 2574 successivam
1124 2536 1165 2573 in
1187 2539 1364 2582 tempore
1384 2537 1541 2582 oportet
1558 2532 1789 2586 esse.Prius

166 2580 273 2617 enim
294 2585 330 2617 et
351 2581 550 2626 posterius
571 2582 613 2619 in
636 2585 746 2620 motu
773 2587 1034 2621 numerantur
1052 2587 1245 2630 tempore.
1276 2582 1402 2620 Simul
1433 2585 1565 2633 autem
1600 2579 1790 2633 dividitur

163 2630 320 2673 tempus
341 2631 378 2664 et
397 2631 545 2674 motus,
565 2632 604 2666 et
621 2629 660 2667 id
681 2639 802 2676 super
816 2630 922 2677 quod
942 2631 1084 2668 transit
1105 2634 1252 2669 motus.
1271 2629 1386 2675 Quod
1405 2627 1565 2680 quidem
1600 2636 1643 2664 16
1676 2631 1789 2665 motu

163 2673 281 2712 locali
303 2674 558 2712 manifestum
573 2679 645 2714 est.
662 2679 758 2714 Nam
777 2677 818 2713 16
839 2677 1048 2715 medietate
1069 2678 1261 2725 temporis
1281 2676 1517 2723 regulariter
1528 2677 1682 2711 motum
1699 2683 1786 2727 per-

163 2720 307 2758 transit
327 2721 500 2758 medium
521 2724 822 2769 magnitudinis.
842 2724 991 2762 Divisio
1013 2729 1144 2762 autem
1175 2726 1217 2762 in
1238 2723 1392 2766 formis,
1415 2721 1664 2774 respondens
1686 2722 1786 2775 divi7

164 2767 268 2806 sioni
290 2768 494 2814 temporis,
516 2770 730 2807 attenditur
750 2771 972 2808 secundum
992 2772 1258 2810 intensionem
1281 2773 1318 2807 et
1336 2777 1632 2810 remissionem,
1671 2773 1726 2814 ut,
1749 2777 1785 2806 51

163 2814 314 2861 aliquid
336 2815 501 2851 intanto
522 2818 697 2861 tempore
711 2821 864 2854 tantum
885 2818 1027 2864 calefit,
1050 2820 1091 2856 in
1113 2818 1258 2856 minori
1273 2816 1422 2853 minus.
1446 2816 1672 2852 Secundum
1708 2816 1785 2853 lioc

161 2861 284 2909 igitur
302 2864 433 2909 potest
451 2871 540 2900 esse
559 2864 765 2902 successio
780 2864 823 2901 111
845 2868 969 2911 motu,
986 2866 1047 2903 vel
1081 2873 1331 2913 quacumque
1362 2862 1548 2909 factione,
1586 2862 1694 2911 quod
1727 2862 1805 2913 id„
