1894 3223
92 175 160 209 494
707 166 794 201 LIB.
822 166 883 207 lv,
911 165 1012 201 CAP.
1039 167 1100 202 vl.

139 252 321 295 Amplius,
356 257 448 284 vera
479 246 614 284 filiatio
653 245 703 282 ad
733 245 864 291 ipsum
894 245 1145 291 suppositum
1177 246 1346 293 pertinet
1372 245 1459 292 eJ‘us
1485 245 1551 298 qui
1572 245 1715 282 dicitur

94 299 196 335 filins
221 309 228 339 3
254 304 332 331 non
353 294 456 330 enim
473 302 617 330 manus
638 293 698 329 vel
717 302 786 338 pes
801 291 976 328 hominis
997 291 1200 330 filiationis
1219 302 1364 330 nomen
1382 302 1538 339 proprie
1559 292 1714 338 accipit,

94 345 161 381 sed
184 344 266 387 ipse
286 341 419 380 homo,
440 340 554 386 cujus
573 339 650 376 ista
670 342 764 376 sunt
783 342 928 384 partes.
953 339 1200 376 paternitatis
1221 343 1350 376 autem
1371 343 1408 376 et
1429 339 1632 376 filiationis
1647 348 1716 375 no-

93 391 198 427 mina
218 388 508 425 distinctionem
523 386 729 432 requirunt
744 386 784 421 in
804 386 884 422 illis
905 385 952 422 de
974 385 1118 432 quibus
1140 386 1335 428 dicuntur,
1348 386 1449 423 sicut
1465 389 1502 423 et
1517 395 1715 434 generans

95 441 131 473 et
148 435 337 483 genitum.
361 435 521 480 Oportet
541 433 673 477 igitur,
693 433 726 469 si
746 432 888 478 aliquis
907 442 996 469 vere
1027 433 1168 470 dicitur
1187 432 1309 477 filius,
1327 434 1431 479 quod
1453 433 1660 479 supposito
1693 442 1716 468 a

94 487 200 530 patre
233 481 510 528 distinguatur.
545 461 723 517 &hristus
756 482 885 531 autem
914 489 1004 516 vere
1023 483 1083 516 est
1103 479 1172 516 Dei
1193 479 1312 517 Filius
1329 491 1338 523 ;
1355 479 1495 517 dicitur
1512 480 1617 532 enim
1639 491 1648 532 ².
1672 481 1717 515 Ut

93 532 204 565 simus
238 530 275 564 in
309 538 392 563 vero
428 528 522 563 Filio
556 527 633 572 ejus
669 528 762 563 Jesu
797 526 964 563 Christo.
987 526 1016 571 (1
1046 528 1192 571 Joann.‚
1227 535 1268 570 V,
1289 526 1365 572 20.)
1405 527 1565 572 Oportet
1596 529 1719 574 igitur

95 576 200 621 quod
223 575 400 612 Christus
421 574 471 611 sit
491 573 696 620 supposito
719 573 928 610 distinctus
948 582 970 610 a
990 575 1102 610 Patre
1124 585 1133 618 ;
1163 581 1244 610 non
1263 572 1383 620 igitur
1400 573 1484 619 ipse
1512 575 1625 611 Pater
1658 576 1715 610 est

96 623 230 659 Filius.

142 670 284 707 Adhuc,
324 671 415 713 post
450 666 738 704 incarnationis
775 667 1007 713 mysterium
1050 669 1164 703 Pater
1201 665 1248 704 de
1292 666 1387 703 Filio
1425 669 1665 712 protestatur
1706 678 1715 702 :

94 718 161 753 Hic
192 719 242 751 est
273 717 388 750 Filius
418 725 516 750 meus
549 714 713 749 dilectus.
740 713 901 759 matth„
923 723 981 757 111,
1009 714 1082 760 17.)
1104 715 1193 750 Haec
1212 717 1343 750 autem
1365 713 1649 750 demonstratio
1668 712 1718 750 ad

96 763 346 808 suppositum
379 762 560 798 refertur.
584 760 760 797 Christus
795 761 915 808 igitur
950 760 1171 798 secundum
1206 760 1455 806 suppositum
1476 763 1537 797 est
1563 760 1665 797 alius
1696 769 1720 796 a

97 812 223 846 Patre.

145 858 195 892 Ea
218 865 309 892 vero
328 855 471 901 quibus
494 855 688 891 sabellius
711 864 824 891 suam
845 854 1085 900 positionem
1125 853 1260 890 nititur
1286 853 1534 897 confirmare,
1553 853 1593 905 id
1612 853 1720 900 quod

96 903 262 940 intendit
294 912 373 938 non
396 902 621 946 ostendunt,
644 902 798 938 utint'ra
825 901 873 945 (c.
898 902 933 942 9)
954 901 1110 947 plenius
1131 901 1374 937 ostendetur.
1402 902 1489 937 Non
1510 909 1630 944 enim,
1652 909 1722 945 per

95 949 173 987 hoc
193 949 297 996 quod
320 951 422 985 Deus
445 951 504 986 est
520 958 624 985 unus
644 949 705 984 vel
726 949 831 994 quod
854 951 967 984 Pater
985 951 1045 984 est
1066 948 1107 984 in
1129 948 1225 985 Filio
1245 951 1282 984 et
1304 947 1423 984 Filius
1440 947 1480 984 in
1501 949 1629 989 Patre,
1649 946 1720 983 ha·

80 997 210 1033 vbetur
227 996 332 1043 quod
355 996 473 1032 Filius
492 998 528 1031 et
547 998 659 1032 Pater
683 995 761 1032 sint
782 1004 905 1032 unum
927 995 1133 1040 supposito
1154 1006 1163 1040 ;
1194 998 1325 1042 potest
1345 994 1450 1032 enim
1481 997 1518 1031 et
1551 994 1722 1031 duorum

99 1044 306 1090 supposito
328 1043 602 1079 distinctorum
623 1042 756 1089 aliqua
777 1043 910 1078 unitas
933 1051 1036 1078 esse.

772 1190 941 1231 CAPUT
968 1190 1035 1230 VI.

525 1309 576 1338 DE
601 1309 784 1339 OPINIONE
809 1310 893 1338 ΑΒΗ
920 1310 1033 1339 cll-lca
1057 1310 1192 1339 FiLIUM
1215 1310 1296 1339 DEI.

148 1419 242 1455 Cum
263 1421 393 1453 autem
415 1416 599 1453 doctrinae
637 1425 760 1453 sacrae
792 1426 872 1453 non
904 1421 1098 1463 congruat
1119 1417 1224 1463 quod
1243 1417 1362 1454 Filius
1384 1417 1451 1453 Dei
1471 1427 1495 1454 a
1511 1417 1632 1454 Maria
1648 1417 1724 1454 ini·

99 1464 198 1500 tium
219 1463 442 1509 sumpserit,
466 1466 507 1499 ut
529 1463 720 1499 Photinus
742 1463 909 1507 dicebat,
934 1473 1061 1509 neque
1083 1466 1125 1500 ut
1145 1464 1180 1500 is
1198 1464 1264 1510 qui
1286 1464 1333 1500 ab
1358 1468 1505 1500 aeterno
1527 1465 1632 1501 Deus
1652 1464 1726 1501 fuit

103 1514 138 1548 et
179 1513 292 1547 Pater
312 1513 371 1547 est
392 1520 460 1555 per
480 1510 611 1546 carnis
630 1510 945 1555 assumptionem
968 1510 1106 1546 Filium
1128 1519 1216 1547 esse
1249 1511 1422 1556 coeperit,
1455 1513 1495 1547 ut
1528 1511 1726 1549 sabellius

102 1558 263 1600 dixerat,
301 1557 459 1594 fuerunt
487 1556 553 1593 alii
585 1556 688 1593 hanc
709 1557 755 1593 de
776 1557 905 1593 divina
924 1557 1230 1604 geneneratione
1251 1567 1370 1604 quam
1391 1558 1589 1604 Scriptura
1608 1558 1726 1595 tradit

102 1604 329 1649 opinionem
349 1608 567 1647 sumentes,
590 1604 693 1650 quod
717 1604 837 1640 Filius
865 1604 930 1640 Dei
951 1607 1041 1640 ante
1057 1604 1344 1641 incarnationis
1364 1605 1599 1651 mysterium
1628 1605 1724 1642 exti-

101 1651 190 1687 terit
222 1654 257 1687 et
293 1651 409 1687 etiam
445 1654 535 1686 ante
565 1651 702 1687 mundi
734 1651 1016 1694 conditionem,
1040 1654 1089 1695 et,
1117 1652 1210 1697 quia
1229 1652 1302 1688 iste
1321 1652 1440 1689 Filius
1462 1662 1484 1688 a
1505 1654 1583 1689 Deo
1612 1654 1724 1689 Patre

102 1702 162 1735 est
193 1698 308 1740 aliuS,
350 1697 642 1734 aestimaverunt
670 1707 759 1734 eum
785 1707 976 1735 nonesse
993 1698 1170 1744 eJ'usdem
1193 1702 1342 1736 naturae
1362 1708 1451 1735 cum
1475 1701 1553 1736 Deo
1575 1701 1688 1736 Patre
1713 1709 1722 1734 :

101 1754 181 1781 non
217 1745 320 1780 enim
353 1745 570 1791 intelligere
591 1747 771 1790 poterant
796 1755 868 1781 nec
889 1745 1047 1782 credere
1069 1745 1252 1782 volebant
1271 1746 1378 1792 quod
1399 1746 1519 1792 aliqui
1539 1746 1631 1787 duo,
1666 1755 1726 1783 se·

102 1792 276 1828 cundum
298 1800 508 1837 personam
530 1792 717 1835 distincti,
737 1791 909 1828 habeant
929 1802 1049 1828 unam
1071 1793 1285 1829 essentiam
1307 1796 1343 1829 et
1358 1796 1553 1829 naturam.
1571 1795 1615 1829 Et
1631 1793 1723 1839 quia

103 1839 191 1874 sola
211 1842 349 1875 natura
370 1838 436 1874 Dei
459 1839 582 1874 Patris
604 1839 823 1875 secundum
843 1839 932 1875 fidei
952 1840 1171 1875 doctrinam
1185 1845 1331 1876 aeterna
1351 1840 1535 1884 creditur,
1552 1840 1726 1876 credide·

102 1888 193 1922 runt
214 1888 394 1921 naturam
433 1885 516 1921 Filii
554 1895 633 1921 non
661 1886 708 1922 ab
727 1889 874 1922 aeterno
897 1886 1105 1927 exstitisse,
1130 1886 1219 1922 licet
1240 1886 1356 1923 fuerit
1373 1886 1492 1923 Filius
1513 1889 1605 1923 ante
1623 1886 1725 1924 alias

103 1934 317 1968 creaturas.
341 1932 505 1977 Et,qu1a
545 1941 661 1968 omne
693 1933 796 1978 quod
830 1941 908 1969 non
943 1936 1003 1969 est
1032 1937 1222 1969 aeternum
1254 1942 1303 1969 ex
1334 1932 1456 1969 nihilo
1490 1933 1636 1970 factum
1663 1937 1724 1970 est

100 1981 138 2062 Et
161 1988 181 2014 a
209 1980 287 2015 Deo
309 1981 495 2023 creatum,
519 1978 657 2015 Filium
677 1979 743 2015 Dei
763 1989 809 2014 ex
830 1979 953 2015 nihilo
975 1979 1120 2016 factum
1142 1988 1230 2016 esse
1245 1982 1283 2016 et
1300 1984 1519 2017 creaturam
1535 1980 1723 2026 praedica·

130 2028 209 2062 ant.

150 2071 238 2115 Sed,
254 2071 346 2118 quia
367 2072 595 2108 auctoritate
616 2072 823 2118 Scripturae
843 2073 1086 2120 cogebantur
1105 2076 1148 2110 ut
1168 2074 1284 2110 etiam
1302 2073 1440 2110 Filium
1461 2075 1585 2111 Deum
1595 2075 1725 2112 nomi-

102 2121 255 2163 narent,
279 2118 380 2155 sicut
399 2119 439 2155 in
464 2119 734 2164 superioribus
753 2123 812 2156 est
826 2129 1071 2165 expressum,
1089 2120 1270 2157 dicebant
1284 2130 1374 2157 eum
1392 2130 1514 2157 unum
1538 2130 1628 2157 cum
1641 2123 1722 2159 Deo

103 2167 231 2205 Patre,
254 2174 335 2202 non
358 2165 515 2212 quidem
537 2176 605 2212 per
623 2171 817 2209 naturam,
841 2167 909 2203 sed
929 2177 998 2213 per
1019 2167 1230 2213 quamdam
1242 2176 1466 2205 consensus
1482 2167 1670 2205 unionem
1685 2172 1726 2205 et

100 2222 172 2258 per
211 2212 349 2249 divinae
387 2212 655 2250 similitudinis
685 2213 1024 2260 participationem
1051 2223 1170 2260 super
1189 2218 1351 2252 caeteras
1373 2216 1723 2253 creaturas:unde

99 2269 223 2342 ¹quum
261 2268 454 2305 supremae
483 2263 687 2305 creaturae,
726 2271 825 2307 quas
864 2261 1031 2308 angelos
1060 2261 1240 2306 dicimus,
1261 2261 1301 2298 in
1323 2261 1533 2307 scripturis
1554 2266 1593 2298 et
1611 2261 1664 2299 dii
1684 2266 1725 2299 et

130 2306 170 2342 lii
204 2306 272 2342 Dei
298 2307 567 2352 nominentur,
590 2307 811 2344 secundum
829 2307 927 2344 illud
950 2318 958 2342 ε
989 2309 1057 2344 Ubi
1073 2319 1169 2344 eras.
1184 2336 1192 2344 .
1210 2336 1236 2349 .‚
1260 2319 1370 2354 quum
1389 2320 1444 2344 me
1464 2309 1658 2345 laudarent
1673 2311 1724 2345 si-

99 2354 175 2388 mul
202 2356 303 2388 astra
329 2355 523 2394 matutina,
558 2357 594 2390 et
622 2354 828 2399 jubilarent
845 2365 964 2390 omnes
980 2356 1050 2400 filie·
1086 2357 1152 2392 Dei
1171 2357 1190 2392 ?
1209 2355 1298 2402 (Job,
1317 2365 1486 2397 XXXVIII,
1501 2359 1524 2393 4
1541 2359 1580 2393 et
1592 2356 1630 2402 7)
1650 2361 1688 2393 et
1710 2369 1720 2393 ε

99 2401 194 2436 Deus
214 2403 314 2436 stetit
329 2402 368 2436 in
386 2411 575 2445 synayoqoe
593 2401 739 2437 deorum
760 2402 910 2447 (Psalm.
925 2411 1059 2446 LXXXI,
1082 2403 1132 2450 1),
1155 2402 1263 2440 hunc
1282 2403 1349 2440 Dei
1368 2403 1508 2440 Filium
1529 2407 1566 2439 et
1597 2404 1721 2441 Deum

99 2456 179 2496 prae
215 2447 301 2484 aliis
341 2447 416 2484 dici
447 2447 665 2494 oportebat,
701 2451 834 2494 utpote
871 2449 1106 2486 nobiliorem
1125 2449 1227 2486 inter
1244 2454 1406 2487 caeteras
1429 2454 1655 2495 creaturas,
1679 2450 1722 2488 in

98 2496 251 2535 tantum
273 2495 378 2541 quod
398 2504 468 2540 per
486 2504 574 2532 eum
604 2497 708 2532 Deus
730 2497 845 2533 Pater
864 2505 1023 2533 omnem
1044 2496 1160 2534 aliam
1181 2497 1400 2535 condiderit
1418 2502 1654 2535 creaturam.

142 2542 249 2578 Hanc
287 2545 419 2579 autem
455 2542 694 2587 positionem
709 2542 946 2580 confirmare
969 2543 1195 2581 nitebantur
1222 2553 1344 2582 sacrae
1371 2544 1579 2590 Scriptuiae
1605 2544 1724 2581 docu-

99 2588 257 2624 mentis.
284 2588 382 2626 Dicit
401 2589 507 2626 enim
528 2589 650 2627 Filius
669 2589 718 2627 ad
738 2592 892 2627 Patrem
914 2590 1084 2638 loquens
1106 2602 1116 2628 τ
1136 2592 1218 2628 Haec
1235 2594 1288 2627 est
1303 2593 1383 2628 vita
1403 2595 1551 2634 aeterna,
1586 2594 1630 2627 ut
1661 2600 1720 2626 co-

100 2638 274 2677 qnoscant
310 2639 343 2671 te
372 2637 490 2672 solum
519 2637 633 2673 Deum
664 2647 801 2674 veram.
837 2637 996 2682 (Joann.‚
1033 2645 1133 2684 xvn,
1151 2638 1203 2685 3.)
1224 2638 1340 2676 Solus
1361 2647 1455 2686 ergo
1484 2640 1600 2675 Pater
1613 2638 1720 2674 Deus

99 2688 231 2763 verust
251 2687 323 2719 est.
365 2683 497 2727 Quum
529 2692 625 2730 ergo
657 2683 780 2721 Filius
812 2693 898 2721 non
915 2684 966 2721 sit
984 2685 1112 2730 Pater,
1133 2685 1254 2723 Filius
1272 2686 1377 2723 Deus
1389 2694 1507 2723 verus
1527 2692 1617 2721 esse
1635 2691 1720 2720 non

100 2735 152 2773 po
172 2736 214 2763 es
236 2754 243 2762 .

146 2774 247 2817 Item,
260 2776 474 2820 Apostolus
491 2777 585 2814 dicit
603 2789 613 2814 ε
634 2778 758 2815 Ser-ves
777 2778 995 2815 mandatum
1009 2779 1088 2816 sine
1104 2779 1260 2820 macula,
1273 2778 1588 2825 irreprehensibile
1603 2787 1721 2824 usqae

99 2821 142 2856 in
160 2820 353 2857 adventum
372 2824 519 2859 Domini
533 2826 650 2860 nostri
666 2826 752 2862 Jesu
771 2825 929 2870 chrisa,-
951 2836 1056 2871 quem
1082 2828 1160 2862 suis
1179 2826 1401 2872 temporibus
1416 2824 1581 2861 ostendet·
1595 2824 1719 2861 beatus

100 2869 138 2903 et
153 2868 248 2903 solus
264 2870 402 2913 potens,
422 2870 500 2906 Rex
517 2880 653 2914 regum,
675 2875 710 2908 ετ
724 2874 897 2908 Dominus
917 2873 1207 2917 dominantium,·
1238 2874 1303 2918 qut·
1326 2872 1422 2908 solus
1441 2871 1548 2907 habet
1570 2873 1719 2908 immor·-

101 2914 290 2960 talz'tatem,
310 2917 344 2951 et
362 2915 474 2951 lucem
493 2916 633 2953 habitat
648 2919 942 2957 inaccessibilem.
964 2919 999 2966 (Ι
1017 2921 1124 2965 Tim„
1143 2927 1202 2965 vr,
1219 2918 1416 2965 emma
1435 2917 1721 2966 quibusverbi‘s
