1894 3223
654 119 743 157 ΜΒ.
773 120 837 164 ΙΙΙ,
864 120 964 156 CAP.
991 119 1108 157 XCVI.
1619 120 1684 158 391

67 201 137 240 fiat
154 202 197 240 in
211 210 357 240 vanum
377 212 387 237 τ
408 199 650 247 quiquidem
666 208 776 236 error
792 200 981 246 tangitur,
1003 199 1184 241 Malach„
1206 208 1264 245 111,
1282 202 1323 237 14
1339 211 1346 236 :
1360 201 1530 242 De‘aeistis,
1545 201 1684 248 inquit,

69 259 183 286 cantas
199 250 329 294 estqui
344 249 455 284 servit
473 249 566 290 Deo;
599 250 632 282 et
665 246 761 292 quod
790 247 1073 288 emolumentum,
1105 249 1192 294 quia
1221 247 1479 284 custodivimus
1508 251 1690 296 praecepta

67 296 160 342 ejus,
180 298 216 332 et
230 297 318 341 quia
338 294 600 330 ambulavimus
616 295 735 330 tristes
752 303 872 330 coram
896 296 1046 331 Domino
1071 296 1316 330 exercituum?

117 342 284 388 Quidam
322 350 414 379 vero
446 351 467 379 e
490 341 689 378 contrario
711 340 882 378 divinam
921 340 1224 388 dispositionem
1256 341 1503 379 orationibus
1535 341 1690 380 vertibi-

68 389 146 428 lem
165 398 254 428 esse
275 388 472 433 dicebant,
494 388 598 426 sicut
618 392 656 426 et
674 388 840 434 AEgyptii
866 387 1061 433 dicebant,
1085 389 1190 436 quod
1216 389 1338 425 satum
1367 389 1629 434 orationibus,
1651 393 1692 428 et

65 436 308 484 quibusdam
328 435 585 483 imaginibus,
607 439 644 472 et
665 435 1087 481 subt'umigationibus,
1123 435 1206 474 sive
1242 436 1580 474 incantationibus
1603 446 1688 473 ver-

67 483 244 527 tebatur;
268 487 306 521 et
324 483 374 520 ad
393 483 498 520 hunc
517 491 678 520 sensum
701 482 896 528 pertinere
915 483 1098 520 videntur
1128 481 1307 530 quaedam
1328 491 1414 529 quae
1445 483 1485 519 in
1515 483 1688 529 Scriptu-

69 531 125 568 ris
145 530 292 568 divinis
309 529 496 568 dicuntur
513 530 732 568 secundum
754 529 792 566 id
813 529 919 576 quod
937 530 1064 576 prima
1084 529 1184 567 facie
1203 533 1364 576 apparet
1384 540 1430 566 ox
1445 531 1516 567 eis.
1541 531 1689 568 Dicitur

70 578 176 615 enim
199 578 324 620 lsaiae,
345 585 518 621 xxxvm,
543 579 605 615 t-5
630 576 736 623 quod
757 578 880 614 isaias
902 587 949 614 ex
969 577 1154 614 mandato
1189 576 1345 614 Domini
1384 577 1482 614 dixit
1512 578 1688 625 Ezechiae

70 625 154 672 regi
176 636 185 661 ε
207 625 291 661 Haec
306 624 396 661 dicit
420 626 593 662 Dominus
614 636 625 659 τ
643 625 799 670 Dispone
818 625 940 661 domui
958 627 1039 666 tuae,
1062 626 1151 671 quia
1167 625 1329 660 morieris
1352 627 1403 662 tu.
1424 628 1457 660 ct
1476 624 1546 660 non
1564 626 1686 669 vices;

70 675 108 708 et
154 671 234 710 uod
252 676 342 717 post
361 671 582 709 orationem
603 671 775 708 Ezech1oe
792 673 931 715 fuctum
950 674 1001 708 est
1013 672 1159 707 verbum
1171 672 1315 707 Domini
1328 671 1376 706 ait
1388 673 1522 707 Isctium
1542 672 1687 708 dicens:

73 719 109 755 V
155 729 174 754 e
191 721 226 755 et
243 718 302 755 dic
332 719 493 756 Ezechiae
513 732 524 755 .·
546 719 687 756 Audivi
718 721 913 754 orationem
937 721 1048 755 tuum.
1069 720 1157 755 Ecce
1188 728 1249 763 090
1277 718 1452 763 adjiciam
1477 729 1584 764 supcr-
1613 719 1689 756 dies

70 768 150 802 tuos
163 765 366 812 quindecim
383 776 508 803 avinus.
529 767 738 810 Etserem„
756 775 856 810 xvn,
869 770 905 807 7,
923 765 1066 802 dicitur
1081 775 1126 802 ex
1138 773 1310 811 persona
1324 765 1481 802 Domini
1505 778 1512 802 :
1537 767 1690 813 Repente

71 813 200 859 loquar
219 812 390 849 adversus
409 817 559 859 9entem,
580 816 613 848 et
630 813 802 849 aduersus
821 823 981 858 requitm,
1004 816 1043 848 ut
1072 813 1263 856 eradicem,
1285 815 1317 848 et
1340 812 1534 852 destruam,
1560 817 1592 849 et
1613 813 1689 849 dis-

69 860 222 906 perdam
240 860 346 897 illud.
360 860 403 897 Si
417 862 665 906 panzitentiam
691 863 801 904 egycrz't
831 870 916 904 ,qens
951 861 1016 895 iila
1052 872 1074 896 α
1102 860 1195 895 »nalo
1224 869 1289 895 suo
1317 861 1412 905 quod
1443 860 1578 897 locutus
1610 870 1691 897 sum

72 906 246 944 adversus
263 917 353 948 eam,
375 918 482 953 aqam
515 911 548 944 et
566 917 628 951 eqo
645 910 894 952 poenitentiam
912 917 1020 952 super
1043 908 1137 943 mulo
1165 906 1260 952 quod
1281 908 1438 952 cogitavi
1469 909 1511 943 ut
1533 908 1691 950 facerem

71 955 116 991 ei.
139 955 183 990 Et
197 954 333 998 sociis,
353 963 396 999 11,
418 957 526 991 13-tt
548 966 556 990 :
577 955 835 992 convertimini·
854 955 902 990 act
919 956 1110 990 Dominum
1140 956 1251 990 Deum
1280 957 1448 995 uestrum,
1477 956 1564 1000 quia
1596 954 1691 990 beni-

72 1011 177 1046 qnus,
199 1004 232 1036 et
248 1002 449 1037 misericors
469 1004 532 1037 est.
556 1001 641 1044 Quis
661 1002 728 1036 scit
745 1003 779 1038 si
797 1004 1027 1038 convertatur
1042 1005 1075 1037 et
1093 1003 1255 1045 iyitoscut
1269 1002 1392 1036 Deus?

122 1049 210 1084 Haec
229 1051 374 1093 autem,
397 1049 431 1084 si
453 1047 673 1085 secundum
706 1056 817 1085 suam
847 1048 1096 1093 superficiem
1121 1048 1405 1093 intelligantur,
1429 1047 1476 1084 ad
1508 1048 1692 1086 inconve-

72 1094 188 1131 niens
209 1093 372 1131 ducunt.
394 1095 577 1141 Sequitur
598 1095 703 1130 enim
725 1096 851 1142 primo
870 1094 977 1140 quod
996 1095 1180 1131 voluntas
1202 1095 1266 1130 Dci
1285 1095 1336 1130 sit
1354 1094 1571 1131 mutabilis.
1592 1097 1690 1133 Item

70 1140 178 1188 quod
197 1141 345 1188 aliquid
367 1150 412 1178 ex
433 1145 610 1186 tempore
630 1142 711 1178 Deo
731 1142 932 1185 adveniat3
956 1145 992 1178 et
1023 1142 1188 1178 ulterius
1206 1141 1309 1187 quod
1332 1141 1464 1187 aliqua
1485 1151 1571 1188 quae
1592 1145 1689 1178 tem—

71 1188 260 1234 poraliter
277 1188 320 1224 in
340 1190 530 1226 creaturis
547 1191 641 1225 sunt
674 1188 754 1226 sint
772 1198 894 1226 causa
909 1188 1078 1235 alicujus
1093 1188 1299 1225 existentis
1317 1187 1357 1224 in
1379 1189 1471 1232 Deo,
1495 1197 1581 1235 quae
1595 1191 1688 1226 sunt

71 1235 282 1273 manifeste
302 1235 583 1282 impossibilia,
601 1235 705 1273 sicut
724 1246 772 1273 ex
792 1236 1066 1281 superioribus
1084 1238 1201 1281 patet.

116 1282 384 1320 Adversantur
410 1283 526 1319 etiam
562 1283 864 1320 auctoritatibus
907 1292 1028 1319 sacrae
1062 1283 1285 1328 Scriptnrae,
1319 1291 1406 1328 quae
1438 1282 1688 1320 infallibilem

70 1329 249 1367 continet
265 1330 470 1367 veritatem
489 1333 526 1367 et
549 1339 792 1375 expressam.
816 1330 965 1367 Dicitur
994 1330 1114 1374 enim,
1147 1332 1278 1374 Num„
1307 1337 1420 1371 xxiii,
1446 1332 1508 1365 19:
1530 1331 1611 1367 Non
1638 1332 1689 1366 est

71 1377 165 1413 neus
183 1378 291 1423 quasi
310 1377 423 1418 homo,
441 1380 482 1412 ut
499 1378 710 1420 mentiatur,
727 1389 790 1414 nec
809 1381 849 1413 ut
864 1379 960 1423 filius
993 1378 1159 1418 hominis,
1194 1379 1236 1413 ut
1259 1379 1429 1413 mutetur.
1457 1378 1563 1412 Dixit
1590 1387 1685 1421 erqo,

72 1427 106 1460 et·
123 1434 196 1460 non
213 1424 324 1468 faciet
338 1425 522 1461 ?Locutus
558 1426 622 1465 est,
643 1428 676 1460 et
705 1435 778 1462 uon
809 1425 1002 1470 implebit?
1021 1426 1063 1461 Et
1083 1425 1099 1461 I
1118 1425 1228 1469 fleg„
1245 1431 1314 1468 XV,
1328 1426 1374 1460 29
1397 1435 1404 1459 :
1434 1425 1461 1459 T
1462 1424 1689 1468 riumphutor

74 1472 112 1506 in
131 1471 244 1506 Israel
260 1481 331 1506 non
350 1475 488 1517 parcet,
508 1470 551 1506 de
566 1472 790 1517 poenitudine
808 1483 878 1508 uon
898 1474 1056 1516 flectetur
1074 1484 1086 1514 ,·
1106 1481 1217 1516 neque
1236 1472 1329 1506 enim
1345 1471 1445 1506 homo
1466 1473 1516 1507 cst
1534 1473 1575 1506 ut
1602 1474 1690 1516 aqut

68 1519 333 1563 poenitentiam.
355 1519 399 1556 Et
417 1518 599 1561 Malach„
622 1527 666 1565 11,
691 1522 711 1556 6
733 1532 743 1554 :
768 1521 839 1564 qu
860 1521 1042 1560 Dominus,
1061 1521 1093 1554 ct
1112 1529 1184 1554 uon
1202 1521 1333 1555 mutor.

121 1564 162 1602 Si
180 1565 271 1612 quis
291 1569 423 1603 autem
443 1565 652 1612 diligenter
681 1566 906 1604 consideret
927 1566 1031 1602 circa
1063 1565 1262 1612 praedicta,
1287 1565 1460 1601 inveniet
1483 1564 1587 1611 quod
1608 1574 1689 1602 om·

74 1611 139 1649 nis
158 1620 269 1649 error
288 1612 355 1659 qui
373 1613 415 1649 in
435 1612 499 1650 his
519 1611 662 1649 accidit
700 1623 748 1650 ex
767 1613 842 1650 hoc
863 1613 1044 1659 provenit
1063 1612 1168 1659 quod
1189 1621 1269 1648 non
1288 1612 1562 1649 consideratur
1580 1611 1689 1650 diffe-

73 1658 201 1696 rentia
220 1659 323 1696 inter
343 1660 607 1697 universalem
628 1660 804 1698 ordinem
828 1665 865 1697 et
886 1660 1174 1705 particularem.
1197 1660 1294 1696 Cum
1315 1659 1419 1696 enim
1442 1668 1580 1696 omnes
1598 1658 1690 1696 effe—

71 1708 162 1744 ctus
182 1705 361 1744 ordinem
383 1706 431 1744 ad
452 1706 621 1744 invicem
641 1707 825 1751 habeant,
846 1707 1066 1744 secundum
1087 1706 1193 1753 quod
1213 1707 1253 1742 in
1281 1715 1360 1743 una
1392 1716 1513 1743 causa
1545 1716 1687 1743 conve·

73 1752 202 1798 nium,
223 1757 377 1800 oportet
395 1757 504 1790 tanto
525 1755 839 1791 communiorem
861 1754 1040 1791 ordinem
1061 1763 1164 1798 esse,
1181 1756 1329 1800 quanto
1351 1757 1409 1790 est
1425 1753 1688 1791 universalior

71 1808 214 1844 causa3
235 1800 340 1838 unde
358 1800 406 1838 ab
427 1801 641 1838 universali
660 1810 795 1844 causa,
818 1811 905 1848 quae
925 1802 1029 1838 Deus
1050 1805 1124 1845 est,
1148 1800 1246 1838 ordo
1264 1801 1501 1846 proveniens
1523 1809 1688 1838 necesse

71 1848 134 1883 est
151 1847 259 1894 quod
279 1848 415 1885 omnia
434 1847 730 1893 complectatur.
753 1848 859 1885 Nihil
880 1849 1002 1894 igitur
1021 1847 1203 1894 prohibet
1223 1848 1394 1893 aliquem
1410 1848 1687 1893 particularem

71 1893 269 1940 ordinem,
286 1895 348 1932 vel
368 1904 438 1941 per
454 1895 688 1940 orationem,
709 1895 771 1932 vel
791 1905 860 1941 per
880 1896 1052 1943 aliquem
1076 1895 1198 1932 alium
1213 1895 1373 1932 modum
1388 1895 1602 1932 immutari.
1623 1897 1688 1933 Est

72 1941 180 1978 enim
199 1945 308 1980 extra
327 1942 441 1979 iilum
462 1941 641 1980 ordinem
662 1943 813 1990 aliquid
832 1943 938 1989 quod
956 1942 1085 1989 possit
1109 1942 1241 1989 ipsum
1276 1942 1508 1986 immutare;
1530 1945 1689 1989 propter

70 1988 180 2040 quod
198 1996 281 2026 non
301 1992 362 2028 est
379 1989 526 2026 mirum
545 1989 580 2028 si
606 1990 789 2037 AEgyptii,
810 1990 1045 2027 reducentes
1069 1998 1201 2027 rerum
1221 1989 1486 2026 humanarum
1507 1990 1687 2027 ordinem

71 2043 113 2072 m
134 2043 302 2082 corpora
321 2036 513 2082 coelestia,
528 2040 749 2083 posuerunt
768 2037 891 2074 fatum
912 2047 961 2074 ex
979 2036 1108 2074 stellis
1127 2038 1366 2083 proveniens
1380 2036 1580 2083 aliquibus
1601 2046 1688 2074 ora-

71 2082 251 2120 tionibus
281 2086 322 2120 et
347 2083 493 2122 ritibus
524 2093 645 2130 posse
678 2085 879 2122 immutari
905 2097 912 2120 :
947 2093 1040 2121 nam
1074 2088 1185 2121 extra
1211 2084 1392 2121 coelestia
1422 2093 1609 2130 corpora,
1651 2088 1688 2121 et

73 2137 193 2181 supra
212 2137 262 2181 ea
278 2133 340 2167 est
359 2131 477 2173 Deus,
498 2132 566 2176 qui
588 2134 718 2177 potest
737 2131 927 2177 impedire
947 2131 1169 2169 coelestium
1190 2140 1400 2177 corporum
1420 2130 1603 2169 effectum
1617 2131 1685 2178 qui

72 2184 112 2212 in
154 2179 245 2214 istis
281 2176 539 2215 inferioribus
561 2187 610 2215 ex
633 2178 794 2215 illorum
824 2179 1088 2224 impressione
1120 2182 1331 2216 secuturus
1360 2182 1454 2215 erat.
1485 2178 1561 2215 Sed
1580 2182 1689 2215 extra

73 2221 255 2260 ordinem
271 2224 599 2270 complectentem
618 2225 755 2262 omnia
769 2234 850 2261 non
868 2229 999 2271 potest
1025 2225 1120 2271 poni
1157 2225 1308 2272 aliquid
1339 2234 1409 2271 per
1435 2225 1541 2271 qnod
1558 2225 1688 2270 possit

72 2268 171 2307 ordo
203 2269 252 2323 ab
270 2270 488 2324 universali
508 2280 632 2309 causa
656 2272 884 2318 dependens
913 2273 1033 2309 everti
1055 2285 1064 2309 z
1082 2275 1243 2318 propter
1262 2272 1369 2319 quod
1389 2272 1524 2312 Stoici,
1547 2272 1613 2318 qui
1645 2272 1688 2308 in

73 2317 196 2354 Deum
216 2320 322 2355 sicut
338 2325 381 2355 m
400 2326 563 2356 causam
583 2318 850 2357 universalem
869 2319 1051 2357 omnium
1081 2319 1236 2357 ordinis
1255 2328 1388 2356 rerum
1414 2318 1687 2356 reductionem

72 2363 394 2416 considerabant,
407 2365 616 2417 ,ponebant
631 2365 737 2414 quod
757 2366 855 2404 ordo
877 2366 1086 2404 institutus
1105 2375 1130 2404 a
1150 2367 1230 2403 Deo
1253 2365 1363 2403 nulla
1379 2365 1532 2402 ratione
1557 2368 1690 2411 potest

71 2411 288 2450 immutari.
309 2410 386 2450 Sed
403 2420 446 2448 m
462 2411 539 2450 hoc
558 2412 702 2450 iterum
722 2422 747 2451 a
765 2413 1086 2451 consideratione
1105 2412 1346 2451 universalis
1361 2412 1515 2449 ordinis
1534 2412 1688 2449 recede-

69 2457 179 2504 bant,
201 2457 308 2506 quod
327 2458 530 2505 ponebant
548 2460 750 2497 orationes
771 2461 820 2498 ad
839 2461 941 2498 nihil
961 2460 1080 2498 utiles
1111 2469 1218 2504 esse,
1236 2463 1423 2506 tanquam
1450 2459 1687 2496 arbitraren-

67 2508 135 2543 tur
147 2504 372 2543 voluntates
393 2505 601 2544 hominum
639 2511 679 2544 et
698 2516 835 2544 eorum
855 2507 1066 2551 desideria,
1088 2516 1137 2544 ex
1155 2505 1301 2554 quihus
1327 2506 1531 2544 orationes
1549 2516 1686 2553 proce·

68 2551 185 2598 dunt,
203 2552 278 2591 sub
306 2552 377 2590 illo
408 2552 623 2591 universali
657 2554 796 2591 ordine
828 2563 910 2591 non
941 2553 1238 2600 comprehendi.
1270 2553 1367 2591 Cum
1413 2553 1520 2590 enim
1551 2553 1688 2591 dicunt

68 2599 192 2646 quod,
208 2600 292 2638 sive
306 2600 509 2653 orationes
528 2599 639 2646 fiant,
657 2601 741 2639 sive
757 2609 852 2646 non,
868 2601 1133 2638 nihilominus
1153 2600 1258 2638 idem
1272 2598 1438 2653 effectus
1452 2600 1632 2648 sequitur
1644 2601 1686 2638 in

69 2645 192 2685 rebus
209 2656 259 2685 ex
290 2647 506 2685 universali
527 2647 666 2686 ordine
692 2657 839 2689 rerum,
869 2648 1080 2685 manifeste
1111 2646 1160 2685 ab
1195 2647 1266 2685 illo
1299 2647 1513 2686 universali
1548 2648 1687 2686 ordine

64 2697 161 2746 vota
178 2695 377 2732 orantium
393 2697 665 2742 sequestrant;
686 2695 722 2734 si
743 2695 849 2733 enim
861 2695 944 2733 haec
960 2694 1035 2733 sub
1048 2693 1121 2733 illo
1133 2694 1272 2732 ordine
1286 2695 1685 2742 comprehendantur,

69 2744 175 2780 sicut
197 2751 267 2788 per
285 2741 386 2779 alias
400 2751 559 2788 causas,
578 2742 636 2780 ita
658 2751 728 2790 per
752 2742 837 2780 haec
865 2752 913 2780 ex
933 2741 1067 2780 divina
1085 2742 1337 2781 ordinatione
1366 2742 1489 2790 aliqui
1523 2741 1688 2781 effectus

63 2792 304 2840 sequuntur.
329 2788 433 2826 Idem
461 2798 557 2837 ergo
586 2789 660 2827 erit
679 2789 886 2827 excludere
904 2788 1098 2828 orationis
1123 2788 1307 2830 effectum
1336 2794 1376 2828 et
1413 2791 1688 2828 communium

61 2833 238 2873 <abarum
269 2845 495 2874 causarum.
517 2836 631 2882 Quod
651 2836 686 2874 si
707 2836 798 2874 aliis
818 2837 952 2874 causis
972 2836 1232 2875 immobilitas
1250 2837 1375 2877 divini
1395 2838 1549 2876 ordinis
1569 2836 1685 2875 effec-

65 2883 135 2919 tus
148 2890 230 2920 non
249 2882 459 2928 subtrahit,
480 2893 609 2932 neque
632 2884 857 2923 orationum
877 2883 1094 2923 efficaciam
1111 2883 1228 2924 tollit.
