1894 3223
182 102 250 138 164
814 94 902 130 LIB.
931 94 976 133 11,
1006 91 1107 127 CAP.
1135 91 1175 127 L,

179 180 346 219 materia
362 178 563 220 dividitur,
583 184 656 212 nec
676 174 792 212 aliter
806 182 924 220 quam
946 172 1143 209 divisione
1160 170 1393 218 quantitatis
1413 170 1502 207 sine
1519 179 1597 216 qua
1617 169 1802 207 substan-

179 229 236 265 tia
271 231 329 263 est
362 222 634 261 indivisibilis.
669 220 782 266 Quod
815 223 948 257 autem
975 219 1164 265 recipitur
1197 218 1241 254 in
1267 227 1446 264 corpore,
1474 217 1662 263 recipitur
1693 217 1734 253 in
1756 225 1803 254 eo

182 273 402 312 secundum
439 268 672 316 quantitatis
702 267 954 305 divisionem.
987 268 1087 313 Ergo
1115 266 1243 303 forma
1270 274 1351 302 non
1371 265 1560 310 recipitur
1579 264 1619 299 ln
1640 272 1805 309 corpore

180 320 259 358 nisi
283 322 324 355 ut
346 316 603 354 individuata.
623 315 662 351 Si
684 315 807 361 igitur
823 314 1048 350 intellectus
1065 316 1172 350 esset
1191 321 1349 357 corpus,
1372 312 1509 348 formae
1535 320 1666 347 rerum
1689 311 1803 347 intel-

180 365 356 413 ligibiles
389 372 467 400 non
499 362 768 408 reciperentur
787 361 827 397 in
850 370 896 398 eo
917 360 996 397 nisi
1027 363 1070 397 ut
1096 359 1364 396 individuatae.
1386 358 1575 404 Intelligit
1594 361 1724 394 autem
1744 358 1805 394 in-

180 413 365 450 tellectus
386 419 450 447 res
468 419 537 455 per
555 409 703 445 formas
725 417 874 452 earum,
892 417 991 454 quas
1008 416 1130 453 penes
1150 416 1193 443 se
1213 406 1343 443 habet.
1363 407 1450 442 Non
1468 414 1561 452 ergo
1580 404 1805 441 intellectus

180 458 368 504 intelligit
400 456 656 498 universalia,
688 455 757 492 sed
789 455 919 492 solum
952 453 1219 500 particularia,
1253 452 1359 499 quod
1391 456 1498 498 patet
1529 460 1617 489 esse
1646 451 1803 488 falsum.

179 506 322 544 Nullus
342 505 464 550 igitur
484 503 709 540 intellectus
726 505 784 538 est
804 510 964 547 corpus.

227 554 328 595 Item,
352 551 451 587 nihil
479 550 560 597 agit
579 550 657 586 nisi
692 548 910 586 secundum
933 556 1046 585 suam
1067 547 1254 592 speciem,
1277 556 1324 584 eo
1343 545 1448 592 quod
1470 546 1595 582 forma
1617 549 1676 582 est
1699 545 1806 591 prin-

181 600 331 645 cipium
355 597 496 644 agendi
519 598 559 633 in
581 605 838 642 unoquoque,
860 595 894 632 si
918 594 1040 641 igitur
1070 593 1296 630 intellectus
1315 593 1369 630 sit
1398 602 1557 638 corpus,
1585 593 1687 629 actio
1721 592 1806 638 eJ‘us

181 646 365 683 ordinem
387 653 599 690 corporum
620 653 701 679 non
722 642 941 680 excederet.
964 642 1049 677 Non
1069 640 1190 692 igitur
1210 640 1404 686 intelliget
1424 641 1501 676 nisi
1524 649 1708 685 corpora,
1731 640 1806 676 hoc

182 697 315 730 autem
337 696 443 738 patet
464 700 552 728 esse
574 691 734 728 falsum.
757 688 1022 735 Intelligimus
1038 695 1143 724 enlm
1164 687 1289 724 multa
1308 696 1395 733 quae
1413 696 1492 723 non
1514 691 1607 724 sunt
1626 695 1805 732 corpora.

182 740 409 778 Intellectus
430 739 551 785 igitur
571 747 649 774 non
673 741 732 774 est
752 745 910 782 corpus.

229 787 374 830 Adhuc,
406 785 439 822 si
469 785 692 822 substantia
711 784 941 829 intelligens
960 785 1020 819 est
1041 790 1199 827 corpus,
1233 784 1298 817 aut
1318 783 1378 818 est
1396 779 1566 824 finitum,
1589 783 1655 817 aut
1675 779 1808 816 infini-

181 836 280 871 tum.
313 834 464 878 Corpus
495 835 625 869 autem
663 840 752 868 esse
784 829 985 867 infinitum
1020 831 1109 865 actu
1143 831 1204 865 est
1234 827 1497 873 impossibile,
1520 830 1562 863 ut
1581 827 1620 863 in
1642 827 1808 871 Physicis

182 880 267 926 (lib.
301 889 359 925 111,
392 883 484 916 text..
520 888 664 915 comm.
687 881 732 915 24
763 881 800 914 et
822 876 943 923 infra)
965 875 1165 922 probatur.
1190 876 1256 912 Est
1276 875 1396 922 igitur
1416 873 1571 910 finitum
1592 883 1750 919 corpus,
1774 874 1808 911 si

182 936 330 973 corpus
360 935 448 963 esse
479 926 652 972 ponitur.
685 927 765 962 Hoc
785 929 915 962 autem
944 927 1003 960 est
1023 922 1298 968 impossibile:
1323 922 1364 958 in
1385 921 1495 958 nullo
1517 921 1621 957 enim
1644 930 1809 967 corpore

182 974 297 1011 finito
333 977 463 1019 potest
497 982 585 1010 esse
613 972 790 1018 potentia
809 971 979 1016 infinita,
1002 973 1043 1006 ut
1063 979 1183 1015 supra
1203 968 1244 1016 (l.
1265 978 1292 1013 1,
1321 978 1406 1015 cap.
1430 968 1487 1014 13)
1508 968 1715 1014 probatum
1735 971 1807 1004 est.

184 1021 366 1058 Potentia
398 1024 529 1057 autem
558 1020 785 1056 intellectus
817 1022 877 1055 est
896 1016 1189 1064 quodammodo
1220 1016 1376 1053 infinita
1397 1016 1436 1052 in
1458 1015 1744 1062 intelligendo:
1767 1015 1810 1051 in

184 1067 385 1104 infinitum
416 1067 522 1103 euim
551 1063 740 1112 intelligit
763 1065 918 1111 species
941 1072 1195 1101 numerorum
1230 1063 1428 1109 augendo,
1450 1066 1486 1098 et
1519 1062 1809 1108 similiterspe-

185 1115 269 1153 cies
301 1114 519 1162 figurarum
553 1117 591 1150 et
621 1113 948 1159 proportionum;
980 1110 1189 1156 cognoscit
1211 1110 1329 1146 etiam
1364 1109 1602 1153 universale,
1626 1108 1731 1154 quod
1750 1112 1810 1145 est

182 1162 327 1198 virtute
360 1160 559 1197 infinitum
592 1160 811 1197 secundum
845 1168 963 1196 suum
996 1157 1201 1194 ambitum.
1242 1156 1422 1193 Continet
1457 1156 1563 1193 enim
1589 1155 1806 1197 individua,

184 1217 274 1255 quaa
293 1212 387 1245 sunt
406 1208 581 1254 potentia
602 1207 771 1243 infinita.
794 1206 1022 1242 Intellectus
1043 1204 1164 1251 igitur
1186 1212 1266 1240 non
1284 1207 1344 1240 est
1367 1212 1526 1249 corpus.

232 1256 416 1301 Amplius,
439 1254 687 1300 impossibile
709 1258 768 1290 est
788 1253 866 1289 duo
887 1260 1054 1297 corpora
1074 1260 1117 1287 se
1137 1251 1306 1287 invicem
1334 1251 1551 1293 continere,
1573 1259 1663 1286 cum
1684 1249 1810 1286 conti-

185 1311 288 1339 nens
322 1301 483 1338 excedat
505 1305 748 1338 contentum.
775 1302 858 1336 Duo
894 1304 1023 1335 autem
1046 1297 1270 1334 intellectus
1291 1306 1334 1333 se
1356 1297 1524 1332 invicem
1546 1296 1749 1332 continent
1773 1298 1812 1332 et

185 1349 540 1394 comprehendunt,
572 1348 664 1384 dum
697 1356 801 1384 unus
839 1346 960 1382 alium
992 1344 1191 1390 intelligit.
1223 1345 1307 1380 Non
1341 1347 1402 1380 est
1436 1343 1557 1390 igitur
1582 1343 1809 1380 intellectus

185 1404 345 1441 corpus.

231 1440 335 1485 Item,
366 1441 517 1478 nullius
539 1441 717 1486 corporis
751 1440 853 1477 actio
882 1438 1095 1475 reflectitur
1128 1446 1248 1483 super
1274 1441 1469 1484 agentem.
1504 1438 1716 1474 Ostensum
1751 1440 1811 1473 est

187 1489 292 1526 enim
325 1489 367 1524 in
386 1489 552 1532 Physicis
589 1488 673 1533 (lib.
704 1496 776 1531 vn,
797 1490 890 1523 text.
914 1494 1056 1522 comm.
1080 1484 1128 1529 1),
1151 1484 1257 1530 quod
1278 1484 1433 1521 nullum
1465 1493 1610 1530 corpus
1632 1494 1653 1520 a
1675 1484 1809 1529 seipso

184 1540 367 1573 movetur
397 1536 475 1572 nisi
505 1535 722 1572 secundum
753 1538 903 1579 partem
923 1544 932 1577 3
951 1533 1006 1568 ita
1038 1532 1190 1568 scilicet
1211 1531 1316 1578 quod
1337 1540 1417 1568 una
1436 1540 1527 1577 pars
1547 1531 1632 1577 eJ'us
1654 1531 1705 1567 sit
1725 1539 1809 1567 mo-

186 1592 299 1627 vens,
334 1586 371 1619 et
391 1582 469 1619 alia
497 1586 618 1618 mota.
650 1581 879 1618 Intellectus
899 1583 1030 1616 autem
1053 1587 1172 1623 supra
1192 1579 1367 1624 seipsum
1397 1578 1552 1625 agendo
1573 1577 1809 1622 reflectitur;

187 1630 378 1676 intelligit
412 1630 517 1665 enim
553 1629 731 1674 seipsum
763 1637 845 1664 non
875 1627 1006 1664 solum
1039 1625 1260 1662 secuudum
1295 1629 1461 1672 partem,
1489 1625 1558 1662 sed
1587 1624 1807 1662 secundum

184 1680 327 1714 totum.
351 1679 437 1714 Non
459 1681 519 1712 est
539 1676 660 1722 igitur
680 1684 837 1721 corpus.

233 1724 377 1764 Adhuc,
408 1727 519 1760 actus
541 1723 720 1768 corporis
753 1722 802 1759 ad
822 1720 1019 1758 actionem
1040 1728 1121 1756 non
1141 1719 1388 1763 terminatur,
1407 1729 1479 1756 nec
1499 1723 1631 1756 motus
1653 1719 1700 1755 ad
1727 1727 1810 1755 mo—

185 1773 284 1814 tum,
319 1774 361 1806 ut
385 1770 425 1806 in
446 1771 610 1814 Physicis
641 1769 723 1815 (lib.
749 1778 793 1813 v,
828 1771 918 1805 text.
947 1776 1091 1804 comm.
1117 1769 1159 1803 10
1180 1771 1217 1803 et
1239 1767 1355 1812 infra)
1379 1771 1439 1803 est
1458 1766 1679 1811 probatum.
1701 1766 1811 1802 Actio

187 1821 319 1854 autem
343 1817 576 1853 substautiae
598 1815 859 1862 intelligentis
880 1814 928 1851 ad
947 1813 1142 1850 actionem
1174 1813 1420 1851 terminatur.
1445 1813 1672 1849 Intellectus
1705 1813 1811 1849 enim

187 1864 292 1901 sicut
322 1863 509 1909 intelligit
535 1872 631 1906 rem,
662 1863 717 1898 ita
748 1861 935 1907 intelligit
955 1869 997 1897 se
1018 1860 1253 1907 intelligere,
1276 1863 1314 1897 et
1333 1860 1391 1897 sic
1412 1860 1453 1896 in
1473 1859 1687 1896 infinitum.
1711 1859 1809 1896 Sub-

187 1911 335 1948 stantia
355 1910 476 1956 igitur
497 1910 739 1955 intelligens,
762 1918 843 1945 non
864 1911 924 1945 est
944 1916 1103 1952 corpus.

235 1958 333 1994 Hinc
352 1960 412 1994 est
431 1956 537 2003 quod
557 1966 671 1993 sacra
700 1956 898 2002 Scriptura
919 1954 1164 1991 substantias
1185 1953 1474 1991 intellectuales
1495 1954 1660 1999 spiritus
1681 1953 1809 1990 nomi·

186 2008 268 2041 nat.
306 2006 378 2040 Per
411 2013 527 2051 quem
560 2003 721 2040 modum
748 2002 1095 2040 consuevitDeum
1117 2001 1396 2047 incorporeum
1418 2002 1640 2045 nominare,
1668 2009 1811 2037 secun-

187 2050 281 2088 dum
314 2050 413 2087 illud
445 2051 624 2093 Ioannis,
656 2059 713 2095 1v,
730 2053 800 2086 24:
822 2052 915 2086 Deus
934 2049 1086 2093 spiritus
1111 2051 1175 2084 est.
1199 2048 1349 2086 Dicitur
1369 2051 1499 2084 autem
1520 2048 1708 2092 sapient„
1731 2056 1806 2092 vn,

185 2100 263 2135 22:
292 2100 357 2134 Est
384 2100 500 2133 autem
532 2099 572 2133 in
603 2097 682 2142 illa,
711 2097 863 2133 scilicet
894 2095 1028 2132 divina
1047 2095 1256 2141 sapientia,
1287 2096 1439 2141 spiritus
1462 2095 1723 2139 intelliyentiae‚
1744 2093 1812 2141 qui

186 2144 318 2190 capiat
337 2154 477 2181 omnes
499 2144 663 2190 spiritus
685 2142 972 2190 intelligibiles.

233 2193 308 2228 Per
343 2192 419 2229 hoc
449 2195 580 2228 autem
616 2191 839 2228 excluditur
873 2199 984 2227 error
1013 2190 1268 2236 antiquorum
1299 2188 1553 2232 naturalium,
1574 2188 1639 2234 qui
1659 2188 1811 2225 nullam

187 2237 455 2276 substantiam
476 2238 559 2276 nisi
593 2246 825 2284 corpoream
857 2246 946 2275 esse
978 2237 1203 2285 ponebant;
1238 2236 1343 2274 unde
1376 2239 1414 2272 et
1438 2236 1610 2272 animam
1631 2234 1815 2271 dicebant

186 2294 277 2323 esse
309 2294 468 2331 corpus,
497 2285 559 2322 vel
591 2285 739 2332 ignem,
760 2284 823 2321 vel
843 2293 988 2330 aerem,
1010 2284 1073 2321 vel
1093 2292 1252 2331 aquam,
1278 2283 1340 2320 vel
1373 2283 1523 2329 aliquid
1557 2281 1810 2328 hujtismodi3

185 2341 320 2385 quam·
339 2333 496 2380 quidem
523 2332 756 2379 opinionem
787 2331 830 2368 in
860 2330 977 2369 fidem
1004 2331 1264 2369 christianam
1299 2329 1459 2377 quidam
1494 2328 1681 2366 inducere
1721 2331 1815 2365 sunt

188 2383 336 2423 conati,
370 2380 548 2416 diceutes
579 2379 751 2416 animam
781 2387 870 2416 esse
897 2387 1043 2425 corpus
1075 2377 1310 2425 effigiatum,
1339 2377 1443 2415 sicut
1469 2385 1615 2423 corpus
1637 2376 1812 2413 exterius

184 2425 411 2473 figuratum.
435 2427 463 2473 (l
481 2429 596 2472 part„
619 2436 656 2473 q.
679 2429 713 2471 1,
733 2429 805 2463 art.
825 2425 873 2472 l.)

874 2572 1042 2613 CAPUT
1083 2572 1130 2612 L.

421 2689 522 2723 QUOD
543 2690 792 2720 SUBSTANTLAE
810 2689 1144 2719 INTELLECTUALES
1163 2688 1262 2719 SUNT
1280 2685 1583 2718 umATERIALEs.

233 2798 288 2834 Ex
318 2797 394 2834 hoc
414 2800 545 2834 autem
580 2802 740 2844 apparet
772 2799 878 2846 quod
912 2798 1146 2836 substantiae
1177 2794 1466 2833 intellectuales
1502 2798 1595 2831 sunt
1632 2794 1810 2830 immate-

184 2843 317 2883 riales.
341 2843 653 2893 Unumquodque
673 2845 780 2883 enim
800 2855 848 2882 ex
869 2845 1034 2883 materia
1053 2848 1092 2882 et
1110 2845 1239 2882 forma
1267 2841 1532 2889 compositum
1561 2845 1621 2878 est
1644 2849 1808 2888 corpus.
