1894 3223
723 89 810 125 LlB.
840 89 903 132 ΙΙΙ,
932 88 1034 125 CAP.
1061 89 1139 124 Vll.
1661 92 1730 127 265

101 171 280 220 junctam
300 170 561 218 privationem
585 169 680 208 honi
702 169 921 207 secundum
943 170 1136 207 rationem
1156 169 1216 207 vel
1236 177 1392 216 semper
1411 169 1471 206 vel
1490 169 1728 218 frequenter,

106 219 287 266 sequitur
318 218 466 255 malum
487 217 652 260 morale,
673 225 754 254 non
776 217 1001 259 casualiter,
1024 217 1093 253 sed
1122 216 1183 253 vel
1216 225 1372 262 semper
1398 217 1459 254 vel
1490 218 1728 264 frequenter,

106 265 211 303 sicut
229 268 335 312 patet
363 265 403 302 in
425 273 473 302 eo
494 265 560 311 qui
581 264 666 301 vult
694 264 750 301 uti
774 264 920 300 semina
942 268 1101 310 propter
1128 264 1444 307 delectationem,
1465 264 1527 303 cui
1561 264 1731 302 delecta-

105 312 205 349 tioni
243 312 428 359 adjuncta
461 316 522 349 est
553 310 796 349 inordinatio
837 311 1019 347 adulterii
1048 323 1056 355 ;
1097 311 1201 348 unde
1238 311 1386 347 malum
1427 310 1609 348 adulterii
1648 321 1729 349 non

105 359 286 406 sequitur
318 359 532 397 casualiter
553 370 562 404 ;
585 362 692 396 esset
712 362 842 395 autem
873 358 1032 394 casuale
1054 358 1215 402 malum,
1238 358 1272 395 si
1294 358 1342 395 ad
1363 357 1402 394 id
1434 358 1540 405 quod
1558 358 1731 396 'intendit

105 409 339 452 sequeretur
369 406 530 453 aliquod
563 409 766 452 peccatum
800 408 843 441 ut
874 405 915 441 in
948 405 1218 451 paucioribus,
1243 405 1346 442 sicut
1378 414 1499 451 quum
1533 406 1624 452 quis
1644 415 1732 453 pro·

101 452 247 506 jiciens
268 453 316 490 ad
336 462 448 490 avem
467 452 653 490 interficit
672 452 888 489 hominem.
912 452 1023 496 Quod
1045 456 1175 489 autem
1206 451 1436 498 hujusmodi
1458 452 1564 489 hona
1584 453 1730 500 aliquis

105 500 284 538 intendat
304 500 407 537 utin
423 500 619 546 pluribus,
639 500 784 546 quibus
803 500 1046 544 privationes
1064 499 1157 536 boni
1182 499 1402 536 secundum
1425 500 1620 537 rationem
1639 508 1732 537 eon-

105 550 337 594 sequantur,
355 556 400 585 ex
423 547 498 585 1100
518 547 699 594 provenit
715 547 819 593 quod
837 546 971 592 plures
985 547 1120 583 vivunt
1135 546 1353 583 seeundum
1370 555 1548 591 sensum,
1562 555 1609 584 co
1624 547 1730 594 quod

106 594 316 632 sensibilia
333 603 414 632 non
430 598 524 632 sunt
540 594 656 632 nobis
671 594 883 631 manifesta
899 597 935 630 et
955 594 1083 640 magis
1105 593 1316 630 efficaciter
1336 594 1533 630 moventia
1554 594 1595 631 in
1615 594 1732 640 parti-

105 641 324 686 cularibus,
360 641 402 678 in
434 641 582 688 quihus
620 644 680 679 est
714 642 891 687 operatio
912 652 921 684 ;
950 641 997 677 ad
1036 640 1150 690 plura
1188 643 1316 677 autem
1357 639 1494 677 tali‘uni
1533 641 1731 678 bonorum

105 688 286 735 sequitur
305 688 472 735 privatio
493 688 588 726 boni
611 689 831 726 seeundum
848 688 1057 724 rationem.

154 737 207 772 Ex
242 744 321 782 quo
354 739 460 782 patet
489 736 608 783 quod.
643 736 734 772 licet
765 735 912 771 malum
951 738 1090 780 prseter
1123 733 1384 771 intentionem
1415 734 1481 779 sit,
1503 739 1564 772 est
1598 739 1731 773 tamen

104 782 388 827 voluntarium,
404 787 448 820 ut
465 783 641 820 secunda
655 782 755 819 ratio
772 781 970 829 proponit,
987 781 1078 818 licet
1092 789 1170 817 non
1192 791 1261 826 per
1275 791 1332 825 se,
1355 781 1424 818 sed
1442 791 1511 827 per
1530 783 1730 820 accidens.

106 829 278 867 Intentio
298 830 403 867 enirn
426 834 487 868 est
506 830 634 867 ultimi
666 829 758 866 finis
779 838 896 876 quem
917 828 1007 876 quis
1027 832 1184 874 propter
1206 838 1246 864 se
1269 829 1376 873 x·111t;
1394 831 1579 866 voluntas
1600 833 1731 867 autem

105 880 167 913 est
198 876 316 914 etiam
346 877 432 924 ejus
464 877 569 924 quod
604 878 695 924 quis
726 877 809 912 vult
840 879 999 922 propter
1027 875 1149 919 aliud,
1183 876 1337 911 etiamsi
1377 876 1612 920 simpliciter
1649 886 1731 914 non

104 923 247 969 vellet3
269 924 374 961 sicut
392 923 459 971 qui
481 924 638 971 projicit
662 932 815 960 merces
835 924 876 960 in
910 931 1016 959 mare
1038 932 1158 959 causa
1180 923 1320 959 salutis
1342 931 1422 959 non
1454 923 1624 960 intendit
1641 932 1732 970 pro-

101 970 317 1017 jectionem
347 971 553 1011 mercium,
573 970 642 1007 sed
663 971 858 1014 salutem3
888 969 1171 1016 projectionem
1195 975 1323 1006 autern
1356 970 1451 1014 vult,
1477 979 1558 1007 non
1580 971 1732 1017 simpli-

105 1017 217 1062 citer,
243 1017 312 1055 sed
333 1026 456 1055 causa
484 1018 640 1056 salutis.
663 1017 863 1061 Similiter,
885 1020 1044 1062 propter
1064 1017 1223 1064 aliquod
1246 1017 1396 1054 bonum
1429 1017 1620 1054 sensibile
1643 1027 1735 1055 cou-

105 1064 352 1111 sequendum
389 1065 474 1102 vult
509 1064 655 1111 aliquis
690 1064 819 1101 facere
857 1064 1124 1100 inordinatam
1160 1064 1372 1108 actionem,
1402 1071 1485 1101 non
1517 1065 1730 1102 intendens

104 1110 454 1155 inordinationem,
484 1120 613 1158 neque
632 1111 770 1148 volens
791 1119 877 1147 eam
908 1110 1156 1156 simpliciter,
1179 1111 1249 1148 sed
1269 1113 1430 1157 propter
1449 1110 1553 1156 hoe;
1575 1115 1613 1148 et
1644 1112 1734 1149 ideo

104 1157 183 1195 1100
212 1158 332 1212 modo
360 1158 512 1212 malitia
542 1162 580 1197 et
610 1162 815 1205 peccatum
835 1158 1021 1195 dicuntur
1041 1166 1131 1196 esse
1149 1158 1388 1203 voluntaria,
1410 1157 1515 1196 sicut
1538 1157 1730 1205 projectio

104 1212 298 1243 mercium
318 1214 360 1243 10
377 1214 492 1243 mari.

152 1252 297 1290 Eodem
318 1256 449 1291 autem
470 1251 590 1291 modo
612 1255 719 1300 patet
739 1252 888 1290 solutio
919 1252 968 1290 ad
1002 1252 1159 1290 tertiam
1196 1248 1475 1300 objectionem.
1515 1254 1725 1299 Nunquam

93 1299 211 1351 ‘enim
232 1299 433 1337 invenitur
451 1300 619 1345 mutatio
640 1300 909 1346 corruptionis
930 1300 1018 1338 sine
1035 1299 1255 1337 mutatione
1277 1300 1566 1346 generationis,
1598 1304 1636 1337 et
1657 1310 1726 1346 per

105 1355 358 1394 consequens
378 1357 451 1385 nec
471 1348 564 1385 finis
584 1347 853 1394 corruptionis
866 1347 953 1384 siue
974 1346 1051 1384 tine
1069 1347 1355 1393 generationis.
1370 1349 1517 1384 Natura
1532 1356 1627 1394 ergo
1645 1356 1727 1384 non

105 1393 275 1430 intendit
295 1393 415 1431 finem
435 1395 704 1441 corruptionis
719 1403 901 1432 seorsum
916 1404 938 1432 a
958 1393 1036 1431 fine
1049 1395 1333 1441 generationis,
1351 1395 1421 1431 sed
1440 1394 1562 1431 simul
1581 1398 1731 1431 utrum-

106 1449 197 1487 que.
218 1442 305 1478 Non
325 1442 429 1478 enim
451 1445 513 1479 est
548 1442 596 1479 de
630 1442 851 1478 intentione
888 1444 1038 1478 naturae
1076 1441 1261 1479 absoluta
1280 1442 1387 1488 quod
1417 1450 1496 1477 non
1531 1441 1583 1478 sit
1612 1450 1732 1488 aqua,

106 1487 177 1525 sed
196 1487 302 1535 quod
318 1488 371 1526 sit
392 1497 472 1533 aer,
491 1498 571 1536 quo
605 1489 799 1526 existente
819 1497 901 1525 non
928 1492 989 1525 est
1010 1497 1134 1535 aqua;
1166 1488 1243 1526 1100
1275 1497 1371 1535 ergo
1403 1487 1509 1535 quod
1542 1490 1604 1525 est
1641 1497 1731 1525 esse

107 1542 237 1572 aerem
255 1534 426 1572 intendit
446 1540 587 1573 natura
607 1535 825 1573 secundum
849 1544 912 1579 se;
934 1536 1010 1572 hoe
1030 1544 1124 1572 vero
1143 1535 1249 1582 quod
1271 1540 1332 1572 est
1356 1544 1437 1572 non
1464 1543 1555 1572 esse
1586 1544 1731 1582 aquam

106 1589 188 1619 non
209 1581 379 1619 intendit
397 1583 475 1620 nisi
495 1583 537 1620 in
558 1586 749 1630 quantum
771 1586 831 1620 est
851 1582 1107 1629 conjunctum
1129 1584 1163 1618 ei
1179 1582 1285 1629 quod
1308 1585 1369 1619 est
1388 1590 1478 1619 esse
1500 1591 1644 1619 aerem.
1671 1582 1733 1619 Sic

106 1628 231 1676 igitur
248 1629 491 1676 privationes
513 1639 537 1667 a
555 1633 697 1667 natura
715 1639 794 1666 000
817 1633 910 1666 sunt
931 1629 1151 1667 secundum
1175 1639 1217 1666 se
1239 1629 1411 1675 intentae,
1430 1628 1499 1666 sed
1512 1628 1733 1667 seeundum

107 1675 318 1721 accidens3
340 1676 478 1714 formae
497 1685 606 1721 vero,
629 1677 849 1714 secuudum
873 1686 930 1714 se.

154 1724 265 1760 Patet
284 1732 379 1771 ergo
397 1733 445 1761 ex
464 1723 686 1770 praemissis
708 1724 812 1771 quod
830 1723 928 1760 illud
950 1723 1055 1770 quod
1076 1726 1137 1760 est
1156 1723 1391 1769 simpliciter
1403 1723 1551 1760 malum
1568 1723 1733 1760 omnino

108 1773 170 1807 est
185 1773 327 1816 praeter
344 1770 607 1808 intentionem
629 1771 670 1807 in
693 1771 880 1816 operibus
894 1775 1059 1816 naturai,
1076 1771 1179 1808 sicut
1190 1774 1326 1817 partus
1339 1771 1586 1807 monstruosi
1600 1782 1608 1815 ;
1628 1769 1735 1817 quod

106 1825 201 1854 vero
223 1825 303 1854 non
325 1820 385 1855 est
408 1818 657 1863 simpliciter,
678 1818 747 1855 sed
770 1817 889 1854 alicui
911 1818 1075 1863 malum,
1110 1827 1192 1855 non
1225 1821 1286 1855 est
1318 1818 1511 1855 intentum
1543 1827 1567 1855 a
1592 1821 1733 1855 natura

109 1863 331 1902 secundum
352 1873 410 1910 se,
436 1864 508 1902 sed
536 1864 757 1903 secundum
778 1865 978 1902 accidens.

786 2011 955 2053 CAPUT
981 2011 1070 2053 VII.

513 2130 615 2168 QUOD
639 2131 779 2162 MAL'UM
802 2131 881 2162 NON
902 2131 972 2160 EST
996 2130 1145 2166 ALIQUA
1166 2130 1338 2161 NATURA.

159 2242 213 2278 Ex
233 2239 296 2278 his
315 2242 446 2278 autem
467 2244 628 2288 apparet
644 2242 751 2289 quod
771 2241 884 2279 nulla
903 2241 1079 2279 essentia
1094 2245 1154 2279 est
1176 2241 1397 2279 secundum
1419 2250 1462 2279 se
1482 2242 1604 2279 mala„

157 2287 303 2325 Malum
323 2287 443 2333 enim,
466 2292 510 2325 ut
529 2288 677 2326 dictum
698 2292 759 2327 est
779 2288 828 2336 (c.
847 2288 900 2336 7),
933 2288 1035 2326 nihil
1063 2291 1124 2326 est
1155 2288 1263 2325 aliud
1294 2297 1412 2335 quam
1446 2289 1612 2334 privatio
1648 2288 1734 2333 ejus

111 2334 218 2382 quod
238 2334 329 2381 quis
344 2337 464 2373 natus
483 2337 544 2373 est
563 2338 601 2372 et
619 2335 734 2373 debet
753 2335 918 2380 habere;
937 2335 997 2373 sie
1019 2335 1126 2372 enim
1145 2335 1249 2381 apud
1264 2343 1404 2372 omnes
1420 2339 1480 2371 est
1499 2344 1597 2372 usus
1614 2335 1734 2381 hujus

111 2381 452 2420 nominismalum.
473 2381 644 2420 Privatio
664 2385 795 2420 autem
817 2391 897 2420 non
924 2385 985 2420 est
1004 2382 1138 2428 aliqua
1157 2382 1346 2425 essentia,
1380 2381 1451 2418 sed
1480 2385 1540 2418 est
1572 2382 1733 2428 negatio

111 2429 155 2466 in
175 2429 412 2466 substantia.
426 2428 571 2466 Malum
589 2429 712 2476 igitur
730 2438 811 2466 non
826 2433 887 2467 est
906 2429 1039 2476 aliqua
1059 2429 1234 2466 essentia
1253 2428 1294 2464 in
1314 2426 1451 2465 rebus.

159 2476 304 2520 Adhuc,
316 2475 628 2522 unumquodque
642 2476 862 2514 secundum
878 2485 989 2513 suam
1006 2475 1221 2513 essentiam
1235 2474 1354 2511 habet
1366 2483 1469 2511 esse.
1480 2476 1523 2511 In
1538 2478 1732 2521 quantum

113 2526 244 2562 autem
267 2523 385 2560 habet
403 2522 565 2570 aliquod
585 2522 754 2566 bonum;
793 2532 885 2560 nam
906 2523 1110 2559 sibonum
1138 2525 1198 2558 est
1228 2521 1335 2568 quod
1364 2521 1501 2559 omnia
1529 2526 1731 2568 appetunt,

113 2573 268 2618 oportet
300 2570 432 2616 ipsum
461 2578 550 2607 esse
569 2569 719 2607 bonum
740 2569 884 2614 dicere,
903 2578 1025 2616 quum
1041 2569 1176 2606 omnia
1189 2577 1278 2605 esse
1294 2571 1493 2614 appetant.
1507 2569 1733 2606 Secundum

113 2617 192 2656 hoe
209 2617 332 2664 igitur
348 2616 660 2664 unumquodque
679 2616 828 2654 bonum
842 2616 1021 2662 estquod
1039 2615 1253 2653 essentiam
1274 2614 1406 2652 habet.
1427 2617 1580 2652 Bonum
1601 2619 1734 2654 autem

115 2668 155 2702 et
171 2665 321 2703 malum
339 2667 608 2711 opponuntur.
630 2663 736 2701 Nihil
755 2663 878 2710 igitur
905 2666 967 2701 est
990 2663 1139 2700 malum
1160 2661 1380 2700 secundum
1395 2662 1502 2710 quod
1517 2663 1733 2700 essentiam

115 2711 248 2750 hahet.
263 2711 381 2749 Nulla
398 2711 522 2760 igitur
542 2711 718 2749 essentia
732 2710 837 2747 mala
856 2713 929 2748 est.

161 2758 347 2805 Amplius,
366 2759 499 2796 omnis
515 2767 580 2796 res
604 2757 666 2795 vel
683 2761 744 2795 est
757 2766 880 2804 agens
904 2756 967 2794 vel
987 2758 1048 2794 est
1065 2755 1180 2793 faeta.
1195 2755 1339 2794 Malum
1353 2759 1484 2794 autem
1505 2766 1585 2794 non
1606 2760 1736 2803 potest

118 2813 210 2843 esse
229 2814 367 2852 agens,
388 2806 481 2853 quia
500 2804 690 2853 quidquid
709 2804 842 2850 agitin
858 2806 1049 2851 quantum
1063 2806 1123 2840 est
1136 2807 1225 2840 actu
1240 2804 1415 2841 existens
1431 2808 1469 2841 et
1492 2804 1734 2850 perfectum;

120 2854 160 2890 et
179 2851 363 2891 similiter
382 2862 461 2891 non
478 2856 712 2900 potestesse
732 2852 894 2898 factum,
915 2859 1007 2889 nam
1026 2850 1239 2898 cujuslibet
1251 2851 1521 2899 generationis
1541 2851 1734 2888 terminus
