<?xml version="1.0" encoding="UTF-8"?>
<!DOCTYPE html PUBLIC "-//W3C//DTD XHTML 1.0 Transitional//EN"
    "http://www.w3.org/TR/xhtml1/DTD/xhtml1-transitional.dtd">
<html xmlns="http://www.w3.org/1999/xhtml" xml:lang="en" lang="en">
 <head>
  <title>
</title>
<meta http-equiv="Content-Type" content="text/html;charset=utf-8" />
  <meta name='ocr-system' content='tesseract 3.04.00' />
  <meta name='ocr-capabilities' content='ocr_page ocr_carea ocr_par ocr_line ocrx_word'/>
</head>
<body>
  <div class='ocr_page' id='page_1' title='image "./deveritatecathol00thomuoft_0671.png"; bbox 0 0 1894 3223; ppageno 0'>
   <div class='ocr_carea' id='block_1_1' title="bbox 0 0 74 442">
    <p class='ocr_par' dir='ltr' id='par_1_1' title="bbox 0 0 74 442">
     <span class='ocr_line' id='line_1_1' title="bbox 0 0 74 442; baseline 0 2781"><span class='ocrx_word' id='word_1_1' title='bbox 0 0 74 442; x_wconf 95' lang='lat' dir='ltr'> </span> 
     </span>
    </p>
   </div>
   <div class='ocr_carea' id='block_1_2' title="bbox 686 76 1802 146">
    <p class='ocr_par' dir='ltr' id='par_1_2' title="bbox 686 76 1802 146">
     <span class='ocr_line' id='line_1_2' title="bbox 686 76 1802 146; baseline -0.003 -5"><span class='ocrx_word' id='word_1_2' title='bbox 686 105 774 141; x_wconf 75' lang='lat' dir='ltr'>mn.</span> <span class='ocrx_word' id='word_1_3' title='bbox 801 103 861 146; x_wconf 85' lang='lat' dir='ltr'>lv,</span> <span class='ocrx_word' id='word_1_4' title='bbox 887 104 990 141; x_wconf 58' lang='lat' dir='ltr'>eae.</span> <span class='ocrx_word' id='word_1_5' title='bbox 1018 103 1172 140; x_wconf 66' lang='lat' dir='ltr'>cxxxv,</span> <span class='ocrx_word' id='word_1_6' title='bbox 1674 105 1736 139; x_wconf 80' lang='grc'>631</span> <span class='ocrx_word' id='word_1_7' title='bbox 1799 76 1802 79; x_wconf 58' lang='grc'>’</span> 
     </span>
    </p>
   </div>
   <div class='ocr_carea' id='block_1_3' title="bbox 111 183 1739 1265">
    <p class='ocr_par' dir='ltr' id='par_1_3' title="bbox 118 183 1737 280">
     <span class='ocr_line' id='line_1_3' title="bbox 118 183 1737 236; baseline -0.002 -12"><span class='ocrx_word' id='word_1_8' title='bbox 118 187 163 224; x_wconf 84' lang='grc'>111</span> <span class='ocrx_word' id='word_1_9' title='bbox 193 195 238 225; x_wconf 81' lang='lat' dir='ltr'>se</span> <span class='ocrx_word' id='word_1_10' title='bbox 265 183 542 231; x_wconf 84' lang='lat' dir='ltr'>terminabilis,</span> <span class='ocrx_word' id='word_1_11' title='bbox 575 185 644 223; x_wconf 89' lang='lat' dir='ltr'>sed</span> <span class='ocrx_word' id='word_1_12' title='bbox 678 185 808 224; x_wconf 89' lang='lat' dir='ltr'>solum</span> <span class='ocrx_word' id='word_1_13' title='bbox 840 185 1007 222; x_wconf 87' lang='lat' dir='ltr'>termino</span> <span class='ocrx_word' id='word_1_14' title='bbox 1028 185 1159 222; x_wconf 89' lang='lat' dir='ltr'>alieno</span> <span class='ocrx_word' id='word_1_15' title='bbox 1179 184 1425 221; x_wconf 87' lang='lat' dir='ltr'>terminatur.</span> <span class='ocrx_word' id='word_1_16' title='bbox 1448 186 1534 221; x_wconf 89' lang='lat' dir='ltr'>Non</span> <span class='ocrx_word' id='word_1_17' title='bbox 1555 187 1615 236; x_wconf 76' lang='lat' dir='ltr'>est</span> <span class='ocrx_word' id='word_1_18' title='bbox 1641 192 1737 236; x_wconf 77' lang='lat' dir='ltr'>ergo</span> 
     </span>
     <span class='ocr_line' id='line_1_4' title="bbox 120 231 1733 280; baseline -0.003 -9"><span class='ocrx_word' id='word_1_19' title='bbox 120 232 311 280; x_wconf 79' lang='lat' dir='ltr'>possibile</span> <span class='ocrx_word' id='word_1_20' title='bbox 338 231 443 279; x_wconf 86' lang='lat' dir='ltr'>quod</span> <span class='ocrx_word' id='word_1_21' title='bbox 471 241 616 278; x_wconf 91' lang='lat' dir='ltr'>corpus</span> <span class='ocrx_word' id='word_1_22' title='bbox 642 232 814 270; x_wconf 87' lang='lat' dir='ltr'>hominis</span> <span class='ocrx_word' id='word_1_23' title='bbox 835 231 1078 278; x_wconf 81' lang='lat' dir='ltr'>resurgentis</span> <span class='ocrx_word' id='word_1_24' title='bbox 1106 231 1156 268; x_wconf 89' lang='lat' dir='ltr'>sit</span> <span class='ocrx_word' id='word_1_25' title='bbox 1178 241 1313 268; x_wconf 87' lang='lat' dir='ltr'>aerum</span> <span class='ocrx_word' id='word_1_26' title='bbox 1339 232 1399 268; x_wconf 88' lang='lat' dir='ltr'>vel</span> <span class='ocrx_word' id='word_1_27' title='bbox 1430 231 1557 268; x_wconf 89' lang='lat' dir='ltr'>ventis</span> <span class='ocrx_word' id='word_1_28' title='bbox 1583 232 1733 268; x_wconf 83' lang='lat' dir='ltr'>simite.</span> 
     </span>
    </p>

    <p class='ocr_par' dir='ltr' id='par_1_4' title="bbox 118 277 1739 646">
     <span class='ocr_line' id='line_1_5' title="bbox 166 277 1739 326; baseline -0.003 -8"><span class='ocrx_word' id='word_1_29' title='bbox 166 282 358 320; x_wconf 64' lang='lat' dir='ltr'>Praeterea,</span> <span class='ocrx_word' id='word_1_30' title='bbox 385 288 530 325; x_wconf 91' lang='lat' dir='ltr'>corpus</span> <span class='ocrx_word' id='word_1_31' title='bbox 565 279 739 317; x_wconf 89' lang='lat' dir='ltr'>hominis</span> <span class='ocrx_word' id='word_1_32' title='bbox 769 279 1010 326; x_wconf 86' lang='lat' dir='ltr'>resurgentis</span> <span class='ocrx_word' id='word_1_33' title='bbox 1030 283 1185 325; x_wconf 86' lang='lat' dir='ltr'>oportet</span> <span class='ocrx_word' id='word_1_34' title='bbox 1204 288 1293 315; x_wconf 86' lang='lat' dir='ltr'>esse</span> <span class='ocrx_word' id='word_1_35' title='bbox 1314 278 1514 320; x_wconf 85' lang='lat' dir='ltr'>tactivum,</span> <span class='ocrx_word' id='word_1_36' title='bbox 1537 278 1629 324; x_wconf 88' lang='lat' dir='ltr'>quia</span> <span class='ocrx_word' id='word_1_37' title='bbox 1651 277 1739 315; x_wconf 81' lang='lat' dir='ltr'>sine</span> 
     </span>
     <span class='ocr_line' id='line_1_6' title="bbox 120 324 1738 372; baseline -0.002 -8"><span class='ocrx_word' id='word_1_38' title='bbox 120 331 229 364; x_wconf 84' lang='lat' dir='ltr'>tactu</span> <span class='ocrx_word' id='word_1_39' title='bbox 256 326 410 364; x_wconf 90' lang='lat' dir='ltr'>nullum</span> <span class='ocrx_word' id='word_1_40' title='bbox 444 329 504 363; x_wconf 87' lang='lat' dir='ltr'>est</span> <span class='ocrx_word' id='word_1_41' title='bbox 534 327 677 363; x_wconf 88' lang='lat' dir='ltr'>animal</span> <span class='ocrx_word' id='word_1_42' title='bbox 701 339 709 363; x_wconf 91' lang='lat'>:</span> <span class='ocrx_word' id='word_1_43' title='bbox 742 331 896 372; x_wconf 87' lang='lat' dir='ltr'>oportet</span> <span class='ocrx_word' id='word_1_44' title='bbox 915 330 1044 362; x_wconf 86' lang='lat' dir='ltr'>autem</span> <span class='ocrx_word' id='word_1_45' title='bbox 1068 329 1110 361; x_wconf 86' lang='lat' dir='ltr'>ut</span> <span class='ocrx_word' id='word_1_46' title='bbox 1130 334 1344 370; x_wconf 78' lang='lat' dir='ltr'><strong>resurgens</strong></span> <span class='ocrx_word' id='word_1_47' title='bbox 1365 325 1416 361; x_wconf 87' lang='lat' dir='ltr'>sit</span> <span class='ocrx_word' id='word_1_48' title='bbox 1437 325 1597 365; x_wconf 85' lang='lat' dir='ltr'>animal,</span> <span class='ocrx_word' id='word_1_49' title='bbox 1621 325 1655 361; x_wconf 91' lang='lat' dir='ltr'>si</span> <span class='ocrx_word' id='word_1_50' title='bbox 1687 324 1738 362; x_wconf 90' lang='lat' dir='ltr'>sit</span> 
     </span>
     <span class='ocr_line' id='line_1_7' title="bbox 122 371 1736 419; baseline -0.002 -8"><span class='ocrx_word' id='word_1_51' title='bbox 122 373 258 411; x_wconf 87' lang='lat' dir='ltr'>homo.</span> <span class='ocrx_word' id='word_1_52' title='bbox 289 374 438 419; x_wconf 88' lang='lat' dir='ltr'>Corpus</span> <span class='ocrx_word' id='word_1_53' title='bbox 456 376 585 410; x_wconf 85' lang='lat' dir='ltr'>autem</span> <span class='ocrx_word' id='word_1_54' title='bbox 605 383 763 410; x_wconf 86' lang='lat' dir='ltr'>aereum</span> <span class='ocrx_word' id='word_1_55' title='bbox 791 382 868 410; x_wconf 91' lang='lat' dir='ltr'>non</span> <span class='ocrx_word' id='word_1_56' title='bbox 891 376 1018 418; x_wconf 84' lang='lat' dir='ltr'>potest</span> <span class='ocrx_word' id='word_1_57' title='bbox 1040 381 1129 409; x_wconf 82' lang='lat' dir='ltr'>esse</span> <span class='ocrx_word' id='word_1_58' title='bbox 1149 372 1334 408; x_wconf 85' lang='lat' dir='ltr'>tactivuin</span> <span class='ocrx_word' id='word_1_59' title='bbox 1357 372 1460 408; x_wconf 84' lang='lat' dir='ltr'>sicut</span> <span class='ocrx_word' id='word_1_60' title='bbox 1482 381 1554 409; x_wconf 89' lang='lat' dir='ltr'>nec</span> <span class='ocrx_word' id='word_1_61' title='bbox 1575 371 1736 418; x_wconf 83' lang='lat' dir='ltr'>aliquod</span> 
     </span>
     <span class='ocr_line' id='line_1_8' title="bbox 123 418 1738 467; baseline -0.001 -9"><span class='ocrx_word' id='word_1_62' title='bbox 123 429 269 466; x_wconf 87' lang='lat' dir='ltr'>corpus</span> <span class='ocrx_word' id='word_1_63' title='bbox 290 420 469 466; x_wconf 79' lang='lat' dir='ltr'>simplex,</span> <span class='ocrx_word' id='word_1_64' title='bbox 489 430 608 467; x_wconf 73' lang='lat' dir='ltr'>quun]</span> <span class='ocrx_word' id='word_1_65' title='bbox 631 423 810 465; x_wconf 72' lang='lat' dir='ltr'>oporteat</span> <span class='ocrx_word' id='word_1_66' title='bbox 827 428 987 464; x_wconf 84' lang='lat' dir='ltr'>corpus,</span> <span class='ocrx_word' id='word_1_67' title='bbox 1010 428 1078 464; x_wconf 89' lang='lat' dir='ltr'>per</span> <span class='ocrx_word' id='word_1_68' title='bbox 1097 419 1202 465; x_wconf 84' lang='lat' dir='ltr'>quod</span> <span class='ocrx_word' id='word_1_69' title='bbox 1223 418 1266 454; x_wconf 84' lang='lat' dir='ltr'>fit</span> <span class='ocrx_word' id='word_1_70' title='bbox 1288 423 1429 462; x_wconf 87' lang='lat' dir='ltr'>tactus,</span> <span class='ocrx_word' id='word_1_71' title='bbox 1453 428 1542 455; x_wconf 88' lang='lat' dir='ltr'>esse</span> <span class='ocrx_word' id='word_1_72' title='bbox 1563 419 1738 456; x_wconf 88' lang='lat' dir='ltr'>medium</span> 
     </span>
     <span class='ocr_line' id='line_1_9' title="bbox 120 465 1738 514; baseline -0.002 -10"><span class='ocrx_word' id='word_1_73' title='bbox 120 467 223 505; x_wconf 88' lang='lat' dir='ltr'>inter</span> <span class='ocrx_word' id='word_1_74' title='bbox 242 468 453 514; x_wconf 84' lang='lat' dir='ltr'>qualitates</span> <span class='ocrx_word' id='word_1_75' title='bbox 470 467 694 514; x_wconf 83' lang='lat' dir='ltr'>tangibiles,</span> <span class='ocrx_word' id='word_1_76' title='bbox 717 471 759 503; x_wconf 88' lang='lat' dir='ltr'>ut</span> <span class='ocrx_word' id='word_1_77' title='bbox 780 467 830 502; x_wconf 86' lang='lat' dir='ltr'>sit</span> <span class='ocrx_word' id='word_1_78' title='bbox 845 465 1138 512; x_wconf 80' lang='lat' dir='ltr'>quodaminodo</span> <span class='ocrx_word' id='word_1_79' title='bbox 1153 465 1193 501; x_wconf 87' lang='lat' dir='ltr'>in</span> <span class='ocrx_word' id='word_1_80' title='bbox 1215 465 1389 510; x_wconf 85' lang='lat' dir='ltr'>potentia</span> <span class='ocrx_word' id='word_1_81' title='bbox 1408 465 1455 502; x_wconf 89' lang='lat' dir='ltr'>ad</span> <span class='ocrx_word' id='word_1_82' title='bbox 1477 474 1558 507; x_wconf 90' lang='lat' dir='ltr'>cas,</span> <span class='ocrx_word' id='word_1_83' title='bbox 1582 468 1624 502; x_wconf 83' lang='lat' dir='ltr'>ut</span> <span class='ocrx_word' id='word_1_84' title='bbox 1649 465 1738 501; x_wconf 90' lang='lat' dir='ltr'>Phi-</span> 
     </span>
     <span class='ocr_line' id='line_1_10' title="bbox 121 512 1731 560; baseline -0.002 -9"><span class='ocrx_word' id='word_1_85' title='bbox 121 513 314 560; x_wconf 84' lang='lat' dir='ltr'>losophus</span> <span class='ocrx_word' id='word_1_86' title='bbox 352 514 491 560; x_wconf 81' lang='lat' dir='ltr'>probat</span> <span class='ocrx_word' id='word_1_87' title='bbox 521 514 561 550; x_wconf 90' lang='lat' dir='ltr'>in</span> <span class='ocrx_word' id='word_1_88' title='bbox 597 513 775 551; x_wconf 79' lang='grc'>3001111110</span> <span class='ocrx_word' id='word_1_89' title='bbox 812 513 911 549; x_wconf 89' lang='lat' dir='ltr'>libro</span> <span class='ocrx_word' id='word_1_90' title='bbox 948 515 998 548; x_wconf 84' lang='lat' dir='ltr'>De</span> <span class='ocrx_word' id='word_1_91' title='bbox 1031 514 1155 548; x_wconf 75' lang='lat' dir='ltr'>anima</span> <span class='ocrx_word' id='word_1_92' title='bbox 1181 512 1272 557; x_wconf 82' lang='lat' dir='ltr'>(text</span> <span class='ocrx_word' id='word_1_93' title='bbox 1313 521 1415 548; x_wconf 78' lang='lat' dir='ltr'>coin.</span> <span class='ocrx_word' id='word_1_94' title='bbox 1440 516 1500 548; x_wconf 81' lang='grc'>111</span> <span class='ocrx_word' id='word_1_95' title='bbox 1529 515 1565 548; x_wconf 87' lang='grc'>01</span> <span class='ocrx_word' id='word_1_96' title='bbox 1602 513 1731 558; x_wconf 82' lang='lat' dir='ltr'>inti-a).</span> 
     </span>
     <span class='ocr_line' id='line_1_11' title="bbox 123 559 1734 644; baseline -0.002 -46"><span class='ocrx_word' id='word_1_97' title='bbox 123 561 372 644; x_wconf 55' lang='lat' dir='ltr'>Imppssibile</span> <span class='ocrx_word' id='word_1_98' title='bbox 399 566 458 598; x_wconf 82' lang='lat' dir='ltr'>est</span> <span class='ocrx_word' id='word_1_99' title='bbox 480 561 601 608; x_wconf 86' lang='lat' dir='ltr'>igitur</span> <span class='ocrx_word' id='word_1_100' title='bbox 631 560 738 608; x_wconf 88' lang='lat' dir='ltr'>quod</span> <span class='ocrx_word' id='word_1_101' title='bbox 765 568 910 606; x_wconf 91' lang='lat' dir='ltr'>corpus</span> <span class='ocrx_word' id='word_1_102' title='bbox 944 559 1119 596; x_wconf 87' lang='lat' dir='ltr'>hominis</span> <span class='ocrx_word' id='word_1_103' title='bbox 1154 560 1398 605; x_wconf 81' lang='lat' dir='ltr'>resurgentis</span> <span class='ocrx_word' id='word_1_104' title='bbox 1434 559 1483 596; x_wconf 79' lang='lat' dir='ltr'>sit</span> <span class='ocrx_word' id='word_1_105' title='bbox 1518 568 1676 596; x_wconf 85' lang='lat' dir='ltr'>aereum</span> <span class='ocrx_word' id='word_1_106' title='bbox 1697 563 1734 595; x_wconf 87' lang='lat' dir='ltr'>et</span> 
     </span>
     <span class='ocr_line' id='line_1_12' title="bbox 118 608 619 646; baseline -0.008 0"><span class='ocrx_word' id='word_1_107' title='bbox 118 608 208 646; x_wconf 90' lang='lat' dir='ltr'>simi</span> <span class='ocrx_word' id='word_1_108' title='bbox 227 618 247 645; x_wconf 90' lang='lat' dir='ltr'>e</span> <span class='ocrx_word' id='word_1_109' title='bbox 267 608 408 645; x_wconf 89' lang='lat' dir='ltr'>ventis.</span> <span class='ocrx_word' id='word_1_110' title='bbox 604 630 619 644; x_wconf 70' lang='grc'>.-</span> 
     </span>
    </p>

    <p class='ocr_par' dir='ltr' id='par_1_5' title="bbox 115 654 1739 974">
     <span class='ocr_line' id='line_1_13' title="bbox 166 654 1739 702; baseline -0.001 -10"><span class='ocrx_word' id='word_1_111' title='bbox 166 657 220 692; x_wconf 80' lang='lat' dir='ltr'>Ex</span> <span class='ocrx_word' id='word_1_112' title='bbox 239 664 317 702; x_wconf 89' lang='lat' dir='ltr'>quo</span> <span class='ocrx_word' id='word_1_113' title='bbox 338 655 453 692; x_wconf 84' lang='lat' dir='ltr'>etiam</span> <span class='ocrx_word' id='word_1_114' title='bbox 471 657 631 701; x_wconf 84' lang='lat' dir='ltr'>apparet</span> <span class='ocrx_word' id='word_1_115' title='bbox 648 654 751 701; x_wconf 84' lang='lat' dir='ltr'>quod</span> <span class='ocrx_word' id='word_1_116' title='bbox 768 663 847 691; x_wconf 91' lang='lat' dir='ltr'>non</span> <span class='ocrx_word' id='word_1_117' title='bbox 862 655 1102 700; x_wconf 88' lang='lat' dir='ltr'>poteritesse</span> <span class='ocrx_word' id='word_1_118' title='bbox 1117 662 1262 699; x_wconf 92' lang='lat' dir='ltr'>corpus</span> <span class='ocrx_word' id='word_1_119' title='bbox 1274 654 1446 690; x_wconf 86' lang='lat' dir='ltr'>coeleste.</span> <span class='ocrx_word' id='word_1_120' title='bbox 1459 655 1619 699; x_wconf 76' lang='lat' dir='ltr'>Oportet</span> <span class='ocrx_word' id='word_1_121' title='bbox 1633 654 1739 691; x_wconf 89' lang='lat' dir='ltr'>enim</span> 
     </span>
     <span class='ocr_line' id='line_1_14' title="bbox 120 701 1737 748; baseline -0.001 -8"><span class='ocrx_word' id='word_1_122' title='bbox 120 711 267 748; x_wconf 90' lang='lat' dir='ltr'>corpus</span> <span class='ocrx_word' id='word_1_123' title='bbox 283 702 454 739; x_wconf 87' lang='lat' dir='ltr'>hominis</span> <span class='ocrx_word' id='word_1_124' title='bbox 475 705 513 738; x_wconf 88' lang='lat' dir='ltr'>et</span> <span class='ocrx_word' id='word_1_125' title='bbox 531 702 740 748; x_wconf 72' lang='lat' dir='ltr'>cuiuslibet</span> <span class='ocrx_word' id='word_1_126' title='bbox 760 701 943 738; x_wconf 85' lang='lat' dir='ltr'>animalis</span> <span class='ocrx_word' id='word_1_127' title='bbox 963 710 1051 738; x_wconf 90' lang='lat' dir='ltr'>esse</span> <span class='ocrx_word' id='word_1_128' title='bbox 1065 701 1332 746; x_wconf 89' lang='lat' dir='ltr'>susceptivum</span> <span class='ocrx_word' id='word_1_129' title='bbox 1345 701 1595 746; x_wconf 85' lang='lat' dir='ltr'>tangibilium</span> <span class='ocrx_word' id='word_1_130' title='bbox 1612 701 1737 747; x_wconf 82' lang='lat' dir='ltr'>quali-</span> 
     </span>
     <span class='ocr_line' id='line_1_15' title="bbox 118 747 1735 795; baseline -0.001 -9"><span class='ocrx_word' id='word_1_131' title='bbox 118 753 257 793; x_wconf 85' lang='lat' dir='ltr'>tatum,</span> <span class='ocrx_word' id='word_1_132' title='bbox 274 753 317 786; x_wconf 87' lang='lat' dir='ltr'>ut</span> <span class='ocrx_word' id='word_1_133' title='bbox 331 749 413 795; x_wconf 89' lang='lat' dir='ltr'>jam</span> <span class='ocrx_word' id='word_1_134' title='bbox 429 749 573 786; x_wconf 87' lang='lat' dir='ltr'>dictum</span> <span class='ocrx_word' id='word_1_135' title='bbox 588 752 660 785; x_wconf 86' lang='lat' dir='ltr'>est.</span> <span class='ocrx_word' id='word_1_136' title='bbox 675 750 753 786; x_wconf 87' lang='lat' dir='ltr'>Hoc</span> <span class='ocrx_word' id='word_1_137' title='bbox 770 752 900 785; x_wconf 83' lang='lat' dir='ltr'>autem</span> <span class='ocrx_word' id='word_1_138' title='bbox 920 748 1076 793; x_wconf 80' lang='lat' dir='ltr'>corpori</span> <span class='ocrx_word' id='word_1_139' title='bbox 1093 747 1245 784; x_wconf 87' lang='lat' dir='ltr'>coelesti</span> <span class='ocrx_word' id='word_1_140' title='bbox 1266 756 1344 783; x_wconf 90' lang='lat' dir='ltr'>non</span> <span class='ocrx_word' id='word_1_141' title='bbox 1364 753 1492 793; x_wconf 78' lang='lat' dir='ltr'>potest</span> <span class='ocrx_word' id='word_1_142' title='bbox 1509 748 1735 792; x_wconf 88' lang='lat' dir='ltr'>convenire,</span> 
     </span>
     <span class='ocr_line' id='line_1_16' title="bbox 118 794 1734 843; baseline -0.002 -10"><span class='ocrx_word' id='word_1_143' title='bbox 118 797 213 843; x_wconf 87' lang='lat' dir='ltr'>quia</span> <span class='ocrx_word' id='word_1_144' title='bbox 225 805 304 833; x_wconf 91' lang='grc'>11011</span> <span class='ocrx_word' id='word_1_145' title='bbox 317 800 375 832; x_wconf 85' lang='grc'>031</span> <span class='ocrx_word' id='word_1_146' title='bbox 389 805 514 843; x_wconf 84' lang='lat' dir='ltr'>neque</span> <span class='ocrx_word' id='word_1_147' title='bbox 528 795 713 839; x_wconf 85' lang='lat' dir='ltr'>calidum,</span> <span class='ocrx_word' id='word_1_148' title='bbox 724 805 849 842; x_wconf 85' lang='lat' dir='ltr'>neque</span> <span class='ocrx_word' id='word_1_149' title='bbox 863 795 1064 841; x_wconf 82' lang='lat' dir='ltr'>frigidum,</span> <span class='ocrx_word' id='word_1_150' title='bbox 1076 804 1203 841; x_wconf 81' lang='lat' dir='ltr'>neque</span> <span class='ocrx_word' id='word_1_151' title='bbox 1215 794 1347 831; x_wconf 85' lang='grc'>1111111111</span> <span class='ocrx_word' id='word_1_152' title='bbox 1357 804 1419 831; x_wconf 86' lang='grc'>11111</span> <span class='ocrx_word' id='word_1_153' title='bbox 1430 804 1556 841; x_wconf 86' lang='lat' dir='ltr'>neque</span> <span class='ocrx_word' id='word_1_154' title='bbox 1569 795 1734 838; x_wconf 90' lang='lat' dir='ltr'>siccum,</span> 
     </span>
     <span class='ocr_line' id='line_1_17' title="bbox 119 841 1734 890; baseline -0.002 -10"><span class='ocrx_word' id='word_1_155' title='bbox 119 852 248 890; x_wconf 89' lang='lat' dir='ltr'>neque</span> <span class='ocrx_word' id='word_1_156' title='bbox 281 842 427 889; x_wconf 83' lang='lat' dir='ltr'>aliquid</span> <span class='ocrx_word' id='word_1_157' title='bbox 459 842 686 889; x_wconf 85' lang='lat' dir='ltr'>hujusmodi</span> <span class='ocrx_word' id='word_1_158' title='bbox 719 842 778 878; x_wconf 90' lang='lat' dir='ltr'>vel</span> <span class='ocrx_word' id='word_1_159' title='bbox 799 846 901 885; x_wconf 88' lang='lat' dir='ltr'>actu,</span> <span class='ocrx_word' id='word_1_160' title='bbox 924 841 982 878; x_wconf 80' lang='lat' dir='ltr'>vel</span> <span class='ocrx_word' id='word_1_161' title='bbox 1004 843 1192 887; x_wconf 86' lang='lat' dir='ltr'>potentia,</span> <span class='ocrx_word' id='word_1_162' title='bbox 1215 845 1257 877; x_wconf 90' lang='lat' dir='ltr'>ut</span> <span class='ocrx_word' id='word_1_163' title='bbox 1276 841 1463 886; x_wconf 82' lang='lat' dir='ltr'>probatur</span> <span class='ocrx_word' id='word_1_164' title='bbox 1478 842 1518 877; x_wconf 91' lang='grc'>111</span> <span class='ocrx_word' id='word_1_165' title='bbox 1540 842 1664 887; x_wconf 88' lang='lat' dir='ltr'>primo</span> <span class='ocrx_word' id='word_1_166' title='bbox 1684 844 1734 877; x_wconf 87' lang='lat' dir='ltr'>De</span> 
     </span>
     <span class='ocr_line' id='line_1_18' title="bbox 115 888 1730 973; baseline -0.001 -47"><span class='ocrx_word' id='word_1_167' title='bbox 115 890 190 973; x_wconf 65' lang='lat' dir='ltr'>coell.</span> <span class='ocrx_word' id='word_1_168' title='bbox 216 890 322 936; x_wconf 85' lang='lat' dir='ltr'>(text.</span> <span class='ocrx_word' id='word_1_169' title='bbox 348 898 493 926; x_wconf 88' lang='lat' dir='ltr'>comm.</span> <span class='ocrx_word' id='word_1_170' title='bbox 524 890 595 936; x_wconf 82' lang='lat'>15).</span> <span class='ocrx_word' id='word_1_171' title='bbox 615 891 764 935; x_wconf 92' lang='lat' dir='ltr'>Corpus</span> <span class='ocrx_word' id='word_1_172' title='bbox 783 888 903 936; x_wconf 88' lang='lat' dir='ltr'>igitur</span> <span class='ocrx_word' id='word_1_173' title='bbox 932 888 1108 926; x_wconf 87' lang='lat' dir='ltr'>hominis</span> <span class='ocrx_word' id='word_1_174' title='bbox 1128 889 1374 935; x_wconf 86' lang='lat' dir='ltr'>resurgentis</span> <span class='ocrx_word' id='word_1_175' title='bbox 1396 897 1475 925; x_wconf 90' lang='grc'>11011</span> <span class='ocrx_word' id='word_1_176' title='bbox 1497 890 1567 925; x_wconf 88' lang='lat' dir='ltr'>erit</span> <span class='ocrx_word' id='word_1_177' title='bbox 1585 897 1730 934; x_wconf 88' lang='lat' dir='ltr'>corpus</span> 
     </span>
     <span class='ocr_line' id='line_1_19' title="bbox 115 941 290 974; baseline -0.006 -1"><span class='ocrx_word' id='word_1_178' title='bbox 115 945 175 974; x_wconf 85' lang='lat' dir='ltr'>coe</span> <span class='ocrx_word' id='word_1_179' title='bbox 194 941 290 973; x_wconf 88' lang='lat' dir='ltr'>este.</span> 
     </span>
    </p>

    <p class='ocr_par' dir='ltr' id='par_1_6' title="bbox 111 983 1734 1265">
     <span class='ocr_line' id='line_1_20' title="bbox 166 983 1734 1030; baseline 0 -11"><span class='ocrx_word' id='word_1_180' title='bbox 166 984 320 1028; x_wconf 83' lang='lat' dir='ltr'><strong><em>Adhuc,</em></strong></span> <span class='ocrx_word' id='word_1_181' title='bbox 354 993 519 1030; x_wconf 86' lang='lat' dir='ltr'>corpora</span> <span class='ocrx_word' id='word_1_182' title='bbox 550 983 725 1020; x_wconf 84' lang='lat' dir='ltr'>coelestia</span> <span class='ocrx_word' id='word_1_183' title='bbox 755 987 848 1021; x_wconf 85' lang='lat' dir='ltr'>sunt</span> <span class='ocrx_word' id='word_1_184' title='bbox 878 983 1205 1029; x_wconf 78' lang='lat' dir='ltr'>incorruptibilia,</span> <span class='ocrx_word' id='word_1_185' title='bbox 1237 986 1276 1019; x_wconf 87' lang='lat' dir='ltr'>et</span> <span class='ocrx_word' id='word_1_186' title='bbox 1304 983 1358 1019; x_wconf 86' lang='lat' dir='ltr'>ita</span> <span class='ocrx_word' id='word_1_187' title='bbox 1375 984 1631 1019; x_wconf 83' lang='lat' dir='ltr'>transmutari</span> <span class='ocrx_word' id='word_1_188' title='bbox 1652 992 1734 1020; x_wconf 91' lang='grc'>11011</span> 
     </span>
     <span class='ocr_line' id='line_1_21' title="bbox 116 1030 1732 1077; baseline -0.001 -9"><span class='ocrx_word' id='word_1_189' title='bbox 116 1033 292 1077; x_wconf 84' lang='lat' dir='ltr'>possunt</span> <span class='ocrx_word' id='word_1_190' title='bbox 310 1041 334 1068; x_wconf 84' lang='lat' dir='ltr'>a</span> <span class='ocrx_word' id='word_1_191' title='bbox 351 1039 424 1068; x_wconf 86' lang='lat' dir='ltr'>sua</span> <span class='ocrx_word' id='word_1_192' title='bbox 445 1031 613 1067; x_wconf 84' lang='lat' dir='ltr'>naturali</span> <span class='ocrx_word' id='word_1_193' title='bbox 630 1031 902 1076; x_wconf 75' lang='lat' dir='ltr'>dispositione.</span> <span class='ocrx_word' id='word_1_194' title='bbox 921 1030 1158 1067; x_wconf 81' lang='lat' dir='ltr'>Naturaliter</span> <span class='ocrx_word' id='word_1_195' title='bbox 1176 1034 1306 1066; x_wconf 88' lang='lat' dir='ltr'>autem</span> <span class='ocrx_word' id='word_1_196' title='bbox 1327 1030 1383 1067; x_wconf 88' lang='lat' dir='ltr'>eis</span> <span class='ocrx_word' id='word_1_197' title='bbox 1411 1030 1572 1066; x_wconf 84' lang='lat' dir='ltr'>debetur</span> <span class='ocrx_word' id='word_1_198' title='bbox 1603 1030 1732 1076; x_wconf 84' lang='lat' dir='ltr'>figura</span> 
     </span>
     <span class='ocr_line' id='line_1_22' title="bbox 117 1077 1733 1124; baseline -0.002 -9"><span class='ocrx_word' id='word_1_199' title='bbox 117 1077 325 1124; x_wconf 83' lang='lat' dir='ltr'>sphaerica,</span> <span class='ocrx_word' id='word_1_200' title='bbox 348 1081 390 1114; x_wconf 88' lang='lat' dir='ltr'>ut</span> <span class='ocrx_word' id='word_1_201' title='bbox 406 1078 593 1123; x_wconf 83' lang='lat' dir='ltr'>probatur</span> <span class='ocrx_word' id='word_1_202' title='bbox 614 1078 653 1113; x_wconf 92' lang='lat' dir='ltr'>in</span> <span class='ocrx_word' id='word_1_203' title='bbox 672 1078 848 1114; x_wconf 89' lang='lat' dir='ltr'>secundo</span> <span class='ocrx_word' id='word_1_204' title='bbox 872 1079 919 1113; x_wconf 81' lang='lat' dir='ltr'>De</span> <span class='ocrx_word' id='word_1_205' title='bbox 932 1078 1015 1113; x_wconf 76' lang='lat' dir='ltr'>eoeto</span> <span class='ocrx_word' id='word_1_206' title='bbox 1033 1080 1067 1113; x_wconf 82' lang='lat' dir='ltr'>et</span> <span class='ocrx_word' id='word_1_207' title='bbox 1084 1077 1218 1112; x_wconf 80' lang='lat' dir='ltr'>mundo</span> <span class='ocrx_word' id='word_1_208' title='bbox 1240 1077 1657 1123; x_wconf 76' lang='lat' dir='ltr'>(text.coinni.2).Non</span> <span class='ocrx_word' id='word_1_209' title='bbox 1672 1080 1733 1113; x_wconf 90' lang='lat' dir='ltr'>est</span> 
     </span>
     <span class='ocr_line' id='line_1_23' title="bbox 117 1123 1729 1171; baseline -0.001 -10"><span class='ocrx_word' id='word_1_210' title='bbox 117 1124 243 1171; x_wconf 87' lang='lat' dir='ltr'>igitur</span> <span class='ocrx_word' id='word_1_211' title='bbox 267 1124 458 1171; x_wconf 88' lang='lat' dir='ltr'>possibile</span> <span class='ocrx_word' id='word_1_212' title='bbox 486 1124 590 1170; x_wconf 89' lang='lat' dir='ltr'>quod</span> <span class='ocrx_word' id='word_1_213' title='bbox 620 1125 815 1170; x_wconf 82' lang='lat' dir='ltr'>accipiant</span> <span class='ocrx_word' id='word_1_214' title='bbox 838 1123 1005 1171; x_wconf 84' lang='lat' dir='ltr'>figuram</span> <span class='ocrx_word' id='word_1_215' title='bbox 1026 1133 1112 1170; x_wconf 80' lang='lat' dir='ltr'>quae</span> <span class='ocrx_word' id='word_1_216' title='bbox 1133 1124 1361 1160; x_wconf 78' lang='lat' dir='ltr'>naturaliter</span> <span class='ocrx_word' id='word_1_217' title='bbox 1379 1123 1555 1160; x_wconf 86' lang='lat' dir='ltr'>humano</span> <span class='ocrx_word' id='word_1_218' title='bbox 1572 1123 1729 1169; x_wconf 86' lang='lat' dir='ltr'>corpori</span> 
     </span>
     <span class='ocr_line' id='line_1_24' title="bbox 114 1169 1732 1223; baseline 0 -15"><span class='ocrx_word' id='word_1_219' title='bbox 114 1171 293 1223; x_wconf 78' lang='lat' dir='ltr'>debetur.</span> <span class='ocrx_word' id='word_1_220' title='bbox 314 1169 560 1217; x_wconf 79' lang='lat' dir='ltr'>Impossibile</span> <span class='ocrx_word' id='word_1_221' title='bbox 580 1175 640 1209; x_wconf 86' lang='lat' dir='ltr'>est</span> <span class='ocrx_word' id='word_1_222' title='bbox 659 1171 779 1219; x_wconf 84' lang='lat' dir='ltr'>igitur</span> <span class='ocrx_word' id='word_1_223' title='bbox 797 1171 904 1218; x_wconf 89' lang='lat' dir='ltr'>quod</span> <span class='ocrx_word' id='word_1_224' title='bbox 922 1180 1090 1217; x_wconf 88' lang='lat' dir='ltr'>corpora</span> <span class='ocrx_word' id='word_1_225' title='bbox 1110 1170 1400 1217; x_wconf 78' lang='lat' dir='ltr'>resurgentium</span> <span class='ocrx_word' id='word_1_226' title='bbox 1423 1171 1504 1207; x_wconf 90' lang='lat' dir='ltr'>sint</span> <span class='ocrx_word' id='word_1_227' title='bbox 1523 1171 1570 1207; x_wconf 87' lang='lat' dir='ltr'>de</span> <span class='ocrx_word' id='word_1_228' title='bbox 1591 1174 1732 1208; x_wconf 84' lang='lat' dir='ltr'>natura</span> 
     </span>
     <span class='ocr_line' id='line_1_25' title="bbox 111 1218 582 1265; baseline -0.002 -10"><span class='ocrx_word' id='word_1_229' title='bbox 111 1218 337 1256; x_wconf 86' lang='lat' dir='ltr'>coelestium</span> <span class='ocrx_word' id='word_1_230' title='bbox 357 1226 582 1265; x_wconf 91' lang='lat' dir='ltr'>corporum.</span> 
     </span>
    </p>
   </div>
   <div class='ocr_carea' id='block_1_4' title="bbox 730 1332 1116 1373">
    <p class='ocr_par' dir='ltr' id='par_1_7' title="bbox 730 1332 1116 1373">
     <span class='ocr_line' id='line_1_26' title="bbox 730 1332 1116 1373; baseline 0.003 -1"><span class='ocrx_word' id='word_1_231' title='bbox 730 1332 897 1373; x_wconf 85' lang='lat' dir='ltr'><strong>CAPUT</strong></span> <span class='ocrx_word' id='word_1_232' title='bbox 926 1332 1116 1373; x_wconf 87' lang='lat' dir='ltr'>LXXXV.</span> 
     </span>
    </p>
   </div>
   <div class='ocr_carea' id='block_1_5' title="bbox 161 1445 1687 1479">
    <p class='ocr_par' dir='ltr' id='par_1_8' title="bbox 161 1445 1687 1479">
     <span class='ocr_line' id='line_1_27' title="bbox 161 1445 1687 1479; baseline 0.001 -5"><span class='ocrx_word' id='word_1_233' title='bbox 161 1445 263 1479; x_wconf 81' lang='lat' dir='ltr'><strong>QUOD</strong></span> <span class='ocrx_word' id='word_1_234' title='bbox 290 1445 463 1474; x_wconf 79' lang='lat' dir='ltr'>CORPORA</span> <span class='ocrx_word' id='word_1_235' title='bbox 488 1446 785 1475; x_wconf 76' lang='lat' dir='ltr'><strong>RESURGENTIUM</strong></span> <span class='ocrx_word' id='word_1_236' title='bbox 809 1446 935 1475; x_wconf 80' lang='lat' dir='ltr'>ERUNT</span> <span class='ocrx_word' id='word_1_237' title='bbox 954 1446 1142 1475; x_wconf 82' lang='lat' dir='ltr'>ALTERIUS</span> <span class='ocrx_word' id='word_1_238' title='bbox 1161 1446 1434 1475; x_wconf 77' lang='lat' dir='ltr'>DISPOSITIONIS</span> <span class='ocrx_word' id='word_1_239' title='bbox 1457 1447 1564 1479; x_wconf 76' lang='lat' dir='ltr'><strong>QUAM</strong></span> <span class='ocrx_word' id='word_1_240' title='bbox 1583 1447 1687 1476; x_wconf 77' lang='lat' dir='ltr'><strong>ANTE</strong></span> 
     </span>
    </p>
   </div>
   <div class='ocr_carea' id='block_1_6' title="bbox 77 1550 1734 2914">
    <p class='ocr_par' dir='ltr' id='par_1_9' title="bbox 113 1550 1732 1643">
     <span class='ocr_line' id='line_1_28' title="bbox 163 1550 1730 1597; baseline 0.001 -10"><span class='ocrx_word' id='word_1_241' title='bbox 163 1550 350 1594; x_wconf 80' lang='lat' dir='ltr'>Quamvis</span> <span class='ocrx_word' id='word_1_242' title='bbox 387 1553 518 1587; x_wconf 89' lang='lat' dir='ltr'>autem</span> <span class='ocrx_word' id='word_1_243' title='bbox 554 1559 722 1596; x_wconf 82' lang='lat' dir='ltr'>corpora</span> <span class='ocrx_word' id='word_1_244' title='bbox 760 1551 1053 1597; x_wconf 82' lang='lat' dir='ltr'>resurgentium</span> <span class='ocrx_word' id='word_1_245' title='bbox 1092 1551 1171 1587; x_wconf 87' lang='lat' dir='ltr'>sint</span> <span class='ocrx_word' id='word_1_246' title='bbox 1207 1551 1336 1588; x_wconf 85' lang='lat' dir='ltr'>futura</span> <span class='ocrx_word' id='word_1_247' title='bbox 1368 1551 1546 1597; x_wconf 86' lang='lat' dir='ltr'>ejusdem</span> <span class='ocrx_word' id='word_1_248' title='bbox 1585 1552 1730 1596; x_wconf 88' lang='lat' dir='ltr'>speciei</span> 
     </span>
     <span class='ocr_line' id='line_1_29' title="bbox 113 1596 1732 1643; baseline -0.001 -9"><span class='ocrx_word' id='word_1_249' title='bbox 113 1596 231 1641; x_wconf 87' lang='lat' dir='ltr'>cujus</span> <span class='ocrx_word' id='word_1_250' title='bbox 252 1605 358 1633; x_wconf 89' lang='lat' dir='ltr'>nunc</span> <span class='ocrx_word' id='word_1_251' title='bbox 376 1601 470 1633; x_wconf 88' lang='lat' dir='ltr'>sunt</span> <span class='ocrx_word' id='word_1_252' title='bbox 495 1606 663 1643; x_wconf 86' lang='lat' dir='ltr'>corpora</span> <span class='ocrx_word' id='word_1_253' title='bbox 691 1602 841 1639; x_wconf 86' lang='lat' dir='ltr'>nostra,</span> <span class='ocrx_word' id='word_1_254' title='bbox 870 1602 1002 1633; x_wconf 85' lang='lat' dir='ltr'>tamen</span> <span class='ocrx_word' id='word_1_255' title='bbox 1035 1597 1152 1634; x_wconf 87' lang='lat' dir='ltr'>aliam</span> <span class='ocrx_word' id='word_1_256' title='bbox 1186 1598 1487 1643; x_wconf 87' lang='lat' dir='ltr'>dispositionem</span> <span class='ocrx_word' id='word_1_257' title='bbox 1516 1598 1732 1635; x_wconf 85' lang='lat' dir='ltr'>habebunt.</span> 
     </span>
    </p>

    <p class='ocr_par' dir='ltr' id='par_1_10' title="bbox 113 1643 1730 1783">
     <span class='ocr_line' id='line_1_30' title="bbox 164 1643 1730 1691; baseline 0.001 -11"><span class='ocrx_word' id='word_1_258' title='bbox 164 1645 207 1680; x_wconf 87' lang='lat' dir='ltr'>Et</span> <span class='ocrx_word' id='word_1_259' title='bbox 240 1644 368 1689; x_wconf 88' lang='lat' dir='ltr'>primo</span> <span class='ocrx_word' id='word_1_260' title='bbox 389 1643 561 1690; x_wconf 89' lang='lat' dir='ltr'>quidem,</span> <span class='ocrx_word' id='word_1_261' title='bbox 583 1648 774 1691; x_wconf 89' lang='lat' dir='ltr'>quantum</span> <span class='ocrx_word' id='word_1_262' title='bbox 795 1644 844 1681; x_wconf 87' lang='lat' dir='ltr'>ad</span> <span class='ocrx_word' id='word_1_263' title='bbox 864 1644 940 1681; x_wconf 92' lang='grc'>1100</span> <span class='ocrx_word' id='word_1_264' title='bbox 960 1644 1066 1690; x_wconf 79' lang='lat' dir='ltr'>quod</span> <span class='ocrx_word' id='word_1_265' title='bbox 1088 1645 1221 1681; x_wconf 88' lang='lat' dir='ltr'>omnia</span> <span class='ocrx_word' id='word_1_266' title='bbox 1240 1645 1531 1691; x_wconf 77' lang='lat' dir='ltr'>resurgentium</span> <span class='ocrx_word' id='word_1_267' title='bbox 1550 1654 1730 1691; x_wconf 88' lang='lat' dir='ltr'>corpora,</span> 
     </span>
     <span class='ocr_line' id='line_1_31' title="bbox 113 1690 1730 1774; baseline 0.002 -48"><span class='ocrx_word' id='word_1_268' title='bbox 113 1690 411 1774; x_wconf 66' lang='lat' dir='ltr'>tamlbonorum</span> <span class='ocrx_word' id='word_1_269' title='bbox 431 1700 550 1738; x_wconf 88' lang='lat' dir='ltr'>quam</span> <span class='ocrx_word' id='word_1_270' title='bbox 568 1691 779 1736; x_wconf 86' lang='lat' dir='ltr'>maloru&#39;m,</span> <span class='ocrx_word' id='word_1_271' title='bbox 806 1691 1121 1737; x_wconf 80' lang='lat' dir='ltr'>incorruptibilia</span> <span class='ocrx_word' id='word_1_272' title='bbox 1145 1696 1261 1730; x_wconf 88' lang='lat' dir='ltr'>erunt</span> <span class='ocrx_word' id='word_1_273' title='bbox 1281 1704 1291 1728; x_wconf 89' lang='lat'>:</span> <span class='ocrx_word' id='word_1_274' title='bbox 1316 1693 1430 1738; x_wconf 86' lang='lat' dir='ltr'>cujus</span> <span class='ocrx_word' id='word_1_275' title='bbox 1451 1692 1611 1739; x_wconf 88' lang='lat' dir='ltr'>quidem</span> <span class='ocrx_word' id='word_1_276' title='bbox 1630 1692 1730 1729; x_wconf 87' lang='lat' dir='ltr'>ratio</span> 
     </span>
     <span class='ocr_line' id='line_1_32' title="bbox 117 1741 1232 1783; baseline 0 -9"><span class='ocrx_word' id='word_1_277' title='bbox 117 1741 194 1783; x_wconf 78' lang='lat' dir='ltr'>trip</span> <span class='ocrx_word' id='word_1_278' title='bbox 213 1747 260 1774; x_wconf 80' lang='lat' dir='ltr'>ex</span> <span class='ocrx_word' id='word_1_279' title='bbox 281 1742 354 1774; x_wconf 85' lang='lat' dir='ltr'>est.</span> <span class='ocrx_word' id='word_1_280' title='bbox 1230 1779 1232 1782; x_wconf 12' lang='lat' dir='ltr'>y</span> 
     </span>
    </p>

    <p class='ocr_par' dir='ltr' id='par_1_11' title="bbox 110 1784 1733 2113">
     <span class='ocr_line' id='line_1_33' title="bbox 164 1784 1732 1833; baseline 0.002 -13"><span class='ocrx_word' id='word_1_281' title='bbox 164 1786 248 1821; x_wconf 86' lang='lat' dir='ltr'>Una</span> <span class='ocrx_word' id='word_1_282' title='bbox 267 1784 425 1831; x_wconf 84' lang='lat' dir='ltr'>quidem</span> <span class='ocrx_word' id='word_1_283' title='bbox 444 1785 615 1822; x_wconf 89' lang='lat' dir='ltr'>sumitur</span> <span class='ocrx_word' id='word_1_284' title='bbox 634 1794 681 1822; x_wconf 80' lang='lat' dir='ltr'>ex</span> <span class='ocrx_word' id='word_1_285' title='bbox 699 1784 777 1822; x_wconf 88' lang='lat' dir='ltr'>fine</span> <span class='ocrx_word' id='word_1_286' title='bbox 797 1786 1113 1823; x_wconf 83' lang='lat' dir='ltr'>resurrectionis.</span> <span class='ocrx_word' id='word_1_287' title='bbox 1133 1786 1190 1823; x_wconf 88' lang='lat' dir='ltr'>Ad</span> <span class='ocrx_word' id='word_1_288' title='bbox 1209 1786 1285 1823; x_wconf 97' lang='grc'>1100</span> <span class='ocrx_word' id='word_1_289' title='bbox 1300 1787 1404 1823; x_wconf 85' lang='grc'>0111111</span> <span class='ocrx_word' id='word_1_290' title='bbox 1425 1790 1634 1833; x_wconf 89' lang='lat' dir='ltr'>resurgent</span> <span class='ocrx_word' id='word_1_291' title='bbox 1652 1790 1732 1823; x_wconf 87' lang='lat' dir='ltr'>tam</span> 
     </span>
     <span class='ocr_line' id='line_1_34' title="bbox 115 1831 1733 1880; baseline 0.001 -11"><span class='ocrx_word' id='word_1_292' title='bbox 115 1831 213 1869; x_wconf 89' lang='lat' dir='ltr'>honi</span> <span class='ocrx_word' id='word_1_293' title='bbox 229 1840 347 1878; x_wconf 85' lang='lat' dir='ltr'>quam</span> <span class='ocrx_word' id='word_1_294' title='bbox 364 1832 471 1875; x_wconf 86' lang='lat' dir='ltr'>mali,</span> <span class='ocrx_word' id='word_1_295' title='bbox 494 1835 537 1868; x_wconf 88' lang='lat' dir='ltr'>ut</span> <span class='ocrx_word' id='word_1_296' title='bbox 561 1832 676 1868; x_wconf 84' lang='lat' dir='ltr'>etiam</span> <span class='ocrx_word' id='word_1_297' title='bbox 698 1833 740 1869; x_wconf 90' lang='lat' dir='ltr'>in</span> <span class='ocrx_word' id='word_1_298' title='bbox 760 1832 929 1878; x_wconf 88' lang='lat' dir='ltr'>propriis</span> <span class='ocrx_word' id='word_1_299' title='bbox 953 1833 1187 1879; x_wconf 81' lang='lat' dir='ltr'>corporibus</span> <span class='ocrx_word' id='word_1_300' title='bbox 1208 1834 1414 1878; x_wconf 77' lang='lat' dir='ltr'>praemium</span> <span class='ocrx_word' id='word_1_301' title='bbox 1435 1839 1733 1880; x_wconf 77' lang='lat' dir='ltr'>consequantur</span> 
     </span>
     <span class='ocr_line' id='line_1_35' title="bbox 113 1878 1732 1926; baseline 0.002 -12"><span class='ocrx_word' id='word_1_302' title='bbox 113 1878 178 1916; x_wconf 87' lang='lat' dir='ltr'>vel</span> <span class='ocrx_word' id='word_1_303' title='bbox 213 1887 370 1924; x_wconf 85' lang='lat' dir='ltr'>poenam</span> <span class='ocrx_word' id='word_1_304' title='bbox 401 1888 472 1924; x_wconf 91' lang='lat' dir='ltr'>pro</span> <span class='ocrx_word' id='word_1_305' title='bbox 505 1878 568 1916; x_wconf 90' lang='lat' dir='ltr'>his</span> <span class='ocrx_word' id='word_1_306' title='bbox 593 1888 680 1926; x_wconf 81' lang='lat' dir='ltr'>quae</span> <span class='ocrx_word' id='word_1_307' title='bbox 712 1884 923 1926; x_wconf 85' lang='lat' dir='ltr'>gesserunt</span> <span class='ocrx_word' id='word_1_308' title='bbox 942 1880 1035 1916; x_wconf 88' lang='lat' dir='ltr'>dum</span> <span class='ocrx_word' id='word_1_309' title='bbox 1049 1880 1230 1917; x_wconf 77' lang='lat' dir='ltr'>vixerunt</span> <span class='ocrx_word' id='word_1_310' title='bbox 1248 1881 1289 1917; x_wconf 92' lang='lat' dir='ltr'>in</span> <span class='ocrx_word' id='word_1_311' title='bbox 1311 1890 1488 1926; x_wconf 86' lang='lat' dir='ltr'>corpore.</span> <span class='ocrx_word' id='word_1_312' title='bbox 1522 1882 1732 1917; x_wconf 77' lang='lat' dir='ltr'>Praemium</span> 
     </span>
     <span class='ocr_line' id='line_1_36' title="bbox 110 1925 1732 1973; baseline 0.001 -11"><span class='ocrx_word' id='word_1_313' title='bbox 110 1928 247 1962; x_wconf 78' lang='lat' dir='ltr'>autem</span> <span class='ocrx_word' id='word_1_314' title='bbox 267 1925 478 1969; x_wconf 89' lang='lat' dir='ltr'>bonorum,</span> <span class='ocrx_word' id='word_1_315' title='bbox 499 1925 605 1972; x_wconf 91' lang='lat' dir='ltr'>quod</span> <span class='ocrx_word' id='word_1_316' title='bbox 626 1930 687 1963; x_wconf 87' lang='lat' dir='ltr'>est</span> <span class='ocrx_word' id='word_1_317' title='bbox 703 1926 882 1970; x_wconf 72' lang='lat' dir='ltr'>felicitas,</span> <span class='ocrx_word' id='word_1_318' title='bbox 905 1926 977 1963; x_wconf 90' lang='lat' dir='ltr'>erit</span> <span class='ocrx_word' id='word_1_319' title='bbox 1005 1932 1261 1972; x_wconf 81' lang='lat' dir='ltr'>perpetuum3</span> <span class='ocrx_word' id='word_1_320' title='bbox 1281 1928 1462 1964; x_wconf 88' lang='lat' dir='ltr'>similiter</span> <span class='ocrx_word' id='word_1_321' title='bbox 1493 1927 1610 1964; x_wconf 86' lang='lat' dir='ltr'>etiam</span> <span class='ocrx_word' id='word_1_322' title='bbox 1642 1937 1732 1973; x_wconf 86' lang='lat' dir='ltr'>pec·</span> 
     </span>
     <span class='ocr_line' id='line_1_37' title="bbox 114 1972 1732 2021; baseline 0.001 -11"><span class='ocrx_word' id='word_1_323' title='bbox 114 1976 204 2010; x_wconf 83' lang='lat' dir='ltr'>cato</span> <span class='ocrx_word' id='word_1_324' title='bbox 226 1972 385 2009; x_wconf 84' lang='lat' dir='ltr'>mortali</span> <span class='ocrx_word' id='word_1_325' title='bbox 405 1972 567 2010; x_wconf 86' lang='lat' dir='ltr'>debetur</span> <span class='ocrx_word' id='word_1_326' title='bbox 583 1982 700 2019; x_wconf 89' lang='lat' dir='ltr'>poena</span> <span class='ocrx_word' id='word_1_327' title='bbox 719 1978 906 2019; x_wconf 84' lang='lat' dir='ltr'>perpetua</span> <span class='ocrx_word' id='word_1_328' title='bbox 929 1983 937 2007; x_wconf 90' lang='lat'>:</span> <span class='ocrx_word' id='word_1_329' title='bbox 959 1983 1126 2020; x_wconf 86' lang='lat' dir='ltr'>quorum</span> <span class='ocrx_word' id='word_1_330' title='bbox 1152 1978 1359 2021; x_wconf 85' lang='lat' dir='ltr'>utrumque</span> <span class='ocrx_word' id='word_1_331' title='bbox 1380 1978 1485 2020; x_wconf 84' lang='lat' dir='ltr'>patet</span> <span class='ocrx_word' id='word_1_332' title='bbox 1502 1984 1550 2010; x_wconf 83' lang='lat' dir='ltr'>ex</span> <span class='ocrx_word' id='word_1_333' title='bbox 1564 1974 1626 2011; x_wconf 90' lang='lat' dir='ltr'>his</span> <span class='ocrx_word' id='word_1_334' title='bbox 1645 1983 1732 2021; x_wconf 83' lang='lat' dir='ltr'>quae</span> 
     </span>
     <span class='ocr_line' id='line_1_38' title="bbox 116 2019 1731 2069; baseline 0.002 -14"><span class='ocrx_word' id='word_1_335' title='bbox 116 2019 159 2055; x_wconf 61' lang='lat' dir='ltr'>“n</span> <span class='ocrx_word' id='word_1_336' title='bbox 183 2019 300 2056; x_wconf 88' lang='lat' dir='ltr'>tertio</span> <span class='ocrx_word' id='word_1_337' title='bbox 320 2019 421 2056; x_wconf 92' lang='lat' dir='ltr'>libro</span> <span class='ocrx_word' id='word_1_338' title='bbox 454 2019 552 2066; x_wconf 89' lang='lat' dir='ltr'>(cap.</span> <span class='ocrx_word' id='word_1_339' title='bbox 592 2020 672 2066; x_wconf 70' lang='lat'>144)</span> <span class='ocrx_word' id='word_1_340' title='bbox 694 2020 952 2058; x_wconf 87' lang='lat' dir='ltr'>determinata</span> <span class='ocrx_word' id='word_1_341' title='bbox 975 2024 1080 2058; x_wconf 86' lang='lat' dir='ltr'>sunt.</span> <span class='ocrx_word' id='word_1_342' title='bbox 1104 2022 1265 2068; x_wconf 84' lang='lat' dir='ltr'>Oportet</span> <span class='ocrx_word' id='word_1_343' title='bbox 1286 2022 1406 2068; x_wconf 88' lang='lat' dir='ltr'>igitur</span> <span class='ocrx_word' id='word_1_344' title='bbox 1425 2022 1531 2069; x_wconf 89' lang='lat' dir='ltr'>quod</span> <span class='ocrx_word' id='word_1_345' title='bbox 1547 2022 1731 2069; x_wconf 89' lang='lat' dir='ltr'>utrinque</span> 
     </span>
     <span class='ocr_line' id='line_1_39' title="bbox 119 2066 826 2113; baseline -0.001 -10"><span class='ocrx_word' id='word_1_346' title='bbox 119 2074 265 2112; x_wconf 92' lang='lat' dir='ltr'>corpus</span> <span class='ocrx_word' id='word_1_347' title='bbox 284 2066 584 2112; x_wconf 85' lang='lat' dir='ltr'>incorruptibile</span> <span class='ocrx_word' id='word_1_348' title='bbox 604 2067 826 2113; x_wconf 83' lang='lat' dir='ltr'>recipiatur.</span> 
     </span>
    </p>

    <p class='ocr_par' dir='ltr' id='par_1_12' title="bbox 77 2113 1734 2432">
     <span class='ocr_line' id='line_1_40' title="bbox 162 2113 1730 2165; baseline 0.002 -16"><span class='ocrx_word' id='word_1_349' title='bbox 162 2113 248 2150; x_wconf 84' lang='lat' dir='ltr'>Alia</span> <span class='ocrx_word' id='word_1_350' title='bbox 267 2113 367 2150; x_wconf 86' lang='lat' dir='ltr'>ratio</span> <span class='ocrx_word' id='word_1_351' title='bbox 386 2117 516 2165; x_wconf 77' lang='lat' dir='ltr'>potest</span> <span class='ocrx_word' id='word_1_352' title='bbox 536 2114 681 2150; x_wconf 88' lang='lat' dir='ltr'>summi</span> <span class='ocrx_word' id='word_1_353' title='bbox 699 2123 721 2150; x_wconf 88' lang='lat' dir='ltr'>a</span> <span class='ocrx_word' id='word_1_354' title='bbox 739 2123 861 2150; x_wconf 84' lang='lat' dir='ltr'>eausa</span> <span class='ocrx_word' id='word_1_355' title='bbox 876 2114 1033 2152; x_wconf 83' lang='lat' dir='ltr'>formali</span> <span class='ocrx_word' id='word_1_356' title='bbox 1052 2116 1359 2163; x_wconf 85' lang='lat' dir='ltr'>resurgentium,</span> <span class='ocrx_word' id='word_1_357' title='bbox 1384 2126 1470 2163; x_wconf 80' lang='lat' dir='ltr'>quae</span> <span class='ocrx_word' id='word_1_358' title='bbox 1491 2120 1551 2154; x_wconf 88' lang='lat' dir='ltr'>est</span> <span class='ocrx_word' id='word_1_359' title='bbox 1586 2117 1730 2153; x_wconf 85' lang='lat' dir='ltr'>anima.</span> 
     </span>
     <span class='ocr_line' id='line_1_41' title="bbox 112 2160 1732 2212; baseline 0.002 -15"><span class='ocrx_word' id='word_1_360' title='bbox 112 2160 269 2197; x_wconf 74' lang='lat' dir='ltr'>vDictum</span> <span class='ocrx_word' id='word_1_361' title='bbox 301 2163 363 2197; x_wconf 85' lang='lat' dir='ltr'>est</span> <span class='ocrx_word' id='word_1_362' title='bbox 389 2169 493 2196; x_wconf 84' lang='lat' dir='ltr'>enim</span> <span class='ocrx_word' id='word_1_363' title='bbox 522 2163 642 2212; x_wconf 83' lang='lat' dir='ltr'>supra</span> <span class='ocrx_word' id='word_1_364' title='bbox 661 2160 760 2206; x_wconf 85' lang='lat' dir='ltr'>(cap.</span> <span class='ocrx_word' id='word_1_365' title='bbox 781 2162 841 2207; x_wconf 82' lang='lat'>79)</span> <span class='ocrx_word' id='word_1_366' title='bbox 865 2161 971 2207; x_wconf 86' lang='lat' dir='ltr'>quod</span> <span class='ocrx_word' id='word_1_367' title='bbox 992 2171 1040 2198; x_wconf 90' lang='lat' dir='ltr'>ne</span> <span class='ocrx_word' id='word_1_368' title='bbox 1061 2163 1194 2199; x_wconf 85' lang='lat' dir='ltr'>anima</span> <span class='ocrx_word' id='word_1_369' title='bbox 1213 2163 1252 2199; x_wconf 91' lang='lat' dir='ltr'>in</span> <span class='ocrx_word' id='word_1_370' title='bbox 1274 2169 1506 2208; x_wconf 85' lang='lat' dir='ltr'>perpetuum</span> <span class='ocrx_word' id='word_1_371' title='bbox 1530 2167 1732 2200; x_wconf 84' lang='lat' dir='ltr'>remaneat</span> 
     </span>
     <span class='ocr_line' id='line_1_42' title="bbox 111 2208 1734 2256; baseline 0.002 -14"><span class='ocrx_word' id='word_1_372' title='bbox 111 2218 140 2245; x_wconf 84' lang='lat' dir='ltr'>a</span> <span class='ocrx_word' id='word_1_373' title='bbox 153 2216 318 2253; x_wconf 86' lang='lat' dir='ltr'>corpore</span> <span class='ocrx_word' id='word_1_374' title='bbox 336 2211 529 2252; x_wconf 85' lang='lat' dir='ltr'>separata,</span> <span class='ocrx_word' id='word_1_375' title='bbox 543 2210 682 2243; x_wconf 84' lang='lat' dir='ltr'>iterato</span> <span class='ocrx_word' id='word_1_376' title='bbox 702 2216 771 2253; x_wconf 91' lang='lat' dir='ltr'>per</span> <span class='ocrx_word' id='word_1_377' title='bbox 788 2208 1119 2245; x_wconf 89' lang='lat' dir='ltr'>resurrectionem</span> <span class='ocrx_word' id='word_1_378' title='bbox 1136 2219 1280 2255; x_wconf 90' lang='lat' dir='ltr'>corpus</span> <span class='ocrx_word' id='word_1_379' title='bbox 1301 2215 1488 2246; x_wconf 88' lang='lat' dir='ltr'>resumet.</span> <span class='ocrx_word' id='word_1_380' title='bbox 1502 2210 1599 2253; x_wconf 82' lang='lat' dir='ltr'>Quia</span> <span class='ocrx_word' id='word_1_381' title='bbox 1615 2210 1734 2256; x_wconf 86' lang='lat' dir='ltr'>igitur</span> 
     </span>
     <span class='ocr_line' id='line_1_43' title="bbox 81 2253 1728 2304; baseline 0.001 -12"><span class='ocrx_word' id='word_1_382' title='bbox 81 2288 84 2304; x_wconf 67' lang='lat'>‚</span> <span class='ocrx_word' id='word_1_383' title='bbox 114 2255 156 2292; x_wconf 91' lang='lat' dir='ltr'>in</span> <span class='ocrx_word' id='word_1_384' title='bbox 188 2253 264 2291; x_wconf 91' lang='lat' dir='ltr'>hoc</span> <span class='ocrx_word' id='word_1_385' title='bbox 293 2254 523 2300; x_wconf 78' lang='lat' dir='ltr'>perfectioni</span> <span class='ocrx_word' id='word_1_386' title='bbox 565 2254 706 2290; x_wconf 66' lang='lat' dir='ltr'>animae</span> <span class='ocrx_word' id='word_1_387' title='bbox 746 2254 973 2300; x_wconf 89' lang='lat' dir='ltr'>providetur</span> <span class='ocrx_word' id='word_1_388' title='bbox 1017 2255 1124 2301; x_wconf 86' lang='lat' dir='ltr'>quod</span> <span class='ocrx_word' id='word_1_389' title='bbox 1171 2265 1317 2301; x_wconf 88' lang='lat' dir='ltr'>eorpus</span> <span class='ocrx_word' id='word_1_390' title='bbox 1361 2257 1536 2302; x_wconf 81' lang='lat' dir='ltr'>recipiat,</span> <span class='ocrx_word' id='word_1_391' title='bbox 1586 2265 1728 2293; x_wconf 89' lang='lat' dir='ltr'>conve-</span> 
     </span>
     <span class='ocr_line' id='line_1_44' title="bbox 79 2301 1726 2348; baseline 0.002 -13"><span class='ocrx_word' id='word_1_392' title='bbox 79 2312 85 2335; x_wconf 79' lang='grc'>·;</span> <span class='ocrx_word' id='word_1_393' title='bbox 115 2302 232 2339; x_wconf 84' lang='grc'>1110113</span> <span class='ocrx_word' id='word_1_394' title='bbox 272 2301 346 2337; x_wconf 88' lang='lat' dir='ltr'>erit</span> <span class='ocrx_word' id='word_1_395' title='bbox 383 2304 425 2337; x_wconf 88' lang='lat' dir='ltr'>ut</span> <span class='ocrx_word' id='word_1_396' title='bbox 470 2310 615 2346; x_wconf 89' lang='lat' dir='ltr'>corpus</span> <span class='ocrx_word' id='word_1_397' title='bbox 630 2329 639 2344; x_wconf 95' lang='lat'>,</span> <span class='ocrx_word' id='word_1_398' title='bbox 674 2301 893 2338; x_wconf 87' lang='lat' dir='ltr'>seeundum</span> <span class='ocrx_word' id='word_1_399' title='bbox 932 2302 1037 2348; x_wconf 86' lang='lat' dir='ltr'>quod</span> <span class='ocrx_word' id='word_1_400' title='bbox 1072 2304 1262 2348; x_wconf 88' lang='lat' dir='ltr'>competit</span> <span class='ocrx_word' id='word_1_401' title='bbox 1298 2304 1439 2340; x_wconf 71' lang='lat' dir='ltr'>animae</span> <span class='ocrx_word' id='word_1_402' title='bbox 1477 2303 1726 2348; x_wconf 84' lang='lat' dir='ltr'>disponatur.</span> 
     </span>
     <span class='ocr_line' id='line_1_45' title="bbox 77 2348 1727 2432; baseline 0.001 -47"><span class='ocrx_word' id='word_1_403' title='bbox 77 2366 82 2378; x_wconf 57' lang='lat' dir='ltr'>e</span> <span class='ocrx_word' id='word_1_404' title='bbox 114 2351 184 2432; x_wconf 49' lang='lat' dir='ltr'>{st</span> <span class='ocrx_word' id='word_1_405' title='bbox 204 2350 335 2385; x_wconf 86' lang='lat' dir='ltr'>autem</span> <span class='ocrx_word' id='word_1_406' title='bbox 355 2348 489 2384; x_wconf 88' lang='lat' dir='ltr'>anima</span> <span class='ocrx_word' id='word_1_407' title='bbox 508 2348 843 2393; x_wconf 85' lang='lat' dir='ltr'>incorruptibilis:</span> <span class='ocrx_word' id='word_1_408' title='bbox 867 2348 971 2385; x_wconf 88' lang='lat' dir='ltr'>unde</span> <span class='ocrx_word' id='word_1_409' title='bbox 990 2352 1029 2386; x_wconf 88' lang='lat' dir='ltr'>et</span> <span class='ocrx_word' id='word_1_410' title='bbox 1057 2358 1202 2395; x_wconf 90' lang='lat' dir='ltr'>eorpus</span> <span class='ocrx_word' id='word_1_411' title='bbox 1236 2350 1272 2386; x_wconf 89' lang='lat' dir='ltr'>ei</span> <span class='ocrx_word' id='word_1_412' title='bbox 1307 2350 1606 2396; x_wconf 88' lang='lat' dir='ltr'>incorruptibile</span> <span class='ocrx_word' id='word_1_413' title='bbox 1642 2350 1727 2387; x_wconf 85' lang='lat' dir='ltr'>red-</span> 
     </span>
    </p>

    <p class='ocr_par' dir='ltr' id='par_1_13' title="bbox 144 2400 243 2432">
     <span class='ocr_line' id='line_1_46' title="bbox 144 2400 243 2432; baseline -0.02 0"><span class='ocrx_word' id='word_1_414' title='bbox 144 2400 243 2432; x_wconf 88' lang='lat' dir='ltr'>etur.</span> 
     </span>
    </p>

    <p class='ocr_par' dir='ltr' id='par_1_14' title="bbox 114 2442 1730 2675">
     <span class='ocr_line' id='line_1_47' title="bbox 163 2442 1727 2487; baseline 0.001 -9"><span class='ocrx_word' id='word_1_415' title='bbox 163 2443 291 2479; x_wconf 83' lang='lat' dir='ltr'>Tertia</span> <span class='ocrx_word' id='word_1_416' title='bbox 315 2451 408 2479; x_wconf 87' lang='lat' dir='ltr'>vero</span> <span class='ocrx_word' id='word_1_417' title='bbox 423 2442 522 2478; x_wconf 85' lang='lat' dir='ltr'>ratio</span> <span class='ocrx_word' id='word_1_418' title='bbox 544 2442 647 2478; x_wconf 86' lang='lat' dir='ltr'>sumi</span> <span class='ocrx_word' id='word_1_419' title='bbox 664 2446 794 2487; x_wconf 88' lang='lat' dir='ltr'>potest</span> <span class='ocrx_word' id='word_1_420' title='bbox 814 2452 862 2479; x_wconf 81' lang='lat' dir='ltr'>ex</span> <span class='ocrx_word' id='word_1_421' title='bbox 882 2452 1004 2480; x_wconf 85' lang='lat' dir='ltr'>causa</span> <span class='ocrx_word' id='word_1_422' title='bbox 1025 2444 1149 2481; x_wconf 87' lang='lat' dir='ltr'>activa</span> <span class='ocrx_word' id='word_1_423' title='bbox 1169 2445 1484 2481; x_wconf 88' lang='lat' dir='ltr'>resurrectionis.</span> <span class='ocrx_word' id='word_1_424' title='bbox 1502 2446 1606 2482; x_wconf 86' lang='lat' dir='ltr'>Deus</span> <span class='ocrx_word' id='word_1_425' title='bbox 1622 2445 1727 2481; x_wconf 89' lang='lat' dir='ltr'>enim</span> 
     </span>
     <span class='ocr_line' id='line_1_48' title="bbox 115 2489 1729 2536; baseline 0.001 -11"><span class='ocrx_word' id='word_1_426' title='bbox 115 2489 185 2535; x_wconf 84' lang='lat' dir='ltr'>qui</span> <span class='ocrx_word' id='word_1_427' title='bbox 205 2497 372 2534; x_wconf 88' lang='lat' dir='ltr'>corpora</span> <span class='ocrx_word' id='word_1_428' title='bbox 387 2489 468 2535; x_wconf 82' lang='lat' dir='ltr'>J&#39;am</span> <span class='ocrx_word' id='word_1_429' title='bbox 490 2494 674 2534; x_wconf 87' lang='lat' dir='ltr'>corrupta</span> <span class='ocrx_word' id='word_1_430' title='bbox 692 2489 888 2535; x_wconf 81' lang='lat' dir='ltr'>reparabit</span> <span class='ocrx_word' id='word_1_431' title='bbox 905 2491 953 2526; x_wconf 89' lang='lat' dir='ltr'>ad</span> <span class='ocrx_word' id='word_1_432' title='bbox 978 2490 1112 2536; x_wconf 84' lang='lat' dir='ltr'>vitam,</span> <span class='ocrx_word' id='word_1_433' title='bbox 1137 2490 1262 2528; x_wconf 82' lang='lat' dir='ltr'>multo</span> <span class='ocrx_word' id='word_1_434' title='bbox 1288 2492 1430 2528; x_wconf 84' lang='lat' dir='ltr'>fortius</span> <span class='ocrx_word' id='word_1_435' title='bbox 1456 2491 1533 2528; x_wconf 92' lang='grc'>1100</span> <span class='ocrx_word' id='word_1_436' title='bbox 1554 2492 1729 2536; x_wconf 89' lang='lat' dir='ltr'>eorpori-</span> 
     </span>
     <span class='ocr_line' id='line_1_49' title="bbox 114 2535 1729 2584; baseline 0.001 -12"><span class='ocrx_word' id='word_1_437' title='bbox 114 2535 193 2572; x_wconf 83' lang='lat' dir='ltr'>bus</span> <span class='ocrx_word' id='word_1_438' title='bbox 228 2539 413 2581; x_wconf 80' lang='lat' dir='ltr'>praestare</span> <span class='ocrx_word' id='word_1_439' title='bbox 442 2536 598 2581; x_wconf 87' lang='lat' dir='ltr'>poterit,</span> <span class='ocrx_word' id='word_1_440' title='bbox 621 2540 661 2572; x_wconf 90' lang='lat' dir='ltr'>ut</span> <span class='ocrx_word' id='word_1_441' title='bbox 694 2540 924 2581; x_wconf 84' lang='lat' dir='ltr'>recuperata</span> <span class='ocrx_word' id='word_1_442' title='bbox 948 2537 1027 2574; x_wconf 89' lang='lat' dir='ltr'>vita</span> <span class='ocrx_word' id='word_1_443' title='bbox 1047 2538 1087 2573; x_wconf 91' lang='lat' dir='ltr'>in</span> <span class='ocrx_word' id='word_1_444' title='bbox 1107 2539 1166 2575; x_wconf 88' lang='lat' dir='ltr'>eis</span> <span class='ocrx_word' id='word_1_445' title='bbox 1187 2543 1375 2584; x_wconf 86' lang='lat' dir='ltr'>perpetuo</span> <span class='ocrx_word' id='word_1_446' title='bbox 1398 2543 1666 2575; x_wconf 87' lang='lat' dir='ltr'>conservetur.</span> <span class='ocrx_word' id='word_1_447' title='bbox 1686 2540 1729 2575; x_wconf 91' lang='lat' dir='ltr'>In</span> 
     </span>
     <span class='ocr_line' id='line_1_50' title="bbox 117 2582 1730 2631; baseline 0.001 -12"><span class='ocrx_word' id='word_1_448' title='bbox 117 2582 233 2628; x_wconf 87' lang='lat' dir='ltr'>cujus</span> <span class='ocrx_word' id='word_1_449' title='bbox 257 2583 310 2619; x_wconf 90' lang='lat' dir='ltr'>rei</span> <span class='ocrx_word' id='word_1_450' title='bbox 335 2583 556 2628; x_wconf 75' lang='lat' dir='ltr'>exemplum</span> <span class='ocrx_word' id='word_1_451' title='bbox 577 2583 694 2618; x_wconf 88' lang='lat' dir='ltr'>etiam</span> <span class='ocrx_word' id='word_1_452' title='bbox 714 2591 881 2628; x_wconf 88' lang='lat' dir='ltr'>corpora</span> <span class='ocrx_word' id='word_1_453' title='bbox 901 2585 1185 2629; x_wconf 85' lang='lat' dir='ltr'>corruptibilia,</span> <span class='ocrx_word' id='word_1_454' title='bbox 1201 2594 1289 2621; x_wconf 89' lang='grc'>011111</span> <span class='ocrx_word' id='word_1_455' title='bbox 1306 2585 1427 2622; x_wconf 87' lang='lat' dir='ltr'>voluit</span> <span class='ocrx_word' id='word_1_456' title='bbox 1442 2586 1730 2631; x_wconf 85' lang='lat' dir='ltr'>acorruptione</span> 
     </span>
     <span class='ocr_line' id='line_1_51' title="bbox 116 2629 1378 2675; baseline 0.001 -9"><span class='ocrx_word' id='word_1_457' title='bbox 116 2629 287 2666; x_wconf 84' lang='lat' dir='ltr'>servavit</span> <span class='ocrx_word' id='word_1_458' title='bbox 308 2629 446 2673; x_wconf 83' lang='lat' dir='ltr'>illaesa,</span> <span class='ocrx_word' id='word_1_459' title='bbox 469 2629 571 2666; x_wconf 91' lang='lat' dir='ltr'>sicut</span> <span class='ocrx_word' id='word_1_460' title='bbox 590 2638 758 2675; x_wconf 87' lang='lat' dir='ltr'>corpora</span> <span class='ocrx_word' id='word_1_461' title='bbox 776 2630 893 2666; x_wconf 87' lang='lat' dir='ltr'>trium</span> <span class='ocrx_word' id='word_1_462' title='bbox 913 2640 1125 2675; x_wconf 88' lang='lat' dir='ltr'>puerorum</span> <span class='ocrx_word' id='word_1_463' title='bbox 1141 2632 1182 2667; x_wconf 91' lang='lat' dir='ltr'>in</span> <span class='ocrx_word' id='word_1_464' title='bbox 1204 2633 1378 2669; x_wconf 77' lang='lat' dir='ltr'>fornace.</span> 
     </span>
    </p>

    <p class='ocr_par' dir='ltr' id='par_1_15' title="bbox 113 2675 1731 2914">
     <span class='ocr_line' id='line_1_52' title="bbox 164 2675 1729 2728; baseline 0.003 -16"><span class='ocrx_word' id='word_1_465' title='bbox 164 2675 228 2713; x_wconf 90' lang='lat' dir='ltr'>Sic</span> <span class='ocrx_word' id='word_1_466' title='bbox 246 2676 368 2723; x_wconf 86' lang='lat' dir='ltr'>igitur</span> <span class='ocrx_word' id='word_1_467' title='bbox 386 2676 644 2721; x_wconf 86' lang='lat' dir='ltr'>intelligenda</span> <span class='ocrx_word' id='word_1_468' title='bbox 663 2680 724 2713; x_wconf 89' lang='lat' dir='ltr'>est</span> <span class='ocrx_word' id='word_1_469' title='bbox 741 2677 1092 2722; x_wconf 81' lang='lat' dir='ltr'>incorruptibilitas</span> <span class='ocrx_word' id='word_1_470' title='bbox 1113 2678 1233 2715; x_wconf 83' lang='lat' dir='ltr'>futuri</span> <span class='ocrx_word' id='word_1_471' title='bbox 1255 2682 1396 2725; x_wconf 85' lang='lat' dir='ltr'>status,</span> <span class='ocrx_word' id='word_1_472' title='bbox 1421 2681 1512 2728; x_wconf 86' lang='lat' dir='ltr'>qnia</span> <span class='ocrx_word' id='word_1_473' title='bbox 1542 2680 1619 2718; x_wconf 91' lang='grc'>1100</span> <span class='ocrx_word' id='word_1_474' title='bbox 1641 2690 1729 2718; x_wconf 90' lang='lat' dir='ltr'>eor-</span> 
     </span>
     <span class='ocr_line' id='line_1_53' title="bbox 115 2723 1731 2771; baseline 0.003 -11"><span class='ocrx_word' id='word_1_475' title='bbox 115 2731 194 2768; x_wconf 89' lang='lat' dir='ltr'>pus</span> <span class='ocrx_word' id='word_1_476' title='bbox 214 2723 322 2770; x_wconf 83' lang='lat' dir='ltr'>quod</span> <span class='ocrx_word' id='word_1_477' title='bbox 341 2731 447 2759; x_wconf 86' lang='lat' dir='ltr'>nunc</span> <span class='ocrx_word' id='word_1_478' title='bbox 466 2723 719 2768; x_wconf 87' lang='lat' dir='ltr'>corruptibile</span> <span class='ocrx_word' id='word_1_479' title='bbox 739 2727 813 2766; x_wconf 91' lang='lat' dir='ltr'>est,</span> <span class='ocrx_word' id='word_1_480' title='bbox 835 2724 1136 2769; x_wconf 88' lang='lat' dir='ltr'>incorruptibile</span> <span class='ocrx_word' id='word_1_481' title='bbox 1155 2725 1286 2763; x_wconf 87' lang='lat' dir='ltr'>divina</span> <span class='ocrx_word' id='word_1_482' title='bbox 1304 2727 1447 2764; x_wconf 88' lang='lat' dir='ltr'>virtute</span> <span class='ocrx_word' id='word_1_483' title='bbox 1463 2728 1660 2771; x_wconf 88' lang='lat' dir='ltr'>reddetur,</span> <span class='ocrx_word' id='word_1_484' title='bbox 1676 2728 1731 2765; x_wconf 82' lang='lat' dir='ltr'>ita</span> 
     </span>
     <span class='ocr_line' id='line_1_54' title="bbox 118 2770 1729 2822; baseline 0.002 -16"><span class='ocrx_word' id='word_1_485' title='bbox 118 2770 225 2816; x_wconf 88' lang='lat' dir='ltr'>quod</span> <span class='ocrx_word' id='word_1_486' title='bbox 245 2771 376 2807; x_wconf 87' lang='lat' dir='ltr'>anima</span> <span class='ocrx_word' id='word_1_487' title='bbox 395 2770 435 2805; x_wconf 91' lang='lat' dir='ltr'>in</span> <span class='ocrx_word' id='word_1_488' title='bbox 456 2770 586 2814; x_wconf 88' lang='lat' dir='ltr'>ipsum</span> <span class='ocrx_word' id='word_1_489' title='bbox 604 2770 774 2814; x_wconf 84' lang='lat' dir='ltr'>perfecte</span> <span class='ocrx_word' id='word_1_490' title='bbox 795 2770 1065 2807; x_wconf 85' lang='lat' dir='ltr'>dominabitur</span> <span class='ocrx_word' id='word_1_491' title='bbox 1085 2776 1277 2818; x_wconf 82' lang='lat' dir='ltr'>quantum</span> <span class='ocrx_word' id='word_1_492' title='bbox 1297 2773 1346 2810; x_wconf 84' lang='lat' dir='ltr'>ad</span> <span class='ocrx_word' id='word_1_493' title='bbox 1365 2774 1442 2812; x_wconf 89' lang='lat' dir='ltr'>hoe</span> <span class='ocrx_word' id='word_1_494' title='bbox 1461 2776 1565 2822; x_wconf 85' lang='lat' dir='ltr'>quod</span> <span class='ocrx_word' id='word_1_495' title='bbox 1598 2775 1729 2820; x_wconf 87' lang='lat' dir='ltr'>ipsum</span> 
     </span>
     <span class='ocr_line' id='line_1_55' title="bbox 113 2816 1728 2867; baseline 0.002 -15"><span class='ocrx_word' id='word_1_496' title='bbox 113 2816 310 2862; x_wconf 49' lang='lat' dir='ltr'>vivificem</span> <span class='ocrx_word' id='word_1_497' title='bbox 328 2826 400 2852; x_wconf 88' lang='lat' dir='ltr'>nee</span> <span class='ocrx_word' id='word_1_498' title='bbox 420 2817 509 2853; x_wconf 79' lang='lat' dir='ltr'>talis</span> <span class='ocrx_word' id='word_1_499' title='bbox 529 2817 836 2853; x_wconf 84' lang='lat' dir='ltr'>communicatio</span> <span class='ocrx_word' id='word_1_500' title='bbox 855 2817 942 2854; x_wconf 81' lang='lat' dir='ltr'>vitae</span> <span class='ocrx_word' id='word_1_501' title='bbox 959 2827 983 2854; x_wconf 85' lang='lat' dir='ltr'>a</span> <span class='ocrx_word' id='word_1_502' title='bbox 996 2827 1246 2865; x_wconf 87' lang='lat' dir='ltr'>quocumque</span> <span class='ocrx_word' id='word_1_503' title='bbox 1273 2820 1350 2857; x_wconf 87' lang='lat' dir='ltr'>alio</span> <span class='ocrx_word' id='word_1_504' title='bbox 1365 2824 1508 2867; x_wconf 87' lang='lat' dir='ltr'>poterit</span> <span class='ocrx_word' id='word_1_505' title='bbox 1529 2821 1728 2865; x_wconf 84' lang='lat' dir='ltr'>impediri:</span> 
     </span>
     <span class='ocr_line' id='line_1_56' title="bbox 117 2863 1729 2914; baseline 0.002 -14"><span class='ocrx_word' id='word_1_506' title='bbox 117 2863 225 2901; x_wconf 86' lang='lat' dir='ltr'>unde</span> <span class='ocrx_word' id='word_1_507' title='bbox 265 2868 304 2902; x_wconf 87' lang='lat' dir='ltr'>et</span> <span class='ocrx_word' id='word_1_508' title='bbox 330 2863 543 2910; x_wconf 82' lang='lat' dir='ltr'>Apostolus</span> <span class='ocrx_word' id='word_1_509' title='bbox 564 2863 670 2904; x_wconf 84' lang='lat' dir='ltr'>dicit,</span> <span class='ocrx_word' id='word_1_510' title='bbox 693 2865 707 2900; x_wconf 93' lang='lat'>1</span> <span class='ocrx_word' id='word_1_511' title='bbox 740 2864 842 2910; x_wconf 68' lang='lat' dir='ltr'>Cor„</span> <span class='ocrx_word' id='word_1_512' title='bbox 876 2872 945 2910; x_wconf 81' lang='lat' dir='ltr'>xv,</span> <span class='ocrx_word' id='word_1_513' title='bbox 979 2867 1054 2902; x_wconf 85' lang='lat'>53:</span> <span class='ocrx_word' id='word_1_514' title='bbox 1076 2865 1222 2912; x_wconf 74' lang='lat' dir='ltr'>oportet</span> <span class='ocrx_word' id='word_1_515' title='bbox 1239 2870 1473 2914; x_wconf 70' lang='lat' dir='ltr'>corruptibile</span> <span class='ocrx_word' id='word_1_516' title='bbox 1491 2870 1555 2905; x_wconf 80' lang='lat' dir='ltr'>hoc</span> <span class='ocrx_word' id='word_1_517' title='bbox 1581 2869 1729 2904; x_wconf 62' lang='lat' dir='ltr'>maduere</span> 
     </span>
    </p>
   </div>
  </div>
 </body>
</html>
