1894 3223
199 144 243 179 58
806 139 895 173 LIB.
924 139 953 182 1,
982 138 1083 174 CAP.
1112 137 1199 174 LIV.

198 224 248 262 ad
286 220 409 260 divini
446 220 674 257 intellectus
710 217 1016 271 cognitionem„
1036 222 1153 270 prout
1192 221 1253 255 est
1283 216 1491 264 possibile,
1512 187 1817 262 ‘procedamus

200 268 535 309 considerandum
566 270 637 310 est,
659 265 766 311 quod
798 273 862 302 res
897 269 1067 301 exterior
1096 265 1297 302 intellecta
1327 275 1351 302 a
1387 264 1504 301 nobis
1536 264 1577 300 in
1614 264 1818 302 intellectu

200 321 339 355 nostro
360 323 440 352 non
463 313 595 350 existit
616 311 836 348 secundum
857 311 1056 358 propriam
1070 315 1266 356 naturam,
1285 311 1354 349 sed
1371 314 1525 357 oportet
1539 310 1646 357 quod
1661 311 1817 357 species

202 366 289 411 ejus
311 362 420 400 sitin
451 359 654 396 intellectu
686 362 824 395 nostro
856 368 926 405 per
955 368 1071 405 quam
1103 358 1145 395 fit
1177 359 1402 395 intellectus
1439 358 1478 394 in
1511 361 1615 394 actu.
1637 358 1819 395 Existens

201 415 331 449 autem
350 410 391 446 in
413 411 515 450 actu,
536 415 604 451 per
623 405 853 452 hujusmodi
874 407 1046 451 speciem
1068 405 1172 443 sicut
1191 415 1259 451 per
1276 405 1474 451 propriam
1497 404 1679 449 formam,
1701 404 1817 442 intel-

200 458 291 505 ligit
308 465 388 492 rem
410 454 552 499 ipsam.
570 454 655 489 Non
677 456 808 489 autem
829 452 897 494 ita,
914 453 1019 499 quod
1039 452 1170 498 ipsum
1191 453 1412 500 intelligere
1428 452 1480 489 sit
1497 451 1599 488 actio
1615 451 1818 489 transiens

201 505 245 541 in
265 502 522 540 intellectum.
546 499 653 536 Sicut
672 498 878 536 calefactio
899 499 1041 535 transit
1060 500 1100 535 in
1123 499 1371 544 calefactum,
1394 499 1462 536 sed
1484 501 1617 535 manet
1636 498 1677 534 in
1704 498 1819 535 intel-

201 551 364 597 ligente.
385 547 604 584 secundum
627 546 731 592 quod
752 545 867 582 habet
887 546 1118 582 relationem
1141 547 1189 583 ad
1211 556 1290 583 rem
1314 556 1401 593 quae
1418 546 1667 591 intelligitur,
1691 555 1738 581 ex
1771 554 1819 582 eo

203 597 308 643 quod
332 594 485 641 species
507 593 705 638 praedicta,
728 602 814 638 quae
835 596 895 643 est
913 592 1152 638 principium
1185 593 1466 630 intellectualis
1499 592 1758 638 operationis,
1779 595 1823 629 ut

202 644 342 686 fornia,
368 645 428 678 est
447 639 666 677 similitudo
690 640 838 687 illius.)

250 689 420 726 Ulterius
442 692 572 724 autem
595 686 928 723 considerandum
967 689 1040 729 est,
1063 685 1166 732 quod
1204 686 1430 723 intellectus
1464 696 1531 732 per
1560 685 1733 731 speciem
1764 685 1821 721 rei

204 737 398 774 formatus
419 734 677 781 intelligendo
700 734 843 770 format
863 733 904 769 in
925 733 1058 778 seipso
1077 733 1288 779 quamdam
1327 733 1587 769 intentionem
1622 732 1676 768 rei
1711 731 1824 767 intel·

201 784 326 824 lectae‚
361 791 447 829 quae
479 786 539 818 est
558 782 658 818 ratio
689 781 831 826 ipsius,
861 789 978 826 quam
1013 779 1212 825 significat
1245 778 1444 816 diffinitio.
1475 781 1519 815 Et
1550 779 1626 815 hoc
1660 778 1821 824 quidem

203 830 475 868 necessarium
498 831 570 871 est,
588 837 634 865 eo
653 827 758 874 quod
779 827 1005 863 intellectus
1027 825 1498 873 intelligitindifferenter
1513 830 1594 862 rem
1613 825 1821 861 absentem

203 883 240 915 et
261 880 518 923 praesentem;
541 875 580 911 in
602 884 680 922 quo
702 884 792 911 cum
813 874 1013 910 intellectu
1036 874 1270 920 imaginatio
1292 873 1491 910 convenit.
1507 872 1583 910 Sed
1597 872 1824 909 intellectus

203 925 280 961 1100
303 923 473 968 amplius
494 922 624 967 habet,
645 921 751 968 quod
770 922 886 957 etiani
911 920 1097 967 intelligit
1116 930 1197 956 rem
1219 925 1261 957 ut
1282 923 1503 966 separatam
1532 929 1554 956 a
1585 918 1825 956 conditioni-

203 971 280 1009 bus
300 970 588 1013 materialibus,
611 969 698 1006 sine
719 968 864 1015 quibus
883 968 923 1004 in
944 977 1074 1003 rerum
1105 971 1245 1004 natura
1277 976 1357 1004 non
1387 967 1533 1004 existit.
1556 968 1599 1002 Et
1633 966 1708 1002 lioc
1742 974 1825 1003 non

203 1022 340 1065 posset
365 1026 454 1054 esse
475 1017 553 1053 nisi
586 1016 813 1052 intellectus
846 1015 922 1052 sibi
956 1014 1216 1051 intentionem
1251 1014 1477 1060 praedictam
1511 1004 1824 1065 formaretsHaec

205 1070 337 1102 autem
355 1064 522 1100 intentio
537 1063 748 1106 intellecta,
765 1072 854 1099 cum
871 1062 922 1098 sit
937 1062 1049 1108 quasi
1067 1062 1261 1098 terminus
1275 1061 1541 1108 intelligibilis
1562 1060 1822 1106 operationis,

204 1117 265 1149 est
283 1111 389 1148 aliud
410 1121 430 1147 a
452 1111 583 1156 specie
605 1109 846 1155 intelligibili
867 1118 952 1155 quae
976 1109 1068 1145 facit
1090 1109 1333 1145 intellectum
1352 1108 1392 1144 in
1414 1111 1518 1152 actu,
1539 1107 1644 1154 quod
1667 1111 1823 1152 oportet

203 1158 449 1196 considerari
472 1161 514 1194 ut
542 1157 808 1202 intelligibilis
843 1155 1086 1201 operationis
1119 1155 1357 1201 principium
1381 1167 1388 1191 :
1410 1155 1502 1191 licet
1532 1159 1743 1200 utrumque
1772 1153 1825 1191 sit

203 1206 261 1243 rei
283 1205 493 1242 intellectae
515 1204 750 1241 similitudo.
773 1205 845 1239 Per
866 1204 941 1239 hoc
969 1203 1072 1239 enim
1109 1203 1213 1249 quod
1248 1202 1402 1248 species
1435 1201 1715 1247 intelligibilis,
1737 1210 1824 1247 quae

204 1257 267 1290 est
283 1253 410 1289 torma
429 1251 668 1295 intellectus,
691 1254 727 1287 et
748 1250 995 1296 intelligendi
1019 1249 1272 1295 principium,
1295 1252 1355 1285 est
1377 1248 1598 1285 similitudo
1631 1248 1689 1284 rei
1718 1251 1823 1284 exte-

203 1300 340 1343 rioris,
363 1299 540 1345 sequitur
558 1298 662 1345 quod
686 1298 912 1333 intellectus
933 1297 1195 1333 intentionem
1228 1296 1371 1333 formet
1400 1296 1510 1332 illius
1542 1295 1598 1332 rei
1633 1295 1824 1332 similem.

206 1347 306 1390 Quia
328 1346 443 1392 quale
476 1349 537 1382 051
568 1345 894 1391 unumquodque,
915 1344 1011 1380 talia
1046 1347 1244 1389 operatur,
1265 1346 1303 1379 et
1332 1352 1379 1379 ex
1405 1343 1481 1379 hoc
1513 1342 1619 1389 quod
1653 1342 1823 1379 intentio

203 1393 405 1430 intellecta
438 1396 498 1429 est
529 1392 674 1429 similis
707 1392 825 1428 alicui
865 1391 935 1435 rei,
970 1392 1149 1437 sequitur
1189 1389 1295 1437 quod
1335 1389 1583 1434 intellectus,
1616 1389 1825 1426 formando

205 1439 437 1486 huJ'usniodi
458 1440 734 1482 intentionem,
758 1447 839 1475 rem
869 1438 978 1478 illam
1013 1437 1221 1484 intelligat.
1243 1437 1470 1474 Intellectus
1503 1440 1635 1474 autem
1667 1436 1826 1473 divinus

205 1487 316 1523 nulla
337 1487 415 1523 alia
436 1487 567 1532 specie
586 1485 772 1531 intelligit
804 1494 921 1531 quam
956 1485 1131 1521 essentia
1160 1494 1178 1521 s
1211 1494 1246 1528 a,
1268 1488 1312 1521 ut
1339 1493 1460 1530 supra
1479 1484 1577 1530 (cap.
1599 1483 1659 1529 46)
1691 1487 1826 1520 osten·

206 1543 295 1571 sum
319 1537 398 1575 est;
421 1533 489 1570 sed
508 1537 639 1569 tamen
661 1532 836 1569 essentia
857 1542 931 1569 sua
951 1536 1011 1568 est
1032 1532 1252 1569 similitudo
1274 1532 1453 1569 omnium
1475 1540 1622 1568 rerum.
1645 1532 1718 1567 Per
1751 1531 1826 1567 hoc

206 1590 300 1627 ergo
320 1580 500 1627 sequitur
517 1580 622 1626 quod
644 1580 850 1625 conceptio
874 1579 1100 1616 intellectus
1124 1579 1260 1623 divini,
1283 1582 1398 1624 prout
1424 1578 1602 1625 seipsum
1620 1577 1824 1624 intelligit,

206 1638 292 1674 quae
312 1632 371 1664 est
390 1627 553 1663 verbum
582 1627 724 1673 ipsius,
749 1635 831 1663 non
861 1626 991 1663 solum
1027 1626 1079 1663 sit
1112 1626 1333 1663 similitudo
1361 1626 1489 1671 ipsius
1510 1625 1579 1662 Dei
1618 1624 1825 1670 intellecti,

207 1675 276 1711 sed
297 1676 415 1711 etiam
437 1675 615 1711 omnium
638 1683 807 1720 quorum
829 1677 890 1710 est
910 1673 1043 1710 divina
1061 1673 1237 1710 essentia
1271 1673 1507 1710 similitudo.
1529 1672 1593 1709 Sic
1625 1681 1721 1719 ergo
1756 1680 1827 1718 per

206 1731 326 1758 unam
349 1722 521 1767 speciem
543 1721 850 1767 intelligibilem,
874 1730 960 1766 quae
981 1724 1042 1758 est
1060 1720 1193 1757 divina
1213 1719 1402 1764 essentia,
1417 1723 1454 1756 et
1470 1729 1539 1766 per
1559 1728 1679 1756 unam
1699 1719 1828 1755 inten—

205 1769 372 1851 tionlelm
389 1768 644 1813 intellectam,
678 1777 765 1815 quae
795 1771 855 1804 est
883 1767 1046 1804 verbum
1085 1767 1277 1813 divinum,
1314 1767 1438 1805 multa
1481 1770 1654 1813 possunt
1693 1775 1717 1803 a
1746 1767 1826 1803 Deo

206 1819 285 1851 inte
321 1824 388 1860 igi.

866 1925 1034 1966 CAPUT
1061 1925 1161 1966 LIV.

207 2037 387 2071 QUOMODO
413 2037 555 2066 DIVINA
575 2038 767 2066 ESSENTIA
791 2038 872 2066 [NA
895 2038 1080 2066 EXISTENS
1109 2038 1168 2066 SIT
1193 2039 1360 2068 PROPRIA
1386 2040 1607 2070 SIMILITUDO
1633 2040 1682 2068 ET
1707 2040 1826 2070 RATIO

755 2090 908 2119 OMNIUM
931 2091 1272 2121 INTELLIGIBILIUM.

209 2232 215 2238 ¹
255 2185 329 2222 Sed
350 2195 490 2238 rursus
515 2185 676 2238 difficile
697 2187 759 2223 vel
779 2187 1029 2233 impossibile
1050 2189 1167 2225 alicui
1189 2189 1313 2226 videri
1334 2194 1478 2236 potest,
1500 2191 1606 2238 quod
1626 2201 1751 2228 unuin
1788 2195 1825 2228 et

205 2232 311 2269 idem
331 2233 511 2285 simplex,
535 2237 577 2269 ut
596 2233 728 2285 divina
748 2235 937 2279 essentia,
960 2236 1011 2272 sit
1032 2236 1193 2281 propria
1212 2237 1313 2274 ratio
1334 2238 1417 2274 sive
1438 2238 1661 2275 similitudo
1696 2238 1824 2276 diver-

206 2288 358 2316 sorum.
392 2281 487 2316 bam
518 2280 882 2332 cum-diversarum
915 2292 1046 2318 10111111
1079 2283 1130 2319 511
1157 2283 1361 2322 distinctio
1392 2287 1545 2321 ratione
1574 2286 1824 2331 propriarum

206 2326 422 2363 formarum
445 2326 551 2373 quod
573 2327 692 2379 alicui
707 2328 932 2380 ‘se—cundum
965 2331 1164 2375 propriam
1196 2331 1364 2368 sormam
1396 2332 1527 2369 simile
1557 2332 1687 2375 fuerit,
1710 2333 1823 2370 alteri

205 2382 371 2426 necesse
406 2382 509 2419 esse,
541 2378 584 2410 ut
617 2374 812 2412 dissimile
846 2375 1083 2413 inveniatur.
1118 2378 1341 2415 Secundum
1383 2388 1476 2416 vero
1518 2380 1623 2426 quod
1668 2380 1823 2418 diversa

206 2420 361 2472 aliquid
383 2430 596 2473 commune
619 2421 777 2474 liabent,
797 2422 896 2459 nihil
918 2423 1100 2468 prohibet
1120 2434 1165 2460 ea
1185 2425 1488 2464 similitudinem
1509 2436 1629 2463 uuam
1661 2427 1820 2469 habere,

206 2471 312 2504 510111
333 2467 453 2504 1101110
476 2472 514 2504 01
535 2477 676 2505 05111115
697 2479 738 2505 111
758 2474 948 2516 quantum
970 2475 1061 2507 sunt
1083 2471 1284 2509 animalia.
1306 2475 1360 2510 Ex
1392 2483 1470 2520 quo
1504 2475 1685 2520 sequitur
1715 2473 1822 2520 quod

206 2515 312 2551 Deus
338 2514 384 2551 de
404 2514 524 2552 rebus
545 2516 1038 2569 propriam-cognitionem
1060 2527 1138 2555 non
1161 2519 1315 2565 habeat,
1336 2521 1404 2558 sed
1439 2530 1704 2558 communem.
1723 2523 1820 2559 Nam

207 2561 427 2614 secundum
447 2563 949 2616 modumtquo‘Similitudo
981 2565 1130 2612 cogniti
1161 2570 1220 2603 est
1250 2567 1291 2603 111
1325 2572 1608 2614 cognoscente,
1639 2568 1820 2614 sequitur

206 2611 451 2660 cognitionis
472 2613 669 2662 operati-03
693 2615 797 2647 sicut
817 2615 854 2648 et
874 2612 1081 2650 calefactio
1104 2614 1324 2651 secundum
1344 2615 1505 2652 modum
1526 2614 1685 2651 caloris.
1707 2614 1821 2653 Simi‹

205 2651 332 2690 litudo
354 2664 458 2707 0111111
478 2660 627 2708 cogniti
646 2666 686 2692 in
707 2663 974 2704 cognoscente
994 2664 1054 2697 est
1074 2660 1176 2697 sicut
1198 2661 1325 2698 forma
1342 2671 1420 2708 qua
1439 2661 1683 2708 agnoscitur.

208 2745 214 2751 ⁶
254 2700 413 2752 Oportet
431 2706 565 2754 igitur,
587 2704 745 2755 si‘Denus
767 2705 813 2741 de
835 2706 1015 2752 pluribus
1035 2708 1233 2754 propriam
1255 2708 1525 2754 cognitionem
1548 2708 1679 2752 habet,
1711 2710 1818 2756 quod

205 2755 290 2809 ipse
312 2751 364 2799 sit
380 2757 537 2800 propria
558 2753 657 2787 ratio
676 2751 926 2803 singulorum
947 2765 955 2789 :
979 2755 1083 2801 quod
1107 2755 1276 2801 qualiter
1301 2755 1367 2799 sit,
1385 2754 1707 2801 investigandum
1740 2761 1814 2794 est.

206 2794 252 2829 bt
269 2802 373 2846 0111111
397 2794 665 2841 Philosophus
691 2797 786 2834 dicit
810 2800 852 2835 in
873 2804 1011 2838 octavo
1031 2803 1189 2846 Metapa.
1215 2801 1321 2847 (text.
1344 2810 1488 2838 comm.
1512 2802 1597 2849 10.),
1622 2803 1758 2841 sorinae
1779 2808 1819 2841 et

206 2839 457 2893 definitiones
490 2851 645 2895 rerum,
676 2853 773 2896 quae·
796 2855 863 2883 eas
897 2847 1070 2894 signant,
1100 2852 1193 2885 sunt
1224 2848 1377 2885 similes
1408 2850 1599 2886 numeris.
1631 2851 1728 2888 Nam
1773 2850 1817 2888 in

207 2895 384 2926 numeris
404 2897 484 2927 una
510 2893 658 2929 unitate
686 2891 819 2930 addita
847 2893 908 2931 vel
935 2894 1148 2941 subtracta,
1182 2895 1337 2941 species
1369 2896 1524 2934 numeri
1555 2897 1742 2939 variatur,
1773 2900 1817 2936 ut
