1894 3223
172 165 241 199 260
791 160 878 195 LIB.
906 160 970 204 111,
998 160 1099 197 CAP.
1126 160 1173 195 II.

220 244 366 286 Adhuc,
387 242 427 277 in
461 240 649 277 omnibus
672 239 882 286 agentibus
904 244 1063 285 propter
1091 239 1224 285 finem,
1248 248 1322 276 noc
1349 248 1439 276 esse
1466 239 1652 276 ultimum
1673 239 1794 277 finem

174 290 344 327 dicimus
369 288 472 324 ultra
493 287 598 333 quod
619 296 742 333 agens
764 295 844 323 non
865 287 1005 333 quaerit
1036 286 1184 333 aliqu1d
1202 298 1211 331 ;
1233 290 1338 323 sicut
1358 286 1461 323 actio
1483 286 1626 322 medici
1647 290 1706 322 est
1727 295 1794 323 us-

173 346 247 382 que
280 335 328 371 ad
360 334 584 376 sanitatem,
607 343 654 370 ea
680 342 774 370 vero
807 337 1037 378 consecuta,
1059 342 1140 370 non
1161 337 1328 370 conatur
1356 333 1405 370 ad
1439 332 1589 379 aliquid
1610 332 1793 370 ulterius.

172 382 245 419 Sed
267 381 307 418 in
330 381 485 417 actione
520 379 732 426 qu'uslibet
752 380 907 427 agentis
929 384 989 417 est
1015 379 1149 416 venire
1182 379 1230 417 ad
1253 380 1403 425 aliquid
1423 379 1525 417 ultra
1545 379 1651 426 quod
1671 388 1796 426 agens

173 437 256 465 non
286 427 426 474 quaerit
456 427 632 474 aliquid;
655 427 754 464 alias
788 427 894 463 enim
916 426 1094 464 actiones
1125 427 1168 463 in
1199 426 1399 463 infinitum
1433 427 1668 471 tenderent;
1690 425 1797 472 quod

173 475 333 522 quidem
367 478 428 511 est
457 474 720 519 impossibile,
743 483 849 520 quia,
878 483 1000 520 quum
1020 473 1175 510 infinita
1197 482 1278 510 non
1313 474 1365 510 sit
1395 473 1649 519 pertransire,
1673 481 1797 519 agens

173 531 289 569 agere
311 530 391 557 non
422 521 613 566 inciperet
631 532 640 565 3
660 521 761 557 nihil
783 521 887 557 enim
909 524 1088 557 movetur
1109 520 1157 556 ad
1185 520 1226 557 id
1246 520 1294 557 ad
1327 520 1433 567 quod
1465 519 1716 566 impossibile
1737 522 1798 557 est

172 568 391 616 pervenire,
413 569 536 604 Omne
558 568 679 614 igitur
696 576 820 615 agens
841 567 922 615 agit
941 571 1100 613 propter
1119 566 1252 604 finem.

220 616 404 660 Amplius,
428 615 461 651 si
494 615 672 652 actiones
702 614 856 661 agentis
884 614 1100 660 procedant
1127 614 1167 649 in
1189 613 1403 657 infinitum,
1425 617 1580 660 oportet
1600 613 1706 661 quod
1735 613 1798 650 vel

175 672 223 698 ex
248 663 336 699 istis
358 662 584 699 actionibus
605 666 794 708 sequatur
815 660 976 707 aliquod
997 661 1142 697 sactum
1162 661 1222 697 vel
1242 669 1336 697 non.
1357 661 1396 697 Si
1424 661 1583 707 quidem
1608 664 1799 707 sequatur

174 708 334 755 aliquod
367 709 528 753 factum,
551 718 641 745 esse
675 708 783 745 illius
822 708 914 744 facti
947 710 1136 754 sequetur
1155 711 1244 752 post
1267 706 1444 744 infinitas
1465 708 1643 744 actiones
1661 720 1670 751 ;
1691 707 1799 754 quod

175 761 305 792 autem
323 756 528 802 praeexigit
545 754 714 795 infinita,
738 754 987 800 impossibile
1009 758 1067 791 est
1088 763 1190 797 esse,
1213 763 1334 800 quum
1365 763 1447 790 non
1466 754 1518 791 sit
1535 754 1691 790 infinita
1711 763 1799 800 per·

174 803 368 846 transire;
391 803 498 849 quod
519 807 650 839 autem
682 802 930 847 impossibile
961 805 1021 838 est
1056 810 1145 838 esse
1166 800 1415 846 impossibile
1436 804 1496 837 est
1515 800 1615 844 fieri,
1638 805 1675 836 ct
1693 800 1799 847 quod

176 854 234 887 est
256 849 506 895 impossibile
541 849 625 886 fieri
653 853 714 886 est
744 848 993 894 impossibile
1026 848 1179 891 sacere3
1202 847 1451 893 impossibile
1470 852 1531 884 est
1551 848 1672 894 igitur
1693 847 1800 894 quod

176 906 300 943 agens
320 897 486 942 incipiat
506 896 635 933 facere
671 896 832 942 aliquod
855 896 1000 932 factum
1034 895 1082 931 ad
1101 894 1204 941 quod
1224 895 1519 941 praeexiguntur
1539 894 1718 931 actiones
1739 894 1800 931 in-

175 943 309 980 finitae.
333 944 372 980 Si
395 946 525 980 autem
548 953 595 980 ex
618 942 699 980 illis
722 943 947 979 actionibus
979 951 1058 978 non
1083 942 1262 988 sequitur
1282 941 1440 988 aliquod
1464 941 1624 986 sactum,
1646 944 1802 986 oportet

178 991 356 1027 ordinem
379 989 609 1036 hujusmodi
632 990 833 1027 actionum
853 999 957 1033 esse,
974 989 1035 1026 vel
1057 988 1276 1025 secundum
1298 989 1478 1026 ordinem
1498 988 1688 1025 virtutum
1709 988 1802 1024 acti-

177 1047 329 1083 varum,
352 1037 455 1074 sicut
475 1038 509 1074 si
532 1038 652 1074 homo
680 1037 800 1074 sentit
833 1040 876 1073 ut
896 1036 1149 1083 imaginetur,
1178 1035 1420 1081 imaginatur
1439 1038 1570 1072 autem
1591 1039 1633 1072 ut
1652 1034 1800 1071 intelli·

180 1089 257 1130 gat,
281 1085 467 1131 intelligit
502 1088 632 1121 autem
667 1088 709 1121 ut
742 1084 860 1128 velit;
886 1084 945 1120 vel
967 1083 1188 1120 secundum
1209 1081 1390 1119 ordinem
1412 1082 1672 1128 objectorum,
1696 1081 1801 1119 sicut

179 1132 210 1167 si
235 1131 444 1168 considero
467 1140 612 1177 corpus
639 1135 682 1168 ut
713 1130 964 1167 considerem
985 1130 1172 1174 animam,
1195 1139 1313 1176 quam
1346 1130 1558 1167 considero
1588 1133 1628 1166 ut
1666 1129 1800 1165 consi—

181 1178 312 1214 derem
328 1178 593 1214 substantiam
609 1182 843 1223 separatam,
858 1187 974 1223 quam
994 1177 1204 1213 considero
1227 1180 1269 1213 ut
1287 1176 1537 1214 considerem
1557 1177 1701 1215 Deum:
1720 1184 1800 1212 non

178 1229 310 1262 autem
332 1228 391 1261 est
406 1225 598 1270 possibile
617 1225 829 1270 procedere
850 1225 890 1260 in
912 1224 1110 1260 infinitum
1131 1233 1258 1270 neque
1279 1223 1320 1259 in
1340 1223 1552 1260 virtutibus
1573 1223 1726 1266 activis,
1751 1223 1801 1259 si-

181 1276 247 1309 cut
267 1281 395 1318 neque
412 1273 450 1307 in
473 1272 612 1308 formis
633 1281 778 1315 rerum,
795 1275 837 1307 ut
858 1270 1046 1316 probatur
1069 1270 1406 1316 (Metaphys.‚text.
1423 1279 1567 1307 comm.
1586 1269 1657 1316 10),
1674 1269 1801 1306 forma

180 1319 286 1355 enim
323 1322 384 1355 est
403 1318 546 1364 agendi
569 1318 829 1364 principium3
853 1327 979 1364 neque
1003 1318 1042 1354 in
1066 1317 1243 1362 obiectis,
1267 1318 1371 1353 sicut
1401 1326 1528 1364 neque
1552 1318 1593 1353 in
1626 1317 1798 1361 entibus,

180 1374 302 1410 quum
322 1366 374 1402 sit
394 1374 517 1402 unum
551 1374 622 1401 ens
643 1366 828 1411 primum,
858 1369 900 1401 ut
934 1374 1053 1409 supra
1073 1364 1279 1409 probatum
1303 1368 1363 1401 est
1383 1364 1422 1410 (l.
1445 1373 1473 1407 1,
1492 1374 1526 1400 c.
1545 1363 1615 1410 13).
1634 1365 1720 1400 Non
1741 1367 1802 1401 est

181 1413 303 1459 igitur
318 1412 511 1458 possibile
531 1412 636 1458 quod
658 1413 835 1448 actiones
857 1412 897 1447 in
919 1410 1117 1447 infinitum
1137 1410 1376 1456 procedant;
1399 1414 1552 1456 oportet
1570 1411 1692 1457 igitur
1711 1419 1801 1448 esse

183 1459 333 1505 aliquid
360 1467 448 1541 f{luo
484 1459 620 1496 habito
653 1463 820 1495 conatus
856 1458 1012 1504 agentis
1046 1458 1237 1504 quiescat.
1257 1458 1380 1494 Omne
1409 1457 1530 1504 igitur
1565 1466 1689 1504 agens
1721 1457 1803 1506 agit

180 1510 341 1552 propter
390 1514 493 1542 nem.

226 1554 326 1593 Item,
348 1553 389 1588 in
413 1553 474 1589 his
497 1562 583 1598 quae
601 1555 725 1598 agunt
742 1555 902 1599 propter
921 1551 1054 1595 finem,
1078 1551 1213 1588 omnia
1242 1550 1477 1588 intermedia
1506 1550 1610 1587 inter
1628 1551 1802 1597 primum

179 1609 306 1646 agens
328 1603 365 1635 et
396 1600 579 1636 ultimum
612 1599 731 1636 finem
764 1605 855 1636 sunt
885 1598 985 1636 fines
1006 1602 1187 1645 respectu
1208 1598 1384 1644 priorum
1407 1601 1444 1635 et
1459 1598 1654 1644 principia
1675 1599 1803 1636 activa

178 1651 363 1692 respectu
384 1647 651 1693 sequentium.
671 1647 709 1684 Si
732 1646 853 1693 igitur
869 1649 1036 1682 conatus
1058 1646 1212 1692 agentis
1233 1654 1312 1683 non
1342 1648 1402 1683 est
1429 1646 1479 1682 ad
1509 1645 1659 1692 aliquid
1681 1646 1804 1682 deter-

179 1693 388 1738 minatum,
409 1694 479 1730 sed
506 1694 683 1730 actiones
705 1693 823 1739 (sicut
843 1693 990 1730 dictum
1008 1692 1082 1739 est)
1100 1692 1318 1739 procedunt
1336 1692 1378 1729 in
1410 1691 1626 1737 infinitum,
1649 1696 1805 1739 oportet

179 1741 376 1787 principia
408 1741 534 1777 activa
568 1741 610 1776 in
643 1739 841 1777 infinitum
874 1739 1109 1785 procedere3
1129 1739 1234 1786 quod
1254 1743 1313 1776 est
1333 1739 1598 1785 impossibile,
1621 1743 1663 1776 ut
1682 1749 1804 1785 supra

181 1792 387 1839 ostensum
410 1791 483 1824 est.
517 1790 686 1825 Necesse
708 1791 769 1823 est
789 1787 911 1834 igitur
942 1786 1048 1833 quod
1068 1790 1235 1824 conatus
1257 1787 1412 1833 agentis
1426 1787 1479 1824 sit
1496 1786 1546 1824 ad
1566 1786 1717 1834 aliquid
1737 1787 1803 1825 de-

180 1838 452 1872 terminatum.

195 1886 210 1902 ²
227 1881 372 1921 Adhuc,
395 1890 514 1918 omne
545 1890 669 1927 agens
694 1881 755 1917 vel
774 1881 855 1927 agit
874 1890 943 1927 per
963 1885 1145 1918 naturam
1166 1880 1226 1916 vel
1246 1889 1316 1925 per
1338 1879 1596 1917 intellectum.
1613 1881 1666 1917 De
1687 1889 1804 1927 agen-

181 1927 289 1964 tibus
317 1931 447 1964 autem
481 1937 550 1973 per
579 1928 822 1964 intellectum
852 1936 932 1965 non
954 1931 1015 1965 est
1035 1927 1198 1964 dubium
1220 1926 1318 1973 quin
1338 1930 1458 1973 agant
1474 1931 1634 1973 propter
1652 1926 1772 1964 finem
1792 1939 1801 1972 ;

182 1978 306 2020 agunt
334 1974 440 2011 enim
475 1975 830 2020 praeconcipientes
863 1975 905 2010 in
938 1975 1141 2011 intellectu
1169 1973 1208 2010 id
1228 1973 1335 2020 quod
1355 1982 1425 2019 per
1445 1974 1642 2010 actionem
1661 1982 1803 2011 conse-

183 2024 372 2068 quuntur,
389 2025 426 2058 et
447 2031 495 2058 ex
528 2022 596 2057 tali
625 2022 968 2068 praeconceptione
995 2025 1140 2068 agunt;
1163 2021 1239 2057 hoc
1259 2021 1364 2057 enim
1386 2023 1447 2057 est
1467 2030 1583 2067 agere
1601 2030 1671 2066 per
1689 2021 1805 2057 intel-

182 2067 343 2105 lectum.
367 2069 476 2107 Sicut
495 2072 626 2105 autem
645 2068 685 2104 in
710 2068 911 2105 intellectu
936 2068 1266 2114 praeconcipiente
1305 2067 1439 2104 existit
1467 2071 1551 2104 tota
1580 2067 1804 2105 similitudo

183 2114 362 2160 effectus,
382 2115 429 2152 ad
469 2125 587 2161 quam
619 2125 688 2161 per
719 2115 896 2152 actiones
936 2115 1196 2162 intelligentis
1230 2114 1472 2160 pervenitur,
1495 2114 1551 2151 ita
1581 2115 1621 2151 in
1663 2119 1806 2152 avente

181 2162 354 2199 naturali
386 2162 602 2209 praeexistit
632 2162 852 2199 similitudo
880 2163 1074 2199 naturalis
1108 2160 1287 2205 effectus,
1310 2171 1357 2198 ex
1383 2170 1459 2208 qua
1480 2161 1584 2199 actio
1617 2161 1666 2199 ad
1728 2171 1806 2200 unc

183 2207 367 2261 effectum
388 2209 694 2246 determinatur:
717 2218 809 2246 nam
841 2209 948 2256 ignis
976 2213 1138 2256 generat
1169 2209 1302 2256 ignem
1332 2212 1370 2245 et
1390 2208 1496 2245 oliva
1515 2208 1674 2245 olivam.
1696 2209 1807 2246 Sicut

183 2256 306 2302 igitur
323 2265 446 2303 agens
469 2266 538 2302 per
558 2256 801 2293 intellectum
821 2257 946 2293 tendit
966 2257 1006 2293 in
1037 2256 1157 2293 finem
1190 2255 1493 2293 determinatum
1515 2265 1584 2302 per
1603 2265 1718 2293 suam
1740 2265 1805 2293 ac-

181 2303 347 2348 tionem,
369 2304 425 2341 ita
444 2312 566 2350 agens
586 2313 656 2349 per
675 2307 870 2340 naturam.
893 2305 1016 2341 Omne
1037 2303 1160 2350 igitur
1180 2312 1303 2349 agens
1325 2302 1408 2350 agit
1427 2306 1586 2348 propter
1604 2302 1760 2348 finem.,

228 2351 412 2396 Amplius,
435 2354 642 2396 peccatum
663 2359 744 2388 non
763 2351 966 2387 invenitur
985 2351 1064 2388 nisi
1099 2351 1140 2387 in
1174 2350 1238 2387 his
1259 2359 1345 2397 quae
1367 2353 1461 2386 sunt
1482 2353 1642 2396 propter
1657 2349 1776 2386 finem
1792 2361 1802 2395 ;
1821 2369 1826 2372 -

182 2406 256 2434 nec
276 2398 381 2434 enim
402 2398 619 2444 imputatur
639 2397 758 2435 alicui
780 2398 827 2434 ad
845 2402 1051 2444 peccatum
1072 2397 1107 2435 si
1128 2396 1285 2434 deficiat
1304 2396 1352 2434 ab
1373 2405 1420 2434 eo
1436 2396 1485 2433 ad
1503 2396 1608 2444 quod
1623 2406 1705 2434 non
1723 2400 1802 2440 est;

181 2445 338 2482 medico
359 2445 464 2481 enim
486 2445 702 2491 imputatur
722 2444 770 2481 ad
790 2449 996 2490 peccatum
1030 2444 1064 2482 si
1083 2443 1241 2482 deficiat
1261 2453 1284 2481 a
1301 2444 1483 2481 sanando
1504 2448 1700 2488 naturam,
1722 2452 1803 2480 non

183 2496 313 2528 autem
337 2491 565 2529 aedificatori
597 2495 665 2529 aut
695 2492 967 2539 grammatico.
990 2492 1064 2530 Sed
1100 2495 1306 2538 peccatum
1327 2491 1554 2528 invenimus
1573 2491 1613 2527 in
1632 2491 1695 2528 his
1715 2499 1804 2536 quae

182 2537 282 2589 fiunt
301 2539 521 2576 secundum
539 2542 677 2583 artem,
701 2539 805 2576 sicut
824 2549 947 2586 quum
966 2538 1251 2586 grammaticus
1270 2547 1352 2575 non
1372 2542 1476 2574 recte
1497 2537 1686 2584 loquitur,
1703 2540 1741 2573 et
1761 2537 1804 2573 in

182 2584 247 2621 his
267 2595 354 2631 quae
385 2590 478 2623 sunt
510 2586 730 2623 secundum
764 2590 945 2623 naturam
976 2586 1079 2624 sicut
1115 2589 1222 2632 patet
1248 2585 1290 2622 in
1308 2585 1500 2632 partubus
1517 2584 1801 2621 monstruosis.

183 2632 284 2677 Ergo
305 2636 384 2684 tam
416 2642 540 2680 agens
568 2633 789 2670 secundum
826 2637 1007 2671 naturam
1040 2642 1159 2681 quam
1180 2640 1304 2680 agens
1339 2631 1560 2670 secundum
1578 2634 1701 2667 artem
1722 2634 1761 2667 et
1780 2639 1804 2667 a

183 2683 419 2724 propositio,
441 2680 524 2726 agit
543 2683 703 2726 propter
724 2679 856 2716 finem.

230 2724 329 2768 Item,
353 2725 387 2761 si
408 2735 530 2772 agens
551 2736 632 2764 non
650 2726 828 2763 tenderet
848 2726 897 2764 ad
916 2727 1090 2773 aliquem
1111 2725 1295 2763 effectum
1323 2723 1640 2763 determinatum,
1662 2731 1803 2762 omnes

184 2769 349 2808 effectus
385 2777 520 2808 essent
549 2773 584 2809 ei
618 2773 905 2811 indifferentes.
928 2773 1039 2818 Quod
1076 2777 1207 2810 autem
1239 2770 1511 2808 indifferenter
1540 2779 1584 2807 se
1610 2769 1727 2806 habet
1753 2770 1803 2808 ad

182 2817 309 2854 multa
329 2825 409 2854 non
430 2819 558 2865 magis
579 2828 703 2856 unum
724 2829 859 2857 eorum
882 2825 1068 2866 operatur
1087 2829 1205 2867 quam
1225 2817 1356 2862 aliud;
1375 2816 1480 2853 unde
1502 2826 1525 2853 a
1544 2817 1803 2863 contingente

185 2863 234 2901 ad
264 2867 474 2911 utrumque
508 2874 589 2901 non
625 2867 805 2912 sequitur
825 2867 971 2914 aliquis
992 2866 1156 2903 effectus
1178 2864 1256 2902 nisi
1275 2873 1345 2910 per
1364 2863 1514 2910 aliquid
1549 2864 1655 2910 quod
1675 2864 1802 2902 deter-

184 2910 357 2948 minetur
387 2911 436 2948 ad
462 2920 600 2948 unum.
630 2913 882 2959 Impossibile
914 2914 1035 2959 igitur
1064 2915 1173 2949 esset
1207 2910 1314 2959 quod
1352 2914 1498 2957 ageret.
1530 2910 1654 2948 Omne
1681 2910 1804 2957 igitur

1892 182 1894 187 .
1876 0 1894 167 ...ἐρ-..ἕ
