1894 3223
125 139 193 175 478
723 133 810 171 ΠΒ.
840 135 904 176 111,
932 135 1034 172 CAP.
1063 135 1161 173 CLV.

775 284 944 325 CAPUT
987 284 1099 327 CLV.

231 403 333 438 QUOD
359 402 467 431 HOMO
493 402 654 432 INDIGET
677 403 815 433 Drleo
840 403 1001 432 AUXILIO
1026 404 1080 433 AD
1104 404 1444 435 PERSEVERANDUM
1464 403 1506 435 ῘΝ
1531 406 1646 436 BONO·

124 553 148 590 b
173 505 323 552 Indiget
340 504 456 542 etiam
485 503 607 542 homo
627 504 769 542 divinae
799 505 934 553 gratiae
962 505 1110 544 auxilio
1138 505 1188 544 ad
1215 505 1293 544 hoc
1324 507 1429 554 quod
1463 511 1687 555 perseveret
1714 508 1755 545 in

153 561 245 589 ono.

173 600 296 636 Omne
317 599 422 636 enim
443 598 549 645 quod
564 598 611 635 de
630 608 673 636 se
693 601 754 636 est
772 599 974 643 variabile,
996 600 1042 637 ad
1062 599 1141 637 hoc
1158 600 1264 647 quod
1284 600 1428 648 figatur
1445 601 1486 637 in
1507 610 1588 638 uno
1608 602 1758 649 indiget

124 646 270 683 auxilio
292 646 460 692 alicujus
479 646 674 683 moventis
694 646 922 684 immobilis.
946 649 1071 684 Homo
1090 650 1220 684 autem
1237 648 1434 685 variabilis
1452 650 1512 684 est
1531 651 1569 684 et
1587 648 1633 685 de
1650 649 1757 686 malo

123 693 164 730 in
188 692 337 729 bonum
359 696 396 729 et
415 693 461 729 de
482 693 589 729 bono
608 693 649 729 in
669 693 832 730 malum.
847 693 901 731 Ad
923 692 999 731 hoc
1019 694 1137 741 igitur
1168 695 1272 741 quod
1305 695 1556 731 immobiliter
1575 704 1756 741 perseve-

123 742 183 777 ret
203 740 241 776 in
260 740 381 783 bono,
404 740 509 786 quod
529 742 590 777 est
608 749 874 785 perseverare,
895 741 1046 788 indiget
1064 741 1209 778 auxilio
1231 742 1375 778 divino.

171 787 314 827 Adhuc,
337 787 385 824 ad
405 786 503 823 illud
520 787 626 833 quod
647 787 798 823 excedit
830 788 932 825 vires
958 787 1068 825 liberi
1102 788 1248 826 arbitrii
1279 788 1429 836 indiget
1456 788 1577 826 homo
1609 788 1757 827 auxilio

125 833 264 870 divinae
285 834 431 881 gratiae.
454 834 525 870 Sed
546 834 669 870 virtus
690 834 801 871 liberi
823 835 970 871 arbitrii
1004 844 1085 872 non
1116 845 1159 872 se
1180 836 1353 872 extendit
1377 835 1425 872 ad
1446 835 1555 873 hunc
1572 834 1756 872 effectum

125 880 192 927 qui
214 883 273 917 est
292 890 544 927 perseverare
564 880 733 917 finaliter
751 880 790 917 in
811 881 943 926 bono;
967 882 1070 928 quod
1094 882 1151 919 sic
1176 885 1294 929 patet.
1322 884 1501 920 Potestas
1522 882 1627 919 enim
1645 882 1758 919 liberi

125 927 272 964 arbitrii
294 930 353 964 est
375 931 557 973 respectu
578 936 716 964 eorum
730 937 815 974 quae
831 929 905 966 sub
924 929 1115 966 electione
1133 930 1279 967 cadunt
1296 942 1305 974 3
1327 929 1432 976 quod
1451 932 1584 967 autem
1602 929 1651 966 eli
1681 929 1760 966 itur

125 978 186 1011 est
204 975 362 1021 aliquod
379 975 612 1021 particulare
634 975 845 1021 operabile‚
868 976 1102 1020 particulare
1122 979 1253 1013 autem
1274 976 1472 1022 operabile
1491 978 1552 1014 est
1571 985 1649 1022 quo
1697 978 1759 1013 est

124 1020 189 1059 hic
208 1024 244 1058 et
265 1031 393 1066 nunc;
415 1022 520 1068 quod
543 1022 661 1069 igitur
681 1022 784 1058 cadit
821 1023 896 1060 sub
929 1025 1119 1068 potestate
1156 1023 1267 1060 liberi
1299 1024 1445 1061 arbitrii
1466 1026 1526 1061 est
1552 1023 1696 1070 aliquid
1715 1025 1759 1060 ut

126 1077 233 1105 nunc
253 1069 522 1114 operandum3
545 1078 796 1115 perseverare
818 1072 948 1106 autem
974 1079 1052 1107 non
1070 1070 1160 1107 dicit
1176 1070 1323 1117 aliquid
1345 1073 1386 1107 ut
1415 1080 1522 1107 nunc
1542 1070 1755 1116 operabile,

126 1115 197 1153 sed
218 1117 554 1153 continuationem
575 1116 815 1162 operationis
842 1126 911 1162 per
929 1119 1055 1154 totum
1075 1120 1231 1163 tempus
1248 1130 1256 1160 ;
1277 1118 1351 1154 iste
1370 1117 1490 1165 igitur
1505 1117 1669 1154 effectus
1689 1117 1757 1162 qui

127 1165 188 1199 est
204 1172 454 1208 perseverare
470 1163 510 1199 in
529 1164 635 1200 bono
657 1166 717 1199 est
743 1172 864 1209 supra
892 1166 1125 1209 potestatem
1147 1165 1258 1201 liberi
1287 1164 1446 1201 arbitrii.
1468 1164 1619 1211 Indiget
1638 1164 1759 1211 igitur

125 1208 261 1254 homo,
284 1209 331 1246 ad
352 1210 682 1255 perseverandum
703 1210 743 1246 in
764 1210 885 1254 bono,
908 1211 1053 1247 auxilio
1074 1211 1212 1248 divinae
1232 1212 1379 1259 gratiae.

173 1257 355 1301 Amplius,
382 1256 472 1293 licet
502 1256 623 1293 homo
643 1266 712 1301 per
730 1257 971 1294 voluntatem
993 1260 1029 1294 et
1061 1258 1227 1294 liberum
1257 1258 1458 1295 arbitrium
1492 1257 1542 1295 sit
1569 1257 1758 1295 dominus

127 1303 190 1340 sui
210 1306 335 1351 actus,
359 1312 439 1340 non
467 1306 597 1340 tamen
634 1306 694 1340 est
725 1303 910 1341 dominus
942 1313 1103 1341 suarum
1139 1305 1377 1342 naturalium
1406 1305 1695 1351 potentiarum3
1718 1306 1758 1341 et

125 1349 229 1394 ideo,
248 1349 341 1386 licet'
352 1350 448 1386 liber
469 1351 519 1387 sit
537 1350 584 1386 ad
605 1351 818 1386 volendum
839 1351 898 1387 vel
920 1352 967 1388 ad
999 1355 1079 1388 non
1102 1352 1313 1388 volendum
1335 1352 1496 1398 aliquid,
1519 1361 1599 1388 non
1621 1354 1756 1387 tamen

125 1397 296 1433 volendo
321 1398 448 1433 facere
467 1397 712 1443 potestquod
732 1397 935 1441 voluntas,
958 1399 995 1434 in
1023 1407 1070 1435 eo
1091 1399 1195 1444 quod
1227 1399 1322 1442 vult,
1340 1398 1388 1435 ad
1408 1398 1447 1435 id
1468 1399 1573 1445 quod
1592 1398 1676 1435 vult
1693 1398 1756 1435 vel

126 1443 234 1489 eligit
253 1443 504 1480 immobiliter
523 1453 566 1481 se
583 1443 738 1480 babeat.
763 1445 843 1480 Hoc
863 1447 990 1481 autem
1021 1445 1231 1491 requiritur
1265 1445 1313 1481 ad
1346 1445 1691 1491 perseverantiam,
1713 1447 1758 1481 ut

127 1490 277 1527 scilicet
293 1491 475 1527 voluntas
497 1490 537 1527 in
558 1490 664 1527 bono
683 1490 935 1527 immobiliter
960 1494 1202 1538 permaneat.
1225 1492 1519 1528 perseverantia
1537 1491 1656 1538 igitur
1674 1500 1756 1528 non

126 1540 187 1574 est
205 1536 245 1573 in
260 1540 451 1582 potestate
473 1537 583 1574 liberi
597 1537 755 1574 arbitrii.
773 1538 933 1584 Oportet
946 1538 1062 1585 igitur
1077 1539 1218 1576 adesse
1235 1539 1386 1575 homini
1401 1539 1591 1576 auxilium
1617 1538 1759 1575 divinae

126 1584 259 1631 gratiae
280 1584 326 1621 ad
348 1584 424 1621 hoc
445 1587 486 1622 ut
504 1586 740 1630 perseveret.

173 1633 360 1671 Praeterea,
385 1632 417 1668 si
439 1635 532 1668 sunt
558 1632 673 1678 plura
701 1631 859 1678 agentia
889 1633 1106 1676 succesive,
1135 1642 1302 1679 quorum
1341 1633 1489 1671 scilicet
1509 1641 1633 1670 unum
1666 1634 1758 1680 agat

125 1680 217 1724 post
233 1678 427 1715 actionem
446 1679 621 1724 alterius,
643 1678 884 1716 continuitas
905 1680 1070 1717 actionis
1092 1681 1257 1717 istorum
1287 1689 1366 1717 non
1388 1684 1518 1727 potest
1533 1680 1688 1717 causari
1709 1689 1757 1717 ex

125 1726 259 1771 aliquo
290 1734 369 1762 uno
390 1726 572 1770 istorum,
603 1725 695 1773 quia
725 1725 880 1762 nullum
916 1736 1052 1764 eorum
1084 1737 1239 1773 semper
1269 1728 1374 1775 agit3
1398 1737 1471 1764 nec
1490 1737 1536 1764 ex
1553 1726 1754 1771 omnibus,

125 1772 218 1818 quia
238 1781 319 1808 non
341 1773 457 1809 simul
479 1775 626 1819 agunt:
650 1772 753 1810 unde
776 1776 930 1818 oportet
950 1774 1053 1820 quod
1087 1779 1274 1811 causetur
1309 1774 1357 1811 ab
1389 1775 1522 1821 aliquo
1559 1773 1755 1819 superiori

125 1819 230 1865 quod
252 1828 407 1865 semper
427 1823 529 1867 agat,
553 1820 655 1856 sicut
678 1819 944 1865 Philosophus
959 1821 1098 1866 probat
1118 1821 1304 1868 (puysie,
1320 1830 1408 1866 vm,
1428 1824 1521 1858 text.
1544 1829 1687 1858 comm.
1708 1822 1756 1857 49

125 1869 163 1902 et
183 1866 298 1912 infra>
322 1866 426 1912 quod
448 1867 686 1903 continuitas
707 1867 973 1913 generationis
990 1868 1028 1904 in
1051 1868 1289 1905 animalibus
1318 1870 1505 1905 causatur
1539 1868 1587 1904 ab
1620 1867 1756 1910 aliquo

124 1912 319 1957 superiori
340 1914 592 1958 sempiterno.
619 1915 818 1950 Ponamus
848 1916 977 1950 autem
1012 1915 1181 1961 aliquem
1215 1918 1530 1961 perseverantem
1562 1914 1602 1950 in
1630 1914 1752 1951 bono.

123 1960 167 1995 In
190 1968 236 1995 eo
257 1959 374 2006 igitur
392 1963 485 1996 sunt
502 1960 614 1996 multi
633 1963 765 1996 motus
787 1960 896 1996 liberi
915 1961 1060 1997 arbitrii
1080 1962 1120 1997 in
1139 1962 1287 1998 bonum
1316 1961 1537 2005 tendenteS,
1560 1961 1633 1998 sibi
1656 1961 1757 1997 invi-

124 2014 209 2042 cem
231 2006 490 2043 succedentes
512 2016 637 2053 usque
658 2007 705 2043 ad
733 2006 865 2043 finem.
888 2007 1011 2053 Hujus
1033 2008 1150 2055 igitur
1169 2008 1479 2045 continuationis
1510 2008 1618 2052 boni,
1648 2008 1754 2054 quod

124 2055 185 2089 est
204 2054 507 2098 perseverantia,
531 2063 609 2090 non
631 2055 760 2099 potest
792 2062 882 2090 esse
915 2063 1037 2091 causa
1069 2055 1212 2101 aliquis
1243 2055 1412 2092 istorum
1445 2058 1640 2098 motuum,
1663 2055 1757 2101 quia

123 2099 261 2136 nullus
297 2108 433 2136 eorum
463 2109 619 2146 semper
648 2100 785 2143 durat3
808 2110 880 2137 nec
913 2110 1052 2138 omnes
1086 2102 1211 2139 simul,
1246 2102 1352 2149 quia,
1388 2111 1478 2139 cum
1518 2111 1598 2139 non
1635 2101 1754 2139 simul

123 2146 215 2190 sint,
238 2155 318 2183 non
340 2150 509 2192 possunt
527 2147 645 2184 simul
666 2147 812 2193 aliquid
832 2157 1011 2185 causare.
1034 2149 1253 2195 Reliquitur
1272 2158 1366 2196 ergo
1399 2148 1505 2195 quod
1535 2148 1613 2186 ista
1632 2148 1757 2185 conti-

123 2193 258 2230 nuatio
277 2196 462 2230 causetur
482 2194 529 2231 ab
550 2194 683 2241 aliquo
705 2194 912 2239 superiori.
934 2195 1087 2243 Indiget
1105 2195 1224 2244 igitur
1236 2195 1357 2233 homo
1370 2196 1516 2233 auxilio
1537 2195 1757 2242 superioris

123 2240 256 2287 gratiae
277 2241 324 2277 ad
345 2241 675 2286 perseverandum
696 2241 737 2277 in
758 2242 878 2279 bono.

168 2288 268 2331 Item,
292 2288 325 2324 si
346 2291 439 2324 sunt
457 2289 581 2325 multa
602 2288 780 2326 ordinata
799 2289 847 2325 ad
871 2298 994 2326 unum
1016 2288 1149 2333 finem,
1170 2292 1277 2327 totus
1304 2290 1402 2327 ordo
1428 2299 1581 2335 eorum,
1603 2298 1756 2337 quous-

121 2343 197 2380 que
219 2335 468 2379 pervenerint
490 2335 538 2372 ad
567 2335 700 2380 finem,
722 2337 783 2372 est
814 2345 837 2372 a
868 2336 994 2381 primo
1022 2339 1163 2384 agente
1196 2337 1387 2384 dirigente
1419 2336 1458 2373 in
1487 2336 1619 2373 finem.
1643 2339 1684 2373 In
1706 2346 1755 2374 eo

121 2383 251 2417 autem
271 2382 337 2428 qui
354 2384 580 2427 perseverat
597 2382 637 2418 in
657 2382 764 2419 bono
786 2386 880 2419 sunt
899 2383 1012 2420 multi
1032 2386 1166 2421 motus
1187 2386 1225 2421 et
1244 2384 1377 2421 multae
1410 2384 1589 2421 actiones
1607 2384 1754 2430 pertin-

121 2431 259 2474 gentes
281 2429 329 2465 ad
349 2438 473 2466 unum
494 2429 627 2466 finem.
647 2429 806 2475 Oportet
818 2429 937 2477 igitur
956 2431 1061 2477 quod
1083 2433 1189 2468 totus
1210 2431 1307 2468 ordo
1326 2431 1495 2468 istorum
1517 2436 1696 2467 motuum
1717 2434 1754 2467 et

121 2475 322 2512 actionum
345 2479 532 2514 causetur
545 2486 567 2513 a
587 2476 713 2522 primo
726 2476 917 2524 dirigente
936 2477 975 2513 in
991 2477 1124 2514 finem.
1148 2479 1362 2515 ostensum
1378 2482 1438 2515 est
1452 2482 1582 2515 autem
1604 2478 1652 2524 (c,
1672 2478 1751 2522 147)

121 2522 224 2567 quod
247 2532 316 2567 per
335 2523 525 2560 auxilium
545 2523 685 2560 divinae
702 2523 836 2571 gratiae
855 2523 1078 2572 diriguntur
1102 2524 1143 2561 in
1166 2525 1346 2562 ultimum
1367 2524 1500 2562 finem.
1531 2525 1654 2572 Igitur
1685 2533 1756 2570 per

120 2569 309 2622 auxilium
327 2570 468 2607 divinae
488 2570 622 2618 gratiae
639 2573 700 2607 est
714 2573 822 2608 totus
843 2571 940 2609 ordo
962 2573 1000 2608 et
1015 2571 1261 2609 continuatio
1290 2572 1489 2609 bonorum
1521 2580 1685 2618 operum
1712 2571 1752 2606 in

121 2622 168 2650 eo
187 2625 253 2661 qui
279 2620 504 2662 perseverat
522 2617 560 2654 in
580 2617 700 2654 bono.

169 2662 264 2698 Hinc
285 2666 345 2699 est
363 2664 469 2710 quod
491 2664 631 2701 dicitur
650 2677 658 2700 z
684 2664 754 2708 Qui
783 2666 889 2710 coepit
906 2666 945 2700 in
974 2665 1076 2701 vobis
1106 2675 1196 2710 opus
1217 2666 1358 2711 bonum,
1384 2666 1545 2711 perficiet
1578 2673 1690 2708 usque
1712 2665 1753 2699 in

120 2706 214 2742 diem
241 2709 327 2744 ‘Jesu
361 2711 496 2747 Christi
527 2711 650 2758 (Phia,
683 2720 709 2754 Ι,
749 2712 809 2757 6);
844 2715 910 2748 et:
933 2714 1027 2748 Deus
1055 2714 1170 2748 omnis
1200 2714 1341 2757 mattae,
1363 2714 1427 2758 qui
1454 2712 1594 2747 vocavit
1621 2720 1683 2745 nos
1712 2712 1752 2745 in

119 2756 290 2789 aeternam
309 2757 464 2799 {florium
480 2768 584 2793 suam
603 2760 643 2794 in
668 2759 808 2795 Christo
824 2761 920 2803 ἄθεα,
942 2760 1121 2795 modicum
1136 2769 1262 2804 passos
1278 2761 1355 2805 ipse
1370 2759 1541 2804 perficiet,
1564 2759 1753 2802 confirma-

122 2799 173 2836 bit
187 2801 439 2853 solidabitque.
465 2804 497 2849 (I
514 2806 628 2849 petr„
650 2814 691 2849 v,
715 2805 786 2852 10.)
805 2805 1062 2842 Inveniuntur
1081 2805 1199 2843 'etiam
1220 2807 1260 2842 in
1275 2815 1389 2842 sacra
1401 2804 1597 2849 Scriptura
1617 2804 1751 2841 multae

121 2850 320 2884 orationes
341 2849 484 2895 quibus
513 2861 535 2886 a
564 2853 643 2888 Deo
677 2853 821 2898 petitur
852 2853 1156 2898 perseverantia,
1178 2852 1280 2889 sicut
1296 2853 1335 2888 in
1357 2851 1567 2887 Psalmista
1587 2862 1594 2886 :
1617 2852 1752 2895 Perfice

121 2903 261 2938 gressus
279 2905 372 2931 meos
391 2897 430 2930 in
446 2898 581 2932 semitis
605 2900 690 2943 tuis,
710 2903 751 2934 ut
770 2909 842 2934 non
872 2903 1082 2935 moveantur
1114 2901 1268 2944 vestiqia
1299 2907 1378 2934 mea
1407 2897 1556 2939 (Psalm.
1578 2905 1661 2938 XVI,
1684 2898 1720 2944 5)
1738 2909 1749 2943 ;
