1803 3223
47 68 102 102 XX
386 65 521 100 BERN.
548 63 705 99 MARIAE
732 62 792 97 DE
818 62 985 98 RUBEIS
1011 61 1322 99 DISSERTATIO.

45 167 144 206 licet
164 165 278 216 quod
297 167 407 211 sunt,
429 166 471 204 et
491 163 611 202 honae
632 163 729 200 sunt
753 172 763 199 :
782 159 841 201 ita
869 163 1014 200 tamen
1041 160 1352 211 imperfectum,
1374 162 1487 213 quod
1510 162 1563 201 ad
1584 163 1655 202 de-

46 230 286 271 clarandam
322 228 451 278 ipsius
488 226 561 266 Dei
600 224 875 264 substantiam
914 225 1086 265 omnino
1130 225 1383 266 insufficiens
1426 225 1654 265 invenitur.

46 293 207 334 Habent
221 293 332 332 enim
353 291 524 331 effectus
540 299 711 328 suarum
732 299 952 329 causarum
967 301 1042 329 suo
1065 290 1189 329 modo
1207 290 1542 339 similitudinem,
1559 301 1657 329 cum

46 369 172 409 agens
193 359 286 407 agat
306 355 380 394 sibi
402 354 534 393 simile
557 365 567 391 ε
589 364 677 391 non
695 355 837 392 tamen
855 353 1028 393 effectus
1046 355 1098 393 ad
1118 354 1346 404 perfectam
1368 355 1528 406 agentis
1548 354 1658 393 simi-

46 421 267 460 litudinem
286 429 450 467 semper
465 415 677 467 pertingit.
693 417 884 456 Humana
904 417 1032 469 igitur
1052 416 1108 469 (et
1128 417 1279 469 creata)
1301 418 1405 457 ratio
1427 419 1479 457 ad
1509 429 1659 470 cogno·

47 485 294 524 cendam...
323 482 503 521 divinam
539 479 831 528 substantiam,
851 480 908 519 ita
936 492 979 519 se
1009 480 1136 520 habet
1171 482 1283 532 quod
1312 482 1363 521 ad
1401 493 1493 522 eam
1521 484 1658 532 potest

47 548 204 599 aliquas
225 558 338 586 veras
371 543 665 584 similitudines
701 544 928 595 colligere:
951 556 1044 594 quae
1072 548 1215 584 tamen
1245 556 1332 584 non
1365 545 1577 585 sufficiunt
1606 545 1658 585 ad

45 613 146 653 hoc.
164 642 172 650 .
191 642 199 650 .
228 610 339 660 quod
356 621 430 659 per
446 620 490 648 se
507 608 720 649 intellecta
737 606 1134 658 comprehendatur,
1157 612 1229 648 aut
1247 609 1499 659 percipialur
1520 609 1659 660 cujus-

49 675 163 716 modi
187 674 309 713 estin
330 685 373 713 se
394 687 432 711 n.

97 739 213 780 Ideas
231 738 395 777 innatas
410 737 566 777 invexit
596 737 698 777 olim
737 736 1002 788 philosophia
1039 736 1263 787 platonica,
1295 749 1423 788 quam
1454 738 1659 778 Cartesius

46 804 216 843 demum
247 801 505 841 instauravit.
527 802 617 841 Imo
647 801 867 840 essentiam
900 801 1067 840 divinan
1094 800 1290 840 Nicolaus
1327 801 1660 840 Malebranchius

46 867 204 914 statuit,
229 878 322 917 quae
356 866 486 905 menti
517 869 667 905 ereatae
703 866 820 904 unita
840 865 1016 915 seipsam
1037 867 1255 914 utcunque
1275 865 1523 904 intuendam
1542 864 1657 903 exhi-

45 932 155 980 beat,
178 943 226 971 ac
260 942 401 970 rerum
422 934 659 970 creatarum
690 930 742 969 sit
773 929 999 980 archetypa
1028 929 1135 969 idea.
1157 929 1263 968 Hinc
1296 929 1442 968 lumen
1466 928 1661 979 (reponat

46 995 282 1047 quispiam),
306 1007 390 1045 quo
412 1005 530 1034 niens
551 998 691 1034 creata
706 994 937 1045 cognoscit,
958 997 1032 1033 aut
1049 993 1300 1045 cognitionis
1333 993 1585 1045 principium
1606 992 1657 1034 ab

44 1061 157 1100 hisce
188 1059 340 1098 innatis
376 1058 494 1107 ideis,
513 1059 576 1098 vel
608 1059 737 1099 etiam
774 1059 825 1098 ab
857 1059 1036 1099 essentia
1064 1058 1202 1098 divina
1234 1058 1482 1098 desumitur.
1507 1057 1659 1105 Quidni

45 1125 154 1164 ultra
175 1123 345 1172 limites,
367 1135 470 1174 quos
491 1123 801 1172 constituimus,
820 1135 910 1162 sese
932 1122 1183 1173 protendere
1202 1122 1308 1162 vires
1326 1125 1476 1163 creatae
1507 1122 1659 1164 mentis

45 1189 222 1228 valeant.
239 1188 284 1228 Id
305 1199 402 1227 sane
414 1188 672 1238 reposuerim
688 1199 782 1240 ego,
797 1199 882 1227 non
897 1199 983 1227 esse
1004 1198 1152 1227 eorum
1174 1188 1411 1233 consilium,
1429 1188 1501 1238 qui
1514 1187 1659 1238 hujus·

45 1253 157 1293 modi
178 1253 290 1293 ideas
322 1252 582 1292 invexerunt.
607 1254 797 1293 Creatam
830 1255 1016 1292 mentem
1036 1252 1185 1291 intima
1206 1252 1462 1292 conscientia
1482 1254 1658 1304 seipsam

44 1330 164 1358 nosse
183 1318 369 1357 fatentur
388 1317 474 1366 illi;
508 1320 551 1357 et
579 1316 678 1357 hinc
711 1317 799 1357 sine
828 1316 955 1357 dubio
987 1316 1236 1368 cognitionis
1267 1317 1378 1357 illius
1404 1317 1658 1368 principium

45 1383 238 1431 sumitur,
261 1394 354 1433 quae
384 1383 586 1422 naturalis
614 1385 679 1422 est
707 1392 755 1421 ac
774 1381 1024 1432 appellatur.
1044 1381 1191 1432 Itaque
1220 1380 1424 1431 quidquid
1456 1381 1559 1422 ideae
1591 1382 1658 1421 in-

44 1450 153 1487 natae
184 1450 256 1486 aut
285 1447 374 1498 ipsa
405 1446 542 1486 divina
581 1446 759 1486 essentia
789 1445 1012 1485 exhibeant
1044 1456 1093 1485 ac
1124 1448 1440 1495 repraesentent,
1462 1445 1505 1486 id
1533 1457 1660 1486 omne

45 1511 289 1551 exhibeatur
308 1514 474 1561 oportet
489 1522 537 1550 ac
553 1513 894 1561 repraesentetur,
910 1510 962 1549 ad
977 1509 1238 1550 efficiendam
1258 1511 1495 1550 naturalem
1523 1511 1661 1563 cogni-

43 1576 218 1625 tionem,
235 1587 332 1616 cum
352 1576 537 1627 quodam
558 1586 805 1615 commensu
818 1575 870 1614 ad
891 1578 1087 1614 naturam
1108 1578 1150 1615 et
1169 1575 1343 1614 modum
1364 1574 1494 1624 ipsius
1508 1578 1659 1615 creatae

45 1641 209 1689 mentis,
234 1652 283 1680 ex
302 1652 385 1691 qua
403 1640 607 1679 naturalis
626 1640 813 1690 ejusdem
847 1638 1095 1690 cognitionis
1123 1639 1317 1679 hauritur
1350 1639 1495 1678 lumen
1527 1640 1657 1679 sumi-

43 1709 196 1755 turque
236 1705 501 1755 principium.
526 1703 632 1751 Quid
666 1705 778 1744 enim
810 1707 889 1754 est,
911 1716 968 1753 v.‚
990 1715 1046 1755 g„
1066 1714 1139 1743 ens
1159 1703 1510 1753 perfectissimum
1545 1703 1659 1754 quod

45 1770 175 1809 menti
197 1769 453 1818 obversatur,
474 1769 553 1808 nisi
573 1781 639 1808 res
663 1770 872 1820 quaedam,
889 1781 913 1808 a
933 1780 1015 1819 qua
1035 1767 1375 1818 imperfectiones
1395 1778 1660 1808 removemus

45 1845 145 1883 quas
175 1834 380 1881 novimus,
399 1837 442 1873 et
473 1834 517 1872 in
544 1845 671 1884 quam
706 1834 984 1884 perfectiones
1015 1845 1161 1873 omnes
1193 1833 1456 1873 refundimus
1485 1845 1588 1884 quas
1615 1833 1660 1873 in

45 1899 243 1937 creaturis
275 1897 658 1948 deprehendimus?
689 1898 795 1944 Quid
829 1902 893 1937 est
924 1898 1051 1938 etiam
1090 1897 1301 1936 infinitum
1329 1897 1406 1936 nisi
1439 1898 1552 1948 quod
1585 1909 1660 1949 per

44 1961 298 1999 additionem
332 1962 531 2011 partium,
553 1966 624 2001 aut
660 1963 969 2013 perfectionum
995 1962 1053 2002 ita
1087 1961 1363 2012 concipimus,
1385 1965 1431 2000 ut
1452 1962 1598 2001 eadem
1615 1962 1660 2001 in

43 2025 254 2064 additione
287 2027 376 2064 finis
408 2037 494 2065 non
531 2027 799 2066 innotescat?
818 2027 981 2077 Siquid
1017 2026 1194 2076 amplius
1213 2025 1392 2076 denique
1423 2025 1660 2076 philosophi

42 2090 186 2137 velint,
208 2090 394 2129 involuta
413 2095 454 2129 et
487 2091 659 2130 confusa
691 2091 797 2131 entis
832 2090 1126 2142 perfectissimi
1144 2093 1187 2130 et
1205 2090 1356 2129 infiniti
1377 2090 1493 2130 notio
1512 2089 1657 2140 fuerit,

43 2164 170 2203 quani
193 2154 323 2191 evolvi
343 2157 384 2192 et
403 2155 601 2204 explicari
622 2158 831 2205 oporteat,
853 2155 964 2195 facta
995 2165 1094 2194 cum
1117 2154 1241 2194 rebus
1260 2153 1521 2194 sensibilibus
1541 2165 1658 2194 crea-

47 2217 179 2266 tisque
213 2218 538 2266 comparatione.
567 2218 656 2264 Quo
688 2221 812 2269 pacto
843 2219 1001 2258 insitam
1030 2218 1150 2258 nobis
1179 2218 1360 2258 Thomas
1393 2218 1530 2267 docet,
1565 2219 1581 2257 Ι
1612 2231 1658 2269 p.

43 2285 188 2331 quaest.
210 2292 265 2329 XI,
289 2285 366 2321 art.
388 2284 452 2331 11,
476 2284 526 2321 ad
547 2285 586 2332 1,
607 2284 826 2324 notionem
845 2284 920 2324 Dei
945 2284 985 2322 z'n
1016 2284 1148 2336 aliquo
1167 2283 1371 2330 communi,
1394 2282 1469 2322 sub
1489 2281 1659 2335 quadam

42 2345 276 2395 confusione,
296 2358 334 2385 v.
358 2358 415 2397 g.‚
433 2346 691 2387 beatitudinis.
1686 2395 1690 2401 ι

96 2410 406 2450 Consectarium
426 2412 540 2462 quod
560 2424 610 2452 ex
627 2413 691 2452 his
711 2413 976 2453 documentis
993 2413 1086 2452 fluit
1109 2412 1174 2452 his
1193 2412 1442 2463 proponitur
1476 2413 1610 2454 verbis
1635 2425 1660 2452 a

41 2473 81 2511 S.
103 2473 264 2512 Thoma
296 2473 476 2514 ibidem:
498 2476 642 2515 «Sunt
673 2477 800 2528 igitur
830 2477 1158 2529 intelligibilium
1191 2476 1429 2517 divinorum
1459 2477 1655 2528 quaedam

42 2547 137 2586 quae
157 2536 353 2576 humanae
384 2539 536 2578 rationi
567 2543 664 2579 sunt
697 2541 852 2590 pervia,
875 2541 1070 2592 quaedam
1100 2551 1215 2591 vero,
1236 2553 1331 2592 quae
1364 2541 1537 2581 omnino
1572 2541 1656 2580 vim

41 2599 239 2640 humanae
268 2602 440 2640 rationis
460 2604 724 2642 excedunt».
746 2606 977 2656 Utramque
1003 2605 1160 2645 Paulus
1190 2605 1402 2656 apostolus
1421 2604 1656 2644 divinarum

41 2665 265 2703 veritatum
280 2665 453 2704 classem
470 2666 688 2718 distinguit
705 2680 715 2713 ;
733 2668 941 2720 docetque
959 2674 1122 2710 naturae
1143 2669 1249 2709 vires
1268 2669 1319 2708 ad
1340 2669 1515 2708 alteram
1532 2669 1657 2708 attin-

42 2728 219 2779 gendam
234 2740 367 2778 pares,
383 2729 564 2780 impares
586 2732 636 2769 ad
657 2731 848 2772 alteram.
870 2735 931 2773 Ad
952 2735 1138 2785 primum
1158 2744 1288 2785 genus
1309 2732 1536 2783 pertinent,
1560 2743 1656 2783 quae

42 2795 273 2842 sequuntur
292 2791 415 2833 verba
446 2793 497 2833 ad
523 2794 747 2844 Romanos,
771 2796 907 2846 capite
934 2809 963 2846 1,
983 2799 1047 2838 19.
1071 2796 1181 2846 Quod
1207 2802 1340 2838 notum
1371 2801 1427 2837 est
1462 2795 1538 2837 Dei
1554 2795 1657 2849 (sive
