1894 3223
130 130 197 165 592
728 122 814 156 LlB.
843 121 900 164 IV,
929 120 1028 155 CAP.
1058 120 1144 155 LVI.-

131 208 372 246 transferret.
395 224 438 230 —
456 202 597 246 Tertio,
619 202 722 248 quia,
746 201 779 238 si
801 200 1033 237 aecedentes
1048 199 1097 236 ad
1115 199 1310 238 Christum
1327 200 1459 236 statim
1479 198 1745 244 impassibiles

131 259 168 292 et
198 251 441 290 immortales
474 249 740 288 redderentur,
772 247 848 284 hoe
879 246 1171 293 quodammodo
1203 247 1456 292 compelleret
1489 246 1670 282 homines
1697 246 1745 282 ad

130 301 245 338 fidem
268 297 408 334 Christi
429 295 722 341 suscipiendam
741 307 749 339 ;
778 299 815 330 et
836 294 892 330 sic
909 293 1091 329 meritum
1111 292 1202 329 fidei
1220 293 1474 330 minueretur.

178 344 364 389 Quamvis
385 346 515 379 autem
537 341 780 378 sufficienter
796 350 864 386 pro
890 339 1060 385 peccatis
1085 339 1248 376 humani
1276 340 1434 386 generis
1462 340 1639 377 Christus
1673 348 1748 376 sua

130 396 254 430 morte
268 389 515 433 satisfecerit,
527 391 567 425 ut
580 388 768 434 vigesima
782 391 891 424 sexta
903 387 1000 423 ratio
1014 385 1271 432 proponebat,
1284 390 1377 422 sunt
1388 389 1517 423 tamen
1533 386 1747 432 unicuique

130 438 303 476 remedia
331 436 497 482 propriae
533 435 674 472 salutis
696 434 919 480 quaerenda.
942 434 1044 469 Mors
1066 432 1170 469 enim
1193 431 1333 469 Christi
1355 437 1414 469 est
1434 433 1546 479 quasi
1567 433 1746 479 quaedam

131 483 368 523 universalis
387 492 509 519 causa
530 481 682 525 salutis,
700 481 803 517 sieut
822 484 1026 525 peccatum
1047 479 1161 525 primi
1182 478 1357 515 hominis
1379 479 1574 526 fuitquasi
1593 480 1746 516 univer-

131 532 226 569 salis
242 539 364 567 causa
385 528 665 566 damnationis.
689 529 848 572 Oportet
869 531 998 563 autem
1020 526 1283 562 universalem
1310 535 1471 562 causam
1492 526 1678 572 applicari
1699 526 1748 562 ad

131 579 441 624 unumquodque
454 575 686 621 specialiter,
700 579 741 610 ut
755 573 934 610 effectum
950 572 1182 609 universalis
1196 581 1326 609 causae
1339 573 1557 618 participet.
1574 572 1748 610 Effectus

131 626 254 671 igitur
291 623 440 669 peceati
481 622 596 668 primi
635 620 807 667 parentis
852 620 1026 666 pervenit
1061 619 1108 655 ad
1145 628 1467 665 unumquemque
1505 629 1573 664 per
1616 620 1748 657 carnis

133 671 351 718 originem3
374 669 536 707 effeetus
561 671 691 705 autem
713 667 852 704 mortis
881 666 1022 703 Christi
1046 666 1233 712 pertingit
1263 665 1312 702 ad
1341 675 1660 712 unumquemque
1681 676 1751 712 per

132 717 374 764 spiritualem
400 715 754 762 regenerationem,
777 723 844 759 per
872 723 989 760 quam
1011 713 1130 749 homo
1158 712 1310 749 Christo
1339 712 1631 758 quodammodo
1659 722 1750 750 con-

128 764 306 812 jungitur
341 767 380 800 et
416 763 714 808 incorporatur;
752 765 788 797 et
826 760 914 797 ideo
951 762 1104 805 oportet
1144 759 1249 806 quod
1291 759 1567 806 unusquisque
1603 763 1752 805 quaerat

133 810 356 856 regenerari
376 819 444 856 per
464 809 660 845 Christum
681 812 720 844 et
739 808 813 844 alia
833 807 1034 853 suscipere
1054 806 1096 843 in
1122 806 1267 852 quibus
1287 806 1409 842 virtus
1436 806 1574 842 mortis
1608 806 1751 843 Christi

135 868 157 896 o
189 862 332 894 eretur.
706 860 711 864 '

160 868 234 941 pEx
264 913 342 951 quo
371 906 474 949 patet
507 902 612 948 quod
641 901 809 938 effluxus
830 901 969 937 salutis
989 911 1012 937 a
1032 901 1184 937 Christo
1212 901 1251 936 in
1284 899 1466 936 homines
1487 909 1568 936 non
1589 904 1649 936 est
1683 909 1752 945 per

134 956 283 989 naturae
319 950 589 997 propaginem,
610 949 679 986 sed
697 957 766 993 per
791 949 965 984 studium
986 948 1099 984 bonae
1120 947 1334 984 voluntatis
1355 956 1432 993 qua
1457 947 1577 983 homo
1597 946 1751 984 Christo

135 999 329 1041 adh-cerei,
352 1001 389 1033 et
407 998 464 1033 sic
483 996 588 1042 quod
621 1005 641 1032 a
664 995 815 1032 Cliristo
849 995 1125 1041 unusquisque
1145 994 1418 1040 consequitur,
1449 996 1509 1031 est
1542 993 1752 1040 personale

134 1046 309 1088 bonum;
333 1044 436 1081 unde
457 1052 538 1079 non
556 1043 751 1079 derivatur
772 1042 819 1079 ad
841 1046 1037 1087 posteros,
1061 1041 1163 1078 sieut
1184 1045 1387 1086 peccatum
1423 1041 1538 1086 primi
1563 1041 1750 1086 parentis,

136 1092 240 1138 quod
263 1100 351 1128 eum
373 1095 521 1127 naturae
549 1089 766 1136 propagine
789 1089 1033 1134 producitur.
1056 1090 1099 1124 Et
1117 1087 1208 1125 inde
1231 1092 1292 1125 est
1311 1087 1429 1134 quod,
1458 1087 1549 1125 licet
1568 1092 1753 1133 parentes

136 1139 214 1176 sint
227 1149 248 1174 a
265 1142 425 1183 peccato
444 1137 628 1183 originali
642 1135 819 1172 mundati
835 1145 903 1181 per
917 1136 1128 1179 Christum,
1149 1144 1230 1171 non
1243 1138 1375 1171 tamen
1391 1137 1450 1171 est
1466 1134 1753 1189 inconveniens

137 1186 240 1231 quod
262 1194 399 1221 eorum
419 1184 488 1220 silit
508 1193 598 1219 cum
618 1186 779 1228 peccato
800 1183 981 1229 originali
1016 1186 1231 1219 nascantur
1262 1184 1300 1218 et
1331 1181 1590 1218 sacramentis
1611 1181 1752 1218 salutis

137 1232 350 1278 indigeant,
374 1235 416 1267 ut
436 1230 626 1276 vigesima
644 1229 809 1275 septima
830 1229 930 1275 (quae
952 1229 1061 1265 deest
1079 1229 1119 1265 in
1140 1239 1174 1265 c.
1196 1227 1255 1273 53)
1274 1228 1373 1264 ratio
1394 1227 1667 1265 concludebat.

183 1279 244 1314 Sic
263 1278 381 1324 igitur
400 1287 444 1313 ex
463 1276 680 1322 praemissis
701 1275 949 1322 aliquatenus
970 1279 1075 1321 patet
1094 1274 1198 1322 quod
1221 1284 1267 1311 ea
1287 1284 1373 1320 quae
1395 1275 1499 1311 circa
1518 1275 1751 1320 mysterium

137 1324 422 1362 incarnationis
442 1323 540 1360 sides
559 1323 753 1360 catholica
768 1322 952 1368 praedicat
969 1332 1097 1369 neque
1114 1321 1377 1367 impossibilia
1392 1330 1518 1367 neque
1531 1322 1754 1368 incongrua

137 1372 404 1408 inveniuntur.
1321 1385 1333 1397 ·=

794 1481 960 1521 CAPUT
999 1480 1097 1520 LVI.

585 1596 634 1624 DE
659 1595 921 1624 NECESSITATE
948 1593 1298 1624 SACRAMENTORUM.

187 1700 285 1743 Quia
315 1707 420 1739 vero,
444 1699 545 1734 sicut
573 1698 654 1744 J'am
693 1697 838 1733 dictum
876 1700 948 1740 est,
971 1705 1078 1733 mors
1106 1696 1246 1733 Christi
1276 1700 1337 1734 est
1367 1697 1481 1743 quasi
1516 1697 1755 1734 universalis

140 1756 261 1783 causa
291 1745 474 1783 humanae
506 1744 659 1788 salutis,
678 1743 942 1781 universalem
978 1747 1109 1780 autem
1131 1752 1291 1780 eausam
1312 1748 1465 1789 oportet
1496 1744 1683 1790 applicari
1705 1744 1756 1781 ad

143 1801 461 1839 unumquemque
494 1791 690 1835 effectum,
713 1791 985 1827 necessarium
1019 1791 1092 1826 fuit
1120 1790 1294 1828 exhiberi
1324 1791 1552 1827 hominibus
1574 1791 1755 1837 quaedam

138 1839 313 1876 remedia
342 1849 411 1885 per
442 1848 529 1885 quae
562 1838 618 1875 eis
645 1838 881 1875 beneficium
902 1837 1040 1874 mortis
1062 1836 1203 1874 Christi
1222 1837 1516 1885 quodammodo
1537 1838 1755 1884 conjunge-

138 1891 257 1923 retur.
295 1886 527 1932 HuJusmodi
548 1889 678 1922 autem
701 1894 788 1921 esse
820 1885 1005 1920 dicuntur
1026 1884 1208 1920 Ecclesiae
1237 1888 1498 1921 sacramenta.
1522 1884 1756 1930 Hujusmodi

140 1937 270 1970 autem
290 1932 462 1969 remedia
483 1932 656 1978 oportuit
675 1941 764 1968 cuni
784 1931 981 1977 aliquibus
1002 1930 1225 1967 visibilibus
1243 1931 1369 1978 signis
1390 1931 1502 1967 tradi.

185 1980 315 2016 Primo
334 1979 507 2025 quidem,
529 1980 635 2025 quia,
657 1978 761 2015 sicut
793 1977 942 2014 caeteris
972 1977 1105 2020 rebus,
1127 1978 1181 2014 ita
1210 1978 1327 2014 etiam
1348 1977 1500 2014 homini
1535 1979 1638 2015 Deus
1664 1986 1756 2023 pro-

137 2026 240 2062 videt
260 2026 479 2062 secundum
500 2025 585 2071 ejus
606 2024 888 2062 conditionem.
909 2026 974 2061 Est
993 2027 1123 2060 autem
1143 2024 1235 2061 talis
1251 2024 1427 2060 hominis
1449 2024 1623 2062 conditio
1645 2024 1755 2070 quod

139 2074 186 2110 ad
235 2072 452 2118 spiritualia
496 2076 534 2108 et
580 2071 846 2117 intelligibilia
893 2070 1083 2116 capienda
1135 2071 1365 2107 naturaliter
1419 2080 1487 2116 per
1544 2072 1755 2108 sensibilia

139 2119 366 2203 debdffiatug.
385 2119 565 2171 oportuit
583 2118 700 2165 igitur
720 2118 942 2163 spiritualia
962 2117 1136 2155 remedia
1162 2118 1392 2155 hominibus
1419 2117 1492 2154 sub
1515 2118 1642 2164 signis
1663 2127 1755 2155 sen-

140 2176 173 2203 si
203 2177 243 2202 ii
274 2175 321 2203 us
366 2175 437 2202 ari,

185 2212 379 2253 Secundo,
401 2213 493 2259 quia
521 2213 784 2249 instrumenta
815 2215 968 2258 oportet
999 2221 1088 2249 esse
1116 2211 1253 2258 primae
1283 2220 1415 2249 causae
1443 2212 1755 2257 proportionata.

138 2260 267 2297 Prima
280 2262 409 2296 autem
430 2264 468 2296 et
481 2259 717 2296 universalis
735 2268 857 2295 eausa
869 2258 1053 2296 humanae
1068 2259 1210 2296 salutis
1225 2262 1285 2296 est
1300 2258 1466 2295 Verbum
1484 2258 1751 2303 incarnatum,

138 2311 179 2343 ut
210 2316 257 2343 ex
288 2307 507 2352 praemissis
535 2310 707 2351 apparet.
731 2307 957 2352 Congruum
984 2306 1106 2352 igitur
1138 2305 1210 2343 fuit
1240 2309 1283 2342 ut
1301 2306 1474 2343 remedia
1495 2305 1641 2351 quibus
1663 2306 1750 2341 uni-

137 2353 304 2390 versalis
336 2362 466 2390 causae
491 2353 616 2389 virtus
645 2353 830 2399 pertingit
864 2352 912 2389 ad
940 2353 1121 2389 homines
1154 2352 1263 2389 illius
1293 2361 1424 2389 causae
1453 2352 1754 2388 similitudinem

138 2400 340 2484 galbgrent,
365 2404 407 2452 ut
427 2400 578 2437 scilicet
597 2400 638 2436 in
656 2400 714 2436 eis
734 2400 856 2436 virtus
877 2399 1008 2436 divina
1038 2399 1290 2436 invisibiliter
1309 2404 1538 2445 operaretur
1562 2399 1634 2435 sub
1661 2399 1756 2436 risi·

165 2457 176 2483 i
196 2457 205 2482 1
238 2456 284 2483 us
302 2455 440 2494 signis.

186 2494 326 2537 Tertio,
358 2494 452 2540 quia
482 2494 602 2531 homo
623 2494 664 2530 in
688 2498 892 2539 peccatum
914 2493 1051 2538 lapsus
1069 2496 1164 2536 erat,
1195 2492 1314 2530 rebus
1342 2493 1565 2530 visibilibus
1584 2492 1757 2529 indebite

139 2540 380 2578 inhaerendo.
401 2542 455 2577 Ne
470 2540 592 2587 igitur
611 2541 838 2577 crederetur
855 2540 1027 2577 visibilia
1047 2550 1095 2577 ex
1113 2540 1176 2577 sui
1197 2543 1338 2577 natura
1357 2539 1461 2576 mala
1481 2549 1570 2576 esse
1591 2544 1758 2585 etprop·

138 2591 196 2637 ter
213 2587 288 2638 lioc
308 2587 343 2624 ei
359 2587 596 2624 inhaerentes
615 2596 816 2632 peccasse,
837 2596 906 2632 per
923 2587 1010 2633 ipsa
1029 2586 1199 2624 visibilia
1219 2595 1441 2634 congruum
1462 2587 1535 2623 fuit
1555 2586 1661 2632 quod
1684 2585 1758 2622 ho-

139 2633 309 2684 minibus
336 2634 509 2671 remedia
540 2634 682 2671 salutis
712 2633 1017 2678 adliiberentur3
1049 2637 1092 2670 ut
1110 2634 1168 2671 sic
1188 2637 1392 2679 appareret
1408 2633 1494 2679 ipsa
1513 2633 1682 2670 visibilia
1702 2641 1751 2669 ex

141 2688 201 2715 sni
232 2684 371 2717 natura
402 2680 507 2718 bona
539 2690 642 2725 esse,
663 2681 770 2717 velut
803 2691 825 2718 a
856 2683 935 2717 Deo
966 2685 1109 2724 creata,
1142 2681 1212 2717 sed
1243 2680 1473 2717 hominibus
1506 2680 1625 2716 noxia
1656 2678 1758 2722 fieri,

141 2726 358 2776 secundum
390 2727 493 2773 quod
514 2727 571 2764 eis
590 2727 813 2765 inordinate
833 2728 1039 2772 inhaerent,
1061 2727 1265 2765 salutifera
1283 2736 1388 2772 vero,
1409 2726 1627 2764 secundum
1648 2725 1756 2771 quod

141 2771 317 2808 ordinate
338 2773 396 2809 eis
417 2777 594 2810 utuntur.

190 2820 238 2868 ljjx
270 2818 512 2871 hoc-autem.
541 2821 760 2857 excluditur
791 2830 900 2857 error
931 2821 1192 2866 quorumdam
1223 2820 1511 2862 haereticorum,
1533 2819 1599 2865 qui
1622 2819 1759 2856 omnia

141 2864 368 2910 hujusmodi
400 2866 573 2903 visibilia
604 2877 627 2904 a
647 2868 904 2904 sacramentis
934 2868 1114 2905 Ecclesiae
1143 2867 1282 2904 volunt
1309 2876 1398 2904 esse
1422 2866 1660 2903 removenda
1679 2868 1757 2903 Nec
