1894 3223
184 149 250 186 116
796 143 882 180 LIB.
910 145 956 187 II,
986 143 1182 179 CAR-xv.

183 231 351 275 utrique,
388 229 490 265 sicut
520 225 673 262 duabus
703 224 878 261 candelis
908 224 1014 271 ignis
1044 228 1104 261 est
1123 233 1245 262 causa
1263 222 1435 260 lucendi.
1458 224 1553 261 Esse
1574 226 1705 260 autem
1739 222 1796 260 di-

182 277 283 314 citur
305 275 350 312 de
372 274 478 310 omni
501 281 547 309 eo
568 272 673 318 quod
694 276 766 308 est.
787 271 1037 317 Impossibile
1056 275 1116 308 est
1134 271 1255 317 igitur
1275 280 1364 308 esse
1382 270 1515 317 aliqua
1530 270 1608 307 duo
1626 279 1798 316 quorum

183 326 366 360 neutrum
389 321 529 357 habeat
548 327 709 355 eausam
732 318 905 362 essendi,
925 318 995 355 sed
1022 321 1175 364 oportet
1194 321 1405 365 uirumque
1423 321 1673 363 acceptorum
1708 325 1799 354 esse

182 379 252 416 per
273 376 447 410 causam,
467 366 527 402 vel
548 366 713 402 alterum
733 365 843 402 alteri
865 374 954 402 esse
975 374 1135 402 causam
1157 365 1329 402 essendi.
1354 365 1513 409 Oportet
1539 363 1660 411 igitur
1691 363 1799 410 quod

183 416 231 453 ab
250 415 318 451 illo
340 413 403 450 cui
424 412 522 448 nihil
545 415 603 449 est
626 421 748 449 causa
769 412 928 449 essendi
959 412 1012 448 sit
1039 421 1156 449 omne
1173 412 1272 449 illud
1291 412 1396 464 quod
1418 416 1667 457 quocumque
1679 411 1801 448 modo

184 465 256 499 est.
281 463 399 497 Deum
424 463 554 495 autem
576 468 696 504 supra
713 458 757 504 (l.
777 468 804 504 1,
827 469 860 496 c.
885 458 942 505 13)
966 458 1216 496 ostendimus
1249 458 1478 506 hujusmodi
1508 467 1579 495 ens
1611 466 1715 502 esse,
1734 457 1799 495 cui

186 507 284 544 nihil
304 508 356 544 sit
374 515 495 543 causa
517 505 690 542 essendi.
710 505 765 542 Ab
787 515 833 543 eo
852 506 974 552 igitur
993 508 1053 542 est
1072 514 1161 542 esse
1182 506 1286 552 quod
1308 514 1558 552 quocumque
1582 504 1701 541 modo
1723 507 1798 542 est.

231 554 270 590 Si
293 558 421 590 autem
438 553 590 589 dicatur
612 553 718 599 quod
739 561 810 589 ens
831 561 910 589 non
933 555 994 589 est
1013 552 1268 598 praedicatum
1289 553 1516 596 univocum,
1533 551 1799 588 nihilominus

184 601 370 646 praedicta
391 599 598 637 conclusio
620 603 821 646 sequetur.
841 601 927 636 Non
948 598 1054 635 enim
1087 599 1134 635 de
1161 599 1297 637 multis
1335 599 1534 647 aequivoce
1556 599 1713 642 dicitur,
1730 597 1801 636 sed

186 657 255 693 per
275 648 501 693 analogiam
525 656 533 680 :
557 650 593 683 et
614 646 671 684 sic
693 649 846 692 oportet
863 644 947 682 fieri
969 645 1240 682 reductionem
1261 647 1303 682 in
1326 655 1465 693 unum.

231 695 414 740 Amplius,
431 693 535 740 quod
557 693 674 730 alicui
696 693 879 729 convenit
900 702 948 729 ex
968 701 1042 729 sua
1063 695 1216 737 natura,
1251 697 1289 729 et
1320 702 1402 730 non
1432 703 1479 730 ex
1506 693 1639 740 aliqua
1663 701 1800 737 causa,

185 741 426 778 minoratum
448 741 487 776 in
507 749 553 776 eo
576 743 613 777 et
644 739 832 777 deficiens
864 749 952 776 esse
979 748 1061 776 non
1093 742 1234 785 potest.
1268 739 1304 776 Si
1339 740 1443 776 enim
1473 744 1622 776 naturae
1651 739 1803 786 aliquid

186 788 400 825 essentiale
431 787 676 824 subtrahitur
697 787 758 824 vel
788 787 956 828 additur,
975 786 1057 832 Jam
1077 787 1199 824 altera
1219 790 1360 823 natura
1380 787 1465 831 erit,
1488 787 1591 823 sicut
1611 789 1647 822 et
1667 786 1708 822 in
1728 795 1802 822 nu·

186 835 306 872 meris
330 834 485 879 accidit,
509 833 548 870 in
570 834 715 880 quibus
746 835 878 871 unitas
909 834 1040 870 addita
1066 833 1126 870 vel
1165 833 1366 871 subtracta
1394 834 1566 879 speciem
1599 833 1737 870 variat.
1761 832 1802 870 Si

186 886 316 919 autem
339 880 479 918 natura
498 881 558 916 vel
586 880 803 927 quidditate
834 881 889 918 rei
917 881 1070 926 integra
1089 884 1286 926 manente,
1309 881 1458 927 aliquid
1486 880 1727 917 minoratum
1747 879 1804 916 in-

186 930 377 972 veniatur,
395 928 475 974 jam
495 930 598 973 patet
616 927 721 975 quod
742 927 840 964 illud
870 937 951 965 11011
979 927 1212 973 simpliciter
1241 928 1433 973 dependet
1472 937 1520 964 ex
1545 927 1614 964 illa
1638 931 1802 972 natura,

188 976 255 1013 sed
285 985 332 1012 ex
362 975 495 1022 aliqua
530 974 632 1019 alia,
669 984 737 1020 per
769 975 883 1022 anns
906 975 1164 1012 remotionem
1187 975 1422 1012 minoratur.
1452 974 1561 1019 Quod
1585 974 1706 1022 igitur
1733 973 1804 1011 ali-

187 1023 250 1059 cui
277 1023 411 1059 minus
446 1021 631 1058 convenit
657 1031 772 1068 quam
797 1023 900 1067 aliis,
927 1031 1005 1058 non
1029 1023 1212 1059 convenit
1232 1022 1266 1058 ei
1288 1032 1334 1059 ex
1364 1031 1438 1059 sua
1464 1025 1606 1059 natura
1634 1025 1802 1065 tantum,

188 1069 256 1106 sed
279 1080 325 1105 ex
345 1070 424 1106 alia
443 1078 577 1105 causa.
597 1068 697 1105 Illud
718 1069 838 1116 igitur
857 1069 931 1105 erit
950 1078 1072 1106 causa
1105 1069 1285 1105 011111111111
1319 1069 1361 1105 111
1393 1069 1526 1116 aliquo
1559 1077 1716 1116 genere,
1738 1068 1804 1105 cui

192 1117 363 1153 maxime
396 1115 582 1152 convenit
608 1115 717 1152 illius
750 1116 908 1162 generis
934 1116 1188 1161 praedicatio;
1225 1115 1329 1152 unde
1356 1116 1474 1152 etiam
1506 1115 1611 1162 quod
1632 1115 1803 1152 maxime

187 1163 359 1200 calidum
384 1166 443 1199 cst
475 1162 655 1199 videmus
690 1171 779 1199 esse
810 1172 971 1200 causam
1002 1163 1211 1199 caloris-in
1247 1162 1433 1200 omnibus
1461 1163 1615 1207 calidis,
1638 1165 1675 1198 et
1698 1161 1805 1214 quod
1867 1169 1871 1172 ’

188 1210 359 1246 maxime
386 1209 576 1253 lucidum,
598 1218 759 1246 causam
793 1210 970 1246 omnium
992 1209 1228 1246 lucidorum.
1251 1211 1355 1246 Deus
1388 1213 1518 1246 autem
1541 1213 1601 1246 est
1632 1218 1804 1246 maxime

190 1265 273 1301 ens,
290 1260 332 1293 ut
351 1255 434 1339 (li-1,
457 1266 490 1293 c.
515 1256 568 1303 13)
589 1260 795 1294 ostensum
824 1260 895 1294 est.
919 1259 1005 1303 Ipse
1026 1256 1147 1303 igitur
1167 1260 1227 1294 est
1247 1265 1367 1294 causa
1386 1257 1563 1293 omnium
1586 1256 1632 1293 de
1655 1256 1801 1303 quihus

190 1313 260 1341 ens
280 1313 359 1349 prce
390 1307 527 1340 icatur.

237 1352 381 1393 Adhuc,
405 1349 625 1387 secundum
649 1350 828 1387 ordinem
850 1349 1061 1387 effectuum
1083 1354 1236 1396 oportet
1256 1359 1344 1387 esse
1378 1350 1557 1387 ordinem
1577 1358 1802 1395 causarum,

189 1406 236 1434 eo
276 1397 382 1443 quod
416 1395 581 1433 effectus
613 1397 747 1434 causis
780 1397 866 1434 suis
898 1397 1184 1443 proportionati
1215 1401 1334 1442 sunt;
1363 1397 1468 1434 unde
1497 1400 1650 1443 oportet
1682 1397 1803 1444 quod,

190 1444 295 1481 sicut
325 1442 490 1480 effectus
521 1443 669 1489 proprii
698 1444 941 1480 reducuntur
970 1445 1009 1480 in
1040 1453 1183 1481 causas
1207 1444 1402 1490 proprias,
1424 1445 1478 1480 ita
1505 1445 1544 1481 id
1574 1444 1679 1490 quod
1700 1453 1805 1481 com·

190 1499 308 1527 mune
331 1494 391 1527 est
412 1490 452 1526 in
469 1489 676 1527 effectibus
697 1491 867 1536 propriis
887 1491 1149 1527 reducaturin
1169 1491 1342 1537 aliquam
1353 1500 1513 1528 causam
1528 1499 1804 1535 communem;

192 1538 309 1581 sicut,
345 1546 464 1582 supra
497 1537 757 1582 particulares
789 1547 932 1575 causas
962 1538 1234 1584 generationis
1264 1537 1383 1584 hujus
1411 1538 1469 1575 vel
1501 1538 1625 1583 illius,
1654 1541 1715 1574 est
1743 1537 1807 1576 sol

200 1585 431 1623 iniversalis
462 1593 584 1621 causa
615 1584 908 1631 generationis3
943 1590 979 1621 et
999 1595 1065 1621 rex
1099 1589 1159 1621 est
1179 1584 1417 1622 universalis
1447 1593 1570 1622 causa
1597 1584 1806 1632 regiminis

190 1641 232 1668 §n
253 1640 391 1678 regno,
423 1640 542 1677 supra
561 1632 796 1677 praepositos
815 1631 926 1678 regni
948 1637 985 1668 et
1006 1632 1123 1668 etiam
1145 1632 1302 1669 urbium
1324 1632 1586 1679 singularum.
1609 1631 1805 1670 Omnibus

190 1681 319 1715 autem
353 1687 563 1715 commune
598 1683 656 1715 est
684 1688 786 1716 esse.
815 1679 975 1725 Oportet
1006 1679 1127 1725 igitur
1155 1679 1259 1726 quod
1282 1688 1403 1725 supra
1428 1688 1568 1716 omues
1589 1688 1732 1717 causas
1752 1678 1807 1717 sit

193 1726 322 1772 aliqua
342 1735 476 1770 causa,
496 1725 610 1771 cujus
631 1725 682 1762 sit
703 1726 794 1762 dare
813 1735 914 1762 esse.
939 1726 1069 1762 Prima
1089 1730 1219 1763 autem
1240 1736 1361 1763 causa
1384 1729 1488 1764 Deus
1522 1730 1595 1772 cst,
1620 1730 1662 1764 ut
1682 1735 1805 1773 supra

195 1772 231 1820 [l.
247 1781 274 1816 1,
296 1782 330 1809 c.
353 1772 408 1817 13)
429 1776 636 1809 ostensum
657 1777 729 1809 est.
753 1774 912 1818 Oportet
932 1773 1054 1819 igitur
1073 1774 1208 1810 omnia
1228 1783 1314 1820 quae
1336 1777 1429 1810 sunt
1447 1784 1470 1811 a
1488 1775 1568 1811 Deo
1588 1782 1691 1811 esse.

237 1820 337 1863 Item,
372 1819 477 1865 quod
508 1828 578 1864 per
608 1820 823 1856 essentiam
857 1819 1001 1856 dicitur
1041 1824 1101 1856 est
1126 1829 1247 1857 causa
1281 1821 1460 1857 omnium
1491 1830 1578 1868 quae
1610 1830 1680 1867 per
1714 1829 1803 1867 par·

190 1865 460 1912 ticipationem
497 1866 704 1910 dicuntur,
745 1867 848 1903 sicut
884 1866 990 1913 ignis
1025 1870 1085 1904 est
1127 1876 1248 1904 causa
1284 1867 1463 1905 omnium
1511 1868 1727 1914 ignitorum
1763 1868 1804 1904 in

190 1916 382 1960 quantum
412 1913 655 1959 huJ'usmodi.
690 1915 793 1951 Deus
816 1917 947 1950 autem
968 1917 1028 1950 est
1048 1923 1119 1951 ens
1138 1923 1209 1960 per
1242 1915 1456 1951 essentiam
1481 1923 1610 1960 suam,
1632 1915 1723 1962 quia
1746 1917 1808 1951 est

191 1961 321 2006 ipsum
344 1969 455 2004 esse;
478 1969 595 1996 omne
631 1964 762 1997 autem
799 1961 905 1997 aliud
944 1970 1014 1998 ens
1050 1965 1110 1998 est
1138 1971 1206 2007 per
1237 1961 1596 2007 participationem,
1618 1961 1711 2008 quia
1732 1969 1805 1998 ens

190 2007 297 2053 quod
317 2007 368 2043 sit
389 2016 505 2044 suum
535 2015 625 2044 esse
653 2016 733 2043 non
767 2011 896 2053 potest
933 2017 1022 2044 esse
1061 2008 1138 2044 nisi
1172 2017 1308 2050 unum,
1344 2013 1386 2044 ut
1417 2012 1623 2045 ostensum
1641 2011 1701 2045 est
1717 2008 1756 2055 (l.
1775 2017 1805 2054 1,

190 2063 276 2099 cap.
307 2056 346 2090 13
369 2057 405 2090 et
429 2054 498 2100 14).
522 2055 625 2091 Deus
646 2054 766 2101 igitur
785 2059 844 2091 est
864 2064 985 2092 causa
1008 2055 1166 2092 essendi
1189 2055 1375 2092 omnihus
1396 2055 1499 2092 aliis.

237 2102 428 2145 Praeterea,
451 2110 579 2153 omne
612 2102 716 2147 quod
750 2106 809 2138 est
842 2102 1033 2148 possibile
1054 2111 1143 2139 esse
1175 2106 1213 2138 et
1248 2111 1327 2139 non
1365 2111 1453 2139 esse
1486 2101 1604 2139 hahet
1632 2101 1805 2148 aliquam

190 2157 368 2191 causam,
393 2157 497 2194 quia,
522 2149 560 2184 in
584 2157 626 2185 se
645 2149 954 2193 consideratum,
977 2149 1025 2186 ad
1060 2149 1290 2186 utrumlibet
1321 2158 1364 2186 se
1386 2149 1522 2194 habet;
1545 2152 1582 2185 et
1612 2149 1671 2186 sic
1691 2158 1806 2195 opor-

193 2197 247 2246 tet
268 2204 357 2231 csse
372 2195 521 2241 aliquid
541 2195 663 2239 aliud,
686 2196 791 2242 quod
814 2196 942 2241 ipsum
962 2197 1010 2233 ad
1031 2205 1153 2233 unum
1187 2196 1441 2240 determinet;
1473 2196 1590 2240 unde,
1625 2205 1746 2242 quum
1765 2196 1806 2232 in

191 2240 391 2278 infinitum
426 2242 585 2287 procedi
628 2251 709 2293 11011
748 2243 889 2288 possit,
925 2246 1079 2288 oportet
1111 2243 1216 2290 quod
1255 2243 1307 2280 sit
1344 2243 1504 2290 aliquod
1535 2243 1806 2280 necessarium

190 2288 298 2334 quod
319 2289 370 2325 sit
390 2298 512 2325 causa
533 2297 712 2325 omnium
739 2290 992 2335 possibilium
1023 2298 1111 2327 esse
1138 2294 1175 2326 et
1195 2298 1275 2326 non
1311 2299 1413 2327 esse.
1442 2289 1717 2327 Necessarium
1738 2298 1807 2326 au-

193 2339 270 2371 tem
293 2335 491 2382 quoddam
511 2339 571 2372 est
592 2335 744 2374 habens
764 2346 923 2374 causam
943 2346 1025 2374 suae
1047 2336 1313 2381 necessitatis,
1335 2337 1374 2373 in
1410 2346 1489 2384 quo
1523 2337 1640 2374 etiam
1659 2336 1702 2374 in
1718 2336 1807 2374 infi-

193 2382 320 2419 nitum
341 2383 501 2428 procedi
523 2391 603 2420 non
623 2386 765 2429 potest,
788 2388 824 2420 et
845 2385 903 2421 sic
924 2387 984 2421 est
998 2383 1181 2420 devenire
1202 2384 1250 2420 ad
1272 2383 1421 2431 aliquid
1441 2384 1547 2431 quod
1577 2387 1637 2421 est
1664 2393 1734 2430 per
1764 2391 1807 2420 se

191 2437 357 2466 necesse
378 2439 486 2475 esse;
508 2429 583 2467 hoc
615 2433 745 2467 autem
776 2440 864 2468 esse
893 2440 971 2468 11011
1007 2434 1137 2476 potest
1166 2431 1244 2468 nisi
1279 2439 1417 2477 unum,
1447 2434 1490 2468 ut
1521 2433 1726 2468 ostensum
1747 2432 1808 2467 est

192 2475 281 2521 (1.1,
305 2479 402 2528 c.l3
424 2481 461 2513 et
494 2477 573 2524 42);
596 2480 635 2513 et
654 2478 730 2514 hoc
765 2483 824 2515 est
845 2479 962 2515 Deus.
999 2479 1159 2524 Oportet
1190 2478 1311 2525 igitur
1346 2486 1464 2515 omne
1496 2477 1604 2515 aliud
1638 2476 1686 2514 ab
1716 2477 1807 2523 ipso

192 2523 326 2559 reduci
347 2524 388 2560 in
406 2523 536 2569 ipsum
558 2524 662 2562 sicut
681 2525 722 2561 in
743 2534 903 2562 causam
925 2525 1098 2562 essendi.

237 2570 420 2614 Amplius,
452 2572 555 2608 Deus
588 2571 808 2609 secundum
842 2572 918 2610 hoc
952 2572 1119 2609 factivus
1149 2575 1210 2609 est
1237 2581 1369 2609 rerum
1407 2570 1512 2618 quod
1543 2573 1631 2607 actu
1660 2574 1734 2614 cst,
1764 2573 1809 2608 ut

192 2623 313 2661 supra
334 2616 380 2662 (c.
401 2617 438 2663 7)
458 2622 665 2655 ostensum
689 2623 760 2656 est.
797 2620 882 2666 ipse
903 2622 1032 2656 autem
1055 2628 1127 2656 sua
1149 2619 1332 2656 actualite
1353 2621 1390 2655 et
1403 2617 1644 2663 perfectione
1666 2625 1807 2656 omnes

191 2671 322 2714 rerum
341 2664 603 2708 perfectiones
624 2667 934 2712 comprehendit,
953 2670 995 2703 ut
1014 2666 1220 2712 probatum
1251 2669 1311 2703 est
1332 2665 1372 2711 (1.
1392 2674 1420 2709 1,
1442 2674 1475 2700 c.
1498 2665 1578 2709 ¹6);
1611 2668 1649 2701 ct
1667 2665 1725 2702 sic
1746 2667 1807 2702 est

190 2710 409 2761 virtualiter
429 2712 575 2748 omnia.
592 2713 657 2749 Est
677 2713 799 2760 igitur
818 2714 902 2760 ipse
922 2714 1099 2751 omnium
1121 2713 1300 2750 factivus.
1326 2713 1406 2748 Hoc
1427 2714 1557 2748 autem
1578 2719 1658 2748 non
1681 2715 1804 2757 esset,

191 2764 225 2792 51
247 2756 395 2802 aliquid
415 2757 520 2794 aliud
543 2762 649 2795 esset
668 2764 801 2797 natum
824 2771 912 2798 esse
933 2761 1010 2798 nisi
1033 2761 1081 2797 ab
1102 2760 1214 2805 ipso:
1240 2757 1458 2794 nihilenim
1477 2761 1613 2794 natum
1635 2762 1695 2796 est
1715 2767 1808 2796 esse

190 2802 247 2855 ab·
260 2803 339 2840 alio
358 2807 395 2840 et
416 2803 532 2851 (esse)
551 2814 630 2842 non
652 2805 700 2843 ab
721 2807 814 2851 alio,
839 2808 945 2854 quia,
968 2808 1001 2845 si
1023 2810 1158 2844 natum
1177 2808 1237 2842 est
1257 2814 1337 2842 non
1365 2804 1413 2842 ab
1429 2804 1509 2841 alio
1531 2813 1634 2849 esse,
1658 2808 1718 2842 est
1733 2813 1804 2852 per

190 2857 550 2935 {gggsgnsinegesse
572 2860 675 2898 esse,
702 2854 808 2900 quod
836 2864 917 2892 non
937 2857 1067 2900 potest
1087 2853 1136 2890 ab
1166 2852 1245 2889 alio
1266 2860 1370 2889 esse.
1393 2851 1499 2889 Nihil
1529 2852 1652 2900 igitur
1671 2853 1804 2899 potest

329 2907 420 2935 iia
472 2907 532 2936 eo,
