1894 3223
213 110 280 146 348
799 104 888 141 Lm.
917 104 984 148 111,
1009 103 1113 142 GAP.
1139 102 1254 160 thx.

212 199 307 237 ergo
330 187 438 236 quod
454 193 652 233 generans
672 193 755 222 non
775 184 830 222 sit
846 184 975 223 forma
989 187 1160 229 tantum,
1181 183 1253 223 sed
1284 184 1568 236 compositurn-
1586 192 1637 222 ex
1668 182 1835 221 materia

213 241 250 274 et
271 236 410 273 forma.
431 235 518 270 Non
537 232 661 280 igitur
679 231 834 278 species
853 240 987 269 rerum
1007 235 1298 278 separatarum,
1315 235 1359 270 ut
1377 231 1571 269 Platonici
1598 234 1833 277 posuerunt,

213 291 342 328 neque
361 279 626 326 intelligentia
643 287 782 325 agens,
802 281 849 316 ut
863 279 1000 325 posuit
1016 278 1231 324 Avicenna‚
1251 281 1316 316 est
1340 287 1464 316 causa
1494 277 1714 316 formarum
1745 285 1834 325 quae

213 331 307 366 sunt
325 327 369 364 ιιι
389 326 582 371 materiis,
603 326 676 364 sed
692 324 823 373 magis
846 324 923 363 hoc
942 325 1210 372 compositum
1227 335 1276 363 ex
1293 325 1460 363 materia
1479 328 1517 363 et
1535 325 1676 362 forma.

258 376 358 415 Item,
381 374 416 411 si
437 382 555 421 agere
577 381 619 411 se
651 371 758 411 uitur
777 372 827 410 ad
847 381 936 411 esse
967 373 1013 410 in
1041 375 1147 418 actu,
1166 373 1455 410 inconveniens
1487 375 1561 416 est,
1581 370 1691 419 quod
1721 374 1835 410 actus

211 422 427 469 perfectior
442 420 598 458 actione
646 419 869 458 estimatur.
893 419 1109 458 perfectior
1130 423 1262 457 autem
1282 423 1395 458 actus
1415 422 1478 457 est
1496 419 1626 457 forma
1643 417 1834 457 substan·

211 468 320 506 tialis
339 476 458 515 quam
476 466 748 505 accidentalis.
768 467 807 504 Si
828 466 950 514 igitur
970 467 1107 504 formae
1126 465 1392 505 accidentales
1411 475 1500 514 quae
1519 465 1677 504 suntin
1712 466 1834 504 rebus

213 515 489 562 corporalibus
509 514 657 552 habent
678 514 860 560 proprias
880 514 1073 558 actiones,
1093 513 1220 551 multo
1240 514 1370 561 magis
1400 513 1529 551 forma
1556 512 1835 551 substantialis

213 562 332 601 habet
352 563 527 609 aliquam
546 561 747 609 propriam
768 561 979 598 actionem.
999 562 1088 598 Non
1106 564 1166 598 est
1186 563 1318 598 autem
1338 560 1537 607 ejusmodi
1553 560 1658 599 actio
1698 559 1836 606 dispo·

214 618 308 647 nere
327 609 548 654 materiam,
568 609 663 656 quia
678 608 754 646 hoc
772 607 816 645 fit
833 617 902 654 per
922 607 1213 648 alterationem,
1233 607 1283 645 ad
1310 617 1431 655 quam
1461 606 1671 646 sufficiunt
1696 607 1835 646 formae

214 656 494 695 accidentales.
516 656 640 703 Igitur
657 654 786 693 forma
806 654 1082 692 substantialis
1102 653 1331 701 generantis
1351 658 1412 693 est
1441 654 1683 702 principium
1716 654 1836 693 actio·

214 704 292 747 nis,
314 707 358 740 ut
380 703 508 740 forma
528 702 806 741 substantialis
823 701 1099 740 introducatur
1115 702 1156 739 in
1177 705 1426 748 generatum.

263 751 449 789 Rationes
472 753 604 788 autem
641 758 743 797 quas
771 748 966 787 inducunt
996 748 1114 787 facile
1133 752 1197 786 est
1223 748 1391 787 solvere.
1413 749 1510 787 Cum
1543 748 1651 786 enim
1680 746 1731 786 ad
1757 747 1836 787 boc

215 797 364 844 aliquid
390 797 458 836 fiat
487 801 530 835 ut
549 798 614 842 sit,
636 797 740 834 sicut
765 796 894 834 forma
913 804 996 834 non
1015 795 1161 834 dicitur
1181 803 1253 834 ens
1288 795 1404 844 quasi
1437 795 1528 842 ipsa
1555 795 1703 833 habeat
1727 804 1834 840 esse,

215 844 284 882 sed
303 844 397 892 quia
415 853 486 891 per
504 853 591 882 eam
612 843 878 891 compositum
899 846 976 887 est,
995 843 1051 881 ita
1071 852 1145 880 nec
1174 843 1302 881 forma
1339 843 1499 889 proprie
1514 841 1572 888 fit,
1593 842 1662 880 sed
1694 841 1835 889 incipit

215 901 313 976 essef
322 901 392 938 per
410 892 487 930 hoc
510 890 617 939 quod
656 890 923 938 compositum
944 891 997 928 sit
1015 889 1220 927 reductum
1241 890 1292 927 de
1309 890 1490 936 potentia
1523 890 1567 926 ιιι
1598 893 1749 935 actum,
1767 889 1834 937 qui

215 943 276 977 est
313 948 436 976 orma.

262 988 340 1024 Nec
361 986 479 1024 etiam
496 988 652 1032 oportet
671 989 715 1023 ut
728 993 845 1023 omne
869 984 976 1033 quod
995 983 1114 1022 habet
1133 984 1310 1033 aliquam
1329 984 1498 1023 sormam
1532 985 1648 1032 quasi
1677 983 1836 1030 partici-

214 1038 346 1080 patam
381 1032 546 1080 recipiat
563 1041 650 1071 eam
670 1032 897 1070 immediate
926 1032 975 1070 ab
998 1040 1046 1069 eo
1076 1031 1186 1079 quod
1211 1035 1271 1070 est
1304 1031 1571 1069 essentialiter
1603 1031 1745 1076 forma,
1766 1030 1836 1069 sed

215 1079 445 1118 immediate
469 1079 630 1127 quidem
659 1079 708 1117 ab
738 1080 817 1117 alio
848 1078 955 1127 quod
985 1077 1105 1117 habet
1136 1079 1310 1118 similem
1337 1079 1508 1117 formam
1540 1078 1665 1117 simili
1699 1077 1834 1123 modo,

215 1128 370 1166 scilicet
390 1127 677 1173 participatam,
699 1126 808 1179 quod
825 1130 958 1164 tamen
977 1130 1069 1173 agat
1087 1126 1130 1164 in
1152 1126 1296 1164 virtute
1326 1126 1437 1164 illius
1468 1126 1607 1164 formae
1627 1128 1833 1173 separatae,

217 1174 250 1213 si
272 1183 351 1221 qua
371 1175 423 1212 sit
441 1174 548 1212 talis.
568 1174 631 1211 Sic
651 1183 758 1211 emm
779 1182 902 1220 agens
922 1173 1094 1211 similem
1115 1172 1299 1211 effectum
1318 1173 1397 1211 sibi
1417 1173 1614 1220 producit.

264 1221 455 1259 Similiter
469 1221 588 1258 etiam
608 1229 681 1258 nec
701 1224 856 1267 oportet
873 1220 993 1268 quod,
1015 1220 1109 1266 quia
1136 1220 1270 1258 omnis
1297 1220 1403 1258 actio
1433 1220 1670 1259 inferiorum
1694 1227 1835 1266 corpo-

215 1277 302 1307 rum
325 1269 377 1306 sit
395 1277 465 1315 per
484 1268 694 1315 qualitates
711 1268 859 1306 activas
880 1271 917 1304 et
932 1268 1128 1313 passivas,
1143 1275 1233 1315 quae
1251 1271 1347 1306 sunt
1365 1267 1600 1313 accidentia,
1625 1266 1733 1314 quod
1751 1275 1834 1303 non

215 1315 457 1362 producatur
475 1324 522 1352 ex
542 1315 697 1352 actione
719 1323 855 1352 earum
872 1314 949 1351 nisi
976 1314 1174 1360 accidens,
1188 1314 1281 1361 quia
1300 1314 1379 1352 illae
1402 1315 1539 1352 formae
1554 1314 1835 1358 accidentales,

216 1363 320 1400 sicut
339 1365 554 1400 causantur
574 1371 597 1399 a
619 1362 747 1399 forma
765 1361 1033 1406 substantiali,
1055 1371 1142 1408 quae
1163 1362 1286 1399 simul
1305 1370 1397 1399 cum
1424 1362 1594 1399 materia
1621 1364 1683 1399 est
1714 1370 1836 1399 causa

217 1409 394 1447 omnium
416 1409 666 1455 propriorum
689 1408 968 1452 accidentium,
987 1408 1042 1446 ita
1062 1412 1187 1455 agunt
1204 1408 1348 1446 virtute
1368 1408 1505 1446 formae
1533 1408 1835 1452 substantialis3

217 1456 322 1503 quod
338 1460 469 1494 autem
489 1456 571 1502 agit
587 1456 629 1493 in
651 1455 794 1492 virtute
814 1455 991 1500 alterius,
1015 1455 1202 1502 producit.
1218 1454 1406 1494 effectum
1438 1455 1612 1494 similem
1644 1463 1726 1492 non
1759 1454 1837 1492 sibi

216 1507 383 1549 tantum,
413 1502 484 1540 sed
501 1503 630 1550 magis
651 1503 684 1539 ei
703 1502 746 1539 in
764 1502 877 1549 cujus
898 1502 1040 1539 virtute
1059 1503 1161 1550 agit3
1192 1502 1298 1541 sicut
1321 1512 1371 1540 ex
1389 1503 1545 1540 actione
1581 1502 1836 1541 instrumenti

215 1549 259 1588 fit
302 1551 345 1587 in
386 1549 594 1588 artificiato
639 1549 861 1588 similitudo
891 1549 1028 1587 formae
1065 1550 1162 1588 artis
1186 1562 1196 1594 ;
1229 1559 1279 1588 ex
1309 1559 1389 1597 quo
1432 1550 1613 1597 sequitur
1650 1549 1758 1599 quod
1790 1558 1839 1587 ex

217 1597 374 1635 actione
403 1597 622 1635 formarum
649 1596 951 1634 accidentalium
980 1596 1250 1644 producantur
1286 1596 1425 1635 formae
1464 1596 1753 1635 substantiales
1794 1596 1838 1634 in

218 1648 409 1692 quantum
431 1648 555 1692 agunt
571 1644 928 1682 instrumentaliter
945 1643 988 1681 in
1002 1644 1146 1682 virtute
1165 1643 1489 1683 substantialium
1510 1645 1743 1682 formarum.

266 1694 308 1729 In
328 1691 570 1730 animalibus
589 1700 697 1732 vero,
717 1701 804 1739 quae
824 1701 871 1728 ex
887 1691 1178 1738 putrefactione
1206 1696 1463 1739 generantur,
1499 1695 1688 1730 causatur
1708 1691 1837 1730 forma

217 1739 494 1777 substantialis
520 1748 567 1776 ex
587 1743 727 1785 agente
748 1739 961 1785 corporali,
980 1739 1135 1777 scilicet
1153 1748 1319 1786 corpore
1348 1739 1517 1784 coelesti,
1541 1739 1649 1786 quod
1677 1742 1739 1778 est
1757 1739 1838 1785 pri·

217 1795 326 1823 mum
348 1787 536 1824 alterans.
556 1786 664 1823 Unde
682 1790 836 1832 oportet
868 1786 975 1832 quod
1006 1786 1143 1824 omnia
1176 1786 1377 1824 moventia
1405 1786 1455 1825 ad
1476 1787 1644 1824 formam
1677 1786 1718 1823 in
1746 1786 1837 1823 istis

216 1833 476 1871 inferioribus
497 1837 619 1880 agant
633 1833 676 1870 in
694 1834 838 1870 virtute
852 1832 908 1870 illi
916 1842 976 1878 us,
996 1837 1035 1870 et
1053 1836 1212 1879 propter
1230 1833 1308 1871 hoc
1329 1833 1377 1871 ad
1389 1833 1666 1880 producendas
1681 1831 1837 1880 aliquas

217 1880 366 1918 formas
395 1880 646 1926 imperfectas
673 1879 822 1918 sufficit
846 1879 973 1917 virtus
1002 1881 1177 1918 coelestis
1209 1879 1359 1928 absque
1390 1884 1532 1927 agente
1567 1880 1752 1917 univoco.
1781 1879 1837 1917 Ad

218 1927 496 1974 producendas
528 1930 657 1965 autem
689 1927 839 1964 formas
869 1927 1140 1973 perfectiores,
1175 1927 1279 1965 sicut
1309 1930 1405 1965 sunt
1433 1928 1575 1965 animae
1603 1926 1837 1965 animalium

218 1974 497 2020 perfectorum,
517 1974 733 2021 requiritur
752 1974 870 2011 etiam
888 1983 979 2011 cum
1001 1978 1142 2021 agente
1162 1974 1315 2012 coelesti
1335 1983 1462 2021 agens
1479 1975 1708 2013 univocum.
1730 1974 1838 2011 Talia

219 2022 325 2058 enim
346 2021 535 2058 animalia
555 2030 638 2058 non
656 2024 896 2067 generantur
914 2021 994 2058 nisi
1016 2031 1063 2058 ex
1079 2022 1245 2066 semine,
1268 2025 1307 2059 et
1324 2025 1484 2068 propter
1512 2021 1589 2059 boc
1620 2021 1717 2059 dicit
1733 2021 1837 2059 Aris·

216 2068 359 2152 tttiteltis
380 2068 422 2106 in
442 2068 619 2106 secundo
635 2068 746 2113 Phys.
770 2067 876 2115 (text.
896 2077 1041 2105 comm.
1070 2068 1127 2115 17)
1150 2068 1257 2116 quod
1280 2068 1401 2106 homo
1439 2072 1603 2117 generat
1632 2068 1838 2108 hominem

217 2124 236 2152 e
274 2123 349 2153 so.

264 2164 351 2200 Non
371 2165 432 2199 est
449 2166 581 2200 autem
601 2171 739 2200 verum
767 2162 871 2209 quod
900 2163 1101 2209 quantitas
1136 2162 1327 2209 impediat
1360 2163 1558 2202 actionem
1588 2163 1727 2201 sormae
1758 2163 1837 2201 nisi

215 2218 286 2255 per
305 2209 504 2255 accidens,
520 2210 562 2247 in
577 2213 768 2257 quantum
782 2209 934 2247 scilicet
949 2210 1080 2248 omnis
1095 2210 1296 2257 quantitas
1313 2211 1504 2248 continua
1520 2213 1581 2248 est
1601 2211 1642 2248 in
1657 2210 1836 2249 materia.

216 2258 357 2294 Forma
378 2261 508 2295 autem
526 2257 569 2293 in
600 2257 766 2294 materia
794 2257 984 2302 existens,
1006 2267 1097 2295 cum
1123 2257 1176 2294 sit
1207 2258 1376 2296 minoris
1408 2258 1662 2299 actualitatis,
1688 2261 1750 2297 est
1768 2267 1838 2305 per

215 2312 468 2351 consequens
485 2303 654 2342 minoris
673 2304 831 2342 virtutis
854 2304 897 2341 in
916 2305 1084 2350 agendo.
1108 2304 1216 2343 Unde
1248 2314 1394 2352 corpus
1414 2305 1521 2353 quod
1548 2305 1667 2343 habet
1701 2305 1837 2344 minus

215 2350 262 2388 de
284 2351 462 2395 materia,
481 2355 519 2389 et
537 2350 672 2389 minus
689 2350 736 2389 de
757 2351 897 2395 forma,
920 2352 1024 2389 sicut
1052 2352 1173 2399 iguis,
1193 2355 1256 2390 est
1270 2352 1400 2400 magis
1420 2353 1606 2390 activum.
1625 2353 1838 2400 supposito

216 2401 347 2436 autem
368 2398 487 2436 modo
520 2399 690 2437 actionis
720 2408 839 2446 quam
877 2399 1005 2436 forma
1032 2398 1074 2436 in
1110 2399 1277 2438 materia
1308 2400 1484 2437 existens
1516 2399 1664 2438 habere
1691 2403 1835 2447 potest,

215 2446 417 2493 quantitas
452 2450 620 2493 coauget
649 2446 780 2494 magis
811 2455 929 2493 quam
961 2445 1107 2484 minuit
1137 2446 1349 2484 actionem.
1382 2448 1480 2485 Nam
1510 2451 1658 2494 quanto
1690 2455 1836 2493 corpus

215 2492 388 2531 calidum
422 2492 540 2530 fuerit
570 2492 712 2540 majus,
751 2493 959 2540 supposita
990 2503 1101 2542 aeque
1132 2493 1292 2532 intensa
1322 2494 1536 2539 caliditate,
1567 2497 1677 2531 tanto
1706 2494 1835 2540 magis

215 2539 422 2585 calet‘acit3
444 2544 482 2578 et
508 2541 717 2587 supposita
737 2541 929 2588 gravitate
950 2549 1061 2588 aeque
1081 2541 1253 2586 intensa,
1272 2545 1422 2589 quanto
1450 2542 1579 2589 majus
1608 2540 1727 2579 fuerit
1747 2550 1834 2578 cor-

214 2595 290 2633 pus
311 2596 442 2635 grave,
466 2591 573 2625 tanto
594 2587 773 2626 velocius
791 2587 1014 2626 movebitur
1032 2592 1143 2626 motu
1167 2589 1351 2634 naturali,
1371 2592 1409 2626 et
1426 2589 1519 2626 inde
1537 2592 1599 2626 est
1624 2587 1734 2635 quod
1761 2592 1836 2625 tar-

217 2633 305 2671 dius
326 2638 506 2672 movetur
525 2638 634 2673 motu
665 2635 893 2673 innaturali.
914 2635 1014 2680 Quia
1044 2636 1167 2683 igitur
1187 2645 1355 2682 corpora
1373 2636 1510 2683 gravia
1533 2639 1628 2672 sunt
1646 2635 1835 2673 tardioris

216 2684 350 2732 motus
367 2682 618 2727 innaturalis,
641 2691 730 2720 cum
750 2682 896 2720 fuerint
915 2683 1079 2729 majoris
1098 2683 1344 2731 quantitatis,
1366 2692 1449 2720 non
1475 2681 1698 2720 ostenditur
1727 2683 1834 2730 quod

217 2731 418 2773 quantitas
441 2729 630 2775 impediat
647 2730 859 2774 actionem,
882 2730 952 2767 sed
972 2730 1101 2778 magis
1122 2731 1231 2778 quod
1248 2734 1442 2777 coaugeat
1454 2730 1596 2775 ipsam.

221 2821 226 2826 ·
265 2775 359 2828 ⁵50¹}
375 2779 527 2820 oportet
541 2776 659 2814 etiam
680 2777 786 2824 quod
807 2786 952 2823 corpus
971 2786 1088 2815 omne
1110 2781 1242 2816 careat
1265 2777 1433 2821 actione,
1453 2780 1612 2822 propter
1630 2775 1707 2815 hoc
1727 2778 1834 2825 quod

216 2829 258 2858 ιιι
277 2829 415 2873 ordine
436 2831 566 2873 rerum
582 2823 805 2861 substantia
825 2825 1044 2870 corporalis
1069 2828 1130 2863 est
1148 2824 1285 2862 infima
1305 2823 1523 2862 secundum
1545 2832 1661 2861 suum
1678 2834 1832 2872 genus;

218 2876 309 2915 quia
330 2871 447 2906 etiam
468 2872 570 2906 mter
590 2878 755 2916 corpora
776 2880 899 2910 unum
918 2876 977 2909 est
998 2872 1182 2918 superius
1199 2871 1335 2916 altero,
1357 2874 1396 2908 et
1414 2870 1637 2918 formalius,
1653 2876 1691 2910 et
1704 2873 1835 2918 magis
