<?xml version="1.0" encoding="UTF-8"?>
<!DOCTYPE html PUBLIC "-//W3C//DTD XHTML 1.0 Transitional//EN"
    "http://www.w3.org/TR/xhtml1/DTD/xhtml1-transitional.dtd">
<html xmlns="http://www.w3.org/1999/xhtml" xml:lang="en" lang="en">
 <head>
  <title>
</title>
<meta http-equiv="Content-Type" content="text/html;charset=utf-8" />
  <meta name='ocr-system' content='tesseract 3.04.00' />
  <meta name='ocr-capabilities' content='ocr_page ocr_carea ocr_par ocr_line ocrx_word'/>
</head>
<body>
  <div class='ocr_page' id='page_1' title='image "./deveritatecathol00thomuoft_0603.png"; bbox 0 0 1894 3223; ppageno 0'>
   <div class='ocr_carea' id='block_1_1' title="bbox 670 151 1680 194">
    <p class='ocr_par' dir='ltr' id='par_1_1' title="bbox 670 151 1680 194">
     <span class='ocr_line' id='line_1_1' title="bbox 670 151 1680 194; baseline -0.002 -7"><span class='ocrx_word' id='word_1_1' title='bbox 670 153 757 187; x_wconf 89' lang='lat' dir='ltr'>LIB.</span> <span class='ocrx_word' id='word_1_2' title='bbox 786 152 845 194; x_wconf 87' lang='lat' dir='ltr'>IV,</span> <span class='ocrx_word' id='word_1_3' title='bbox 873 151 973 188; x_wconf 83' lang='lat' dir='ltr'>CAP.</span> <span class='ocrx_word' id='word_1_4' title='bbox 1000 151 1070 187; x_wconf 79' lang='lat' dir='ltr'>XL.</span> <span class='ocrx_word' id='word_1_5' title='bbox 1612 151 1680 186; x_wconf 85' lang='lat'>563</span> 
     </span>
    </p>
   </div>
   <div class='ocr_carea' id='block_1_2' title="bbox 57 230 1679 379">
    <p class='ocr_par' dir='ltr' id='par_1_2' title="bbox 57 230 1679 379">
     <span class='ocr_line' id='line_1_2' title="bbox 57 230 1679 285; baseline -0.006 -10"><span class='ocrx_word' id='word_1_6' title='bbox 57 236 164 285; x_wconf 87' lang='lat' dir='ltr'>quod</span> <span class='ocrx_word' id='word_1_7' title='bbox 179 237 232 274; x_wconf 89' lang='lat' dir='ltr'>sit</span> <span class='ocrx_word' id='word_1_8' title='bbox 249 233 480 279; x_wconf 87' lang='lat' dir='ltr'>simpliciter</span> <span class='ocrx_word' id='word_1_9' title='bbox 499 232 593 277; x_wconf 91' lang='lat' dir='ltr'>duo,</span> <span class='ocrx_word' id='word_1_10' title='bbox 615 236 653 269; x_wconf 89' lang='lat' dir='ltr'>et</span> <span class='ocrx_word' id='word_1_11' title='bbox 673 241 752 269; x_wconf 88' lang='lat' dir='ltr'>non</span> <span class='ocrx_word' id='word_1_12' title='bbox 776 233 827 269; x_wconf 88' lang='lat' dir='ltr'>sit</span> <span class='ocrx_word' id='word_1_13' title='bbox 847 241 970 269; x_wconf 90' lang='lat' dir='ltr'>unum</span> <span class='ocrx_word' id='word_1_14' title='bbox 994 231 1071 268; x_wconf 90' lang='lat' dir='ltr'>nisi</span> <span class='ocrx_word' id='word_1_15' title='bbox 1094 230 1316 284; x_wconf 80' lang='lat' dir='ltr'>secundum</span> <span class='ocrx_word' id='word_1_16' title='bbox 1336 230 1430 278; x_wconf 87' lang='lat' dir='ltr'>quid</span> <span class='ocrx_word' id='word_1_17' title='bbox 1450 242 1459 274; x_wconf 87' lang='lat'>;</span> <span class='ocrx_word' id='word_1_18' title='bbox 1477 230 1583 277; x_wconf 87' lang='lat' dir='ltr'>quod</span> <span class='ocrx_word' id='word_1_19' title='bbox 1617 232 1679 267; x_wconf 90' lang='lat' dir='ltr'>est</span> 
     </span>
     <span class='ocr_line' id='line_1_3' title="bbox 57 279 1679 327; baseline -0.006 -5"><span class='ocrx_word' id='word_1_20' title='bbox 57 284 196 322; x_wconf 87' lang='lat' dir='ltr'>tollere</span> <span class='ocrx_word' id='word_1_21' title='bbox 215 284 363 323; x_wconf 87' lang='lat' dir='ltr'>Jesum,</span> <span class='ocrx_word' id='word_1_22' title='bbox 381 279 474 327; x_wconf 87' lang='lat' dir='ltr'>quia</span> <span class='ocrx_word' id='word_1_23' title='bbox 493 279 805 326; x_wconf 81' lang='lat' dir='ltr'>unumquodque</span> <span class='ocrx_word' id='word_1_24' title='bbox 826 280 865 316; x_wconf 95' lang='lat' dir='ltr'>in</span> <span class='ocrx_word' id='word_1_25' title='bbox 895 282 1048 316; x_wconf 88' lang='lat' dir='ltr'>tantum</span> <span class='ocrx_word' id='word_1_26' title='bbox 1069 282 1127 316; x_wconf 92' lang='lat' dir='ltr'>est</span> <span class='ocrx_word' id='word_1_27' title='bbox 1157 287 1198 315; x_wconf 80' lang='lat' dir='ltr'>in</span> <span class='ocrx_word' id='word_1_28' title='bbox 1219 282 1410 325; x_wconf 83' lang='lat' dir='ltr'>quantum</span> <span class='ocrx_word' id='word_1_29' title='bbox 1439 287 1562 316; x_wconf 91' lang='lat' dir='ltr'>unum</span> <span class='ocrx_word' id='word_1_30' title='bbox 1594 280 1679 322; x_wconf 88' lang='lat' dir='ltr'>est;</span> 
     </span>
     <span class='ocr_line' id='line_1_4' title="bbox 59 325 1437 379; baseline -0.005 -10"><span class='ocrx_word' id='word_1_31' title='bbox 59 330 166 379; x_wconf 86' lang='lat' dir='ltr'>quod</span> <span class='ocrx_word' id='word_1_32' title='bbox 184 329 306 376; x_wconf 85' lang='lat' dir='ltr'>igitur</span> <span class='ocrx_word' id='word_1_33' title='bbox 325 335 406 364; x_wconf 91' lang='lat' dir='ltr'>non</span> <span class='ocrx_word' id='word_1_34' title='bbox 427 329 490 365; x_wconf 86' lang='lat' dir='ltr'>est</span> <span class='ocrx_word' id='word_1_35' title='bbox 509 326 739 373; x_wconf 87' lang='lat' dir='ltr'>simpliciter</span> <span class='ocrx_word' id='word_1_36' title='bbox 760 336 898 371; x_wconf 87' lang='lat' dir='ltr'>unum,</span> <span class='ocrx_word' id='word_1_37' title='bbox 918 335 999 363; x_wconf 90' lang='lat' dir='ltr'>non</span> <span class='ocrx_word' id='word_1_38' title='bbox 1017 328 1079 363; x_wconf 88' lang='lat' dir='ltr'>est</span> <span class='ocrx_word' id='word_1_39' title='bbox 1097 325 1332 372; x_wconf 90' lang='lat' dir='ltr'>simpliciter</span> <span class='ocrx_word' id='word_1_40' title='bbox 1351 334 1437 363; x_wconf 87' lang='lat' dir='ltr'>ens.</span> 
     </span>
    </p>
   </div>
   <div class='ocr_carea' id='block_1_3' title="bbox 675 474 1048 516">
    <p class='ocr_par' dir='ltr' id='par_1_3' title="bbox 675 474 1048 516">
     <span class='ocr_line' id='line_1_5' title="bbox 675 474 1048 516; baseline -0.005 0"><span class='ocrx_word' id='word_1_41' title='bbox 675 474 843 516; x_wconf 86' lang='lat' dir='ltr'>CAPUT</span> <span class='ocrx_word' id='word_1_42' title='bbox 869 474 1048 514; x_wconf 82' lang='lat' dir='ltr'><strong>XXXIX.</strong></span> 
     </span>
    </p>
   </div>
   <div class='ocr_carea' id='block_1_4' title="bbox 268 592 1524 636">
    <p class='ocr_par' dir='ltr' id='par_1_4' title="bbox 268 592 1524 636">
     <span class='ocr_line' id='line_1_6' title="bbox 268 592 1524 636; baseline -0.003 -12"><span class='ocrx_word' id='word_1_43' title='bbox 268 595 358 629; x_wconf 71' lang='lat'>01&#39;11)</span> <span class='ocrx_word' id='word_1_44' title='bbox 380 595 596 624; x_wconf 71' lang='lat' dir='ltr'>CATHOIAGA</span> <span class='ocrx_word' id='word_1_45' title='bbox 616 595 725 623; x_wconf 67' lang='lat' dir='ltr'>Flnffl</span> <span class='ocrx_word' id='word_1_46' title='bbox 747 593 911 622; x_wconf 75' lang='lat' dir='ltr'>SENTIAT</span> <span class='ocrx_word' id='word_1_47' title='bbox 929 594 979 621; x_wconf 84' lang='lat' dir='ltr'>DE</span> <span class='ocrx_word' id='word_1_48' title='bbox 998 592 1288 621; x_wconf 80' lang='lat' dir='ltr'><strong>INGARNATIONE</strong></span> <span class='ocrx_word' id='word_1_49' title='bbox 1307 593 1470 622; x_wconf 79' lang='lat' dir='ltr'>CHRISTI.</span> <span class='ocrx_word' id='word_1_50' title='bbox 1519 628 1524 636; x_wconf 26' lang='lat' dir='ltr'>x</span> 
     </span>
    </p>
   </div>
   <div class='ocr_carea' id='block_1_5' title="bbox 59 701 1686 2476">
    <p class='ocr_par' dir='ltr' id='par_1_5' title="bbox 61 701 1682 1067">
     <span class='ocr_line' id='line_1_7' title="bbox 110 701 1680 749; baseline -0.001 -9"><span class='ocrx_word' id='word_1_51' title='bbox 110 703 164 740; x_wconf 82' lang='lat' dir='ltr'>Ex</span> <span class='ocrx_word' id='word_1_52' title='bbox 185 702 420 748; x_wconf 85' lang='lat' dir='ltr'>supradictis</span> <span class='ocrx_word' id='word_1_53' title='bbox 441 702 559 749; x_wconf 76' lang='lat' dir='ltr'>igitur</span> <span class='ocrx_word' id='word_1_54' title='bbox 589 702 843 739; x_wconf 83' lang='lat' dir='ltr'>manifestum</span> <span class='ocrx_word' id='word_1_55' title='bbox 874 705 933 738; x_wconf 85' lang='lat' dir='ltr'>est</span> <span class='ocrx_word' id='word_1_56' title='bbox 963 701 1082 748; x_wconf 86' lang='lat' dir='ltr'>quod,</span> <span class='ocrx_word' id='word_1_57' title='bbox 1116 701 1335 738; x_wconf 88' lang='lat' dir='ltr'>secundum</span> <span class='ocrx_word' id='word_1_58' title='bbox 1364 702 1568 739; x_wconf 77' lang='lat' dir='ltr'>catholicae</span> <span class='ocrx_word' id='word_1_59' title='bbox 1588 701 1680 739; x_wconf 84' lang='lat' dir='ltr'>fidei</span> 
     </span>
     <span class='ocr_line' id='line_1_8' title="bbox 62 748 1682 796; baseline -0.001 -9"><span class='ocrx_word' id='word_1_60' title='bbox 62 749 326 792; x_wconf 78' lang='lat' dir='ltr'>traditionem,</span> <span class='ocrx_word' id='word_1_61' title='bbox 347 753 500 795; x_wconf 89' lang='lat' dir='ltr'>oportet</span> <span class='ocrx_word' id='word_1_62' title='bbox 520 749 648 786; x_wconf 85' lang='lat' dir='ltr'>dicere</span> <span class='ocrx_word' id='word_1_63' title='bbox 670 749 773 796; x_wconf 82' lang='lat' dir='ltr'>quod</span> <span class='ocrx_word' id='word_1_64' title='bbox 796 749 835 785; x_wconf 91' lang='lat' dir='ltr'>in</span> <span class='ocrx_word' id='word_1_65' title='bbox 858 748 1010 786; x_wconf 89' lang='lat' dir='ltr'>Christo</span> <span class='ocrx_word' id='word_1_66' title='bbox 1033 748 1084 784; x_wconf 89' lang='lat' dir='ltr'>sit</span> <span class='ocrx_word' id='word_1_67' title='bbox 1101 757 1180 785; x_wconf 87' lang='lat' dir='ltr'>una</span> <span class='ocrx_word' id='word_1_68' title='bbox 1197 752 1337 785; x_wconf 87' lang='lat' dir='ltr'>natura</span> <span class='ocrx_word' id='word_1_69' title='bbox 1355 748 1488 786; x_wconf 88' lang='lat' dir='ltr'>divina</span> <span class='ocrx_word' id='word_1_70' title='bbox 1507 749 1682 794; x_wconf 80' lang='lat' dir='ltr'>perfecta</span> 
     </span>
     <span class='ocr_line' id='line_1_9' title="bbox 62 795 1682 842; baseline -0.001 -8"><span class='ocrx_word' id='word_1_71' title='bbox 62 806 111 834; x_wconf 84' lang='lat' dir='ltr'>ex</span> <span class='ocrx_word' id='word_1_72' title='bbox 131 796 263 833; x_wconf 86' lang='lat' dir='ltr'>anima</span> <span class='ocrx_word' id='word_1_73' title='bbox 282 796 434 833; x_wconf 89' lang='lat' dir='ltr'>scilicet</span> <span class='ocrx_word' id='word_1_74' title='bbox 452 796 636 833; x_wconf 82' lang='lat' dir='ltr'>rationali</span> <span class='ocrx_word' id='word_1_75' title='bbox 650 800 686 832; x_wconf 90' lang='lat' dir='ltr'>ct</span> <span class='ocrx_word' id='word_1_76' title='bbox 700 797 874 833; x_wconf 82' lang='lat' dir='ltr'>humana</span> <span class='ocrx_word' id='word_1_77' title='bbox 890 804 1006 832; x_wconf 88' lang='lat' dir='ltr'>carne</span> <span class='ocrx_word' id='word_1_78' title='bbox 1016 795 1230 832; x_wconf 84' lang='lat' dir='ltr'>constituta</span> <span class='ocrx_word' id='word_1_79' title='bbox 1246 807 1255 840; x_wconf 81' lang='lat'><em>3</em></span> <span class='ocrx_word' id='word_1_80' title='bbox 1271 798 1306 832; x_wconf 87' lang='lat' dir='ltr'>et</span> <span class='ocrx_word' id='word_1_81' title='bbox 1320 796 1424 842; x_wconf 85' lang='lat' dir='ltr'>quod</span> <span class='ocrx_word' id='word_1_82' title='bbox 1439 796 1497 833; x_wconf 80' lang='lat' dir='ltr'>hae</span> <span class='ocrx_word' id='word_1_83' title='bbox 1513 796 1599 832; x_wconf 79' lang='lat' dir='ltr'>duae</span> <span class='ocrx_word' id='word_1_84' title='bbox 1616 805 1682 832; x_wconf 90' lang='lat' dir='ltr'>na·</span> 
     </span>
     <span class='ocr_line' id='line_1_10' title="bbox 61 842 1680 889; baseline -0.001 -8"><span class='ocrx_word' id='word_1_85' title='bbox 61 847 159 881; x_wconf 83' lang='lat' dir='ltr'>turae</span> <span class='ocrx_word' id='word_1_86' title='bbox 172 843 289 880; x_wconf 75' lang='lat' dir='ltr'>unitre</span> <span class='ocrx_word' id='word_1_87' title='bbox 299 845 393 880; x_wconf 89' lang='lat' dir='ltr'>sunt</span> <span class='ocrx_word' id='word_1_88' title='bbox 406 843 626 887; x_wconf 80' lang='lat' dir='ltr'>inchristo,</span> <span class='ocrx_word' id='word_1_89' title='bbox 637 852 716 880; x_wconf 89' lang='lat' dir='ltr'>non</span> <span class='ocrx_word' id='word_1_90' title='bbox 731 853 798 889; x_wconf 87' lang='lat' dir='ltr'>per</span> <span class='ocrx_word' id='word_1_91' title='bbox 811 843 937 880; x_wconf 89' lang='lat' dir='ltr'>solam</span> <span class='ocrx_word' id='word_1_92' title='bbox 950 842 1293 886; x_wconf 77' lang='lat' dir='ltr'>inhabitationem,</span> <span class='ocrx_word' id='word_1_93' title='bbox 1306 852 1433 889; x_wconf 85' lang='lat' dir='ltr'>neque</span> <span class='ocrx_word' id='word_1_94' title='bbox 1444 842 1680 879; x_wconf 82' lang='lat' dir='ltr'>accidentali</span> 
     </span>
     <span class='ocr_line' id='line_1_11' title="bbox 63 889 1681 936; baseline -0.001 -8"><span class='ocrx_word' id='word_1_95' title='bbox 63 889 198 934; x_wconf 85' lang='lat' dir='ltr'>modo,</span> <span class='ocrx_word' id='word_1_96' title='bbox 219 894 259 926; x_wconf 92' lang='lat' dir='ltr'>ut</span> <span class='ocrx_word' id='word_1_97' title='bbox 281 889 402 926; x_wconf 91' lang='lat' dir='ltr'>homo</span> <span class='ocrx_word' id='word_1_98' title='bbox 424 890 558 926; x_wconf 91' lang='lat' dir='ltr'>unitur</span> <span class='ocrx_word' id='word_1_99' title='bbox 582 891 830 930; x_wconf 82' lang='lat' dir='ltr'>vestimento,</span> <span class='ocrx_word' id='word_1_100' title='bbox 854 899 979 936; x_wconf 83' lang='lat' dir='ltr'>neque</span> <span class='ocrx_word' id='word_1_101' title='bbox 1001 889 1043 926; x_wconf 92' lang='lat' dir='ltr'>in</span> <span class='ocrx_word' id='word_1_102' title='bbox 1065 889 1150 926; x_wconf 89' lang='lat' dir='ltr'>sola</span> <span class='ocrx_word' id='word_1_103' title='bbox 1171 890 1371 935; x_wconf 83' lang='lat' dir='ltr'>personali</span> <span class='ocrx_word' id='word_1_104' title='bbox 1392 889 1622 926; x_wconf 79' lang='lat' dir='ltr'>habitudine</span> <span class='ocrx_word' id='word_1_105' title='bbox 1643 893 1681 926; x_wconf 92' lang='lat' dir='ltr'>ct</span> 
     </span>
     <span class='ocr_line' id='line_1_12' title="bbox 63 936 1680 984; baseline 0 -11"><span class='ocrx_word' id='word_1_106' title='bbox 63 937 313 984; x_wconf 75' lang='lat' dir='ltr'>proprietate,</span> <span class='ocrx_word' id='word_1_107' title='bbox 335 936 404 973; x_wconf 89' lang='lat' dir='ltr'>sed</span> <span class='ocrx_word' id='word_1_108' title='bbox 432 936 648 974; x_wconf 88' lang='lat' dir='ltr'>secundum</span> <span class='ocrx_word' id='word_1_109' title='bbox 672 946 791 974; x_wconf 87' lang='lat' dir='ltr'>unam</span> <span class='ocrx_word' id='word_1_110' title='bbox 823 936 1069 983; x_wconf 79' lang='lat' dir='ltr'>hypostasim</span> <span class='ocrx_word' id='word_1_111' title='bbox 1090 941 1126 973; x_wconf 93' lang='lat' dir='ltr'>et</span> <span class='ocrx_word' id='word_1_112' title='bbox 1153 936 1403 982; x_wconf 90' lang='lat' dir='ltr'>suppositum</span> <span class='ocrx_word' id='word_1_113' title='bbox 1438 945 1576 973; x_wconf 86' lang='lat' dir='ltr'>unum.</span> <span class='ocrx_word' id='word_1_114' title='bbox 1599 937 1680 973; x_wconf 88' lang='lat' dir='ltr'>Hoc</span> 
     </span>
     <span class='ocr_line' id='line_1_13' title="bbox 63 982 1678 1067; baseline -0.001 -46"><span class='ocrx_word' id='word_1_115' title='bbox 63 983 167 1021; x_wconf 85' lang='lat' dir='ltr'>enim</span> <span class='ocrx_word' id='word_1_116' title='bbox 190 984 319 1067; x_wconf 68' lang='lat' dir='ltr'>soldum</span> <span class='ocrx_word' id='word_1_117' title='bbox 338 983 458 1022; x_wconf 88' lang='lat' dir='ltr'>modo</span> <span class='ocrx_word' id='word_1_118' title='bbox 479 983 621 1021; x_wconf 86' lang='lat' dir='ltr'>salvari</span> <span class='ocrx_word' id='word_1_119' title='bbox 643 986 812 1030; x_wconf 81' lang='lat' dir='ltr'>possunt</span> <span class='ocrx_word' id='word_1_120' title='bbox 833 994 880 1020; x_wconf 86' lang='lat' dir='ltr'>ea</span> <span class='ocrx_word' id='word_1_121' title='bbox 908 992 995 1031; x_wconf 82' lang='lat' dir='ltr'>quae</span> <span class='ocrx_word' id='word_1_122' title='bbox 1015 983 1056 1020; x_wconf 89' lang='lat' dir='ltr'>in</span> <span class='ocrx_word' id='word_1_123' title='bbox 1081 983 1292 1030; x_wconf 78' lang='lat' dir='ltr'>scripturis</span> <span class='ocrx_word' id='word_1_124' title='bbox 1312 984 1418 1020; x_wconf 89' lang='lat' dir='ltr'>circa</span> <span class='ocrx_word' id='word_1_125' title='bbox 1438 982 1678 1020; x_wconf 86' lang='lat' dir='ltr'>incarnatio-</span> 
     </span>
     <span class='ocr_line' id='line_1_14' title="bbox 63 1033 398 1067; baseline -0.003 0"><span class='ocrx_word' id='word_1_126' title='bbox 63 1039 154 1067; x_wconf 88' lang='lat' dir='ltr'>nem</span> <span class='ocrx_word' id='word_1_127' title='bbox 177 1034 234 1066; x_wconf 88' lang='lat' dir='ltr'>tra</span> <span class='ocrx_word' id='word_1_128' title='bbox 269 1033 398 1067; x_wconf 88' lang='lat' dir='ltr'>untur.</span> 
     </span>
    </p>

    <p class='ocr_par' dir='ltr' id='par_1_6' title="bbox 61 1075 1683 1628">
     <span class='ocr_line' id='line_1_15' title="bbox 111 1075 1682 1123; baseline -0.001 -10"><span class='ocrx_word' id='word_1_129' title='bbox 111 1078 240 1121; x_wconf 79' lang='lat' dir='ltr'>Quum</span> <span class='ocrx_word' id='word_1_130' title='bbox 261 1077 362 1113; x_wconf 82' lang='lat' dir='ltr'>enim</span> <span class='ocrx_word' id='word_1_131' title='bbox 385 1076 580 1123; x_wconf 83' lang='lat' dir='ltr'>Scriptura</span> <span class='ocrx_word' id='word_1_132' title='bbox 599 1086 713 1114; x_wconf 84' lang='lat' dir='ltr'>sacra</span> <span class='ocrx_word' id='word_1_133' title='bbox 730 1076 958 1113; x_wconf 87' lang='lat' dir='ltr'>indistincte</span> <span class='ocrx_word' id='word_1_134' title='bbox 990 1085 1077 1123; x_wconf 88' lang='lat' dir='ltr'>quae</span> <span class='ocrx_word' id='word_1_135' title='bbox 1109 1078 1203 1113; x_wconf 90' lang='lat' dir='ltr'>sunt</span> <span class='ocrx_word' id='word_1_136' title='bbox 1224 1076 1291 1113; x_wconf 91' lang='lat' dir='ltr'>Dei</span> <span class='ocrx_word' id='word_1_137' title='bbox 1323 1076 1475 1113; x_wconf 90' lang='lat' dir='ltr'>homini</span> <span class='ocrx_word' id='word_1_138' title='bbox 1495 1077 1553 1113; x_wconf 88' lang='lat' dir='ltr'>illi</span> <span class='ocrx_word' id='word_1_139' title='bbox 1577 1075 1682 1113; x_wconf 88' lang='lat' dir='ltr'>attri-</span> 
     </span>
     <span class='ocr_line' id='line_1_16' title="bbox 62 1123 1681 1170; baseline -0.001 -10"><span class='ocrx_word' id='word_1_140' title='bbox 62 1123 158 1161; x_wconf 86' lang='lat' dir='ltr'>buat</span> <span class='ocrx_word' id='word_1_141' title='bbox 177 1127 215 1160; x_wconf 87' lang='lat' dir='ltr'>et</span> <span class='ocrx_word' id='word_1_142' title='bbox 229 1133 316 1170; x_wconf 82' lang='lat' dir='ltr'>quae</span> <span class='ocrx_word' id='word_1_143' title='bbox 337 1126 430 1160; x_wconf 89' lang='lat' dir='ltr'>sunt</span> <span class='ocrx_word' id='word_1_144' title='bbox 450 1123 556 1160; x_wconf 87' lang='lat' dir='ltr'>illius</span> <span class='ocrx_word' id='word_1_145' title='bbox 575 1123 748 1160; x_wconf 91' lang='lat' dir='ltr'>hominis</span> <span class='ocrx_word' id='word_1_146' title='bbox 767 1125 859 1167; x_wconf 88' lang='lat' dir='ltr'>Deo,</span> <span class='ocrx_word' id='word_1_147' title='bbox 883 1126 924 1159; x_wconf 90' lang='lat' dir='ltr'>ut</span> <span class='ocrx_word' id='word_1_148' title='bbox 941 1132 987 1159; x_wconf 79' lang='lat' dir='ltr'>ex</span> <span class='ocrx_word' id='word_1_149' title='bbox 1007 1123 1226 1168; x_wconf 77' lang='lat' dir='ltr'>praemissis</span> <span class='ocrx_word' id='word_1_150' title='bbox 1242 1125 1358 1169; x_wconf 88' lang='lat' dir='ltr'>patet,</span> <span class='ocrx_word' id='word_1_151' title='bbox 1382 1126 1535 1168; x_wconf 84' lang='lat' dir='ltr'>oportet</span> <span class='ocrx_word' id='word_1_152' title='bbox 1556 1131 1681 1159; x_wconf 89' lang='lat' dir='ltr'>unum</span> 
     </span>
     <span class='ocr_line' id='line_1_17' title="bbox 62 1169 1682 1217; baseline -0.001 -10"><span class='ocrx_word' id='word_1_153' title='bbox 62 1172 102 1208; x_wconf 85' lang='lat' dir='ltr'>et</span> <span class='ocrx_word' id='word_1_154' title='bbox 121 1170 300 1207; x_wconf 86' lang='lat' dir='ltr'>eumdem</span> <span class='ocrx_word' id='word_1_155' title='bbox 321 1179 409 1207; x_wconf 86' lang='lat' dir='ltr'>esse</span> <span class='ocrx_word' id='word_1_156' title='bbox 434 1170 480 1207; x_wconf 91' lang='lat' dir='ltr'>de</span> <span class='ocrx_word' id='word_1_157' title='bbox 499 1179 577 1217; x_wconf 90' lang='lat' dir='ltr'>quo</span> <span class='ocrx_word' id='word_1_158' title='bbox 599 1174 763 1217; x_wconf 86' lang='lat' dir='ltr'>utraque</span> <span class='ocrx_word' id='word_1_159' title='bbox 784 1169 1078 1214; x_wconf 85' lang='lat' dir='ltr'>dicantu1·.Sed,</span> <span class='ocrx_word' id='word_1_160' title='bbox 1095 1170 1189 1216; x_wconf 85' lang='lat' dir='ltr'>quia</span> <span class='ocrx_word' id='word_1_161' title='bbox 1206 1170 1388 1215; x_wconf 84' lang='lat' dir='ltr'>opposita</span> <span class='ocrx_word' id='word_1_162' title='bbox 1401 1169 1448 1206; x_wconf 86' lang='lat' dir='ltr'>dc</span> <span class='ocrx_word' id='word_1_163' title='bbox 1463 1169 1602 1206; x_wconf 89' lang='lat' dir='ltr'>eodem</span> <span class='ocrx_word' id='word_1_164' title='bbox 1624 1179 1682 1206; x_wconf 87' lang='lat' dir='ltr'>se-</span> 
     </span>
     <span class='ocr_line' id='line_1_18' title="bbox 63 1215 1679 1262; baseline -0.001 -8"><span class='ocrx_word' id='word_1_165' title='bbox 63 1216 237 1254; x_wconf 88' lang='lat' dir='ltr'>cundum</span> <span class='ocrx_word' id='word_1_166' title='bbox 256 1217 359 1253; x_wconf 89' lang='lat' dir='ltr'>idem</span> <span class='ocrx_word' id='word_1_167' title='bbox 378 1216 455 1253; x_wconf 89' lang='lat' dir='ltr'>dici</span> <span class='ocrx_word' id='word_1_168' title='bbox 483 1226 572 1253; x_wconf 88' lang='lat' dir='ltr'>vere</span> <span class='ocrx_word' id='word_1_169' title='bbox 594 1226 674 1253; x_wconf 92' lang='lat' dir='ltr'>non</span> <span class='ocrx_word' id='word_1_170' title='bbox 695 1220 877 1262; x_wconf 84' lang='lat' dir='ltr'>possunt,</span> <span class='ocrx_word' id='word_1_171' title='bbox 906 1215 1037 1253; x_wconf 86' lang='lat' dir='ltr'>divina</span> <span class='ocrx_word' id='word_1_172' title='bbox 1070 1219 1201 1253; x_wconf 90' lang='lat' dir='ltr'>autem</span> <span class='ocrx_word' id='word_1_173' title='bbox 1231 1220 1269 1253; x_wconf 89' lang='lat' dir='ltr'>et</span> <span class='ocrx_word' id='word_1_174' title='bbox 1302 1217 1477 1253; x_wconf 85' lang='lat' dir='ltr'>humana</span> <span class='ocrx_word' id='word_1_175' title='bbox 1509 1225 1597 1262; x_wconf 58' lang='lat' dir='ltr'>quie</span> <span class='ocrx_word' id='word_1_176' title='bbox 1631 1216 1679 1252; x_wconf 88' lang='lat' dir='ltr'>dc</span> 
     </span>
     <span class='ocr_line' id='line_1_19' title="bbox 63 1262 1680 1309; baseline -0.001 -9"><span class='ocrx_word' id='word_1_177' title='bbox 63 1263 217 1301; x_wconf 89' lang='lat' dir='ltr'>Christo</span> <span class='ocrx_word' id='word_1_178' title='bbox 256 1263 439 1301; x_wconf 89' lang='lat' dir='ltr'>dicuntur</span> <span class='ocrx_word' id='word_1_179' title='bbox 466 1264 760 1309; x_wconf 87' lang='lat' dir='ltr'>oppositionem</span> <span class='ocrx_word' id='word_1_180' title='bbox 793 1263 953 1307; x_wconf 83' lang='lat' dir='ltr'>habent,</span> <span class='ocrx_word' id='word_1_181' title='bbox 989 1265 1123 1309; x_wconf 83' lang='lat' dir='ltr'>utpote</span> <span class='ocrx_word' id='word_1_182' title='bbox 1154 1272 1318 1309; x_wconf 88' lang='lat' dir='ltr'>passum</span> <span class='ocrx_word' id='word_1_183' title='bbox 1351 1267 1388 1299; x_wconf 91' lang='lat' dir='ltr'>et</span> <span class='ocrx_word' id='word_1_184' title='bbox 1419 1262 1680 1309; x_wconf 85' lang='lat' dir='ltr'>impassibile,</span> 
     </span>
     <span class='ocr_line' id='line_1_20' title="bbox 64 1309 1680 1356; baseline -0.001 -8"><span class='ocrx_word' id='word_1_185' title='bbox 64 1314 265 1348; x_wconf 87' lang='lat' dir='ltr'>mortuum</span> <span class='ocrx_word' id='word_1_186' title='bbox 286 1314 323 1347; x_wconf 89' lang='lat' dir='ltr'>et</span> <span class='ocrx_word' id='word_1_187' title='bbox 343 1311 576 1355; x_wconf 82' lang='lat' dir='ltr'>immortale,</span> <span class='ocrx_word' id='word_1_188' title='bbox 594 1314 630 1347; x_wconf 89' lang='lat' dir='ltr'>et</span> <span class='ocrx_word' id='word_1_189' title='bbox 647 1314 787 1348; x_wconf 85' lang='lat' dir='ltr'>caetera</span> <span class='ocrx_word' id='word_1_190' title='bbox 800 1309 1042 1356; x_wconf 70' lang='lat' dir='ltr'>huiusmodi,</span> <span class='ocrx_word' id='word_1_191' title='bbox 1057 1319 1221 1347; x_wconf 87' lang='lat' dir='ltr'>necesse</span> <span class='ocrx_word' id='word_1_192' title='bbox 1241 1310 1437 1356; x_wconf 81' lang='lat' dir='ltr'>estquod,</span> <span class='ocrx_word' id='word_1_193' title='bbox 1458 1310 1680 1347; x_wconf 89' lang='lat' dir='ltr'>secundum</span> 
     </span>
     <span class='ocr_line' id='line_1_21' title="bbox 62 1356 1680 1404; baseline -0.002 -9"><span class='ocrx_word' id='word_1_194' title='bbox 62 1357 171 1395; x_wconf 83' lang='lat' dir='ltr'>aliud</span> <span class='ocrx_word' id='word_1_195' title='bbox 192 1359 229 1394; x_wconf 88' lang='lat' dir='ltr'>et</span> <span class='ocrx_word' id='word_1_196' title='bbox 245 1357 364 1401; x_wconf 87' lang='lat' dir='ltr'>aliud,</span> <span class='ocrx_word' id='word_1_197' title='bbox 387 1357 519 1394; x_wconf 84' lang='lat' dir='ltr'>divina</span> <span class='ocrx_word' id='word_1_198' title='bbox 533 1361 570 1394; x_wconf 88' lang='lat' dir='ltr'>et</span> <span class='ocrx_word' id='word_1_199' title='bbox 586 1357 761 1394; x_wconf 81' lang='lat' dir='ltr'>humana</span> <span class='ocrx_word' id='word_1_200' title='bbox 781 1357 1041 1403; x_wconf 73' lang='lat' dir='ltr'>praedicentur</span> <span class='ocrx_word' id='word_1_201' title='bbox 1058 1357 1105 1393; x_wconf 91' lang='lat' dir='ltr'>de</span> <span class='ocrx_word' id='word_1_202' title='bbox 1127 1356 1294 1394; x_wconf 86' lang='lat' dir='ltr'>Christo.</span> <span class='ocrx_word' id='word_1_203' title='bbox 1316 1357 1379 1394; x_wconf 90' lang='lat' dir='ltr'>Sic</span> <span class='ocrx_word' id='word_1_204' title='bbox 1398 1357 1533 1403; x_wconf 83' lang='lat' dir='ltr'>igitur,</span> <span class='ocrx_word' id='word_1_205' title='bbox 1555 1366 1680 1404; x_wconf 87' lang='lat' dir='ltr'>quan-</span> 
     </span>
     <span class='ocr_line' id='line_1_22' title="bbox 61 1403 1682 1451; baseline -0.001 -11"><span class='ocrx_word' id='word_1_206' title='bbox 61 1407 146 1441; x_wconf 89' lang='lat' dir='ltr'>tum</span> <span class='ocrx_word' id='word_1_207' title='bbox 168 1403 215 1441; x_wconf 89' lang='lat' dir='ltr'>ad</span> <span class='ocrx_word' id='word_1_208' title='bbox 234 1404 272 1441; x_wconf 91' lang='lat' dir='ltr'>id</span> <span class='ocrx_word' id='word_1_209' title='bbox 292 1404 339 1440; x_wconf 88' lang='lat' dir='ltr'>de</span> <span class='ocrx_word' id='word_1_210' title='bbox 357 1413 435 1450; x_wconf 87' lang='lat' dir='ltr'>quo</span> <span class='ocrx_word' id='word_1_211' title='bbox 455 1407 620 1451; x_wconf 84' lang='lat' dir='ltr'>utraque</span> <span class='ocrx_word' id='word_1_212' title='bbox 642 1404 915 1451; x_wconf 76' lang='lat' dir='ltr'>praedicantur,</span> <span class='ocrx_word' id='word_1_213' title='bbox 948 1412 1028 1440; x_wconf 87' lang='lat' dir='ltr'>non</span> <span class='ocrx_word' id='word_1_214' title='bbox 1059 1408 1120 1440; x_wconf 85' lang='lat' dir='ltr'>est</span> <span class='ocrx_word' id='word_1_215' title='bbox 1148 1404 1349 1441; x_wconf 89' lang='lat' dir='ltr'>distinctio</span> <span class='ocrx_word' id='word_1_216' title='bbox 1386 1403 1588 1449; x_wconf 81' lang='lat' dir='ltr'>facienda,</span> <span class='ocrx_word' id='word_1_217' title='bbox 1610 1403 1682 1440; x_wconf 87' lang='lat' dir='ltr'>sed</span> 
     </span>
     <span class='ocr_line' id='line_1_23' title="bbox 62 1450 1683 1498; baseline 0 -11"><span class='ocrx_word' id='word_1_218' title='bbox 62 1450 264 1487; x_wconf 88' lang='lat' dir='ltr'>invenitur</span> <span class='ocrx_word' id='word_1_219' title='bbox 283 1451 414 1488; x_wconf 87' lang='lat' dir='ltr'>unitas</span> <span class='ocrx_word' id='word_1_220' title='bbox 431 1463 441 1495; x_wconf 87' lang='lat'>;</span> <span class='ocrx_word' id='word_1_221' title='bbox 461 1455 652 1498; x_wconf 82' lang='lat' dir='ltr'>quantum</span> <span class='ocrx_word' id='word_1_222' title='bbox 673 1455 803 1487; x_wconf 86' lang='lat' dir='ltr'>autem</span> <span class='ocrx_word' id='word_1_223' title='bbox 825 1451 872 1487; x_wconf 87' lang='lat' dir='ltr'>ad</span> <span class='ocrx_word' id='word_1_224' title='bbox 892 1450 931 1486; x_wconf 86' lang='lat' dir='ltr'>id</span> <span class='ocrx_word' id='word_1_225' title='bbox 950 1451 1169 1487; x_wconf 89' lang='lat' dir='ltr'>secundum</span> <span class='ocrx_word' id='word_1_226' title='bbox 1185 1451 1290 1497; x_wconf 86' lang='lat' dir='ltr'>quod</span> <span class='ocrx_word' id='word_1_227' title='bbox 1305 1451 1584 1496; x_wconf 86' lang='lat' dir='ltr'>praedicantur,</span> <span class='ocrx_word' id='word_1_228' title='bbox 1604 1450 1683 1487; x_wconf 89' lang='lat' dir='ltr'>dis-</span> 
     </span>
     <span class='ocr_line' id='line_1_24' title="bbox 63 1497 1683 1543; baseline -0.001 -9"><span class='ocrx_word' id='word_1_229' title='bbox 63 1497 203 1534; x_wconf 84' lang='lat' dir='ltr'>tinctio</span> <span class='ocrx_word' id='word_1_230' title='bbox 224 1501 284 1534; x_wconf 88' lang='lat' dir='ltr'>est</span> <span class='ocrx_word' id='word_1_231' title='bbox 303 1497 493 1534; x_wconf 86' lang='lat' dir='ltr'>facienda.</span> <span class='ocrx_word' id='word_1_232' title='bbox 510 1497 715 1535; x_wconf 83' lang='lat' dir='ltr'>Naturales</span> <span class='ocrx_word' id='word_1_233' title='bbox 736 1500 865 1534; x_wconf 84' lang='lat' dir='ltr'>autem</span> <span class='ocrx_word' id='word_1_234' title='bbox 883 1498 1141 1543; x_wconf 79' lang='lat' dir='ltr'>proprietates</span> <span class='ocrx_word' id='word_1_235' title='bbox 1157 1497 1419 1543; x_wconf 83' lang='lat' dir='ltr'>praedicantur</span> <span class='ocrx_word' id='word_1_236' title='bbox 1436 1497 1483 1534; x_wconf 88' lang='lat' dir='ltr'>de</span> <span class='ocrx_word' id='word_1_237' title='bbox 1502 1505 1683 1543; x_wconf 85' lang='lat' dir='ltr'>unoquo-</span> 
     </span>
     <span class='ocr_line' id='line_1_25' title="bbox 63 1543 1680 1628; baseline -0.001 -47"><span class='ocrx_word' id='word_1_238' title='bbox 63 1553 139 1628; x_wconf 60' lang='lat' dir='ltr'>gue</span> <span class='ocrx_word' id='word_1_239' title='bbox 161 1544 379 1582; x_wconf 87' lang='lat' dir='ltr'>secundum</span> <span class='ocrx_word' id='word_1_240' title='bbox 399 1544 484 1591; x_wconf 89' lang='lat' dir='ltr'>ejus</span> <span class='ocrx_word' id='word_1_241' title='bbox 505 1548 700 1585; x_wconf 86' lang='lat' dir='ltr'>naturam,</span> <span class='ocrx_word' id='word_1_242' title='bbox 722 1545 824 1581; x_wconf 86' lang='lat' dir='ltr'>sicut</span> <span class='ocrx_word' id='word_1_243' title='bbox 858 1543 904 1580; x_wconf 86' lang='lat' dir='ltr'>de</span> <span class='ocrx_word' id='word_1_244' title='bbox 927 1545 1000 1580; x_wconf 91' lang='lat' dir='ltr'>hoc</span> <span class='ocrx_word' id='word_1_245' title='bbox 1032 1544 1159 1590; x_wconf 88' lang='lat' dir='ltr'>lapide</span> <span class='ocrx_word' id='word_1_246' title='bbox 1191 1544 1282 1580; x_wconf 88' lang='lat' dir='ltr'>ferri</span> <span class='ocrx_word' id='word_1_247' title='bbox 1316 1544 1502 1581; x_wconf 87' lang='lat' dir='ltr'>deorsum</span> <span class='ocrx_word' id='word_1_248' title='bbox 1537 1552 1680 1581; x_wconf 90' lang='lat' dir='ltr'>secun-</span> 
     </span>
    </p>

    <p class='ocr_par' dir='ltr' id='par_1_7' title="bbox 60 1590 1684 2141">
     <span class='ocr_line' id='line_1_26' title="bbox 93 1590 1680 1638; baseline 0 -11"><span class='ocrx_word' id='word_1_249' title='bbox 93 1599 156 1628; x_wconf 90' lang='lat' dir='ltr'>um</span> <span class='ocrx_word' id='word_1_250' title='bbox 178 1595 359 1628; x_wconf 86' lang='lat' dir='ltr'>naturam</span> <span class='ocrx_word' id='word_1_251' title='bbox 380 1591 594 1637; x_wconf 84' lang='lat' dir='ltr'>gravitatis.</span> <span class='ocrx_word' id='word_1_252' title='bbox 614 1592 742 1635; x_wconf 84' lang='lat' dir='ltr'>Quum</span> <span class='ocrx_word' id='word_1_253' title='bbox 763 1591 882 1638; x_wconf 80' lang='lat' dir='ltr'>igitur</span> <span class='ocrx_word' id='word_1_254' title='bbox 902 1591 1007 1627; x_wconf 85' lang='lat' dir='ltr'>aliud</span> <span class='ocrx_word' id='word_1_255' title='bbox 1040 1595 1077 1627; x_wconf 91' lang='lat' dir='ltr'>et</span> <span class='ocrx_word' id='word_1_256' title='bbox 1100 1590 1208 1628; x_wconf 89' lang='lat' dir='ltr'>aliud</span> <span class='ocrx_word' id='word_1_257' title='bbox 1243 1592 1296 1628; x_wconf 89' lang='lat' dir='ltr'>sit</span> <span class='ocrx_word' id='word_1_258' title='bbox 1328 1591 1551 1628; x_wconf 87' lang='lat' dir='ltr'>secundum</span> <span class='ocrx_word' id='word_1_259' title='bbox 1573 1590 1680 1637; x_wconf 83' lang='lat' dir='ltr'>quod</span> 
     </span>
     <span class='ocr_line' id='line_1_27' title="bbox 63 1637 1681 1683; baseline -0.001 -7"><span class='ocrx_word' id='word_1_260' title='bbox 63 1637 195 1676; x_wconf 87' lang='lat' dir='ltr'>divina</span> <span class='ocrx_word' id='word_1_261' title='bbox 215 1640 252 1674; x_wconf 86' lang='lat' dir='ltr'>et</span> <span class='ocrx_word' id='word_1_262' title='bbox 271 1638 444 1675; x_wconf 83' lang='lat' dir='ltr'>humana</span> <span class='ocrx_word' id='word_1_263' title='bbox 469 1638 731 1683; x_wconf 84' lang='lat' dir='ltr'>praedicantur</span> <span class='ocrx_word' id='word_1_264' title='bbox 751 1638 798 1675; x_wconf 88' lang='lat' dir='ltr'>de</span> <span class='ocrx_word' id='word_1_265' title='bbox 819 1638 987 1678; x_wconf 90' lang='lat' dir='ltr'>Christo,</span> <span class='ocrx_word' id='word_1_266' title='bbox 1010 1646 1174 1675; x_wconf 85' lang='lat' dir='ltr'>necesse</span> <span class='ocrx_word' id='word_1_267' title='bbox 1195 1641 1255 1675; x_wconf 88' lang='lat' dir='ltr'>est</span> <span class='ocrx_word' id='word_1_268' title='bbox 1287 1637 1416 1674; x_wconf 85' lang='lat' dir='ltr'>dicere</span> <span class='ocrx_word' id='word_1_269' title='bbox 1449 1638 1490 1674; x_wconf 91' lang='lat' dir='ltr'>in</span> <span class='ocrx_word' id='word_1_270' title='bbox 1526 1637 1681 1675; x_wconf 88' lang='lat' dir='ltr'>Christo</span> 
     </span>
     <span class='ocr_line' id='line_1_28' title="bbox 63 1684 1682 1731; baseline -0.001 -9"><span class='ocrx_word' id='word_1_271' title='bbox 63 1693 154 1722; x_wconf 85' lang='lat' dir='ltr'>esse</span> <span class='ocrx_word' id='word_1_272' title='bbox 171 1684 270 1722; x_wconf 91' lang='lat' dir='ltr'>duas</span> <span class='ocrx_word' id='word_1_273' title='bbox 287 1689 449 1721; x_wconf 83' lang='lat' dir='ltr'>naturas</span> <span class='ocrx_word' id='word_1_274' title='bbox 468 1685 703 1722; x_wconf 83' lang='lat' dir='ltr'>inconfusas</span> <span class='ocrx_word' id='word_1_275' title='bbox 721 1688 758 1721; x_wconf 89' lang='lat' dir='ltr'>et</span> <span class='ocrx_word' id='word_1_276' title='bbox 778 1685 1062 1730; x_wconf 83' lang='lat' dir='ltr'>impermixtas.</span> <span class='ocrx_word' id='word_1_277' title='bbox 1085 1685 1125 1721; x_wconf 87' lang='lat' dir='ltr'>Id</span> <span class='ocrx_word' id='word_1_278' title='bbox 1141 1688 1271 1722; x_wconf 87' lang='lat' dir='ltr'>autem</span> <span class='ocrx_word' id='word_1_279' title='bbox 1297 1685 1346 1721; x_wconf 89' lang='lat' dir='ltr'>de</span> <span class='ocrx_word' id='word_1_280' title='bbox 1367 1694 1446 1731; x_wconf 87' lang='lat' dir='ltr'>quo</span> <span class='ocrx_word' id='word_1_281' title='bbox 1466 1684 1682 1731; x_wconf 75' lang='lat' dir='ltr'>praedican-</span> 
     </span>
     <span class='ocr_line' id='line_1_29' title="bbox 62 1731 1682 1779; baseline 0.001 -12"><span class='ocrx_word' id='word_1_282' title='bbox 62 1733 127 1768; x_wconf 86' lang='lat' dir='ltr'>tur</span> <span class='ocrx_word' id='word_1_283' title='bbox 146 1731 406 1779; x_wconf 66' lang='lat' dir='ltr'>proprietates</span> <span class='ocrx_word' id='word_1_284' title='bbox 426 1732 641 1776; x_wconf 78' lang='lat' dir='ltr'>naturales,</span> <span class='ocrx_word' id='word_1_285' title='bbox 664 1732 882 1769; x_wconf 81' lang='lat' dir='ltr'>secundum</span> <span class='ocrx_word' id='word_1_286' title='bbox 917 1734 1093 1768; x_wconf 79' lang='lat' dir='ltr'>naturam</span> <span class='ocrx_word' id='word_1_287' title='bbox 1124 1732 1322 1778; x_wconf 83' lang='lat' dir='ltr'>propriam</span> <span class='ocrx_word' id='word_1_288' title='bbox 1354 1731 1402 1768; x_wconf 83' lang='lat' dir='ltr'>ad</span> <span class='ocrx_word' id='word_1_289' title='bbox 1432 1741 1559 1778; x_wconf 85' lang='lat' dir='ltr'>genus</span> <span class='ocrx_word' id='word_1_290' title='bbox 1592 1731 1682 1768; x_wconf 88' lang='lat' dir='ltr'>sub-</span> 
     </span>
     <span class='ocr_line' id='line_1_30' title="bbox 65 1778 1683 1825; baseline 0 -11"><span class='ocrx_word' id='word_1_291' title='bbox 65 1778 221 1815; x_wconf 84' lang='lat' dir='ltr'>stantiae</span> <span class='ocrx_word' id='word_1_292' title='bbox 243 1779 513 1824; x_wconf 83' lang='lat' dir='ltr'>pertinentem,</span> <span class='ocrx_word' id='word_1_293' title='bbox 532 1781 592 1816; x_wconf 87' lang='lat' dir='ltr'>est</span> <span class='ocrx_word' id='word_1_294' title='bbox 610 1779 836 1825; x_wconf 84' lang='lat' dir='ltr'>hypostasis</span> <span class='ocrx_word' id='word_1_295' title='bbox 856 1781 893 1815; x_wconf 85' lang='lat' dir='ltr'>ct</span> <span class='ocrx_word' id='word_1_296' title='bbox 913 1779 1162 1824; x_wconf 83' lang='lat' dir='ltr'>suppositum</span> <span class='ocrx_word' id='word_1_297' title='bbox 1181 1779 1291 1816; x_wconf 88' lang='lat' dir='ltr'>illius</span> <span class='ocrx_word' id='word_1_298' title='bbox 1311 1782 1474 1815; x_wconf 86' lang='lat' dir='ltr'>naturae.</span> <span class='ocrx_word' id='word_1_299' title='bbox 1499 1778 1683 1825; x_wconf 82' lang='lat' dir='ltr'>Quiaigi-</span> 
     </span>
     <span class='ocr_line' id='line_1_31' title="bbox 60 1824 1683 1876; baseline 0.001 -16"><span class='ocrx_word' id='word_1_300' title='bbox 60 1827 126 1876; x_wconf 84' lang='lat' dir='ltr'>tur</span> <span class='ocrx_word' id='word_1_301' title='bbox 143 1824 417 1862; x_wconf 87' lang='lat' dir='ltr'>indistinctum</span> <span class='ocrx_word' id='word_1_302' title='bbox 439 1828 500 1862; x_wconf 88' lang='lat' dir='ltr'>est</span> <span class='ocrx_word' id='word_1_303' title='bbox 522 1829 560 1861; x_wconf 88' lang='lat' dir='ltr'>et</span> <span class='ocrx_word' id='word_1_304' title='bbox 579 1834 702 1862; x_wconf 89' lang='lat' dir='ltr'>unum</span> <span class='ocrx_word' id='word_1_305' title='bbox 736 1825 774 1861; x_wconf 89' lang='lat' dir='ltr'>id</span> <span class='ocrx_word' id='word_1_306' title='bbox 805 1826 852 1862; x_wconf 87' lang='lat' dir='ltr'>de</span> <span class='ocrx_word' id='word_1_307' title='bbox 882 1834 960 1871; x_wconf 86' lang='lat' dir='ltr'>quo</span> <span class='ocrx_word' id='word_1_308' title='bbox 992 1825 1167 1863; x_wconf 87' lang='lat' dir='ltr'>humana</span> <span class='ocrx_word' id='word_1_309' title='bbox 1199 1828 1237 1863; x_wconf 89' lang='lat' dir='ltr'>et</span> <span class='ocrx_word' id='word_1_310' title='bbox 1264 1825 1396 1862; x_wconf 87' lang='lat' dir='ltr'>divina</span> <span class='ocrx_word' id='word_1_311' title='bbox 1415 1825 1683 1871; x_wconf 79' lang='lat' dir='ltr'>praedicantur</span> 
     </span>
     <span class='ocr_line' id='line_1_32' title="bbox 62 1871 1684 1918; baseline 0 -10"><span class='ocrx_word' id='word_1_312' title='bbox 62 1880 168 1908; x_wconf 85' lang='lat' dir='ltr'>circa</span> <span class='ocrx_word' id='word_1_313' title='bbox 187 1871 398 1916; x_wconf 89' lang='lat' dir='ltr'>Christum,</span> <span class='ocrx_word' id='word_1_314' title='bbox 430 1880 594 1909; x_wconf 86' lang='lat' dir='ltr'>necesse</span> <span class='ocrx_word' id='word_1_315' title='bbox 626 1877 687 1909; x_wconf 87' lang='lat' dir='ltr'>est</span> <span class='ocrx_word' id='word_1_316' title='bbox 717 1871 846 1908; x_wconf 86' lang='lat' dir='ltr'>dicere</span> <span class='ocrx_word' id='word_1_317' title='bbox 874 1872 1071 1909; x_wconf 86' lang='lat' dir='ltr'>Christum</span> <span class='ocrx_word' id='word_1_318' title='bbox 1103 1881 1193 1909; x_wconf 87' lang='lat' dir='ltr'>esse</span> <span class='ocrx_word' id='word_1_319' title='bbox 1224 1881 1344 1909; x_wconf 85' lang='lat' dir='ltr'>unam</span> <span class='ocrx_word' id='word_1_320' title='bbox 1375 1872 1620 1918; x_wconf 84' lang='lat' dir='ltr'>hypostasim</span> <span class='ocrx_word' id='word_1_321' title='bbox 1645 1875 1684 1908; x_wconf 85' lang='lat' dir='ltr'>et</span> 
     </span>
     <span class='ocr_line' id='line_1_33' title="bbox 60 1918 1684 1965; baseline 0.001 -11"><span class='ocrx_word' id='word_1_322' title='bbox 60 1926 186 1955; x_wconf 92' lang='lat' dir='ltr'>unum</span> <span class='ocrx_word' id='word_1_323' title='bbox 204 1919 452 1964; x_wconf 87' lang='lat' dir='ltr'>suppositum</span> <span class='ocrx_word' id='word_1_324' title='bbox 473 1918 657 1956; x_wconf 77' lang='lat' dir='ltr'>humanae</span> <span class='ocrx_word' id='word_1_325' title='bbox 675 1922 712 1955; x_wconf 90' lang='lat' dir='ltr'>et</span> <span class='ocrx_word' id='word_1_326' title='bbox 731 1918 873 1956; x_wconf 82' lang='lat' dir='ltr'>divinae</span> <span class='ocrx_word' id='word_1_327' title='bbox 896 1921 1057 1956; x_wconf 81' lang='lat' dir='ltr'>naturae.</span> <span class='ocrx_word' id='word_1_328' title='bbox 1078 1919 1142 1956; x_wconf 90' lang='lat' dir='ltr'>Sic</span> <span class='ocrx_word' id='word_1_329' title='bbox 1162 1919 1267 1956; x_wconf 88' lang='lat' dir='ltr'>enim</span> <span class='ocrx_word' id='word_1_330' title='bbox 1285 1928 1376 1955; x_wconf 86' lang='lat' dir='ltr'>vere</span> <span class='ocrx_word' id='word_1_331' title='bbox 1397 1922 1435 1955; x_wconf 89' lang='lat' dir='ltr'>et</span> <span class='ocrx_word' id='word_1_332' title='bbox 1453 1918 1611 1965; x_wconf 89' lang='lat' dir='ltr'>proprie</span> <span class='ocrx_word' id='word_1_333' title='bbox 1635 1918 1684 1956; x_wconf 86' lang='lat' dir='ltr'>de</span> 
     </span>
     <span class='ocr_line' id='line_1_34' title="bbox 60 1963 1684 2017; baseline 0 -15"><span class='ocrx_word' id='word_1_334' title='bbox 60 1963 226 2017; x_wconf 37' lang='lat' dir='ltr'>homine·</span> <span class='ocrx_word' id='word_1_335' title='bbox 242 1965 312 2001; x_wconf 92' lang='lat' dir='ltr'>illo</span> <span class='ocrx_word' id='word_1_336' title='bbox 331 1965 592 2011; x_wconf 86' lang='lat' dir='ltr'>praedicantur</span> <span class='ocrx_word' id='word_1_337' title='bbox 612 1966 758 2005; x_wconf 82' lang='lat' dir='ltr'>divina,</span> <span class='ocrx_word' id='word_1_338' title='bbox 782 1965 1002 2002; x_wconf 86' lang='lat' dir='ltr'>secundum</span> <span class='ocrx_word' id='word_1_339' title='bbox 1022 1965 1098 2003; x_wconf 86' lang='lat' dir='ltr'>hoc</span> <span class='ocrx_word' id='word_1_340' title='bbox 1117 1965 1224 2013; x_wconf 91' lang='lat' dir='ltr'>quod</span> <span class='ocrx_word' id='word_1_341' title='bbox 1255 1966 1374 2003; x_wconf 90' lang='lat' dir='ltr'>homo</span> <span class='ocrx_word' id='word_1_342' title='bbox 1394 1965 1459 2002; x_wconf 88' lang='lat' dir='ltr'>ille</span> <span class='ocrx_word' id='word_1_343' title='bbox 1493 1966 1684 2011; x_wconf 86' lang='lat' dir='ltr'>importat</span> 
     </span>
     <span class='ocr_line' id='line_1_35' title="bbox 63 2012 1683 2057; baseline 0.001 -9"><span class='ocrx_word' id='word_1_344' title='bbox 63 2015 327 2057; x_wconf 83' lang='lat' dir='ltr'>suppositum,</span> <span class='ocrx_word' id='word_1_345' title='bbox 350 2021 429 2049; x_wconf 90' lang='lat' dir='ltr'>non</span> <span class='ocrx_word' id='word_1_346' title='bbox 453 2012 583 2049; x_wconf 92' lang='lat' dir='ltr'>solum</span> <span class='ocrx_word' id='word_1_347' title='bbox 603 2013 786 2049; x_wconf 84' lang='lat' dir='ltr'>humanae</span> <span class='ocrx_word' id='word_1_348' title='bbox 808 2015 972 2056; x_wconf 86' lang='lat' dir='ltr'>naturae,</span> <span class='ocrx_word' id='word_1_349' title='bbox 995 2012 1064 2049; x_wconf 90' lang='lat' dir='ltr'>sed</span> <span class='ocrx_word' id='word_1_350' title='bbox 1101 2012 1268 2057; x_wconf 84' lang='lat' dir='ltr'>divinae;</span> <span class='ocrx_word' id='word_1_351' title='bbox 1298 2016 1335 2050; x_wconf 91' lang='lat' dir='ltr'>et</span> <span class='ocrx_word' id='word_1_352' title='bbox 1366 2022 1386 2049; x_wconf 89' lang='lat' dir='ltr'>e</span> <span class='ocrx_word' id='word_1_353' title='bbox 1416 2021 1613 2050; x_wconf 87' lang='lat' dir='ltr'>converso</span> <span class='ocrx_word' id='word_1_354' title='bbox 1634 2012 1683 2050; x_wconf 82' lang='lat' dir='ltr'>de</span> 
     </span>
     <span class='ocr_line' id='line_1_36' title="bbox 61 2058 1682 2140; baseline 0.001 -46"><span class='ocrx_word' id='word_1_355' title='bbox 61 2058 187 2140; x_wconf 56' lang='lat' dir='ltr'>Verbo</span> <span class='ocrx_word' id='word_1_356' title='bbox 225 2058 292 2094; x_wconf 90' lang='lat' dir='ltr'>Dei</span> <span class='ocrx_word' id='word_1_357' title='bbox 323 2058 585 2103; x_wconf 82' lang='lat' dir='ltr'>praedicantur</span> <span class='ocrx_word' id='word_1_358' title='bbox 622 2059 808 2099; x_wconf 86' lang='lat' dir='ltr'>humana,</span> <span class='ocrx_word' id='word_1_359' title='bbox 841 2059 882 2096; x_wconf 92' lang='lat' dir='ltr'>in</span> <span class='ocrx_word' id='word_1_360' title='bbox 909 2063 1100 2107; x_wconf 88' lang='lat' dir='ltr'>quantum</span> <span class='ocrx_word' id='word_1_361' title='bbox 1133 2063 1194 2098; x_wconf 90' lang='lat' dir='ltr'>est</span> <span class='ocrx_word' id='word_1_362' title='bbox 1225 2059 1478 2111; x_wconf 86' lang='lat' dir='ltr'>suppositum</span> <span class='ocrx_word' id='word_1_363' title='bbox 1496 2059 1682 2097; x_wconf 83' lang='lat' dir='ltr'>humanae</span> 
     </span>
     <span class='ocr_line' id='line_1_37' title="bbox 65 2112 229 2141; baseline -0.006 0"><span class='ocrx_word' id='word_1_364' title='bbox 65 2112 116 2141; x_wconf 88' lang='lat' dir='ltr'>na</span> <span class='ocrx_word' id='word_1_365' title='bbox 137 2113 229 2141; x_wconf 85' lang='lat' dir='ltr'>urae.</span> 
     </span>
    </p>

    <p class='ocr_par' dir='ltr' id='par_1_8' title="bbox 59 2150 1686 2476">
     <span class='ocr_line' id='line_1_38' title="bbox 111 2150 1685 2198; baseline 0.001 -12"><span class='ocrx_word' id='word_1_366' title='bbox 111 2152 165 2187; x_wconf 79' lang='lat' dir='ltr'>Ex</span> <span class='ocrx_word' id='word_1_367' title='bbox 183 2159 262 2197; x_wconf 89' lang='lat' dir='ltr'>quo</span> <span class='ocrx_word' id='word_1_368' title='bbox 282 2150 399 2187; x_wconf 88' lang='lat' dir='ltr'>etiam</span> <span class='ocrx_word' id='word_1_369' title='bbox 418 2153 525 2196; x_wconf 83' lang='lat' dir='ltr'>patet</span> <span class='ocrx_word' id='word_1_370' title='bbox 543 2151 664 2198; x_wconf 88' lang='lat' dir='ltr'>quod,</span> <span class='ocrx_word' id='word_1_371' title='bbox 684 2152 774 2188; x_wconf 88' lang='lat' dir='ltr'>licet</span> <span class='ocrx_word' id='word_1_372' title='bbox 794 2152 915 2189; x_wconf 85' lang='lat' dir='ltr'>Filius</span> <span class='ocrx_word' id='word_1_373' title='bbox 934 2152 986 2189; x_wconf 86' lang='lat' dir='ltr'>sit</span> <span class='ocrx_word' id='word_1_374' title='bbox 1005 2153 1249 2198; x_wconf 84' lang='lat' dir='ltr'>incarnatus,</span> <span class='ocrx_word' id='word_1_375' title='bbox 1272 2162 1354 2189; x_wconf 89' lang='lat' dir='ltr'>non</span> <span class='ocrx_word' id='word_1_376' title='bbox 1372 2155 1506 2189; x_wconf 83' lang='lat' dir='ltr'>tamen</span> <span class='ocrx_word' id='word_1_377' title='bbox 1528 2154 1685 2198; x_wconf 84' lang='lat' dir='ltr'>oportet</span> 
     </span>
     <span class='ocr_line' id='line_1_39' title="bbox 60 2197 1686 2247; baseline 0.002 -13"><span class='ocrx_word' id='word_1_378' title='bbox 60 2197 215 2234; x_wconf 83' lang='lat' dir='ltr'>Patrem</span> <span class='ocrx_word' id='word_1_379' title='bbox 236 2197 295 2233; x_wconf 90' lang='lat' dir='ltr'>vel</span> <span class='ocrx_word' id='word_1_380' title='bbox 313 2197 498 2243; x_wconf 88' lang='lat' dir='ltr'>Spiritum</span> <span class='ocrx_word' id='word_1_381' title='bbox 520 2203 700 2234; x_wconf 85' lang='lat' dir='ltr'>sanctum</span> <span class='ocrx_word' id='word_1_382' title='bbox 721 2207 810 2235; x_wconf 87' lang='lat' dir='ltr'>esse</span> <span class='ocrx_word' id='word_1_383' title='bbox 830 2198 1093 2243; x_wconf 86' lang='lat' dir='ltr'>incarnatum,</span> <span class='ocrx_word' id='word_1_384' title='bbox 1114 2208 1237 2247; x_wconf 87' lang='lat' dir='ltr'>quum</span> <span class='ocrx_word' id='word_1_385' title='bbox 1261 2199 1482 2236; x_wconf 82' lang='lat' dir='ltr'>incarnatio</span> <span class='ocrx_word' id='word_1_386' title='bbox 1515 2208 1597 2236; x_wconf 89' lang='lat' dir='ltr'>non</span> <span class='ocrx_word' id='word_1_387' title='bbox 1632 2199 1686 2237; x_wconf 81' lang='lat' dir='ltr'>sit.</span> 
     </span>
     <span class='ocr_line' id='line_1_40' title="bbox 59 2243 1680 2292; baseline 0.001 -11"><span class='ocrx_word' id='word_1_388' title='bbox 59 2243 164 2282; x_wconf 84' lang='lat' dir='ltr'>facta</span> <span class='ocrx_word' id='word_1_389' title='bbox 182 2244 401 2281; x_wconf 89' lang='lat' dir='ltr'>secundum</span> <span class='ocrx_word' id='word_1_390' title='bbox 416 2244 604 2281; x_wconf 88' lang='lat' dir='ltr'>unionem</span> <span class='ocrx_word' id='word_1_391' title='bbox 627 2244 664 2280; x_wconf 90' lang='lat' dir='ltr'>in</span> <span class='ocrx_word' id='word_1_392' title='bbox 686 2248 838 2288; x_wconf 83' lang='lat' dir='ltr'>natura,</span> <span class='ocrx_word' id='word_1_393' title='bbox 861 2246 901 2281; x_wconf 92' lang='lat' dir='ltr'>in</span> <span class='ocrx_word' id='word_1_394' title='bbox 923 2255 1000 2292; x_wconf 88' lang='lat' dir='ltr'>qua</span> <span class='ocrx_word' id='word_1_395' title='bbox 1030 2249 1111 2282; x_wconf 87' lang='lat' dir='ltr'>tres</span> <span class='ocrx_word' id='word_1_396' title='bbox 1143 2254 1325 2292; x_wconf 81' lang='lat' dir='ltr'>personae</span> <span class='ocrx_word' id='word_1_397' title='bbox 1355 2245 1500 2282; x_wconf 86' lang='lat' dir='ltr'>divinae</span> <span class='ocrx_word' id='word_1_398' title='bbox 1535 2255 1680 2282; x_wconf 88' lang='lat' dir='ltr'>conve-</span> 
     </span>
     <span class='ocr_line' id='line_1_41' title="bbox 59 2290 1684 2338; baseline 0.001 -11"><span class='ocrx_word' id='word_1_399' title='bbox 59 2291 236 2334; x_wconf 88' lang='lat' dir='ltr'>veniunt‚</span> <span class='ocrx_word' id='word_1_400' title='bbox 259 2290 327 2327; x_wconf 87' lang='lat' dir='ltr'>sed</span> <span class='ocrx_word' id='word_1_401' title='bbox 348 2290 567 2328; x_wconf 88' lang='lat' dir='ltr'>secundum</span> <span class='ocrx_word' id='word_1_402' title='bbox 596 2291 842 2338; x_wconf 85' lang='lat' dir='ltr'>hypostasim</span> <span class='ocrx_word' id='word_1_403' title='bbox 869 2295 907 2328; x_wconf 86' lang='lat' dir='ltr'>et</span> <span class='ocrx_word' id='word_1_404' title='bbox 940 2292 1206 2338; x_wconf 90' lang='lat' dir='ltr'>suppositum,</span> <span class='ocrx_word' id='word_1_405' title='bbox 1239 2295 1355 2338; x_wconf 87' lang='lat' dir='ltr'>prout</span> <span class='ocrx_word' id='word_1_406' title='bbox 1387 2295 1468 2328; x_wconf 87' lang='lat' dir='ltr'>tres</span> <span class='ocrx_word' id='word_1_407' title='bbox 1500 2300 1684 2338; x_wconf 59' lang='lat' dir='ltr'>persona}</span> 
     </span>
     <span class='ocr_line' id='line_1_42' title="bbox 59 2336 1681 2385; baseline 0.001 -11"><span class='ocrx_word' id='word_1_408' title='bbox 59 2336 381 2384; x_wconf 84' lang='lat' dir='ltr'>distinguuntur;</span> <span class='ocrx_word' id='word_1_409' title='bbox 402 2341 438 2373; x_wconf 92' lang='lat' dir='ltr'>et</span> <span class='ocrx_word' id='word_1_410' title='bbox 459 2337 531 2382; x_wconf 91' lang='lat' dir='ltr'>sic,</span> <span class='ocrx_word' id='word_1_411' title='bbox 553 2337 657 2375; x_wconf 90' lang='lat' dir='ltr'>sicut</span> <span class='ocrx_word' id='word_1_412' title='bbox 677 2337 718 2374; x_wconf 90' lang='lat' dir='ltr'>in</span> <span class='ocrx_word' id='word_1_413' title='bbox 737 2337 919 2375; x_wconf 88' lang='lat' dir='ltr'>Trinitate</span> <span class='ocrx_word' id='word_1_414' title='bbox 940 2343 1034 2375; x_wconf 86' lang='lat' dir='ltr'>sunt</span> <span class='ocrx_word' id='word_1_415' title='bbox 1050 2338 1184 2385; x_wconf 91' lang='lat' dir='ltr'>plures</span> <span class='ocrx_word' id='word_1_416' title='bbox 1204 2347 1386 2384; x_wconf 80' lang='lat' dir='ltr'>personae</span> <span class='ocrx_word' id='word_1_417' title='bbox 1412 2338 1681 2376; x_wconf 86' lang='lat' dir='ltr'>subsistentes</span> 
     </span>
     <span class='ocr_line' id='line_1_43' title="bbox 60 2383 1680 2467; baseline 0.002 -47"><span class='ocrx_word' id='word_1_418' title='bbox 60 2383 103 2436; x_wconf 73' lang='lat' dir='ltr'>in</span> <span class='ocrx_word' id='word_1_419' title='bbox 122 2393 204 2466; x_wconf 71' lang='lat' dir='ltr'>ulna</span> <span class='ocrx_word' id='word_1_420' title='bbox 218 2386 392 2467; x_wconf 46' lang='lat' dir='ltr'>{mura}</span> <span class='ocrx_word' id='word_1_421' title='bbox 412 2384 467 2437; x_wconf 79' lang='lat' dir='ltr'>ita</span> <span class='ocrx_word' id='word_1_422' title='bbox 486 2384 526 2421; x_wconf 92' lang='lat' dir='ltr'>in</span> <span class='ocrx_word' id='word_1_423' title='bbox 546 2384 736 2432; x_wconf 86' lang='lat' dir='ltr'>mysterio</span> <span class='ocrx_word' id='word_1_424' title='bbox 759 2385 1048 2422; x_wconf 83' lang='lat' dir='ltr'>incarnationis</span> <span class='ocrx_word' id='word_1_425' title='bbox 1069 2389 1131 2423; x_wconf 86' lang='lat' dir='ltr'>est</span> <span class='ocrx_word' id='word_1_426' title='bbox 1162 2394 1242 2423; x_wconf 87' lang='lat' dir='ltr'>una</span> <span class='ocrx_word' id='word_1_427' title='bbox 1260 2394 1434 2432; x_wconf 81' lang='lat' dir='ltr'>persona</span> <span class='ocrx_word' id='word_1_428' title='bbox 1451 2385 1680 2424; x_wconf 86' lang='lat' dir='ltr'>subsistens</span> 
     </span>
     <span class='ocr_line' id='line_1_44' title="bbox 61 2439 492 2476; baseline 0.005 -10"><span class='ocrx_word' id='word_1_429' title='bbox 61 2439 104 2466; x_wconf 86' lang='lat' dir='ltr'>1n</span> <span class='ocrx_word' id='word_1_430' title='bbox 124 2439 147 2476; x_wconf 90' lang='lat' dir='ltr'>p</span> <span class='ocrx_word' id='word_1_431' title='bbox 167 2440 225 2467; x_wconf 84' lang='lat' dir='ltr'>uri</span> <span class='ocrx_word' id='word_1_432' title='bbox 258 2440 305 2468; x_wconf 86' lang='lat' dir='ltr'>us</span> <span class='ocrx_word' id='word_1_433' title='bbox 326 2440 376 2468; x_wconf 88' lang='lat' dir='ltr'>na</span> <span class='ocrx_word' id='word_1_434' title='bbox 396 2440 492 2468; x_wconf 79' lang='lat' dir='ltr'>uris.</span> 
     </span>
    </p>
   </div>
   <div class='ocr_carea' id='block_1_6' title="bbox 732 2541 1010 2584">
    <p class='ocr_par' dir='ltr' id='par_1_9' title="bbox 732 2541 1010 2584">
     <span class='ocr_line' id='line_1_45' title="bbox 732 2541 1010 2584; baseline 0.004 -2"><span class='ocrx_word' id='word_1_435' title='bbox 732 2541 900 2584; x_wconf 91' lang='lat' dir='ltr'><strong>CAPUT</strong></span> <span class='ocrx_word' id='word_1_436' title='bbox 927 2542 1010 2583; x_wconf 82' lang='lat' dir='ltr'>XL.</span> 
     </span>
    </p>
   </div>
   <div class='ocr_carea' id='block_1_7' title="bbox 413 2652 1324 2685">
    <p class='ocr_par' dir='ltr' id='par_1_10' title="bbox 413 2652 1324 2685">
     <span class='ocr_line' id='line_1_46' title="bbox 413 2652 1324 2685; baseline 0.002 -3"><span class='ocrx_word' id='word_1_437' title='bbox 413 2652 668 2682; x_wconf 81' lang='lat' dir='ltr'><strong>OBJEGTIONES</strong></span> <span class='ocrx_word' id='word_1_438' title='bbox 694 2653 847 2684; x_wconf 78' lang='lat' dir='ltr'>CONTRA</span> <span class='ocrx_word' id='word_1_439' title='bbox 870 2654 990 2684; x_wconf 75' lang='lat' dir='ltr'><strong>FIDEM&#39;</strong></span> <span class='ocrx_word' id='word_1_440' title='bbox 1009 2654 1324 2685; x_wconf 83' lang='lat' dir='ltr'><strong>INGARNATIONIS.</strong></span> 
     </span>
    </p>
   </div>
   <div class='ocr_carea' id='block_1_8' title="bbox 56 2751 1680 2946">
    <p class='ocr_par' dir='ltr' id='par_1_11' title="bbox 57 2751 1678 2853">
     <span class='ocr_line' id='line_1_47' title="bbox 103 2751 1678 2807; baseline 0.005 -18"><span class='ocrx_word' id='word_1_441' title='bbox 103 2751 179 2789; x_wconf 89' lang='lat' dir='ltr'>Sed</span> <span class='ocrx_word' id='word_1_442' title='bbox 197 2755 335 2790; x_wconf 82' lang='lat' dir='ltr'>contra</span> <span class='ocrx_word' id='word_1_443' title='bbox 353 2753 456 2791; x_wconf 88' lang='lat' dir='ltr'>hanc</span> <span class='ocrx_word' id='word_1_444' title='bbox 483 2754 689 2807; x_wconf 75' lang='lat' dir='ltr'>catholicae</span> <span class='ocrx_word' id='word_1_445' title='bbox 708 2754 800 2793; x_wconf 89' lang='lat' dir='ltr'>fidei</span> <span class='ocrx_word' id='word_1_446' title='bbox 820 2755 1059 2794; x_wconf 82' lang='lat' dir='ltr'>sententiam</span> <span class='ocrx_word' id='word_1_447' title='bbox 1078 2756 1214 2803; x_wconf 82' lang='lat' dir='ltr'>plures</span> <span class='ocrx_word' id='word_1_448' title='bbox 1234 2757 1488 2798; x_wconf 85' lang='lat' dir='ltr'>difficultates</span> <span class='ocrx_word' id='word_1_449' title='bbox 1508 2768 1678 2797; x_wconf 86' lang='lat' dir='ltr'>concur-</span> 
     </span>
     <span class='ocr_line' id='line_1_48' title="bbox 57 2801 1414 2853; baseline 0.006 -18"><span class='ocrx_word' id='word_1_450' title='bbox 57 2802 163 2844; x_wconf 86' lang='lat' dir='ltr'>runt,</span> <span class='ocrx_word' id='word_1_451' title='bbox 183 2804 343 2846; x_wconf 89' lang='lat' dir='ltr'>propter</span> <span class='ocrx_word' id='word_1_452' title='bbox 356 2809 456 2847; x_wconf 83' lang='lat' dir='ltr'>quas</span> <span class='ocrx_word' id='word_1_453' title='bbox 475 2801 689 2853; x_wconf 81' lang='lat' dir='ltr'>adversarii</span> <span class='ocrx_word' id='word_1_454' title='bbox 710 2801 801 2839; x_wconf 87' lang='lat' dir='ltr'>fidei</span> <span class='ocrx_word' id='word_1_455' title='bbox 830 2802 1146 2841; x_wconf 86' lang='lat' dir='ltr'>incarnationem</span> <span class='ocrx_word' id='word_1_456' title='bbox 1166 2804 1414 2852; x_wconf 83' lang='lat' dir='ltr'>impugnant.</span> 
     </span>
    </p>

    <p class='ocr_par' dir='ltr' id='par_1_12' title="bbox 56 2845 1680 2946">
     <span class='ocr_line' id='line_1_49' title="bbox 106 2845 1680 2901; baseline 0.005 -19"><span class='ocrx_word' id='word_1_457' title='bbox 106 2845 317 2898; x_wconf 83' lang='lat' dir='ltr'>ostensum</span> <span class='ocrx_word' id='word_1_458' title='bbox 339 2852 398 2884; x_wconf 88' lang='lat' dir='ltr'>est</span> <span class='ocrx_word' id='word_1_459' title='bbox 420 2856 525 2901; x_wconf 78' lang='lat' dir='ltr'>enim</span> <span class='ocrx_word' id='word_1_460' title='bbox 546 2847 587 2894; x_wconf 91' lang='lat' dir='ltr'>(l.</span> <span class='ocrx_word' id='word_1_461' title='bbox 605 2856 633 2893; x_wconf 93' lang='lat'>1,</span> <span class='ocrx_word' id='word_1_462' title='bbox 653 2858 688 2885; x_wconf 92' lang='lat' dir='ltr'>c.</span> <span class='ocrx_word' id='word_1_463' title='bbox 706 2850 767 2896; x_wconf 82' lang='lat'>20)</span> <span class='ocrx_word' id='word_1_464' title='bbox 782 2849 889 2896; x_wconf 86' lang='lat' dir='ltr'>quod</span> <span class='ocrx_word' id='word_1_465' title='bbox 911 2851 1015 2887; x_wconf 84' lang='lat' dir='ltr'>Deus</span> <span class='ocrx_word' id='word_1_466' title='bbox 1034 2859 1162 2897; x_wconf 89' lang='lat' dir='ltr'>neque</span> <span class='ocrx_word' id='word_1_467' title='bbox 1191 2860 1337 2898; x_wconf 91' lang='lat' dir='ltr'>corpus</span> <span class='ocrx_word' id='word_1_468' title='bbox 1357 2855 1417 2889; x_wconf 91' lang='lat' dir='ltr'>est</span> <span class='ocrx_word' id='word_1_469' title='bbox 1447 2861 1578 2899; x_wconf 87' lang='lat' dir='ltr'>neque</span> <span class='ocrx_word' id='word_1_470' title='bbox 1604 2852 1680 2890; x_wconf 88' lang='lat' dir='ltr'>vir-</span> 
     </span>
     <span class='ocr_line' id='line_1_50' title="bbox 56 2891 1679 2946; baseline 0.004 -18"><span class='ocrx_word' id='word_1_471' title='bbox 56 2891 123 2928; x_wconf 83' lang='lat' dir='ltr'>tus</span> <span class='ocrx_word' id='word_1_472' title='bbox 141 2900 183 2929; x_wconf 87' lang='lat' dir='ltr'>m</span> <span class='ocrx_word' id='word_1_473' title='bbox 202 2902 380 2940; x_wconf 89' lang='lat' dir='ltr'>corpore.</span> <span class='ocrx_word' id='word_1_474' title='bbox 401 2894 440 2931; x_wconf 86' lang='lat' dir='ltr'>Sl</span> <span class='ocrx_word' id='word_1_475' title='bbox 459 2897 589 2932; x_wconf 87' lang='lat' dir='ltr'>autem</span> <span class='ocrx_word' id='word_1_476' title='bbox 610 2904 769 2933; x_wconf 81' lang='lat' dir='ltr'>carnem</span> <span class='ocrx_word' id='word_1_477' title='bbox 788 2896 1022 2944; x_wconf 85' lang='lat' dir='ltr'>assumpsit,</span> <span class='ocrx_word' id='word_1_478' title='bbox 1038 2897 1218 2945; x_wconf 84' lang='lat' dir='ltr'>sequitur</span> <span class='ocrx_word' id='word_1_479' title='bbox 1231 2899 1337 2946; x_wconf 88' lang='lat' dir='ltr'>quod</span> <span class='ocrx_word' id='word_1_480' title='bbox 1355 2898 1417 2936; x_wconf 85' lang='lat' dir='ltr'>vel</span> <span class='ocrx_word' id='word_1_481' title='bbox 1438 2899 1491 2938; x_wconf 85' lang='lat' dir='ltr'>sit</span> <span class='ocrx_word' id='word_1_482' title='bbox 1505 2902 1679 2936; x_wconf 80' lang='lat' dir='ltr'>mutatus</span> 
     </span>
    </p>
   </div>
  </div>
 </body>
</html>
