1894 3223
105 133 127 167 8
709 127 796 162 LIB.
824 126 853 165 Ι.
881 126 981 162 CAP.
1008 127 1103 163 VIII.

105 212 313 249 intantum
334 214 377 248 ut
397 219 469 247 nec
489 219 535 247 ea
560 217 648 245 esse
677 207 776 244 salsa
797 207 848 259 sit
869 208 1068 259 possibile
1091 208 1263 255 cogitare
1289 221 1297 252 ;
1330 218 1400 245 nec
1421 209 1458 246 id
1485 209 1590 255 quod
1623 209 1698 246 fide

105 262 270 303 tene-tur,
292 266 410 304 quum
433 260 509 292 tani
532 255 729 291 evidenter
757 254 943 291 divinitus
969 255 1242 292 confirmatum
1273 256 1336 300 sit,
1360 256 1418 293 fas
1449 260 1508 293 est
1540 256 1697 294 credere

106 315 194 343 esse
215 306 372 342 salsum.
395 304 492 347 Quia
513 302 632 348 igitur
652 301 780 337 solum
802 300 944 338 falsum
965 311 1056 339 vero
1077 303 1315 339 contrarium
1335 306 1406 347 est,
1430 306 1471 339 ut
1489 313 1534 339 ex
1562 313 1698 340 eorum

105 351 401 390 definitionibus
420 347 608 394 inspectis
628 347 835 384 manifeste
857 352 1039 394 apparet,
1073 349 1319 395 impossibile
1345 353 1405 386 est
1438 349 1518 387 illis
1551 350 1699 396 princi-

105 399 198 446 piis,
225 407 311 445 quae
343 397 442 434 ratio
463 394 693 431 naturaliter
709 395 927 441 cognoscit,
948 396 1172 442 praedictam
1192 396 1393 433 veritatem
1427 396 1517 433 fidei
1547 400 1702 434 contra-

105 455 205 483 riam
226 454 327 482 esse.

151 494 250 532 Item,
270 489 365 527 illud
387 488 510 539 idem,¹
527 487 633 534 quod
650 487 852 540 inducitur
871 488 912 524 in
940 489 1110 526 animam
1146 489 1329 535 discipuli
1350 499 1373 526 a
1398 489 1580 534 docente,
1611 490 1702 528 doc-

110 539 206 575 toris
225 535 390 574 scientia
407 537 596 579 continet,
618 534 696 571 nisi
717 534 855 571 doceat
870 535 957 571 ficte
980 547 988 579 3
1016 537 1121 582 quod
1141 537 1187 573 de
1215 538 1294 573 Deo
1328 536 1439 573 nefas
1471 540 1532 573 est
1558 536 1701 575 dicere.

109 584 394 630 principiorum
428 585 558 618 autem
591 581 821 618 naturaliter
850 585 1032 618 notorum
1064 583 1237 629 cognitio
1271 583 1386 620 nobis
1419 583 1607 620 divinitus
1645 587 1705 621 est

109 631 245 675 indita,
270 638 390 676 quum
411 628 496 674 ipse
517 629 620 665 Deus
654 628 706 665 sit
734 632 869 664 auctor
909 632 1052 664 nostrae
1084 633 1245 666 naturae.
1268 631 1356 666 Haec
1385 639 1478 677 ergo
1512 630 1704 676 principia

109 678 225 714 etiam
244 676 376 713 divina
405 675 603 722 Sapientia
632 675 819 712 continet.
854 675 1051 720 Quidquid
1083 676 1204 721 igitur
1235 676 1440 721 principiis
1473 676 1702 722 hujusmodi

109 723 349 762 contrarium
369 726 442 767 est,
464 725 523 759 est
540 721 680 759 divinae
706 722 909 767 sapientiae
937 723 1192 767 contrarium,
1217 731 1294 759 non
1316 723 1436 768 igitur
1456 733 1479 759 a
1501 725 1580 760 Deo
1612 733 1701 761 esse

109 774 252 817 potest.
288 772 340 807 Ea
360 769 480 816 igitur
498 778 597 815 quae,
632 778 678 805 ex
707 768 943 805 revelatione
979 768 1124 814 divina,
1153 778 1222 814 per
1251 768 1367 806 fidem
1398 773 1592 815 tenentur,
1623 780 1703 808 non

110 820 281 864 possunt
301 816 468 854 naturali
489 815 708 861 cognitioni
729 824 817 852 esse
832 815 1040 852 contraria.

154 865 298 908 Adhuc,
318 863 526 901 contrariis
548 861 767 899 rationibus
797 862 1019 898 intellectus
1040 865 1173 899 noster
1193 862 1350 908 ligatur,
1372 865 1414 899 ut
1443 863 1490 899 ad
1522 863 1601 899 veri
1638 873 1703 901 60-

108 911 325 957 gnitioneni
338 910 546 956 procedere
565 912 744 956 nequeat.
759 909 797 945 Si
818 909 938 955 igitur
950 909 1154 945 contrariae
1176 909 1426 955 cognitiones
1448 909 1561 946 nobis
1582 919 1604 946 a
1625 912 1704 948 Deo

112 958 432 1001 immitterentur,
454 967 501 993 ex
521 957 594 993 hoc
623 965 646 992 a
678 956 852 993 veritatis
879 956 1106 1003 cognitione
1132 956 1356 993 intellectus
1384 959 1519 994 noster
1542 957 1704 1003 impedi-

108 1008 215 1043 retur
236 1017 244 1048 ;
266 1004 370 1051 quod
391 1013 414 1040 a
432 1005 510 1040 Deo
531 1012 618 1039 essc
639 1011 718 1039 non
737 1005 877 1048 potest.

153 1052 335 1097 Amplius,
357 1060 402 1087 ea
421 1059 507 1096 quae
537 1053 629 1086 sunt
648 1050 842 1086 naturalia
861 1049 1001 1086 mutari
1024 1058 1102 1086 non
1120 1053 1300 1095 possunt,
1329 1053 1468 1087 natura
1493 1054 1702 1096 manente3

109 1098 315 1135 contrariae
335 1102 464 1134 autem
486 1096 694 1142 opiniones
716 1096 833 1133 simul
854 1096 979 1132 eidem
1002 1096 1133 1132 inesse
1155 1106 1234 1132 non
1256 1101 1424 1141 possunt
1443 1109 1450 1141 ;
1485 1106 1563 1133 non
1586 1097 1705 1144 igitur

109 1148 245 1182 contra
261 1145 528 1190 cognitionem
552 1143 766 1179 naturalem
793 1143 924 1189 aliqua
941 1143 1076 1188 opinio
1102 1143 1160 1179 vel
1180 1142 1276 1180 sides
1309 1143 1461 1180 homini
1481 1153 1505 1180 a
1534 1146 1613 1180 Deo
1634 1144 1706 1181 im-

110 1192 288 1228 mittitur.
314 1194 356 1228 Et
378 1191 465 1227 ideo
484 1190 696 1236 Apostolus
718 1190 837 1227 dicit:
860 1192 974 1235 Prope
1003 1193 1054 1225 est
1077 1191 1221 1226 verbum
1249 1192 1289 1225 in
1317 1191 1420 1225 corde
1451 1193 1510 1226 tuo
1523 1193 1556 1226 et
1583 1193 1622 1225 in
1650 1202 1708 1227 ore

108 1241 168 1275 tuo
187 1250 198 1281 3
223 1239 284 1274 hoc
301 1241 351 1274 est
371 1238 517 1273 verbum
535 1238 630 1282 fidei,
654 1237 748 1281 quod
763 1237 999 1282 praedicamus
1020 1236 1161 1283 (Rom.‚
1181 1245 1220 1281 Χ,
1256 1237 1304 1283 8).
1325 1237 1396 1273 Sed
1428 1237 1519 1284 quia
1551 1241 1709 1283 superat

108 1285 314 1325 rationem,
339 1294 361 1321 a
381 1284 586 1321 nonnullis
604 1287 806 1329 reputatur
821 1283 934 1330 quasi
953 1284 1193 1320 contrarium
1213 1295 1221 1328 ;
1244 1284 1347 1330 quod
1363 1293 1451 1320 esse
1468 1293 1547 1321 non
1566 1289 1705 1329 potest.

109 1332 206 1369 Huic
225 1332 340 1368 etiam
362 1331 575 1368 auctoritas
593 1331 801 1376 Augustini
823 1330 1048 1374 concordat,
1070 1330 1151 1377 qui,
1170 1330 1210 1366 in
1226 1331 1399 1367 secundo
1415 1331 1529 1376 Super
1547 1331 1708 1368 Genesim

109 1379 159 1415 ad
181 1379 337 1414 litteram
354 1377 401 1424 (c.
426 1378 496 1423 18).
521 1377 615 1413 dicit
636 1378 693 1414 sic
714 1389 720 1413 :
745 1390 763 1409 «
786 1377 881 1414 Illud
903 1377 1074 1423 quidem,
1093 1377 1197 1423 quod
1219 1378 1360 1414 veritas
1378 1378 1574 1423 patefacit,
1596 1378 1708 1416 libris

109 1426 259 1463 sanctis
280 1425 362 1463 sive
379 1424 528 1462 Veteris
551 1424 786 1463 Testamenti
808 1424 888 1462 sive
910 1424 1006 1462 Novi
1026 1424 1136 1462 nullo
1156 1424 1273 1461 modo
1295 1428 1423 1471 potest
1450 1434 1538 1463 csse
1572 1425 1706 1462 adver-

109 1480 198 1510 sum
219 1485 254 1508 ».
935 1507 944 1514 ,

155 1520 210 1555 Ex
226 1527 305 1565 quo
325 1517 522 1555 evidenter
541 1517 756 1563 colligitur,
775 1526 1030 1564 quaecumque
1051 1521 1281 1564 argumenta
1312 1521 1447 1555 contra
1468 1518 1557 1555 fidei
1587 1518 1706 1555 docu-

108 1569 241 1602 menta
259 1568 468 1611 ponantur,
496 1565 577 1601 haec
598 1574 644 1600 ex
667 1565 871 1610 principiis
891 1565 1028 1610 primis
1050 1569 1199 1602 naturae
1233 1565 1381 1605 inditis,
1417 1575 1484 1611 per
1514 1575 1556 1602 sc
1586 1566 1707 1609 notis,

109 1621 190 1649 non
209 1616 312 1649 recte
329 1611 551 1658 procedere.
576 1611 681 1648 Unde
702 1621 773 1648 nec
793 1612 1142 1650 demonstrationis
1161 1612 1238 1648 vim
1262 1612 1418 1656 habeut,
1442 1612 1509 1649 scd
1532 1613 1589 1649 vel
1617 1617 1711 1649 sunt

109 1659 285 1711 rationes
304 1658 529 1707 probabiles
547 1658 609 1696 vel
633 1659 891 1705 sopliisticae3
924 1662 961 1697 et
989 1659 1047 1697 sic
1076 1659 1125 1696 ad
1157 1668 1203 1696 ea
1232 1659 1421 1696 solvenda
1451 1659 1564 1697 locus
1590 1659 1709 1696 relin-

110 1709 255 1752 quitur.

755 1817 922 1860 CAPUT
954 1817 1060 1859 VIII.

201 1930 391 1966 QUALITER
414 1931 460 1960 SE
483 1930 641 1963 IIABEAT
664 1931 828 1963 HUMANA
853 1931 969 1961 RATIO
992 1931 1046 1961 AD
1071 1930 1295 1963 VERITATEM
1317 1933 1422 1962 FIDEI
1446 1932 1610 1963 PRIMAM.

158 2029 491 2070 Considerandum
512 2033 628 2070 etiam
651 2034 816 2078 videtur,
836 2033 938 2080 quod
961 2044 1024 2071 res
1047 2033 1205 2081 quidem
1236 2034 1461 2079 sensibiles,
1485 2044 1531 2072 ex
1564 2035 1709 2082 quibus

106 2079 283 2131 humana
301 2080 399 2131 ratio
430 2081 671 2127 cognitionis
701 2081 934 2126 principium
967 2083 1101 2125 sumit,
1133 2082 1303 2128 aliquale
1338 2083 1548 2127 vestigium
1582 2083 1620 2118 in
1667 2091 1710 2120 se

111 2126 251 2164 divinae
271 2126 503 2163 imitationis
522 2128 704 2172 retinent,
727 2128 909 2165 videlicet
930 2129 1034 2174 quod
1056 2132 1161 2172 sunt,
1185 2133 1221 2165 et
1238 2129 1351 2165 bonae
1374 2133 1480 2172 sunt,
1503 2129 1557 2166 ita
1583 2133 1711 2167 tamen

110 2173 377 2225 imperfectum
399 2173 503 2225 quod
520 2173 566 2210 ad
589 2174 862 2212 declarandam
882 2176 1008 2220 ipsius
1034 2176 1100 2212 Dei
1121 2175 1381 2212 substantiam
1400 2176 1564 2212 omnino
1587 2176 1712 2213 insuf-

108 2219 246 2272 ficiens
280 2224 488 2257 invenitur.
520 2221 668 2258 Habent
697 2222 802 2258 enim
833 2221 995 2259 effectus
1030 2231 1191 2259 suarum
1222 2231 1445 2265 causarum,
1475 2231 1549 2259 suo
1573 2223 1708 2268 modo,

110 2266 425 2311 similitudinem,
446 2276 566 2313 quum
588 2277 711 2314 agens
735 2272 825 2315 agat
846 2268 921 2305 sibi
943 2269 1070 2306 simile
1095 2281 1103 2312 3
1121 2278 1201 2306 non
1221 2273 1352 2306 tamen
1372 2268 1535 2306 effectus
1556 2269 1603 2306 ad
1628 2279 1711 2316 per-

110 2313 251 2350 fectam
272 2313 426 2360 agentis
443 2314 743 2352 similitudinem
766 2324 921 2360 semper
939 2316 1137 2362 pertingit.

136 2361 334 2412 ‚Humana
360 2360 482 2406 igitur
509 2361 622 2405 ratio,
654 2362 701 2398 ad
735 2362 1056 2408 cognoscendum
1086 2362 1173 2399 fidei
1207 2363 1424 2406 veritatem,
1456 2372 1542 2409 quae
1579 2363 1709 2400 solum

109 2406 332 2444 videntibus
352 2407 523 2444 divinam
548 2408 809 2445 substantiam
829 2412 957 2454 potest
978 2417 1067 2446 esse
1086 2409 1309 2453 notissima,
1334 2410 1387 2446 ita
1407 2419 1448 2446 se
1470 2410 1585 2446 babet
1606 2410 1709 2456 qnod

109 2453 158 2490 ad
176 2462 261 2505 eam
288 2457 416 2499 potest
450 2454 594 2501 aliquis
629 2464 741 2492 veras
776 2455 1057 2493 similitudines
1092 2456 1277 2502 colligere
1298 2469 1306 2500 ;
1343 2466 1429 2503 quae
1460 2461 1589 2493 tamen
1624 2465 1704 2493 non

109 2499 313 2550 suffieiuiit
332 2500 379 2537 ad
399 2501 487 2545 1106,
509 2501 614 2548 quod
634 2502 819 2547 praedicta
834 2502 977 2539 veritas
1008 2503 1120 2548 quasi
1153 2503 1458 2540 demonstrative
1480 2503 1538 2539 vel
1570 2512 1637 2548 per
1665 2512 1708 2539 se

109 2546 308 2583 intellecta
327 2548 694 2593 comprehendatur.
719 2549 815 2585 Utile
836 2552 968 2586 tamen
988 2553 1048 2586 est
1074 2553 1128 2593 ut,
1151 2550 1190 2586 in
1227 2550 1452 2596 hujusmodi
1487 2548 1707 2585 rationibus

109 2595 469 2639 quantumcumque
487 2594 697 2639 debilibus,
719 2604 761 2632 se
782 2605 894 2632 niens
931 2596 1103 2632 humana
1131 2601 1320 2640 exerceat,
1357 2596 1570 2632 dummodo
1607 2595 1707 2631 desit

109 2639 466 2690 comprehendendi
487 2641 854 2678 veldemonstranul
875 2643 1128 2688 praesuinptio
1146 2655 1155 2687 ;
1177 2644 1269 2690 quia
1283 2643 1461 2679 derebus
1482 2641 1702 2683 altissimis,

108 2687 225 2722 etiam
255 2694 373 2730 parva
392 2689 429 2721 et
448 2686 566 2722 debili
589 2688 918 2732 consideratione,
938 2690 1086 2735 aliquid
1106 2699 1224 2737 posse
1243 2690 1437 2735 inspicere
1461 2689 1704 2735 jucundissi-

108 2740 215 2768 mum
233 2735 305 2775 est,
327 2735 369 2768 ut
389 2741 435 2768 ex
453 2732 568 2769 dictis
587 2732 634 2779 (c.
658 2737 691 2777 5,
714 2734 755 2770 in
775 2734 866 2781 sine)
889 2741 1060 2780 apparet.

154 2779 222 2814 Cui
242 2777 401 2825 quidem
418 2779 622 2816 sententiae
643 2781 856 2817 auctoritas
874 2783 956 2818 Hila
986 2784 1008 2818 .i
1032 2782 1257 2825 concordat,
1278 2781 1344 2828 qui
1364 2781 1421 2818 sic
1434 2781 1540 2825 dicit,
1554 2781 1705 2818 iniibro

106 2826 157 2877 pe
177 2826 352 2877 Trinitate
371 2825 410 2872 (l.
432 2833 474 2871 11,
495 2835 529 2862 6.
550 2826 620 2878 lo),
643 2826 809 2873 loquens
827 2828 873 2864 de
895 2829 1120 2876 hujusmodi
1141 2829 1300 2865 veritate
1322 2840 1330 2864 ε
1360 2841 1378 2860 ‹<
1402 2829 1489 2864 Haec
1511 2828 1704 2865 credendo

106 2879 249 2918 incipe,
267 2881 462 2918 percurre,
475 2877 639 2918 persiste
657 2884 665 2917 ;
686 2876 736 2919 et,
756 2874 879 2911 sinon
895 2880 1169 2922 perventurum
1184 2875 1320 2919 sciam,
1337 2875 1704 2921 gratulabortainen
