1894 3223
683 92 769 128 Ltss.
797 93 861 136 Ill,
889 93 988 128 CAP.
1018 93 1138 128 xmtl.
1652 93 1721 129 309

99 174 168 221 (De
186 173 332 218 anima,
353 173 378 210 l.
400 182 459 217 111,
481 176 574 210 text.
596 182 741 218 comm,
763 173 821 219 36)
845 173 1062 210 faciliorem
1093 172 1196 210 viam
1218 182 1261 210 se
1293 172 1533 209 existimavit
1559 172 1718 210 adinve-

98 221 211 258 nisse
231 220 279 258 ad
300 219 588 258 ostendendum
617 220 722 266 quod
750 221 986 267 quandoque
1015 220 1286 266 intelligamus
1321 219 1565 256 substantias
1607 229 1719 265 sepa-

99 272 278 311 ratas‚ex
300 267 375 304 hoc
391 267 495 314 quod
518 266 627 313 ponit
646 267 888 303 intellectum
911 267 1142 313 possibilem
1160 267 1498 311 incorruptibilem
1515 271 1551 303 et
1569 266 1721 304 anobis

98 314 320 352 secundum
344 323 432 351 esse
454 318 693 360 separatum,
716 314 819 351 sicut
839 318 872 349 et
897 314 1138 350 intellectum
1159 318 1354 360 agentem.

97 366 102 369 '
148 361 328 399 Ostendit
348 361 452 398 enim
475 361 602 407 primo
620 361 724 407 quod
759 370 921 397 neeesse
945 365 1003 398 est
1035 370 1180 406 ponere
1214 361 1318 406 quod
1350 360 1573 397 intellectus
1594 369 1717 406 agens

90 414 145 447 'se
165 408 308 451 habeat
339 407 384 445 ad
418 408 611 454 principia
644 408 878 444 naturaliter
910 409 1069 453 cognita
1098 418 1120 444 a
1151 407 1279 451 nobis,
1301 408 1361 443 vel
1397 407 1499 443 sicut
1529 416 1652 453 agetis
1673 407 1719 445 ad

98 455 408 493 instrumentum
430 455 489 491 vel
525 455 625 492 sicut
661 455 788 492 forma
811 455 856 491 ad
889 456 1106 491 materiam.
1130 455 1356 490 Intellectus
1381 455 1485 490 enim
1508 454 1545 489 in
1571 454 1720 498 habitu,

100 511 180 550 quo
201 502 478 586 intelligimus,
501 510 581 538 non
614 502 741 539 solum
766 502 883 539 liabet
918 502 1019 539 lianc
1052 502 1245 538 actionem
1274 511 1360 547 quae
1394 506 1464 546 est,
1485 501 1719 546 intelligere,

100 549 171 587 sed
193 549 310 586 etiam
362 558 435 586 ane
461 558 548 596 quae
568 553 629 586 est
654 549 780 585 facere
803 549 1002 586 intellecta
1034 549 1073 585 in
1096 553 1182 584 actu
1204 560 1211 591 ;
1237 553 1444 593 utrumque
1474 548 1576 584 enim
1607 557 1721 594 expe-

100 596 227 634 rimur
246 596 287 633 in
308 599 446 633 nostra
478 600 670 641 potestate
703 596 885 632 existere.
910 598 989 632 lloc
1009 600 1137 632 autem
1161 595 1264 641 quod
1288 599 1346 631 est
1380 596 1503 642 tacere
1525 595 1722 632 intellecta

101 643 142 681 in
163 647 250 680 actu
273 643 402 690 magis
435 643 592 689 proprie
623 642 798 681 notificat
831 643 1073 680 intellectum
1096 642 1134 678 in
1170 642 1302 678 babitu
1340 651 1456 688 quam
1486 642 1721 688 intelligere,

102 690 196 738 quia
242 691 352 737 prius
401 693 461 727 est
508 691 635 727 facere
690 690 890 727 intellecta
941 691 977 726 in
1018 694 1105 725 actu
1158 698 1274 735 quam
1333 688 1551 733 intellig-:fre
1584 701 1591 727 ;
1630 693 1722 726 sunt

104 738 209 774 enim
252 737 431 784 quaedam
472 737 514 774 in
556 737 673 774 nobis
712 738 813 773 sacta
845 737 1043 773 intellecta
1091 736 1131 771 in
1167 740 1253 771 actu
1293 736 1536 778 naturalium,
1559 746 1637 772 non
1676 745 1722 772 ex

104 784 238 822 studio
274 788 341 822 aut
375 794 422 820 cx
456 787 593 821 nostra
629 784 840 827 voluntate,
862 784 968 821 sicut
1004 783 1130 829 prima
1168 782 1448 828 intelligibilia.
1472 784 1560 819 liaec
1589 787 1720 820 autem

104 831 234 868 facere
259 830 457 868 intellecta
477 835 564 868 actu
596 840 673 867 non
699 831 893 876 contingit
927 840 994 876 per
1024 830 1263 866 intellectum
1285 830 1325 865 in
1346 829 1495 873 habitu,
1518 839 1585 875 per
1606 838 1721 876 quem

104 878 205 915 siunt
225 878 425 915 intellecta
445 878 485 914 in
504 881 592 914 actu
614 888 658 914 ca
693 886 778 924 quae
801 877 950 914 scimus
972 887 1018 914 ex
1039 877 1185 917 studio,
1209 877 1276 913 sed
1304 877 1432 921 magis
1451 881 1544 913 sunt
1564 877 1721 913 initium

105 925 331 962 intellectus
352 925 390 961 in
426 924 588 968 habitu3
613 925 713 961 unde
746 928 784 960 et
805 924 962 960 habitus
996 924 1135 960 horum
1167 923 1477 969 intelligibilium
1508 923 1555 960 ab
1575 924 1722 960 Aristo—

105 973 181 1009 tele
203 972 356 1019 (isthic,
378 980 435 1016 w,
458 982 491 1009 c.
511 972 548 1018 7)
569 971 792 1008 intellectus
814 971 975 1014 dicitur;
999 970 1097 1008 fiunt
1121 975 1247 1006 autem
1270 970 1467 1007 intellecta
1490 971 1527 1006 in
1550 974 1636 1007 actu
1655 979 1724 1016 per

107 1020 237 1057 solum
271 1018 514 1055 intellectum
548 1022 743 1064 agentem,
763 1028 831 1064 per
852 1018 926 1055 hoc
947 1022 1077 1054 autem
1109 1018 1208 1053 siunt
1240 1017 1437 1053 intellecta
1471 1018 1508 1052 in
1535 1022 1622 1054 actu
1646 1018 1724 1054 alia

106 1075 193 1113 quae
214 1075 260 1102 ex
283 1065 415 1102 studio
437 1065 601 1102 scimus.
625 1067 764 1102 Facere
786 1065 906 1111 igitur
936 1065 1019 1101 baec
1037 1064 1322 1110 consequentia
1355 1063 1554 1100 intellecta
1572 1065 1611 1099 in
1634 1068 1721 1101 actu

106 1117 166 1150 est
187 1112 289 1150 actio
311 1116 348 1149 et
377 1112 602 1149 intellectus
623 1112 666 1148 -in
689 1111 824 1148 habitu
859 1115 1050 1157 quantum
1081 1111 1129 1147 ad
1150 1111 1276 1156 prima
1305 1111 1499 1156 principia
1529 1114 1566 1147 et
1596 1111 1724 1156 ipsius

105 1159 334 1197 intellectus
353 1159 522 1206 agentis.
541 1160 625 1195 Una
658 1162 786 1195 autem
822 1158 925 1196 aetio
957 1167 1038 1195 non
1059 1162 1119 1195 est
1136 1158 1317 1199 duorum,
1336 1157 1413 1194 nisi
1436 1166 1558 1194 unum
1586 1166 1723 1194 eorum

107 1210 357 1254 comparetur
377 1205 424 1243 ad
446 1206 610 1243 alterum
644 1206 748 1243 sicut
770 1214 893 1252 agens
912 1205 960 1243 ad
990 1206 1298 1242 instrumentum
1317 1205 1376 1241 vel
1407 1204 1509 1241 sicut
1531 1205 1658 1242 forma
1677 1205 1724 1242 ad

106 1254 326 1291 materiam.
349 1253 508 1299 Oportet
541 1253 661 1299 igitur
693 1252 797 1299 quod
829 1253 1055 1289 intellectus
1088 1261 1211 1299 agens
1244 1255 1494 1297 comparetur
1522 1252 1569 1288 ad
1599 1252 1725 1298 prima

105 1301 302 1348 principia
333 1299 557 1337 intellectus
592 1300 632 1337 in
667 1300 815 1342 babitu,
849 1300 907 1336 vel
942 1300 1044 1337 sicut
1075 1309 1198 1346 agens
1228 1299 1276 1336 ad
1308 1299 1631 1344 instrumentum,
1664 1299 1721 1335 vel

108 1347 383 1431 sicutdforma
426 1346 474 1385 ad
523 1346 742 1384 materiam.
788 1347 900 1391 Quod
940 1347 1098 1394 quidem
1146 1346 1314 1393 qualiter
1360 1347 1489 1393 possit
1530 1355 1620 1384 esse
1667 1347 1724 1383 sic

110 1399 225 1432 osten
255 1395 285 1430 it
306 1406 315 1432 :

156 1441 382 1478 Intellectus
411 1440 631 1488 possibilis,
653 1449 774 1487 quum
807 1440 872 1483 sit,
901 1440 1118 1477 secundum
1150 1439 1235 1486 ejus
1266 1440 1519 1486 positionem,
1543 1440 1721 1487 quaedam

111 1488 335 1526 substantia
354 1492 548 1534 separata,
570 1487 757 1535 intelligit
786 1487 1030 1524 intellectum
1065 1492 1246 1533 agentem
1279 1491 1318 1523 et
1346 1487 1444 1524 alias
1479 1487 1724 1525 substantias

109 1539 313 1581 separatas
345 1539 382 1571 et
414 1535 530 1571 etiam
564 1534 692 1579 prima
736 1534 936 1570 intellecta
968 1535 1234 1579 speculativa;
1259 1537 1317 1570 est
1349 1534 1470 1578 igitur
1502 1534 1723 1579 subjectum

110 1583 382 1630 utrorumque.
405 1582 669 1628 Quaecumque
696 1585 843 1618 .autem
877 1582 1117 1618 conveniunt
1147 1581 1187 1617 in
1226 1590 1306 1617 uno
1341 1580 1532 1626 subjecto,
1556 1583 1721 1618 alterum

111 1638 247 1666 eorum
263 1633 328 1677 ,est
348 1628 451 1667 sicut
471 1628 597 1665 forma
617 1627 807 1672 alterius;
830 1628 945 1668 sicut,
981 1638 1103 1674 quum
1124 1628 1235 1664 color
1255 1631 1292 1664 et
1312 1627 1379 1664 lux
1401 1628 1541 1664 sintin
1564 1628 1724 1674 diapha-

110 1683 163 1714 no
185 1676 287 1714 sicut
307 1676 346 1712 in
369 1675 560 1721 subjecto,
581 1678 735 1720 oportet
763 1675 867 1722 quod
905 1676 1084 1719 alterum,
1104 1675 1257 1711 scilicet
1286 1675 1365 1719 lux,
1388 1675 1441 1712 sit
1464 1676 1577 1721 quasi
1601 1677 1726 1713 forma

110 1723 288 1768 alterius,
309 1722 462 1760 scilicet
481 1722 640 1759 coloris.
664 1722 742 1758 Hoc
774 1725 902 1758 autem
928 1731 1091 1759 necesse
1113 1726 1173 1758 est
1193 1721 1352 1768 quando
1379 1721 1526 1758 habent
1543 1722 1723 1759 ordinem

109 1770 159 1808 ad
178 1769 361 1815 invicem,
382 1778 462 1806 non
482 1769 524 1805 in
544 1768 608 1806 his
622 1777 709 1816 quae
728 1778 797 1814 per
817 1769 1001 1805 accidens
1021 1769 1317 1815 conjunguntur
1334 1769 1373 1804 in
1389 1769 1526 1806 eodem
1547 1769 1725 1814 subjecto

107 1815 214 1855 sicut
230 1815 370 1854 albebo
392 1819 429 1853 et
461 1816 628 1853 musica.
649 1816 747 1852 Sunt
775 1819 904 1853 autem
940 1816 1139 1852 intellecta
1169 1815 1411 1861 speculativa
1439 1820 1476 1852 et
1499 1816 1723 1854 intellectus

104 1868 233 1912 'agens
269 1863 448 1901 ordinem
481 1863 528 1900 ad
565 1863 734 1899 invicem
767 1862 966 1907 habentia,
989 1873 1109 1910 quum
1145 1863 1344 1899 intellecta
1380 1863 1623 1908 speculativa
1646 1863 1725 1901 sint

108 1911 213 1949 facta
229 1910 432 1949 intellecta
451 1910 491 1946 in
521 1914 608 1947 actu
630 1920 698 1956 per
719 1910 960 1947 intellectum
983 1914 1178 1956 agentem.
1202 1910 1324 1946 Habet
1343 1919 1385 1946 se
1406 1910 1527 1956 igitur
1554 1911 1724 1947 intellec-

108 1961 174 1995 tus
205 1966 328 2005 agens
361 1957 409 1995 ad
442 1957 643 1994 intellecta
676 1957 917 2002 speculativa
950 1958 1210 2003 quasit'orma
1245 1957 1291 1994 ad
1325 1957 1544 1993 materiam.
1568 1959 1725 2003 Oportet

108 2005 232 2052 igitur
251 2004 370 2052 quod,
388 2013 509 2052 quum
542 2004 743 2041 intellecta
775 2004 1015 2050 speculativa
1053 2004 1133 2040 sint
1153 2003 1268 2040 nobis
1302 2004 1484 2049 copulata
1519 2014 1587 2049 per
1608 2005 1725 2050 phan-

107 2055 291 2095 tasmata,
313 2060 399 2097 quae
421 2054 513 2087 sunt
535 2051 648 2098 quasi
668 2051 865 2097 quoddam
899 2051 1118 2097 subJectum
1152 2051 1345 2096 ipsorum,
1364 2051 1480 2087 etiam
1504 2052 1726 2089 intellectus

110 2107 234 2145 agens
255 2097 753 2141 continueturnobiscum,
778 2098 816 2134 in
838 2102 1028 2144 quantum
1052 2102 1111 2134 est
1132 2098 1259 2134 forma
1278 2098 1567 2135 intellectorum
1591 2108 1724 2143 specu-

109 2145 337 2182 lativorum.
360 2144 526 2189 Quando
555 2144 676 2192 igitur
709 2144 909 2181 intellecta
941 2145 1184 2190 speculativa
1210 2149 1301 2182 sunt
1334 2145 1375 2181 in
1398 2145 1512 2182 nobis
1535 2146 1665 2182 solum
1685 2146 1723 2182 in

107 2191 313 2238 potentia,
343 2190 568 2228 intellectus
601 2200 725 2237 agens
758 2192 1012 2228 continuatur
1042 2192 1250 2228 nobiscum
1287 2192 1415 2228 solum
1450 2193 1489 2227 in
1526 2193 1726 2237 potentia;

109 2237 269 2286 quando
290 2241 421 2275 autem
443 2238 575 2284 aliqua
596 2237 799 2275 intellecta
820 2238 1063 2284 speculativa
1079 2239 1217 2275 insunt
1237 2239 1407 2275 nobisin
1428 2243 1516 2275 actu
1537 2243 1573 2274 et
1594 2240 1724 2285 aliqua

106 2285 151 2322 in
183 2285 371 2331 potentia,
393 2285 649 2323 continuatur
679 2284 797 2321 nobis
816 2285 957 2331 partim
990 2286 1029 2322 in
1051 2290 1139 2322 actu
1169 2289 1208 2322 et
1226 2285 1367 2331 partim
1397 2285 1437 2321 in
1465 2286 1664 2330 potentia3
1690 2289 1725 2321 et

107 2335 206 2369 tunc
226 2331 396 2369 dicimur
424 2332 572 2368 moveri
600 2331 649 2368 ad
680 2332 1020 2369 continuationem
1054 2332 1294 2378 praedictam,
1317 2332 1423 2378 quia,
1445 2337 1593 2378 quanto
1615 2332 1724 2379 plura

106 2378 312 2416 intellecta
328 2379 370 2414 in
391 2382 477 2415 actu
501 2378 647 2415 suerint
664 2378 702 2414 in
725 2378 842 2415 nobis
863 2379 978 2423 facta,
998 2379 1212 2425 perfectius
1241 2379 1465 2415 intellectus
1486 2387 1609 2425 agens
1630 2387 1724 2415 con-

106 2426 287 2463 tinuatur
306 2425 347 2462 in
368 2424 498 2462 nobis.
522 2425 591 2461 Hic
618 2428 749 2462 autem
783 2425 982 2471 perfectus
1014 2429 1146 2462 motus
1167 2425 1215 2462 ad
1236 2425 1575 2462 continuationem
1597 2424 1639 2462 fit
1657 2434 1721 2471 per

106 2473 284 2510 studium
316 2472 359 2509 in
395 2471 574 2509 scientiis
605 2472 874 2517 speculativis,
895 2481 964 2518 per
991 2471 1098 2518 quod
1126 2481 1216 2508 vera
1249 2471 1445 2508 intellecta
1481 2472 1725 2518 acquirimus

108 2522 147 2557 et
168 2519 279 2558 falsae
312 2518 524 2565 opiniones
555 2518 831 2563 excluduntur,
853 2528 939 2565 quae
969 2522 1063 2555 sunt
1090 2522 1199 2555 extra
1222 2518 1399 2555 ordinem
1431 2519 1550 2565 hujus
1576 2524 1724 2565 motus,

107 2567 213 2604 sicut
232 2569 490 2604 monstruosa
511 2569 620 2602 extra
650 2565 830 2602 ordinem
857 2566 1050 2602 naturalis
1079 2565 1337 2612 operationis.
1360 2565 1467 2603 Unde
1488 2569 1526 2602 et
1550 2566 1598 2604 ad
1619 2566 1721 2604 hunc

133 2613 328 2651 rofectum
361 2612 500 2660 juvant
520 2621 563 2650 se
583 2612 768 2650 homines
787 2612 891 2649 sicut
905 2611 1043 2658 juvant
1063 2620 1106 2648 se
1135 2612 1304 2649 invicem
1324 2612 1365 2649 in
1387 2612 1566 2650 scientiis
1584 2623 1720 2659 specu-

123 2660 252 2698 ativis.
275 2659 441 2705 Quando
474 2668 568 2706 ergo
589 2658 725 2696 omnia
754 2658 955 2696 intellecta
972 2658 1015 2695 in
1049 2659 1226 2704 potentia
1246 2659 1394 2696 fuerint
1422 2660 1464 2696 in
1483 2660 1601 2698 nobis
1622 2661 1722 2698 facta

105 2707 148 2743 in
168 2711 272 2752 actu,
295 2711 390 2745 tunc
415 2706 641 2744 intellectus
674 2715 798 2752 agens
818 2705 988 2752 perfecte
1019 2705 1269 2752 copulabitur
1300 2706 1417 2744 nobis
1449 2710 1492 2744 ut
1523 2707 1664 2751 forma,
1687 2711 1732 2744 et¹

106 2753 376 2802 intelligemus
395 2763 465 2800 per
482 2754 613 2800 ipsum
633 2754 820 2799 perfecte,
840 2752 946 2789 sicut
964 2761 1070 2789 nunc
1090 2753 1260 2799 perfecte
1292 2753 1554 2801 intelligimus
1576 2764 1644 2800 per
1663 2755 1720 2790 in·

104 2799 305 2838 tellectum
323 2801 366 2838 in
401 2800 551 2838 habitu.
574 2800 682 2836 Unde
702 2808 791 2837 cum
819 2799 867 2836 ad
890 2799 1134 2836 intellectum
1157 2803 1336 2845 agentem
1369 2801 1563 2847 pertineat
1583 2800 1718 2837 intelli«

108 2854 201 2894 gere
219 2847 464 2886 substantias
482 2850 700 2895 separatas,
715 2846 986 2894 intelligemus
1005 2849 1101 2886 tunc
1120 2846 1365 2886 substantias
1387 2851 1601 2894 separatas,
1621 2847 1728 2885 sicut

0 3097 86 3223 Ε
