1894 3223
686 122 777 159 mn.
804 121 853 166 ιι,
882 121 983 157 CAP.
1009 119 1126 157 xx1v.
1660 122 1724 156 127

104 205 211 255 quod
249 207 310 243 est
343 213 414 252 per
450 202 557 242 aliud
578 202 780 240 reducitur
817 201 918 239 inid
953 202 1061 251 ⁴quod
1097 211 1166 249 per
1194 211 1237 240 se
1270 205 1343 247 est,
1365 210 1415 239 ne
1452 201 1494 238 in
1524 200 1725 240 infinitum

105 251 356 301 procedatur.
378 250 452 296 Qui
487 253 617 287 autem
640 257 723 287 suae
755 249 925 286 actionis
959 258 1039 286 non
1061 253 1121 286 est
1140 249 1327 287 dominus
1347 258 1427 287 non
1456 258 1526 295 per
1551 258 1595 286 se
1620 250 1726 296 agit;

105 299 188 348 agit
210 299 316 336 enim
337 298 452 346 quasi
472 297 521 335 ab
541 296 621 334 alio
639 299 786 340 actum,
808 305 889 333 non
910 297 1025 342 quasi
1047 297 1224 343 seipsum
1253 305 1390 343 agens.
1415 297 1574 342 Oportet
1603 297 1727 343 igitur

105 347 278 394 primum
308 354 434 392 agens
466 344 543 382 hoc
574 343 694 380 modo
714 352 845 390 agere,
879 343 984 390 quod
1015 344 1077 380 sui
1108 348 1220 381 actus
1253 344 1440 381 dominus
1474 344 1538 381 sit.
1559 346 1645 381 Non
1667 347 1728 382 est

107 397 238 431 autem
275 392 422 440 aliquis
444 391 507 430 sui
539 390 728 429 dominus
761 393 887 440 actus,
911 390 988 427 nisi
1022 400 1091 436 per
1121 391 1379 429 voluntatem.
1413 392 1574 438 Oportet
1605 392 1730 439 igitur

53 442 58 446 ”
109 442 248 485 Deum,
270 440 338 488 qui
361 442 422 478 est
454 438 626 486 primum
656 445 794 484 agens,
816 446 886 484 per
917 437 1159 474 voluntatem
1193 448 1323 486 agere,
1351 447 1432 476 non
1464 448 1534 486 per
1555 439 1730 478 necessi·

107 491 241 526 tatem.

156 534 302 579 Adhuc,
323 533 452 580 primo
467 532 599 580 agenti
621 531 785 569 debetur
804 531 930 577 prima
951 531 1067 584 actio,
1089 532 1192 570 sicut
1212 536 1249 570 et
1269 534 1397 580 primo
1415 533 1553 572 mobili
1574 534 1726 581 primus

109 585 257 619 motus.
288 580 361 618 Sed
395 579 628 617 naturaliter
658 579 761 616 actio
791 578 1008 615 voluntatis
1042 583 1102 616 est
1122 580 1229 626 prior
1261 590 1378 627 quam
1419 582 1522 619 actio
1543 586 1725 619 naturae:

108 628 208 666 illud
228 628 335 665 enim
355 627 587 665 naturaliter
620 627 732 673 prius
753 629 813 663 est
831 626 936 672 quod
957 630 1015 663 est
1045 627 1273 672 perfectius,
1298 628 1388 664 licet
1408 628 1449 664 ir,
1485 638 1728 676 unoquoque

112 675 166 714 sit
183 678 360 722 tempore
380 674 595 722 posterius.
619 674 728 710 Actio
750 676 879 710 autem
903 673 1056 720 agentis
1073 683 1142 719 per
1161 674 1401 711 voluntatem
1425 679 1485 712 est
1503 678 1726 722 perfectior,

110 722 216 771 quod
244 732 293 760 ex
318 722 394 760 hoc
426 725 533 768 patet
558 721 663 768 quod
692 720 927 766 perfectiora
959 724 1052 756 sunt
1070 730 1115 757 ea
1149 721 1250 766 apud
1284 730 1358 758 nos
1379 731 1466 768 quae
1496 732 1566 768 per
1587 724 1728 761 volun-

109 773 231 807 tatem
247 773 382 817 agunt,
403 778 521 853 guam
554 778 640 815 quae
662 777 730 814 per
749 771 898 804 naturae
931 767 1221 804 necessitatem.
1246 769 1346 814 Ergo
1367 770 1460 812 Deo,
1481 770 1546 816 qui
1569 775 1629 807 est
1648 770 1726 817 pri·

111 825 222 854 mum
244 825 382 862 agens,
433 816 570 853 ebetur
591 815 694 852 actio
716 824 801 861 quae
823 818 883 851 est
902 823 971 860 per
990 814 1246 851 voluntatem.

161 864 346 910 Amplius,
368 873 414 900 ex
447 864 522 900 hoc
561 863 653 899 item
690 864 850 908 apparet
886 860 1005 907 quod,
1044 861 1110 897 ubi
1132 861 1389 908 conjungitur
1421 866 1586 912 utraque
1611 865 1729 909 actio,

114 911 297 957 superior
317 915 377 947 est
406 910 531 947 virtus
561 919 647 956 quae
669 910 750 955 agit
780 917 849 954 per
878 908 1121 960 voluntatem
1149 918 1193 945 ea
1221 919 1308 955 quie
1340 910 1422 957 agit
1448 920 1516 956 per
1548 915 1729 949 naturam

114 962 153 995 et
171 958 294 994 utitur
313 967 359 994 ea
377 957 490 1004 quasi
526 956 804 994 instrumento.
824 956 920 991 Nam
943 963 982 990 iu
1005 955 1165 991 homine
1187 957 1370 1002 superior
1401 962 1460 994 est
1483 959 1728 1003 intellectus,

116 1005 184 1052 qui
206 1005 287 1051 agit
306 1014 375 1050 per
409 1004 666 1046 voluntatem,
685 1011 812 1053 quam·
837 1001 970 1038 anima
1005 1003 1250 1048 vegetabilis,
1279 1013 1366 1050 quae
1386 1005 1467 1050 agit
1489 1014 1558 1051 per
1580 1010 1730 1044 naturae

114 1052 409 1089 necessitatem.
433 1050 573 1086 Divina
609 1053 740 1086 autem
777 1052 903 1085 V1rtus
942 1051 1002 1085 est
1039 1058 1225 1095 suprema
1261 1050 1301 1086 in
1337 1052 1525 1089 omnibus
1558 1053 1730 1090 entibus.

112 1098 238 1146 Igitur
258 1098 345 1144 ipsa
377 1097 458 1144 agit
478 1097 520 1133 in
540 1105 605 1133 res
634 1105 774 1133 omnes
801 1104 871 1141 per
907 1095 1164 1141 voluntatem,
1186 1105 1266 1134 non
1285 1107 1354 1143 per
1369 1102 1520 1136 naturae
1555 1100 1730 1137 necessi-

112 1148 247 1182 tatem.

157 1193 258 1236 Item,
280 1191 464 1229 voluntas
499 1190 616 1229 habet
650 1199 721 1236 pro
757 1189 911 1236 objecto
943 1189 1093 1227 bonum
1122 1191 1343 1243 secundum
1372 1192 1567 1230 rationem
1598 1192 1728 1238 boni3

119 1242 264 1276 natura
283 1242 415 1276 autem
436 1247 517 1275 non
534 1238 692 1284 attingit
712 1236 760 1273 ad
778 1246 1029 1274 communem
1061 1238 1293 1282 bonitatem,
1314 1239 1383 1276 sed
1404 1241 1452 1277 ad
1481 1241 1557 1278 hoc
1582 1240 1731 1278 bonum

119 1285 225 1333 quod
257 1289 316 1323 est
337 1294 411 1323 sua
439 1285 642 1331 perfectio.
665 1285 759 1321 Cum
780 1284 901 1331 igitur
921 1294 1038 1321 omne
1059 1294 1182 1331 agens
1201 1290 1291 1331 agat
1311 1287 1530 1324 secundum
1556 1288 1662 1335 quod
1682 1289 1731 1325 ad

115 1332 272 1370 bonum
315 1333 496 1377 intendit,
529 1333 622 1379 quia
656 1331 749 1368 finis
783 1335 914 1368 movet
948 1336 1129 1378 agentem
1161 1337 1315 1378 oportet
1351 1335 1456 1380 quod
1502 1344 1627 1381 agens
1663 1344 1733 1381 per

117 1380 361 1418 voluntatem
381 1380 431 1417 ad
466 1389 590 1427 agens
610 1388 679 1426 per
698 1379 975 1416 necessitatem
1009 1383 1158 1416 naturae
1194 1386 1456 1427 comparetur,
1475 1383 1578 1419 sicut
1608 1391 1732 1429 agens

117 1427 344 1464 universale
370 1427 418 1464 ad
451 1435 574 1474 agens
607 1426 858 1473 particulare.
886 1428 1018 1472 Agens
1051 1430 1179 1463 autem
1211 1428 1449 1473 particulare
1482 1438 1525 1466 se
1547 1430 1664 1466 habet
1683 1429 1731 1467 ad

117 1482 241 1521 agens
263 1474 486 1511 universale
507 1474 612 1512 sicut
632 1483 678 1510 ea
692 1482 778 1519 quae
792 1474 992 1525 posterius
1008 1477 1114 1517 sunt,
1136 1474 1287 1511 etsicut
1303 1475 1388 1521 ejus
1404 1476 1729 1513 instrumentum.

120 1522 222 1568 Ergo
243 1524 398 1566 oportet
432 1521 538 1567 quod
567 1520 738 1567 primum
770 1529 894 1566 agens
918 1524 970 1557 sit
993 1521 1275 1566 voluntarium,
1308 1526 1346 1558 et
1365 1531 1446 1560 non
1467 1533 1536 1569 per
1555 1523 1731 1562 necessi·

115 1571 235 1604 tatem
256 1571 406 1605 naturae
425 1576 564 1614 agens.

166 1615 274 1651 Hanc
294 1614 412 1652 etiam
432 1615 636 1651 veritatem
657 1614 790 1651 divina
821 1614 1022 1659 Scriptura
1041 1623 1116 1651 nos
1148 1615 1275 1652 docet.
1297 1616 1447 1653 Dicitur
1466 1617 1572 1654 enim
1598 1617 1639 1654 in
1664 1619 1728 1656 Ρε.

117 1669 281 1706 CXXXIV,
314 1663 366 1698 6:
389 1662 518 1699 Omnia
545 1671 774 1707 quaecumque
803 1662 930 1702 voluit,
961 1663 1134 1697 Dominus
1162 1663 1267 1705 Τροίη
1304 1667 1342 1698 et
1363 1664 1472 1709 Eph.‚
1505 1673 1533 1709 ι,
1570 1668 1607 1701 11
1635 1665 1735 1708 :Qui

116 1711 286 1754 operatur
302 1710 423 1745 omnia
441 1709 634 1745 secundum
662 1710 889 1754 propositum
906 1708 1102 1744 voluntatis
1121 1719 1206 1745 suae.
1229 1711 1272 1745 Et
1303 1710 1475 1748 Hilarius
1498 1711 1539 1748 in
1562 1712 1662 1748 libro
1682 1714 1732 1748 De

115 1755 262 1800 synodis
282 1767 294 1791 .·
317 1768 335 1788 «
351 1755 544 1793 Omnibus
556 1756 748 1793 creaturis
764 1755 1027 1792 substantiam
1043 1755 1226 1793 voluntas
1242 1756 1309 1792 Dei
1331 1758 1460 1794 attulit
1474 1770 1514 1803 »ς
1537 1762 1575 1795 et
1594 1759 1698 1795 intra
1719 1770 1727 1795 :

117 1815 138 1835 ιι
163 1802 270 1840 Talia
289 1802 394 1839 enim
417 1806 559 1839 cuncta
578 1805 710 1840 ereata
729 1806 835 1847 sunt,
857 1802 990 1849 qualia
1010 1804 1113 1839 Deus
1135 1803 1262 1840 facere
1282 1804 1406 1840 voluit
1433 1818 1466 1842 ».

165 1850 239 1886 Per
257 1849 333 1887 hoc
351 1853 481 1887 autem
503 1852 728 1886 removetur
759 1858 869 1886 error
888 1850 1150 1896 quorumdam
1176 1850 1523 1899 philosophorum,
1545 1853 1613 1901 qui
1630 1853 1731 1893 dice-

111 1893 210 1935 bant
224 1897 348 1935 Deum
368 1906 485 1945 agere
504 1905 575 1944 per
591 1900 743 1935 naturae
764 1897 1060 1935 necessitatem.
1270 1904 1272 1906 ’

751 2041 918 2084 CAPUT
954 2042 1093 2085 XXIV.

489 2161 591 2197 QUOD
610 2161 709 2193 ultus
741 2162 835 2192 AGIT
858 2163 934 2193 PER
958 2163 1063 2193 SUAM
1099 2163 1350 2198 SAPIENTIAM.

160 2270 216 2308 Ex
233 2269 310 2308 hoc
325 2274 460 2324 autem
495 2274 657 2318 apparet
674 2271 791 2324 quod·
813 2273 918 2309 Deus
953 2270 1119 2311 effectus
1153 2281 1250 2311 suos
1286 2275 1470 2320 producit
1504 2276 1724 2315 secundum

112 2325 228 2354 suam
249 2321 498 2364 sapientiam.
519 2318 710 2357 Voluntas
730 2327 836 2356 enim
872 2319 921 2356 ad
942 2319 1139 2366 agendum
1175 2330 1223 2357 ex
1242 2321 1375 2367 aliqua
1407 2324 1724 2368 apprehensione

112 2367 293 2401 movetur
314 2376 323 2409 3
361 2364 512 2402 bonum
549 2365 656 2402 enim
692 2366 983 2412 apprehensum
1021 2370 1082 2403 est
1123 2366 1319 2413 objectum
1353 2369 1585 2407 voluntatis.
1625 2372 1730 2408 Deus

112 2414 245 2448 autem
265 2415 328 2448 est
355 2420 480 2458 agens
498 2420 569 2458 per
586 2412 844 2458 voluntatem,
866 2416 909 2450 ut
943 2416 1150 2450 ostensum
1171 2418 1230 2450 est
1252 2414 1299 2460 (c.
1322 2415 1396 2462 23).
1419 2416 1514 2452 Cum
1546 2416 1669 2463 igitur
1688 2418 1731 2454 in

111 2458 194 2495 Deo
215 2466 295 2495 non
318 2457 464 2495 sitnisi
484 2458 766 2497 intellectualis
786 2460 1067 2505 apprehensio,
1087 2460 1266 2507 nihilque
1301 2461 1498 2509 intelligat
1518 2463 1596 2500 nisi
1617 2464 1732 2501 intel·

114 2503 276 2551 ligendo
297 2513 355 2549 se,
377 2513 494 2551 quem
514 2504 736 2552 intelligere
760 2511 820 2544 est
837 2506 1056 2552 sapientem
1090 2515 1194 2551 esse,
1214 2507 1452 2555 relinquitur
1470 2510 1577 2556 quod
1597 2510 1734 2549 omnia

111 2551 218 2589 Deus
237 2551 459 2589 secundum
480 2560 595 2589 suam
616 2552 852 2598 sapientiam
873 2557 1071 2598 operatur.

158 2599 260 2641 Item,
282 2607 400 2636 omne
421 2607 546 2646 agens
566 2599 648 2646 agit
679 2599 755 2636 sibi
787 2599 933 2644 simile,
955 2599 1059 2636 unde
1090 2602 1245 2645 oportet
1274 2600 1380 2648 quod
1410 2603 1631 2641 secundum
1655 2603 1733 2643 hoc

112 2649 205 2692 agat
224 2646 537 2692 unumquodque
558 2653 682 2692 agens
700 2646 920 2682 secundum
941 2646 1046 2692 quod
1076 2646 1195 2683 habet
1226 2646 1529 2686 similitudinem
1550 2650 1613 2688 sui
1633 2650 1728 2689 effe·

111 2695 215 2737 ctus,
236 2692 341 2730 sicut
360 2693 468 2739 ignis
487 2692 669 2729 calefacit
697 2692 918 2730 secundum
944 2692 1105 2729 modum
1128 2693 1190 2730 sui
1211 2694 1369 2732 caloris.
1393 2696 1467 2733 Sed
1488 2697 1530 2733 in
1550 2698 1730 2745 quolibet

112 2743 254 2786 agente
271 2749 341 2785 per
359 2740 618 2783 voluntatem,
638 2739 680 2775 in
697 2743 887 2786 quantum
909 2739 1151 2786 hujusmodi,
1167 2744 1226 2777 est
1241 2742 1461 2780 similitudo
1482 2743 1544 2781 sui
1564 2744 1731 2783 effectus

113 2785 334 2824 secundum
349 2786 576 2824 intellectus
594 2786 972 2832 apprehensionem;
995 2787 1030 2824 si
1060 2787 1164 2824 enim
1183 2789 1402 2826 secundum
1424 2794 1575 2829 naturae
1594 2791 1730 2838 dispo-

115 2831 304 2885 sitionem
324 2833 628 2871 solum'inesset
647 2833 868 2885 similitudo
888 2832 1053 2885 effectus
1073 2835 1205 2880 agenti
1222 2835 1462 2882 voluntario,
1483 2846 1565 2875 non
1600 2841 1734 2885 ageret

113 2886 195 2917 nisi
215 2888 356 2927 unum,
376 2880 472 2928 quia
489 2880 592 2919 ratio
615 2880 809 2918 naturahs
829 2888 951 2918 unius
966 2884 1027 2919 est
1040 2889 1120 2918 una
1136 2884 1306 2922 tantum.
1322 2883 1446 2922 Omne
1463 2883 1588 2932 igitur
1606 2893 1732 2932 agens
