1894 3223
138 133 207 169 24⁵2
750 123 838 158 LIB.
867 122 913 165 11,
941 121 1042 157 CAP.
1068 121 1156 157 XCI.

140 208 391 257 impossibile
412 210 472 243 est
495 205 629 241 inesse
650 203 806 249 corpori
828 202 1015 248 simplici,
1034 211 1156 249 quum
1192 203 1372 248 oporteat
1400 209 1596 248 organum
1628 204 1762 240 tactus

140 266 222 295 non
243 255 387 293 habere
411 256 499 289 actu
533 250 845 294 contrarietates,
867 249 937 286 sed
969 249 1169 296 potentia:
1200 249 1306 296 quod
1337 247 1534 291 contingit
1556 247 1688 284 solum
1717 249 1761 285 in

140 304 275 341 mixtis
294 298 535 345 temperatis.
556 299 644 334 Non
664 297 785 344 igitur
805 299 864 333 est
892 296 1084 342 possibile
1121 296 1275 343 aliquas
1309 298 1440 342 partes
1473 295 1759 331 elementorum

139 359 230 390 esse
252 347 448 384 animatas
469 344 604 382 anima
623 343 910 390 cognoscitiva.

185 397 286 435 Item,
309 402 427 431 omne
459 400 604 438 corpus
619 391 758 427 vivens
779 390 912 437 aliquo
943 389 1062 427 modo
1096 389 1316 427 secundum
1355 389 1544 433 animam,
1580 388 1764 425 localiter

137 445 320 480 movetur
335 452 345 485 3
363 448 455 476 nam
475 447 642 484 corpora
671 438 863 481 coelestia,
886 437 920 474 si
940 441 1073 473 tamen
1094 437 1174 473 sint
1194 437 1381 482 animata,
1404 438 1613 473 moventur
1633 435 1762 472 circu·

137 489 275 527 lariter
293 500 301 532 ;
324 485 513 524 animalia
531 485 717 532 perfecta,
735 488 844 521 motu
861 484 1114 531 progressivo
1127 495 1136 529 ;
1151 487 1283 521 ostrea
1295 487 1426 521 autem
1443 487 1553 520 motu
1570 482 1766 519 dilatatio·

138 537 204 574 nis
226 539 263 572 et
284 532 596 571 constructionis
615 543 625 577 3
643 532 788 578 plantae
810 535 941 568 autem
967 534 1077 567 motu
1106 531 1307 577 augmenti
1346 534 1383 568 et
1415 529 1672 573 decrementi,
1694 528 1762 576 qui

140 586 235 621 sunt
256 582 391 628 aliquo
409 580 528 617 modo
549 578 768 616 secundum
791 578 937 614 locum.
960 577 1035 614 Sed
1056 578 1098 613 in
1119 578 1326 614 elementis
1346 587 1426 614 non
1440 580 1601 623 apparet
1617 575 1764 623 aliquis

139 633 274 667 motus
293 628 358 675 qui
378 628 430 664 sit
447 627 494 664 ab
513 627 659 671 anima,
679 625 749 662 sed
771 625 902 662 solum
922 628 1055 661 motus
1077 624 1284 661 naturalis.
1306 626 1393 662 Non
1414 628 1507 661 sunt
1526 624 1649 670 igitur
1677 631 1764 660 cor-

169 686 238 713 ora
259 675 444 711 viventia.

139 687 163 723 p
189 723 228 760 Si
249 726 380 759 autem
399 721 553 758 dicatur
571 719 677 767 quod
698 719 922 756 substantia
941 717 1236 758 intellectualis,
1259 718 1333 755 etsi
1371 727 1452 754 non
1484 718 1646 755 uniatur
1678 724 1766 755 cor-

139 770 227 817 pori
250 768 479 806 elementari
501 770 568 804 aut
586 766 687 813 parti
707 765 793 812 ejus
812 769 855 802 ut
875 766 1015 810 forma,
1037 765 1173 802 unitur
1192 768 1326 801 tamen
1347 765 1382 801 ei
1401 768 1444 801 ut
1461 768 1593 801 motor
1612 776 1621 800 ι

190 817 366 853 Primum
387 815 547 862 quidem
569 814 612 850 in
628 823 717 850 aere
736 813 811 850 hoc
832 813 909 850 dici
927 811 1177 859 impossibile
1198 815 1271 848 est.
1293 812 1419 855 Quum
1437 811 1543 848 enim
1554 819 1647 856 pars
1663 810 1767 848 aeris

142 872 225 901 non
246 863 297 900 sit
330 872 400 909 per
420 862 591 908 seipsam
620 860 899 904 terminabilis,
923 869 1004 896 non
1023 862 1153 906 potest
1187 858 1320 905 aliqua
1352 867 1445 904 pars
1472 858 1558 904 ejus
1588 857 1770 895 determi-

142 915 236 948 nata
246 914 398 947 motum
422 909 623 955 proprium
640 908 799 951 habere,
821 910 981 953 propter
1000 915 1115 955 quem
1138 906 1214 943 sibi
1236 906 1460 943 substantia
1480 904 1766 942 intellectualis

142 958 318 996 uniatur.

189 1006 381 1048 Praeterea,
404 1004 438 1040 si
459 1003 593 1050 aliqua
614 1002 840 1040 substantia
859 1000 1141 1038 intellectualis
1159 1000 1296 1037 unitur
1318 999 1438 1037 alicui
1464 998 1621 1045 corpori
1654 1002 1768 1036 natu·

142 1052 279 1089 raliter
297 1051 400 1088 sicut
420 1054 550 1087 motor
572 1050 732 1096 proprio
753 1048 908 1094 mobili,
927 1051 1082 1094 oportet
1100 1047 1283 1084 virtutem
1311 1047 1499 1085 motivam
1530 1046 1642 1083 illius
1675 1045 1769 1083 sub·

145 1098 301 1136 stantiae
322 1097 484 1134 limitari
506 1097 556 1134 ad
576 1105 722 1143 corpus
742 1095 889 1132 mobile
910 1095 974 1132 cui
996 1094 1228 1131 naturaliter
1257 1094 1411 1139 unitur;
1433 1103 1526 1132 nam
1555 1092 1770 1139 cujuslibet

143 1145 313 1183 motoris
333 1143 482 1190 proprii
502 1144 628 1180 virtus
650 1152 731 1180 non
753 1142 920 1186 excedit,
937 1142 979 1178 in
1005 1141 1215 1186 movendo,
1245 1141 1449 1187 proprium
1483 1140 1645 1178 mobile.
1667 1139 1771 1176 Ridi-

147 1193 283 1229 culum
306 1194 437 1228 autem
456 1190 612 1228 videtur
630 1190 760 1227 dicere
781 1189 886 1236 quod
905 1188 1030 1226 virtus
1052 1188 1221 1234 alicujus
1237 1188 1469 1225 substantiae
1485 1186 1768 1224 intellectualis

145 1248 227 1276 non
254 1238 429 1282 excedat,
450 1238 492 1274 in
526 1237 737 1280 movendo,
772 1237 943 1283 aliquam
983 1235 1283 1272 determinatam
1308 1238 1459 1280 partem
1493 1233 1661 1280 alicujus
1689 1233 1769 1270 ele-

145 1286 269 1323 menti
288 1289 330 1322 ut
351 1284 512 1331 aliquod
529 1293 674 1330 corpus
691 1285 871 1320 mixtum.
888 1285 973 1320 Non
990 1282 1145 1319 videtur
1159 1282 1280 1329 igitur
1294 1282 1505 1318 dicendum
1515 1281 1619 1328 quod
1636 1280 1771 1328 aliqua

146 1332 372 1370 substantia
391 1332 673 1369 intellectualis
693 1331 854 1368 uniatur
874 1329 992 1367 alicui
1023 1330 1179 1375 corpori
1202 1329 1431 1366 elementari
1463 1328 1696 1366 naturaliter
1726 1330 1770 1364 ut

146 1383 300 1424 motor,
316 1379 396 1415 nisi
418 1379 493 1416 sibi
516 1379 634 1415 etiam
655 1378 816 1415 uniatur
836 1381 878 1413 ut
899 1378 1038 1413 forma.

192 1428 294 1470 Item,
315 1429 449 1462 motus
470 1426 648 1471 corporis
670 1423 921 1461 elementaris
944 1426 1072 1468 potest
1089 1432 1136 1459 ex
1152 1423 1242 1460 aliis
1263 1421 1633 1469 principiiscausari
1651 1430 1769 1467 quam

148 1482 198 1511 ex
228 1472 454 1510 substantia
483 1472 757 1508 intellectuali.
797 1470 1045 1517 superfluum
1079 1470 1202 1515 igitur
1224 1474 1342 1514 esset,
1364 1473 1520 1515 propter
1540 1467 1770 1515 hujusmodi

145 1522 295 1573 motus,
335 1519 569 1556 naturaliter
603 1518 848 1556 substantias
886 1517 1175 1554 intellectuales
1206 1517 1440 1563 corporibus
1461 1515 1769 1553 elementaribus

146 1576 269 1604 uniri.

195 1616 268 1650 Per
285 1613 362 1650 hoc
383 1616 513 1650 autem
535 1612 757 1649 excluditur
777 1621 886 1649 error
903 1610 1246 1658 etopinioApuleii
1279 1614 1318 1648 et
1351 1610 1614 1658 quorumdam
1640 1609 1771 1646 Plato-

145 1661 344 1705 nicorum,
366 1661 433 1707 qui
449 1660 632 1697 dixerunt
652 1659 849 1696 daemonia
869 1668 958 1696 esse
980 1659 1168 1695 animalia
1188 1667 1352 1704 corpore
1373 1660 1636 1701 aerea‚mente
1648 1656 1772 1693 ratio·

145 1707 310 1751 nabilia,
333 1708 468 1744 animo
487 1707 660 1753 passiva,
679 1711 855 1752 tempore
874 1710 1045 1749 aeterna;
1069 1709 1106 1742 et
1124 1705 1386 1752 quorumdam
1401 1705 1613 1742 Gentilium
1625 1711 1773 1750 ponen-

145 1754 245 1791 tium
269 1755 465 1791 elementa.
485 1763 574 1791 esse
607 1753 794 1797 animata,
816 1753 920 1790 unde
954 1756 991 1789 et
1011 1753 1068 1789 eis
1102 1752 1249 1789 cultum
1286 1752 1463 1789 divinum
1495 1750 1771 1788 instituebant.

146 1801 378 1838 Excluditur
401 1801 520 1837 etiam
541 1800 678 1846 opinio
699 1800 915 1837 dicentium
937 1799 1103 1846 angelos
1122 1802 1159 1836 et
1191 1799 1393 1836 daemones
1425 1799 1571 1836 habere
1604 1805 1773 1844 corpora

148 1848 383 1885 naturaliter
403 1847 479 1885 sibi
500 1848 613 1885 unita
633 1847 681 1884 de
701 1850 843 1883 natura
864 1846 1114 1892 superiorum
1136 1845 1194 1882 vel
1214 1846 1449 1883 inferiorum
1467 1846 1769 1882 elementorum.

795 1992 964 2034 CAPUT
1018 1991 1119 2033 XCI.

176 2111 277 2146 QUOD
302 2111 399 2140 SUNT
420 2110 574 2145 ALIQUAE
600 2112 848 2140 SUBSTANTIAE
873 2111 1204 2140 INTELLECTUALES
1238 2111 1476 2141 GORPORIBUS
1493 2111 1572 2140 NON
1596 2112 1738 2141 UMTAE.

194 2221 248 2256 Ex
266 2219 486 2265 praemissis
506 2222 639 2256 autem
660 2219 818 2258 ostendi
841 2223 972 2265 potest
993 2228 1081 2258 esse
1103 2219 1258 2267 aliquas
1270 2219 1516 2257 substantias
1531 2219 1774 2257 intellectua-

145 2266 206 2304 les
228 2267 463 2312 corporibus
481 2266 643 2312 penitus
664 2275 746 2303 non
766 2266 915 2304 unitas.

195 2314 409 2366 ostensum
425 2317 486 2350 est
499 2313 606 2350 enim
621 2321 743 2359 supra
762 2313 810 2360 (c.
827 2314 904 2360 79),
933 2313 1168 2360 corporibus
1195 2313 1406 2359 corruptis,
1426 2313 1653 2351 intellectus
1679 2312 1774 2351 sub·

145 2363 333 2398 stantiam
344 2361 457 2413 quasi
468 2363 698 2407 perpetuam
707 2369 925 2398 remanere.
937 2361 1034 2405 Et,si
1044 2361 1204 2407 quidem
1218 2360 1676 2398 substantiaintellectus
1685 2368 1774 2407 quaa

144 2411 322 2444 remanet
345 2411 398 2444 sit
417 2417 498 2445 una
511 2407 707 2452 omnium,
729 2408 834 2445 sicut
853 2408 1015 2454 quidam
1034 2408 1186 2453 dicunt,
1207 2407 1255 2445 de
1284 2407 1525 2445 necessitate
1559 2407 1773 2454 consequi-

144 2457 210 2491 tur
230 2464 316 2491 eam
338 2464 426 2492 esse
447 2455 668 2492 secundum
690 2464 808 2491 suum
830 2464 919 2492 esse
940 2464 964 2492 a
984 2463 1150 2501 corpore
1180 2458 1429 2501 separatam;
1451 2458 1490 2491 et
1513 2454 1572 2492 sic
1605 2454 1776 2492 habetur

144 2502 395 2553 propositum
417 2502 524 2549 quod
547 2501 773 2539 substantia
802 2501 1084 2539 intellectualis
1114 2501 1250 2549 aliqua
1267 2501 1357 2539 sine
1376 2510 1542 2547 corpore
1563 2500 1772 2538 subsistat.

145 2549 186 2583 S1
208 2552 338 2585 autem
365 2549 501 2595 plures
534 2549 679 2586 animae
713 2548 966 2586 intellectivae
992 2552 1238 2590 remaneant,
1271 2548 1508 2595 corporibus
1542 2546 1774 2592 destructis,

146 2595 354 2631 conveniet
369 2596 571 2642 aliquibus
584 2595 822 2633 substantiis
836 2596 1174 2633 intellectualibus
1190 2596 1340 2643 absque
1355 2604 1520 2641 corpore
1536 2593 1774 2638 subsistere,

145 2642 365 2686 praesertim
387 2651 509 2688 quum
529 2646 739 2679 ostensum
759 2642 811 2680 sit
831 2642 880 2689 (c.
905 2643 965 2690 83)
985 2643 1091 2690 quod
1112 2643 1256 2680 animae
1273 2651 1355 2680 non
1374 2643 1580 2678 transeant
1603 2640 1652 2676 de
1685 2648 1775 2677 cor·

144 2695 241 2732 pore
259 2687 488 2739 &ld-Corpus.
511 2690 704 2726 Convenit
723 2693 855 2726 autem
892 2690 1103 2727 animabus
1135 2699 1226 2728 esse
1258 2699 1283 2726 a
1307 2687 1542 2734 corporibus
1568 2690 1775 2733 separatas

144 2742 216 2779 per
236 2734 422 2785 accidens
443 2745 566 2781 quum
587 2737 822 2773 naturaliter
838 2736 918 2774 sint
938 2737 1076 2775 formae
1096 2744 1331 2783 corporum3
1352 2743 1401 2772 eo
1421 2737 1552 2771 autem
1582 2734 1691 2781 quod
1714 2736 1777 2772 est

143 2787 217 2826 per
234 2780 421 2833 accidens
439 2786 595 2827 oportet
623 2783 736 2828 prius
756 2792 845 2821 esse
865 2783 903 2820 id
937 2784 1043 2831 quod
1075 2787 1137 2821 est
1167 2791 1238 2829 per
1269 2791 1327 2819 se.
1349 2782 1449 2818 Sunt
1475 2780 1599 2827 igitur
1628 2780 1775 2827 aliquae

147 2826 382 2879 substantiae
406 2827 698 2880 intellectuales
731 2830 942 2867 animabus
974 2830 1196 2869 secundum
1222 2831 1404 2867 naturam
1424 2827 1596 2874 priores,
1624 2828 1774 2876 quibus

146 2882 217 2920 per
235 2882 279 2911 se
299 2877 406 2911 mest
425 2882 514 2912 sine
533 2876 770 2922 corporibus
790 2877 1024 2915 subsistere.
