1894 3223
662 115 751 153 LIB.
779 115 825 155 Ιῐ,
853 114 954 154 CAP.
979 114 1117 155 XLVII.
1635 115 1698 152 16¹

72 200 151 239 hoc
167 199 290 246 igitur
308 197 416 246 quod
438 196 660 236 similitudo
681 197 747 234 Dei
765 197 937 243 perfecte
955 200 1065 235 esset
1084 197 1126 235 in
1143 196 1264 236 rebus
1283 195 1415 235 modis
1435 195 1701 243 possibilibus

71 246 247 294 oportuit
281 245 387 293 quod
409 245 542 282 divina
572 244 730 282 bonitas
753 244 870 281 rebus
892 247 962 290 per
989 244 1294 283 similitudinem
1323 243 1699 288 communicaretur,

72 301 154 331 non
195 292 327 330 solum
349 293 389 328 in
410 291 596 335 essendo,
617 291 687 328 sed
721 291 838 327 etiam
872 291 912 328 in
946 292 1246 337 cognoscendo.
1281 292 1530 337 Cognoscere
1568 295 1698 327 autem

72 339 249 423 divirlilam
269 339 485 423 bonitatem
505 337 618 376 solus
640 337 865 375 intellectus
881 341 1023 384 potest.
1045 339 1228 385 oportuit
1248 338 1369 385 igitur
1386 347 1475 375 esse.
1497 342 1700 376 creaturas

74 387 158 425 inte
193 390 307 424 ectua
325 395 382 423 es.

119 434 266 478 Adhuc,
288 434 329 470 in
351 432 538 470 omnibus
559 432 744 469 decenter
764 431 974 477 ordinatis,
989 432 1180 470 habitudo
1199 431 1466 470 secundorum
1489 432 1536 469 ad
1560 432 1701 470 ultima

73 481 255 520 imitatur
273 480 544 518 habitudinem
568 479 683 526 primi
705 479 752 516 ad
767 480 901 516 omnia
923 479 1099 517 secunda
1120 479 1324 523 etultima,
1348 479 1439 516 licet
1459 477 1700 527 quandoque

74 526 321 566 deficienter.
344 528 558 564 ostensum
595 530 656 564 est
695 530 825 563 autem
846 526 885 572 (l.
909 536 937 571 1,
957 537 992 564 c.
1012 530 1071 570 ⁶25,
1094 529 1134 563 31
1162 530 1200 564 et
1222 526 1280 572 54)
1314 526 1420 574 quod
1451 527 1555 564 Deus
1589 528 1628 563 in
1659 536 1702 564 se

74 582 217 613 omnes
252 577 454 612 creaturas
492 573 806 619 comprehendit,
828 578 865 610 et
896 574 972 611 hoc
1010 577 1317 619 repraesentatur
1349 573 1389 609 iu
1427 574 1701 619 corporalibus

75 621 285 666 creaturis,
306 621 399 658 licet
418 630 486 667 per
501 621 621 658 alium
639 621 799 657 modum
818 632 825 664 ;
847 629 1004 666 semper
1018 622 1124 657 enim
1141 620 1340 657 invenitur
1353 620 1538 666 superius
1557 629 1699 666 corpus

73 668 420 714 comprehendens
456 672 493 705 et
531 668 742 705 continens
782 668 966 712 inferius,
1000 671 1130 705 tamen
1167 667 1388 704 secundum
1427 668 1702 705 extensionem

74 715 326 762 quantitatis,
349 724 470 763 quum
494 717 598 752 Deus
627 724 767 752 omnes
785 719 987 752 creaturas
1023 714 1195 759 simplici
1230 713 1364 757 modo,
1385 716 1423 749 et
1438 722 1519 763 pon
1546 715 1702 760 quanti-

73 763 170 800 tatis
189 762 436 805 extensione,
459 762 673 799 contineat.
698 763 743 798 Ut
775 762 908 808 igitur,
929 771 1001 798 nec
1022 761 1063 797 in
1102 762 1176 812 hoc
1212 761 1331 797 modo
1365 760 1702 804 continendisxei

75 809 248 847 imitatio
272 810 464 847 creaturis
486 809 656 852 deesset,
681 809 793 846 saetae
813 812 907 846 sunt
925 812 1115 845 creaturae
1138 807 1428 844 intellectuales
1450 817 1537 854 quae
1555 809 1704 845 creatu·

76 865 144 894 ras
179 857 409 902 corporales
442 857 705 900 continerent,
726 865 806 892 non
832 855 1058 892 extentione
1091 854 1338 901 quantitatis,
1369 854 1437 890 sed
1469 855 1704 900 simpliciter

78 912 149 950 per
180 904 342 940 modum
376 903 690 949 intelligibilem3
713 912 802 939 nam
837 901 941 948 quod
978 901 1214 947 intelligitur
1235 905 1295 938 est
1319 902 1360 938 in
1382 901 1642 947 intelligente,
1664 904 1703 938 et

82 950 170 997 ejus
192 950 450 988 intellectuali
471 951 701 996 operatione
725 948 1087 994 comprehenditur.
1107 950 1138 994 (Ι
1157 951 1272 994 part„
1294 958 1331 996 q.
1353 956 1410 991 lv,
1428 952 1500 986 art.
1524 948 1573 995 i.)

710 1095 878 1136 CAPUT
916 1094 1074 1136 XLVII.

338 1217 438 1252 QUOD
465 1214 713 1246 SUBSTANTIAE
745 1215 1081 1246 INTELLECTUALES
1107 1215 1206 1246 SUNT
1230 1214 1443 1247 VOLENTES.

127 1327 205 1364 Has
225 1329 357 1363 autem
387 1325 634 1364 substantias
672 1324 962 1362 intellectuales
992 1333 1157 1363 necesse
1177 1328 1348 1363 estesse
1376 1326 1571 1364 volentes.
1596 1328 1704 1364 Inest

79 1373 188 1412 enim
211 1372 399 1410 omnibus
436 1373 634 1419 appetitus
665 1372 775 1417 boni,
796 1381 885 1409 cum
905 1372 1053 1409 bonum
1075 1372 1127 1409 sit
1146 1372 1254 1419 quod
1281 1373 1417 1410 omnia
1437 1377 1638 1419 appetunt,
1662 1376 1705 1410 ut

79 1419 312 1468 philosophi
348 1419 508 1457 tradunt
528 1419 682 1466 (Ethic.‚
703 1429 731 1464 1,
753 1429 788 1456 c.
812 1418 860 1465 l).
884 1419 1119 1466 Hujusmodi
1155 1422 1286 1456 autem
1323 1420 1535 1466 appetitus,
1566 1421 1607 1457 in
1641 1420 1704 1457 his

82 1467 240 1514 quidem
260 1475 347 1513 quae
368 1466 597 1513 cognitione
625 1471 773 1510 carent,
795 1465 939 1503 dicitur
967 1466 1161 1504 naturalis
1181 1466 1392 1512 appetitus,
1425 1467 1529 1504 sicut
1558 1467 1705 1503 dicitur

81 1514 189 1560 quod
210 1514 311 1559 lapis
330 1514 476 1560 appetit
495 1523 583 1551 esse
602 1513 812 1557 deorsum3
853 1513 894 1549 in
914 1513 978 1550 his
1015 1517 1144 1550 autem
1167 1524 1254 1559 quae
1274 1514 1546 1560 cognitionem
1574 1514 1702 1551 sensi-

81 1561 204 1598 tivam
225 1561 384 1604 babent,
400 1561 542 1597 dicitur
557 1561 752 1606 appetitus
770 1559 968 1604 animalis,
985 1560 1051 1607 qui
1073 1560 1261 1597 dividitur
1275 1561 1314 1596 in
1331 1561 1700 1606 concupiscibilem,

81 1611 122 1645 et
138 1607 378 1645 irascibilem
397 1620 404 1652 ;
428 1607 467 1643 in
479 1607 641 1644 hisvero
657 1606 996 1653 quaeintelligunt,
1020 1607 1164 1644 dicitur
1183 1607 1382 1654 appetitus
1403 1608 1700 1652 intellectualis,

82 1663 156 1692 seu
176 1654 397 1699 rationalis,
419 1654 485 1700 qui
507 1659 566 1692 est
595 1655 794 1691 voluntas.
815 1653 1051 1691 substantiae
1085 1654 1207 1701 igitur
1237 1655 1529 1692 intellectuales
1559 1658 1701 1692 creatae

82 1701 232 1740 hahent
250 1701 504 1738 voluntatem.
735 1716 745 1725 ·

128 1749 273 1788 Adhuc,
297 1748 402 1794 quod
423 1751 483 1785 est
512 1756 579 1793 per
600 1747 720 1791 aliud,
739 1747 940 1784 reducitur
958 1748 1000 1784 in
1019 1747 1058 1784 id
1080 1748 1185 1795 quod
1207 1752 1267 1785 est
1296 1757 1366 1794 per
1385 1757 1428 1786 se
1448 1751 1636 1795 tanquam
1658 1750 1699 1787 in

81 1795 209 1842 prius.
226 1794 333 1831 Unde
355 1798 393 1831 et
413 1794 632 1831 secundum
655 1794 941 1840 Philosophum
960 1794 1002 1831 in
1021 1799 1159 1832 octavo
1176 1796 1288 1840 Phys,
1311 1795 1418 1841 (text.
1441 1805 1584 1833 comm.
1607 1799 1650 1833 33
1667 1800 1704 1833 et

82 1842 219 1888 infra),
241 1846 349 1879 mota
368 1841 415 1878 ab
437 1841 515 1878 alio
536 1841 780 1878 reducuntur
799 1842 840 1877 in
855 1841 982 1887 prima
1001 1842 1202 1878 moventia
1222 1842 1368 1888 seipsa.
1389 1844 1432 1879 In
1454 1843 1704 1890 syllogismis

84 1889 205 1926 etiam
237 1888 535 1933 conclusiones,
555 1897 641 1936 quae
664 1892 757 1925 sunt
777 1891 880 1925 notae
901 1898 949 1925 ex
983 1888 1088 1933 aliis,
1110 1889 1354 1926 reducuntur
1377 1889 1418 1925 in
1438 1890 1565 1935 prima
1597 1891 1704 1936 prin-

83 1936 202 1982 cipia,
223 1945 311 1982 quae
331 1940 424 1973 sunt
445 1939 538 1973 nota
552 1945 622 1981 per
654 1935 800 1981 seipsa.
815 1936 1076 1973 Inveniuntur
1092 1939 1224 1973 autem
1239 1937 1280 1973 in
1300 1936 1537 1974 substantiis
1559 1938 1702 1976 creatis

84 1983 266 2030 quaedam
286 1992 373 2030 quae
408 1992 488 2020 non
512 1985 635 2030 agunt
668 1983 801 2028 seipsa
821 1982 870 2019 ad
898 1983 1156 2028 operandum,
1177 1983 1248 2020 sed
1284 1988 1457 2030 aguntur
1483 1984 1520 2020 vi
1539 1988 1703 2029 naturae,

84 2030 192 2068 sicut
210 2030 442 2074 inanimata,
464 2030 622 2076 plantae,
641 2033 678 2066 et
699 2029 888 2067 animalia
908 2029 1037 2066 bruta.
1059 2031 1145 2067 Non
1171 2030 1278 2068 enim
1299 2034 1360 2068 est
1379 2031 1418 2067 in
1438 2030 1496 2068 eis
1514 2041 1645 2078 agere,
1667 2035 1706 2068 et

84 2084 169 2114 non
191 2085 321 2124 agere.
344 2078 505 2123 Oportet
533 2076 655 2123 igitur
674 2076 780 2123 quod
811 2075 880 2114 fiat
897 2076 1075 2115 reductio
1105 2077 1155 2114 ad
1173 2077 1252 2115 alia
1283 2078 1423 2124 prima,
1442 2088 1530 2126 quae
1573 2079 1706 2125 seipsa

85 2127 208 2170 agant
239 2123 288 2160 ad
324 2123 581 2169 operandum.
606 2123 737 2161 Prima
775 2127 906 2161 autem
942 2124 983 2160 in
1022 2124 1141 2161 rebus
1171 2125 1315 2162 creatis
1345 2129 1438 2162 sunt
1470 2125 1704 2163 substantiae

85 2169 391 2215 intellectuales,
412 2174 455 2207 ut
485 2179 606 2216 supra
626 2170 674 2217 (c.
696 2170 756 2217 46)
790 2173 998 2208 ostensum
1034 2174 1107 2208 est.
1137 2172 1203 2209 Hae
1240 2172 1364 2218 igitur
1395 2172 1629 2210 substantiae
1660 2182 1704 2210 se

85 2220 211 2264 agunt
241 2216 290 2254 ad
321 2217 578 2263 operandum.
598 2218 679 2254 Hoc
715 2220 847 2255 autem
891 2222 952 2255 est
981 2218 1187 2264 proprium
1235 2219 1467 2263 voluntatis,
1488 2229 1558 2265 per
1586 2228 1704 2266 quarn

85 2263 314 2301 substantia
333 2264 384 2301 ali
417 2273 468 2301 ua
485 2267 546 2302 est
572 2263 734 2302 domina
753 2265 816 2302 sui
838 2268 964 2310 actus,
987 2268 1120 2310 utpote
1141 2265 1182 2302 in
1215 2265 1303 2311 ipsa
1323 2266 1499 2304 existens
1521 2276 1640 2314 agere
1662 2269 1704 2305 et

86 2319 171 2348 non
192 2319 322 2357 agere.
345 2311 398 2348 Su
428 2311 583 2349 stantiae
604 2311 726 2358 igitur
745 2315 885 2348 creatae
907 2312 1054 2349 hahent
1069 2312 1328 2349 voluntatem.

133 2358 316 2403 Amplius,
338 2358 575 2404 principium
596 2358 809 2404 cujuslibet
831 2359 1074 2404 operationis
1095 2362 1156 2396 est
1175 2360 1303 2395 forma
1322 2367 1392 2404 per
1417 2368 1536 2406 quam
1558 2358 1709 2405 aliquid

87 2407 149 2441 est
166 2409 269 2449 actu,
297 2413 387 2441 cum
408 2413 525 2442 omne
547 2414 668 2452 agens
688 2409 779 2451 agat
796 2405 838 2441 in
859 2409 1052 2452 quantum
1072 2409 1132 2442 est
1154 2409 1257 2442 actu.
1279 2406 1439 2451 Oportet
1460 2406 1582 2452 igitur
1601 2405 1708 2452 quod

85 2451 307 2488 secundum
335 2450 497 2488 modum
530 2451 666 2489 formae
699 2453 751 2488 sit
785 2452 928 2489 modus
950 2452 1194 2497 operationis
1217 2453 1502 2498 consequentis
1522 2453 1705 2490 sormam.

85 2499 229 2535 Forma
263 2498 386 2545 igitur
418 2506 504 2544 quae
531 2506 613 2534 non
646 2501 707 2535 est
736 2498 784 2534 ab
815 2499 904 2544 ipso
924 2502 1066 2544 agente
1087 2507 1156 2544 per
1187 2497 1369 2539 sormam,
1397 2502 1536 2536 causat
1569 2508 1708 2545 opera-

85 2544 236 2582 tionem
258 2544 372 2590 cujus
391 2553 513 2590 agens
534 2553 615 2581 non
635 2548 695 2581 est
717 2544 917 2582 dominus.
935 2545 974 2582 Si
995 2553 1074 2592 qua
1092 2553 1185 2582 vero
1205 2545 1321 2581 fuerit
1339 2545 1465 2583 forma
1485 2556 1572 2592 quae
1593 2546 1645 2583 sit
1659 2546 1708 2584 ab

85 2600 135 2629 eo
168 2601 257 2639 quae
284 2600 354 2638 per
382 2591 510 2637 ipsam
540 2594 737 2636 operatur,
760 2591 1004 2637 operationis
1037 2591 1153 2628 etiam
1181 2593 1465 2639 consequentis
1485 2593 1706 2631 dominium

85 2637 265 2676 habebit.
293 2639 443 2675 Formae
474 2640 606 2675 autem
626 2637 842 2690 natural-es,
862 2647 909 2675 ex
930 2637 1075 2684 quibus
1106 2642 1327 2684 sequuntur
1346 2643 1478 2677 motus
1499 2642 1537 2677 et
1571 2649 1709 2686 opera·

84 2685 218 2722 tiones
239 2685 456 2729 naturales,
472 2693 554 2722 non
572 2687 665 2722 sunt
685 2684 732 2721 ah
750 2684 813 2721 his
833 2693 1003 2731 quorum
1018 2687 1112 2721 sunt
1128 2684 1279 2730 formae,
1292 2686 1362 2723 sed
1378 2686 1427 2724 ab
1445 2686 1708 2725 exterioribus

87 2731 299 2778 agentibus
318 2732 505 2776 totaliter,
529 2740 618 2768 cum
640 2740 709 2777 per
738 2731 906 2768 formam
928 2731 1148 2768 naturalem
1181 2734 1493 2780 unumquodque
1514 2743 1604 2771 esse
1638 2734 1707 2771 ha-

88 2777 181 2816 beat
207 2779 248 2816 in
269 2788 343 2816 sua
363 2782 517 2816 natura.
539 2777 644 2815 Nihil
665 2780 795 2815 autem
818 2781 948 2824 potest
968 2787 1056 2816 esse
1087 2777 1164 2815 sibi
1197 2789 1319 2817 causa
1338 2780 1497 2818 essendi
1517 2792 1526 2825 ;
1560 2784 1599 2818 et
1617 2780 1708 2818 ideo

88 2833 178 2871 quae
209 2829 418 2864 moventur
450 2825 696 2869 naturaliter,
717 2833 799 2861 non
827 2828 988 2862 movent
1017 2824 1166 2872 seipsa.
1187 2827 1275 2864 Non
1295 2827 1402 2865 enim
1435 2837 1552 2875 grave
1577 2830 1709 2864 movet

88 2871 268 2918 seipsum
301 2872 505 2920 deorsum,
527 2871 598 2911 sed
624 2880 822 2919 generans
841 2871 948 2920 quod
967 2870 1075 2910 dedit
1104 2871 1142 2910 ei
1175 2872 1358 2914 formam.
1389 2875 1434 2912 In
1466 2873 1708 2912 animalibus

1489 2952 1525 2982 ss
