1894 3223
178 108 248 143 320
773 100 860 134 LIB.
887 99 952 139 111,
981 98 1083 134 CAP.
1109 97 1225 134 xmx.

179 188 321 234 primo.
344 186 441 221 Nam
471 183 513 218 in
551 181 678 227 primo
712 183 807 216 sunt
826 179 904 216 duo
925 178 1178 225 cognitiones
1206 177 1372 217 effectus
1393 181 1431 215 et
1465 187 1613 222 causae,
1636 185 1804 224 quarum

179 243 261 271 003
281 235 340 268 351
360 229 524 266 alterius
542 236 677 264 33053.
697 228 794 263 Nam
815 225 992 272 cognitio
1008 225 1174 263 effectus
1191 229 1251 263 est
1274 234 1396 262 33053
1415 225 1520 272 quod
1536 227 1807 271 cognoscatur

179 280 266 326 ejus
287 286 422 314 33053.
441 277 484 311 10
506 275 624 312 modo
646 277 776 310 autem
798 272 988 317 secundo,
1008 281 1089 310 una
1106 275 1167 310 est
1185 272 1289 310 visio
1308 273 1529 318 utriusque.
1552 271 1678 309 Simul
1699 271 1807 308 enim

178 327 273 363 dum
290 323 445 360 videtur
465 320 648 365 effectus,
665 320 821 357 videtur
839 324 878 356 31
897 328 1018 357 33053
1037 319 1078 356 in
1099 320 1203 366 ipso.
1222 319 1351 356 Tertio
1371 319 1505 364 modo,
1527 319 1583 356 ita
1603 317 1708 366 quod
1730 318 1808 356 ista

179 370 400 409 similitudo
419 377 549 405 causae
570 368 612 404 in
632 366 774 404 effectu
793 367 845 404 sit
862 367 990 404 forma
1008 376 1087 414 qua
1103 366 1311 414 cognoscit
1325 375 1488 404 causam
1509 375 1609 403 suus
1624 364 1806 410 effectus,

178 419 284 456 sicut
299 418 332 454 si
349 426 442 454 arca
462 415 624 452 haberet
640 414 885 451 intellectum
897 418 934 451 et
952 423 1022 460 per
1036 414 1203 450 formam
1224 423 1339 450 suam
1357 416 1619 460 cognosceret
1639 416 1809 457 artem‚a

176 475 258 512 qua
269 465 361 501 talis
381 465 507 500 forma
521 462 627 499 velut
641 461 726 508 ejus
739 461 958 499 similitudo
974 461 1181 507 processit.
1198 460 1315 497 Nullo
1330 464 1461 497 autem
1485 460 1654 497 istorum
1670 459 1808 497 modo-

178 522 266 550 rum
286 521 356 558 per
375 509 560 547 effectum
586 512 716 555 potest
735 508 926 555 cognosci
946 517 1068 545 causa
1085 507 1180 554 quid
1201 511 1274 552 est,
1296 507 1375 544 nisi
1405 508 1458 543 511
1489 506 1654 544 effectus
1676 515 1808 544 causae

177 560 424 606 adaequatus,
445 557 486 593 in
505 565 582 603 quo
603 560 687 593 tota
701 556 828 592 virtus
849 564 979 592 causae
999 556 1256 601 exprimatur.
1279 554 1517 591 substantiae
1537 558 1670 591 3013111
1691 563 1807 600 sepa-

177 611 272 644 13133
293 608 543 652 cognoscunt
563 605 685 640 Deum
707 612 777 649 per
793 611 888 640 suas
909 602 1170 645 substantias,
1191 601 1296 638 sicut
1313 610 1436 638 33053
1458 601 1718 647 cognoscitur
1738 610 1807 647 per

176 653 363 691 effectum
394 660 475 688 non
500 655 631 688 autem
665 651 793 696 primo
813 649 947 694 modo,
969 649 1063 695 quia
1079 649 1138 685 sic
1159 657 1297 685 eorum
1317 648 1494 694 cognitio
1527 652 1635 686 esset
1652 648 1808 685 discur-

177 701 278 744 siva,
301 699 371 736 sed
406 698 525 735 modo
558 697 735 735 secundo
764 697 807 733 in
838 700 1032 744 quantum
1067 705 1148 732 una
1166 695 1272 732 videt
1291 697 1414 732 Deum
1440 695 1484 731 in
1504 695 1612 739 alia;
1633 699 1671 732 et
1689 695 1808 732 modo

177 747 295 784 tertio
323 747 365 782 in
395 749 587 792 quantum
626 744 810 790 quaelibet
844 753 979 780 earum
1012 743 1118 779 videt
1137 744 1262 779 Deum
1293 741 1335 778 in
1358 742 1503 787 seipsa.
1527 742 1644 779 Nulla
1675 747 1808 779 autem

179 803 316 831 earum
338 798 398 830 est
418 792 582 829 effectus
603 792 817 838 adaequans
838 792 1020 827 virtutem
1051 790 1135 835 Dei,
1153 794 1194 826 01
1214 789 1257 826 10
1277 789 1454 826 53300110
1475 788 1579 826 libro
1599 791 1808 826 ostensum

180 845 241 879 351
261 841 360 887 (cap.
382 842 426 876 26
444 844 481 875 et
500 839 574 885 27).
596 841 684 876 Non
703 842 764 875 est
782 838 905 885 igitur
923 837 1116 883 possibile
1131 836 1238 884 quod
1258 845 1327 882 per
1346 836 1452 873 11003
1481 835 1645 873 modum
1675 835 1811 883 cogni-

179 888 305 925 tionis
325 889 454 933 ipsam
476 886 650 923 divinam
671 886 886 922 essentiam
907 885 1078 922 videant.

227 935 413 980 Amplius,
433 934 653 971 similitudo
671 932 938 979 intelligibilis
952 941 1021 978 per
1035 940 1154 979 quam
1168 930 1404 977 intelligitur
1420 929 1571 976 aliquid
1588 930 1811 967 secundum

183 992 297 1021 suam
334 981 615 1023 substantiam,
640 984 793 1026 oportet
822 979 928 1026 quod
949 980 1002 1016 511
1033 978 1209 1025 3105113ῐο
1232 978 1393 1023 51133131,
1412 977 1473 1014 vel
1501 978 1632 1024 magis
1653 977 1811 1023 51133135

182 1030 283 1077 ejus.
306 1029 414 1066 Sicut
434 1029 558 1064 forma
582 1028 740 1071 domus,
760 1037 846 1074 quae
867 1030 925 1064 est
957 1027 995 1063 in
1028 1030 1159 1063 mente
1181 1024 1359 1070 artificis,
1382 1028 1444 1061 est
1460 1024 1639 1070 ejusdem
1661 1024 1812 1070 speciei

183 1085 273 1114 cum
294 1076 421 1113 forma
441 1075 584 1111 domus
605 1084 691 1121 quae
713 1079 773 1110 est
794 1075 832 1110 in
857 1074 1034 1117 materia,
1054 1073 1116 1109 vel
1141 1073 1275 1118 potius
1296 1072 1452 1117 species
1473 1072 1573 1118 ejus.
1595 1073 1682 1109 Non
1704 1071 1811 1108 enim

182 1134 252 1171 per
285 1123 459 1169 speciem
499 1122 674 1158 hominis
708 1122 944 1167 intelligitur
978 1121 1026 1157 de
1055 1120 1171 1157 asino
1190 1119 1250 1156 vel
1280 1128 1383 1166 equo
1404 1119 1499 1165 quid
1520 1122 1593 1155 est.
1616 1118 1690 1155 Sed
1726 1119 1814 1163 ipsa

184 1174 325 1207 natura
347 1169 579 1206 substantiae
598 1173 787 1214 separatae
808 1177 889 1204 non
910 1171 969 1204 est
988 1167 1094 1203 idem
1115 1166 1246 1212 specie
1266 1175 1356 1203 cum
1377 1170 1518 1202 natura
1537 1166 1684 1209 divina,
1701 1166 1814 1212 quin·

184 1219 266 1254 imo
288 1226 360 1253 nec
380 1225 538 1262 genere,
560 1220 601 1252 ut
621 1216 664 1251 in
681 1215 808 1261 primo
827 1215 894 1251 lib.
909 1214 1080 1260 (cap.25)
1094 1218 1299 1250 ostensum
1321 1216 1394 1249 est.
1404 1214 1489 1249 Non
1505 1216 1565 1249 est
1582 1212 1705 1259 igitur
1723 1221 1815 1258 pos—

185 1265 301 1301 sibile
317 1263 423 1310 quod
454 1263 679 1299 substantia
699 1265 880 1308 separata
896 1261 1092 1308 intelligat
1118 1261 1291 1297 divinam
1324 1259 1589 1297 substantiam
1619 1269 1688 1305 per
1722 1268 1814 1305 pro-

212 1312 310 1348 riam
324 1315 518 1346 naturam.

184 1321 208 1358 p
231 1360 332 1401 Item,
356 1367 472 1394 omne
494 1360 670 1393 creatum
691 1356 739 1393 ad
761 1355 920 1402 aliquod
942 1364 1069 1401 genus
1086 1356 1145 1391 vel
1163 1355 1334 1401 speciem
1356 1354 1605 1391 terminatur.
1624 1354 1813 1399 Impossi-

184 1405 265 1442 bile
281 1408 341 1441 est
354 1405 475 1450 igitur
489 1404 592 1450 quod
612 1413 682 1450 per
696 1403 859 1449 aliquod
878 1407 1050 1438 creatum
1069 1403 1202 1439 divina
1222 1401 1447 1438 substantia
1459 1400 1655 1438 videatur.
1674 1401 1816 1438 Divina

186 1456 319 1489 autem
351 1452 527 1488 essentia
558 1455 619 1487 est
648 1450 815 1494 infinita,
847 1449 1189 1494 comprehendens
1216 1449 1258 1485 in
1285 1458 1328 1485 se
1349 1457 1509 1486 omnem
1527 1447 1812 1494 perfectionem

184 1499 310 1536 totius
343 1507 447 1541 esse,
469 1502 513 1534 ut
532 1497 571 1533 in
608 1498 736 1543 primo
757 1497 824 1533 lib.
842 1496 941 1542 (cap.
961 1498 1005 1532 28
1028 1500 1065 1532 et
1085 1496 1143 1542 43)
1159 1500 1368 1533 ostensum
1388 1498 1462 1532 est.
1480 1495 1731 1541 Impossibile
1754 1499 1817 1533 est

187 1546 311 1593 igitur
331 1545 438 1592 quod
460 1545 594 1581 divina
617 1544 842 1581 substantia
862 1544 1052 1580 videatur.

231 1595 424 1636 Praeterea,
441 1592 574 1629 omnis
597 1591 863 1638 intelligibilis
884 1591 1038 1636 species
1055 1600 1125 1637 per
1144 1600 1262 1637 quam
1288 1589 1525 1636 intelligitur
1538 1589 1740 1636 quidditas
1752 1589 1816 1627 vel

188 1641 366 1678 essentia
386 1639 554 1685 aliquus
583 1639 641 1675 rei
662 1638 962 1684 comprehendit
981 1638 1024 1673 in
1055 1637 1376 1684 repraesentando
1395 1646 1480 1674 rem
1499 1636 1626 1673 illam.
1647 1636 1758 1674 Unde
1778 1640 1816 1673 31

187 1688 392 1725 orationes
413 1685 688 1733 significantes
708 1685 813 1732 quod
832 1685 929 1732 quid
948 1688 1022 1725 est,
1049 1688 1219 1721 terminos
1249 1694 1352 1731 saepe
1381 1688 1420 1721 ct
1447 1684 1673 1729 definitiones
1701 1692 1813 1721 voca-

186 1744 292 1772 mus.
315 1733 567 1780 Impossibile
587 1738 648 1771 est
667 1737 798 1770 31113111
817 1733 923 1779 quod
944 1732 1077 1779 aliqua
1097 1733 1319 1770 similitudo
1347 1734 1478 1769 creata
1497 1731 1672 1768 totaliter
1690 1732 1815 1768 Deum

187 1784 458 1828 repraesentet,
477 1790 568 1818 cum
589 1780 773 1828 quaelibet
793 1779 1014 1817 similitudo
1034 1784 1165 1817 creata
1186 1780 1238 1817 sit
1258 1779 1428 1826 alicujus
1447 1779 1607 1824 generis
1629 1778 1814 1815 determi-

188 1828 285 1873 nati,
308 1837 390 1865 non
413 1831 546 1865 autem
565 1830 684 1872 Deus,
705 1831 747 1864 ut
767 1828 808 1863 in
826 1828 953 1872 primo
975 1826 1075 1873 (cap.
1096 1828 1156 1874 25)
1178 1831 1386 1864 ostensum
1406 1829 1479 1863 est.
1502 1827 1588 1862 Non
1610 1825 1733 1871 igitur
1752 1827 1817 1863 est

188 1875 382 1959 possibile
397 1875 504 1922 quod
520 1885 588 1921 per
607 1875 779 1921 aliquam
796 1873 1099 1910 similitudinem
1120 1878 1292 1910 creatam
1313 1873 1447 1910 divina
1464 1872 1690 1909 substantia
1704 1871 1817 1909 intel·

204 1922 217 1959 1
249 1926 350 1959 31111.
1413 1923 1416 1925 ’

221 1932 420 2014 gAmplz'us,
438 1968 571 2005 divina
588 1967 811 2004 substantia
828 1972 888 2004 est
907 1977 1024 2003 suum
1041 1976 1143 2011 esse,
1160 1970 1203 2004 ut
1216 1967 1255 2003 in
1276 1966 1403 2012 primo
1417 1965 1517 2012 (cap.
1533 1965 1592 2013 25)
1608 1970 1815 2003 ostensum

190 2021 264 2053 est.
286 2018 421 2061 Ipsum
440 2020 570 2052 3013111
587 2023 674 2051 3553
696 2014 929 2051 substantiae
951 2018 1141 2060 separatae
1154 2018 1213 2051 est
1229 2013 1337 2050 aliud
1352 2022 1470 2060 quam
1486 2022 1562 2050 5113
1575 2013 1814 2057 substantia,

190 2067 233 2099 ut
253 2063 293 2098 in
309 2062 486 2099 secundo
507 2062 606 2108 (cap.
629 2061 686 2108 52)
708 2061 916 2108 probatum
939 2066 1011 2098 est.
1033 2062 1215 2098 Essentia
1231 2061 1352 2108 igitur
1370 2060 1603 2097 substantiae
1625 2063 1817 2106 separatae

190 2118 273 2146 non
294 2113 353 2146 est
373 2109 580 2146 sufficiens
602 2109 777 2146 medium
799 2118 876 2155 quo
896 2110 1000 2145 Deus
1019 2118 1088 2154 per
1108 2109 1324 2145 essentiam
1340 2107 1461 2144 videri
1482 2107 1624 2153 possit.

239 2156 454 2203 Cognoscit
480 2160 615 2197 tamen
647 2155 872 2196 substantia
904 2159 1087 2201 separata
1113 2164 1183 2201 per
1217 2164 1331 2192 suam
1366 2154 1630 2192 substantiam
1667 2153 1715 2191 de
1735 2155 1816 2192 Deo

192 2204 285 2251 quia
304 2207 377 2248 est,
400 2207 437 2240 et
455 2203 560 2250 quod
579 2206 639 2240 351
659 2203 838 2240 00101010
858 2212 993 2247 331153,
1016 2206 1054 2239 31
1073 2203 1254 2240 eminens
1276 2201 1477 2246 omnibus,
1500 2205 1539 2238 31
1562 2204 1740 2239 remotus
1767 2201 1816 2240 ab

192 2250 379 2288 omnibus
413 2259 495 2287 non
527 2250 659 2288 solum
691 2260 779 2297 quae
810 2254 919 2294 sunt,
950 2249 1021 2287 sed
1047 2250 1165 2287 etiam
1195 2259 1283 2297 quae
1315 2253 1447 2286 mente
1483 2252 1617 2287 creata
1658 2248 1815 2295 concipi

191 2302 376 2344 possunt.
399 2297 454 2334 Ad
475 2307 595 2345 quam
616 2298 734 2334 etiam
753 2298 1025 2344 cognitionem
1057 2297 1104 2334 de
1125 2299 1205 2334 Deo
1238 2306 1313 2334 nos
1346 2300 1560 2343 utcumque
1591 2295 1815 2343 pertingere

191 2354 423 2391 possumus.
446 2346 519 2381 Per
540 2344 704 2381 effectus
726 2345 832 2381 enim
849 2344 1135 2390 cognoscimus
1152 2344 1246 2392 quia
1265 2348 1338 2387 est,
1360 2346 1398 2380 et
1423 2343 1531 2390 quod
1560 2352 1684 2381 33053
1716 2342 1814 2380 3110-

191 2401 279 2428 1010
301 2396 374 2436 351,
395 2392 486 2429 31115
506 2392 809 2438 supereminens
830 2395 868 2428 et
885 2392 932 2429 ab
950 2392 1140 2429 omnibus
1161 2395 1352 2428 remotus.
1375 2392 1419 2427 Et
1439 2391 1514 2427 1103
1535 2393 1596 2427 351
1624 2389 1812 2427 ultimum

193 2443 231 2475 31
245 2439 582 2485 perfectissimum
602 2443 748 2476 nostrae
771 2439 1014 2485 cognitionis
1033 2439 1074 2475 in
1089 2439 1164 2476 hac
1176 2439 1281 2483 vita;
1307 2438 1409 2487 unde
1431 2437 1648 2485 Dionysius
1662 2436 1758 2474 dicit
1772 2437 1815 2474 in

191 2485 295 2522 libro
314 2488 365 2522 De
384 2488 538 2531 mystica
559 2487 676 2523 Theoi.
700 2486 748 2532 (3.
769 2485 805 2533 2)
827 2495 917 2523 cum
938 2488 1018 2523 Deo
1051 2486 1168 2533 quasi
1200 2486 1340 2533 ignoto
1374 2484 1670 2531 conjungimur.
1699 2483 1815 2528 Quod

194 2533 354 2579 quidem
375 2533 572 2580 contingit
589 2534 681 2570 dum
704 2533 751 2570 de
769 2535 848 2570 Deo
876 2533 971 2580 quid
991 2542 1073 2571 non
1093 2533 1147 2571 sit
1178 2532 1477 2580 cognoscimus,
1508 2531 1604 2579 quid
1633 2539 1728 2567 vero
1762 2531 1816 2568 sit

193 2581 352 2630 penitus
372 2584 505 2618 manet
524 2581 788 2627 incognitum.
811 2581 918 2618 Unde
940 2585 978 2617 et
1004 2580 1054 2618 ad
1085 2580 1206 2627 hujus
1239 2579 1539 2618 sublimissimae
1567 2577 1813 2624 cognitionis

193 2628 463 2710 ignorafftgim
482 2628 745 2701 dirimendam
765 2627 909 2665 dicitur
924 2627 1059 2673 Eaeod„
1080 2635 1137 2666 xx
1157 2639 1166 2665 :
1187 2627 1274 2672 Quis
1293 2628 1443 2663 accessit
1466 2626 1517 2662 ad
1550 2625 1743 2669 caliyinem
1774 2625 1814 2662 in

195 2682 267 2717 qua
285 2683 344 2708 era
414 2685 474 2710 eus
487 2703 497 2710 .

219 2719 343 2770 ¹Quia
360 2721 453 2757 vero
474 2724 615 2758 natura
634 2721 800 2758 inferior
816 2722 857 2758 in
881 2722 944 2758 sui
972 2731 1130 2759 summo
1163 2721 1325 2760 nonnisi
1348 2720 1398 2758 ad
1416 2717 1598 2756 infimum
1630 2720 1811 2765 superio-

195 2774 251 2802 ris
272 2769 421 2818 naturae
450 2769 620 2814 attingit,
641 2772 796 2814 oportet
826 2769 932 2815 quod
966 2769 1048 2806 liaec
1082 2769 1170 2815 ipsa
1201 2767 1379 2815 cognitio
1410 2766 1464 2804 sit
1491 2766 1733 2803 eminentior
1767 2767 1808 2803 in

189 2812 433 2864 substantiis
453 2816 645 2859 separatis
666 2825 784 2862 quam
804 2815 843 2852 in
866 2815 996 2861 nobis,
1013 2816 1118 2863 quod
1136 2825 1206 2862 per
1226 2814 1387 2861 singula
1404 2815 1523 2859 patet.
1540 2814 1638 2849 Nam
1662 2817 1810 2860 quanto

194 2869 457 2907 propinquior
488 2864 526 2897 ct
557 2863 783 2907 expressior
807 2863 977 2909 alicujus
1021 2871 1152 2900 causae
1191 2861 1361 2899 effectus
1396 2860 1668 2908 cognoscitur,
1699 2863 1810 2898 tanto
