1894 3223
150 126 218 162 338
729 117 817 153 Llss.
843 117 909 160 ΙΙΙ,
937 116 1038 152 CAP.
1065 115 1182 152 LXIV.

152 202 351 242 tristantis
371 203 438 237 aut
460 197 746 236 sollicitudinis
778 195 949 242 alicujus
979 195 1242 237 molestamus,
1274 195 1322 233 de
1351 196 1431 243 qua.
1466 194 1611 232 dicitur
1640 194 1682 232 in
1701 195 1768 233 Ps.

152 259 276 292 xxxv,
300 252 334 290 9,
353 259 362 283 ε
381 245 666 282 Inebriabuntur
693 244 739 279 ab
756 243 918 278 ubertate
946 242 1071 280 domus
1102 246 1184 285 tuae,
1204 246 1238 279 et
1268 246 1424 279 torrente
1454 243 1652 288 voluptatis
1698 244 1772 279 tuae

164 297 292 332 notabis
311 303 379 329 eos.

150 310 163 343 1
202 345 267 378 Est
299 340 417 376 etiam
448 337 628 375 naturale
661 336 902 374 desiderium
935 336 1122 374 omnibus
1153 336 1272 374 rebus
1304 345 1516 373 commune
1546 345 1616 382 per
1658 335 1767 382 quod

154 387 496 427 conservationem
518 385 582 422 sui
603 384 844 428 desiderant,
863 383 1083 420 secundum
1104 383 1211 430 quod
1228 384 1422 430 possibile
1452 387 1528 427 est,
1547 392 1617 428 per
1649 382 1765 428 Cujus

154 433 498 472 immoderantiam
532 431 717 468 homines
750 430 878 467 timidi
910 430 1143 474 redduntur,
1176 434 1213 467 et
1244 430 1365 467 nimis
1397 439 1421 467 a
1451 429 1656 466 laboribus
1689 428 1768 466 sibi

153 484 375 528 parcentes.
398 479 509 523 Quod
530 478 690 525 quidem
712 477 951 514 desiderium
984 480 1080 513 tunc
1112 476 1277 514 omnino
1307 476 1585 522 complebitur,
1607 475 1767 522 quando

154 528 258 566 beati
291 527 502 573 perfectam
543 524 895 570 sempiternitatem
931 527 1239 570 consequentur,
1274 523 1322 560 ab
1366 527 1475 560 omni
1527 526 1773 560 nocumento

156 574 300 618 securi,
324 573 542 610 secundum
578 571 677 608 illud
711 571 818 614 lsai,
842 578 948 615 xrrx,
973 572 1029 612 10,
1051 573 1090 606 et
1118 570 1294 616 Apocal„
1313 578 1386 615 vn,
1409 573 1452 607 16
1473 581 1483 606 ε
1503 571 1584 607 Non
1615 571 1775 606 esurient

154 632 267 666 neque
286 622 409 656 sitient
430 620 600 664 amplius,
621 628 734 663 neque
752 618 855 653 cadet
870 627 978 663 super·
995 617 1075 652 illos
1095 618 1159 657 sol,
1180 626 1293 662 neque
1310 617 1406 653 ullus
1424 620 1545 653 aestus.

203 668 265 705 Sic
285 667 407 714 igitur
425 669 531 712 patet
549 665 654 712 quod
675 674 745 711 per
762 665 958 701 visionem
989 663 1162 700 divinam
1195 667 1495 710 consequuntur
1524 663 1773 700 intellectua-

159 716 223 754 les.
238 714 471 751 substantiae
488 721 620 749 veram
647 711 890 755 felicitatem,
912 711 953 747 in
982 719 1061 758 qua
1092 711 1257 747 omnino
1290 710 1528 747 desiderium
1560 710 1774 755 quietatur,

158 766 195 798 et
214 762 252 797 in
276 770 353 807 qua
373 763 434 797 est
453 759 571 806 plena
591 758 833 796 sufficientia
851 757 1028 795 omnium
1050 757 1261 798 bonorum,
1283 765 1371 804 quae
1391 756 1610 793 secundum
1631 756 1776 792 Aristo-

157 809 272 844 telem
300 807 454 853 (Etltic.,
491 814 531 850 x,
567 815 654 852 cap.
672 805 710 852 7)
731 805 780 842 ad
812 805 1040 841 felicitatem
1075 804 1305 850 requiritur.
1329 803 1436 840 Unde
1468 806 1507 839 et
1526 802 1689 839 Boetius
1711 802 1778 848 (De

160 855 304 894 consol„
328 854 353 890 l.
376 862 436 898 111,
457 862 565 899 pros.
581 852 619 899 2)
642 851 750 892 dicit,
773 852 879 898 quod
900 851 1101 888 beatitudo
1124 855 1184 888 est
1202 854 1331 888 status
1364 850 1543 887 omnium
1575 849 1775 886 bonorum

162 901 471 947 congregatione
492 900 703 946 perfectus.

210 948 332 993 Hujus
354 951 485 983 autern
505 946 655 983 ultimae
675 949 712 982 et
729 945 912 991 perfectae
929 944 1132 982 felicitatis
1163 944 1206 981 in
1239 944 1314 981 hac
1344 943 1425 980 vita
1453 942 1554 979 nihil
1587 945 1649 979 est
1679 942 1780 979 adeo

162 995 306 1034 simile,
328 995 431 1030 sicut
449 994 529 1029 vita
548 993 901 1038 contemplantium
923 992 1142 1035 veritatem,
1162 990 1381 1028 secundum
1416 989 1522 1037 quod
1554 993 1614 1027 est
1647 989 1779 1035 possi-

165 1042 240 1078 bile
257 1042 297 1077 in
318 1041 392 1077 bac
411 1040 503 1076 vita.
524 1042 567 1076 Et
587 1040 676 1077 ideo
696 1039 924 1085 philosophi
947 1039 1013 1086 qui
1047 1038 1095 1075 de
1126 1038 1197 1075 illa
1227 1038 1414 1075 felicitate
1445 1036 1585 1073 ultima
1620 1036 1779 1082 plenam

162 1088 344 1125 notitiam
364 1087 508 1123 habere
530 1096 610 1123 non
631 1090 858 1132 potuerunt,
881 1087 921 1122 in
943 1085 1278 1132 contemplatione
1298 1093 1386 1132 quae
1407 1088 1468 1121 est
1496 1082 1704 1130 possibilis
1737 1083 1780 1119 in

163 1135 238 1171 hac
269 1135 362 1176 vita,
400 1134 577 1170 ultimam
614 1133 839 1170 felic-itatem
877 1132 1054 1169 hominis
1098 1135 1320 1179 posuerunt
1353 1130 1509 1177 (Ethic.,
1540 1138 1580 1175 x,
1611 1139 1696 1175 cap.
1728 1129 1780 1175 8),

165 1183 328 1226 Propter
350 1181 425 1217 hoc
444 1181 577 1224 etiam,
598 1180 700 1216 inter
731 1180 831 1217 alias
850 1179 966 1223 vitas,
986 1179 1027 1215 in
1048 1179 1250 1225 Scriptura
1280 1178 1415 1214 divina
1446 1177 1576 1223 magis
1604 1180 1782 1213 contem·

163 1228 310 1274 plativa
325 1227 639 1271 commendatur,
661 1226 815 1263 dicente
841 1227 1024 1269 Domino,
1042 1227 1168 1270 Lucae,
1183 1234 1221 1269 x,
1242 1225 1444 1262 42tMarz'a
1457 1226 1629 1270 optimam
1640 1226 1783 1268 partem

165 1276 281 1319 eleqit,
306 1274 460 1310 scilicet
480 1273 853 1319 contemplationem
876 1273 1068 1318 veritatis,
1089 1282 1167 1318 quae
1184 1282 1257 1307 non
1276 1273 1464 1315 auferetur
1492 1271 1538 1306 ab
1566 1280 1621 1306 ea.
1643 1269 1785 1315 Incipit

165 1322 270 1358 enim
290 1320 571 1366 contemplatio
589 1320 767 1357 veritatis
796 1320 835 1356 in
867 1319 940 1356 hac
969 1320 1061 1363 vita,
1081 1319 1152 1356 sed
1185 1319 1227 1355 in
1260 1318 1393 1355 futura
1423 1317 1782 1354 consummabitur.

164 1367 298 1404 Activa
313 1376 403 1409 vero
423 1371 460 1403 et
480 1366 609 1403 civilis
631 1367 712 1403 vita
731 1366 850 1415 buJ'us
869 1367 959 1402 vitae
981 1366 1174 1402 terminos
1193 1374 1274 1401 non
1294 1364 1595 1402 transcendunt.

811 1511 979 1553 CAPUT
1007 1511 1141 1552 LXIV.

498 1630 598 1665 QUOD
625 1631 724 1660 DEUS
751 1630 825 1660 SUA
848 1630 1117 1660 PROVIDENTIA
1142 1629 1347 1661 GUBERNAT
1371 1630 1454 1658 RES.

215 1742 269 1778 Ex
286 1740 349 1777 his
370 1743 501 1792 autem
521 1749 611 1823 {³¹¹ae
629 1740 838 1786 praemissa
856 1743 962 1783 sunt,
985 1738 1231 1776 sufficienter
1260 1737 1428 1776 habetur
1460 1738 1566 1786 quod
1586 1738 1691 1775 Deus
1722 1740 1784 1774 cst

168 1796 301 1824 rerum
322 1796 499 1824 omnium
535 1796 629 1823 inis.
648 1789 702 1823 Ex
722 1795 800 1833 quo
819 1786 955 1823 baberi
976 1789 1108 1831 potest
1134 1786 1302 1823 ulterius
1334 1785 1440 1832 quod
1459 1786 1544 1830 ipse
1565 1793 1638 1822 sua
1658 1784 1789 1829 provi-

167 1834 302 1871 dentia
321 1833 527 1880 gubernat,
544 1833 605 1870 vel
626 1834 728 1880 regit
746 1833 945 1870 universa.
963 1833 1302 1879 Quandocumque
1322 1832 1428 1869 enim
1450 1832 1583 1878 aliqua
1603 1831 1791 1867 ordinan-

167 1883 232 1917 tur
267 1880 314 1916 ad
352 1880 524 1926 aliquem
556 1880 693 1923 tinem,
727 1880 862 1916 omnia
893 1879 1150 1925 dispositioni
1182 1880 1293 1916 illius
1323 1878 1545 1925 subjacent,
1581 1877 1631 1915 ad
1669 1885 1788 1924 quem

168 1926 442 1973 principaliter
474 1927 644 1972 pertinet
675 1926 744 1963 ille
772 1926 878 1970 finis,
900 1927 1003 1962 sicut
1033 1926 1074 1962 in
1105 1926 1278 1962 exercitu
1307 1929 1481 1971 apparet.
1505 1925 1652 1961 Omnes
1681 1924 1788 1961 enim

168 1977 301 2019 partes
323 1973 519 2010 exercitus
539 1976 734 2009 eteorum
754 1982 875 2019 opera
904 1973 1139 2010 ordinantur
1169 1973 1216 2010 ad
1251 1972 1401 2010 bonum
1438 1972 1566 2016 ducis,
1588 1971 1695 2019 quod
1729 1974 1792 2008 est

169 2020 349 2064 victoria,
380 2020 484 2056 sicut
514 2020 555 2056 in
585 2019 770 2056 ultimum
808 2019 940 2060 finem,
979 2024 1016 2056 et
1047 2023 1206 2065 propter
1240 2020 1316 2057 hoc
1348 2019 1396 2056 ad
1430 2019 1570 2056 ducem
1615 2018 1789 2063 pertinet

169 2070 295 2104 totum
319 2067 531 2103 exercitum
554 2066 790 2113 gubernare.
813 2067 1003 2103 Similiter
1023 2075 1087 2104 ars
1108 2075 1196 2113 quae
1214 2070 1274 2104 est
1294 2066 1341 2108 de
1362 2065 1439 2102 fine
1469 2066 1637 2112 imperat
1663 2068 1701 2101 et
1721 2064 1789 2101 dat

170 2114 280 2160 leges
303 2114 374 2150 arti
396 2123 482 2159 quae
500 2117 562 2150 est
582 2113 629 2150 de
650 2113 713 2150 his
732 2123 818 2160 quae
839 2117 933 2150 sunt
954 2113 1002 2150 ad
1024 2113 1156 2159 finem,
1178 2117 1221 2150 ut
1241 2113 1370 2151 civilis
1389 2113 1565 2153 militari,
1587 2115 1624 2148 et
1642 2111 1790 2149 milita-

170 2161 226 2198 ris
244 2162 440 2212 equestri,
454 2163 493 2197 et
511 2169 577 2197 ars
594 2160 877 2206 gubernatoria
898 2160 1156 2198 navifactivae.
1180 2161 1275 2197 Cum
1296 2160 1419 2207 igitur
1436 2160 1572 2197 omnia
1604 2158 1791 2196 ordinen-

168 2210 234 2244 tur
269 2208 315 2243 ad
348 2207 564 2244 bonitatem
600 2207 775 2244 divinam
807 2208 910 2244 sicut
943 2207 983 2243 in
1016 2206 1212 2251 finem‚ut
1242 2211 1450 2244 ostensum
1483 2210 1544 2243 est
1564 2206 1663 2252 (cap.
1689 2208 1730 2243 17
1753 2209 1793 2242 et

173 2254 245 2300 18),
265 2258 423 2306 oportet
440 2254 543 2300 quod
568 2255 671 2306 Deus
691 2255 739 2291 ad
760 2264 877 2301 quem
897 2254 1169 2300 principaliter
1197 2254 1269 2291 illa
1293 2254 1452 2292 bonitas
1482 2254 1666 2300 pertinet,
1685 2252 1790 2290 sicut

171 2301 488 2338 substantialiter
524 2301 659 2337 habita
696 2305 734 2338 et
770 2302 972 2338 intellecta
1005 2305 1043 2337 et
1074 2304 1219 2346 amata,
1252 2301 1307 2338 sit
1334 2301 1577 2348 gubernator
1608 2299 1786 2336 omniurn

169 2357 314 2384 rerum.

219 2395 364 2438 Adhuc,
388 2395 630 2441 quicumque
649 2395 744 2432 facit
774 2395 925 2442 aliquid
954 2399 1114 2442 propter
1143 2395 1278 2440 finem,
1310 2395 1435 2432 utitur
1466 2394 1538 2431 illo
1571 2394 1619 2431 ad
1651 2393 1785 2430 finem.

171 2442 382 2478 ostensum
404 2447 464 2478 est
484 2446 615 2478 autem
634 2451 755 2488 supra
772 2441 854 2488 (lib.
874 2451 917 2486 11,
939 2452 1024 2488 cap.
1049 2442 1106 2488 15)
1145 2443 1251 2489 quod
1269 2442 1406 2479 omnia
1424 2450 1512 2489 quae
1530 2441 1677 2478 babent
1702 2447 1792 2476 esse

170 2496 419 2540 quocumque
440 2488 573 2533 modo,
594 2492 689 2526 sunt
708 2488 873 2526 effectus
891 2489 973 2534 Dei,
994 2492 1033 2526 et
1052 2489 1135 2535 (lib.
1156 2498 1214 2533 111,
1229 2498 1314 2536 cap.
1336 2489 1408 2535 17),
1424 2488 1530 2535 quod
1542 2489 1645 2524 Deus
1657 2486 1793 2523 omnia

170 2534 264 2586 facit
284 2538 443 2581 propter
461 2534 595 2581 finem,
617 2535 685 2583 qui
705 2539 765 2574 est
784 2535 883 2581 ipse.
907 2538 994 2582 lpse
1014 2536 1136 2583 igitur
1151 2537 1276 2573 utitur
1294 2536 1482 2573 omnibus
1502 2532 1708 2580 dirigendo
1745 2541 1793 2570 ea

170 2589 212 2631 ln
230 2580 362 2618 finem.
385 2583 465 2619 Hoc
485 2586 615 2619 autem
637 2585 697 2619 est
732 2582 967 2629 gubernare.
991 2585 1058 2620 Est
1075 2583 1198 2631 igitur
1215 2584 1320 2620 Deus
1339 2591 1409 2629 per
1438 2590 1551 2619 suam
1583 2579 1792 2626 providen-

171 2628 265 2662 tiam
286 2629 463 2666 omnium
484 2629 740 2676 gubernator.

217 2673 399 2719 Amplius,
421 2679 627 2714 ostensum
649 2680 709 2713 est
729 2675 813 2723 (lib.
833 2684 876 2720 11,
904 2686 989 2723 cap.
1012 2676 1068 2722 13)
1096 2676 1201 2724 quod
1221 2678 1326 2713 Deus
1346 2679 1408 2713 est
1432 2674 1603 2721 primum
1625 2681 1792 2712 movens

171 2726 252 2755 non
273 2724 436 2771 motum.
460 2723 633 2760 Primum
673 2726 804 2760 autem
823 2732 989 2761 movens
1022 2732 1103 2760 non
1131 2724 1265 2760 minus
1284 2724 1425 2776 smovet
1459 2728 1576 2766 quam
1617 2720 1794 2758 secunda

170 2770 383 2810 moventia,
405 2768 473 2803 sed
494 2770 639 2815 magis,
659 2770 753 2817 quia
772 2770 859 2808 sine
881 2779 928 2807 eo
948 2779 1030 2808 non
1052 2773 1213 2807 movent
1242 2769 1333 2807 alia.
1365 2768 1506 2805 Omnia
1538 2770 1667 2804 autem
1705 2776 1795 2814 quae

171 2816 391 2864 mov-entur,
414 2820 621 2852 moventur
638 2820 798 2862 propter
816 2816 950 2862 finem,
972 2821 1014 2854 ut
1035 2825 1157 2863 supra
1176 2816 1276 2863 (cap.
1295 2817 1334 2862 2)
1354 2818 1560 2852 ostensum
1600 2816 1672 2851 est.
1704 2815 1790 2853 Mo·

171 2862 234 2895 vet
255 2862 376 2906 igitur
395 2861 499 2898 Deus
529 2862 663 2899 omnia
682 2864 731 2900 ad
762 2862 863 2901 fines
891 2872 1002 2909 suos,
1020 2866 1058 2900 et
1091 2872 1161 2910 per
1192 2861 1449 2900 intellectum.
1484 2861 1697 2899 ostensum
1733 2864 1796 2900 est
