1894 3223
682 80 768 116 ΗΒ.
799 81 862 123 ΙΙΙ,
891 80 990 117 CAP.
1019 81 1153 118 XXVII.
1658 88 1727 123 293

103 160 211 198 Unde
226 160 496 206 Philosophus
514 159 609 197 dicit
627 161 782 206 (Ethic.,
800 170 839 205 x,
855 172 889 199 c.
911 161 947 208 4)
964 162 1070 208 quod
1102 162 1310 201 delectatio
1341 164 1493 211 perlicit
1524 166 1723 211 operatio-

102 216 207 252 nem,
243 208 347 245 sicut
377 207 497 245 decor
520 207 794 254 juventutem;
828 209 895 255 qui
928 210 1088 255 quidem
1118 215 1178 248 est
1209 215 1368 258 propter
1398 222 1487 249 eum
1525 214 1587 250 cui
1620 214 1724 252 inest

98 254 301 302 juventus,
322 257 360 291 et
380 263 460 292 non
482 264 503 291 e
524 263 732 292 converso.

148 303 281 348 Neque
299 304 429 339 autem
451 301 556 349 quod
575 301 877 339 delectationem
900 311 980 340 non
1014 307 1172 350 propter
1200 305 1307 342 aliud
1341 305 1479 343 volunt
1515 306 1717 353 homines,

101 348 171 386 sed
192 352 351 395 propter
370 349 559 395 seipsam,
580 351 641 386 est
662 348 868 386 sufficiens
899 350 1058 395 signum
1094 351 1199 398 quod
1232 352 1440 390 delectatio
1474 353 1526 390 sit
1548 355 1719 393 ‘ultimus

101 394 207 439 finis,
225 395 330 432 sicut
348 396 462 432 tertia
482 395 582 432 ratio
603 396 877 433 concludebat.
900 399 995 434 Nam
1017 398 1240 443 delectatio,
1262 400 1335 436 etsi
1371 409 1449 436 non
1483 400 1533 437 sit
1555 402 1720 440 ultimus

101 441 207 487 finis,
230 446 441 480 esttamen
462 442 644 480 ultimum
663 442 781 480 finem
801 445 1091 490 concomitans,
1111 455 1232 492 quum
1249 456 1296 482 ex
1316 447 1526 492 adeptione
1546 447 1638 486 finis
1654 449 1722 486 de-

100 489 260 527 lectatio
282 493 513 537 consurgat.

147 538 231 574 Non
261 540 391 574 autem
423 537 557 583 plures
591 540 771 584 quaerunt
812 537 1113 577 delectationem
1154 549 1240 586 quae
1270 544 1331 577 est
1364 540 1404 576 in
1436 543 1722 589 cognoscendo

100 592 218 631 quam
240 584 509 630 cognitionem
529 597 537 629 ;
560 585 628 621 scd
651 586 783 630 plures
801 590 894 622 sunt
915 586 981 632 qui
1000 591 1179 633 quaerunt
1201 587 1486 625 delectationes
1502 591 1719 629 sensibiles

100 639 218 678 quam
252 631 522 678 cognitionem
558 632 783 669 intellectus
816 636 854 675 ea
885 632 1186 670 delectationem
1219 634 1347 680 ipsam
1381 633 1720 683 consequeiiten13

100 678 193 724 quia
216 687 262 714 ea
279 687 367 725 quae
387 679 561 716 exterius
581 683 673 716 sunt
696 679 823 725 magis
846 684 939 716 nota
966 680 1147 727 pluribus
1176 681 1366 726 existunt,
1386 691 1433 718 eo
1458 684 1562 730 quod
1587 694 1609 720 a
1631 693 1719 722 sen-

101 725 288 762 sibilibus
304 725 444 772 incipit
464 726 638 763 humana
661 727 852 772 cognitio.
1378 775 1384 780 ⁸

148 772 258 817 Quod
279 776 409 809 autem
432 774 570 819 quinta
591 773 690 810 ratio
710 774 910 819 proponit,
932 773 1175 812 voluntatem
1208 783 1297 812 esse
1318 774 1498 813 altiorem
1519 777 1724 817 intellectu

101 819 216 865 quasi
238 819 324 866 ejus
346 820 549 864 motivam,
573 820 717 857 falsum
750 829 839 858 esse
860 820 1117 858 manifestum
1144 824 1217 858 est.
1240 824 1335 859 Nam
1358 823 1484 868 primo
1516 828 1554 860 et
1586 834 1656 870 per
1678 834 1723 863 se

100 866 328 904 intellectus
357 871 489 904 movet
521 867 778 904 voluntatem.
809 868 998 905 Voluntas
1031 868 1150 912 enim,
1181 869 1220 905 in
1250 873 1441 916 quantuni
1476 871 1722 918 hujusmodi,

99 916 281 951 movetur
304 923 327 951 a
346 922 421 951 suo
442 913 610 960 obJecto,
631 914 736 960 quod
759 918 818 951 est
838 914 987 951 bonum
1011 916 1303 961 apprehensum
1323 927 1333 961 ;
1368 917 1553 955 voluntas
1590 923 1724 957 autem

100 963 230 997 movet
260 960 503 998 intellectum
531 962 646 1007 quasi
684 970 754 1006 per
785 961 985 1006 accidens,
1018 962 1058 998 in
1092 967 1283 1009 quantum
1314 963 1468 1000 scilicet
1500 965 1723 1013 intelligere

99 1007 229 1052 ipsum
249 1007 557 1053 apprehenditur
584 1011 626 1044 ut
654 1007 802 1044 bonum
834 1011 872 1044 et
900 1008 958 1045 sic
987 1008 1234 1046 desideratur
1255 1019 1279 1047 a
1310 1010 1538 1055 voluntate;
1561 1022 1608 1048 ex
1643 1022 1722 1059 quo

99 1054 279 1100 sequitur
296 1054 401 1101 quod
425 1054 651 1091 intellectus
681 1058 769 1091 actu
791 1054 990 1101 intelligit,
1013 1059 1050 1092 et
1078 1056 1118 1092 in
1144 1056 1218 1093 hoc
1239 1056 1329 1102 ipso
1358 1057 1601 1095 voluntatem
1623 1069 1721 1105 prae-

98 1101 230 1145 cedit;
252 1110 456 1148 nunquam
475 1101 580 1138 enim
602 1101 786 1138 voluntas
802 1101 1044 1139 desideraret
1061 1102 1297 1150 intelligere,
1312 1103 1390 1141 nisi
1412 1105 1524 1150 prius
1542 1105 1721 1143 intellec-

97 1149 162 1185 tus
183 1147 313 1193 ipsum
335 1148 557 1194 intelligere
579 1148 891 1194 apprehenderet
911 1152 952 1186 ut
971 1149 1134 1186 bonum.
1155 1152 1198 1186 Et
1219 1151 1362 1187 iterum
1382 1152 1569 1188 voluntas
1591 1157 1720 1190 movet

98 1194 344 1232 intellectum
366 1195 414 1232 ad
436 1196 679 1241 operandum
703 1195 744 1231 in
762 1199 850 1232 actu
872 1205 941 1241 per
962 1197 1124 1233 modum
1143 1206 1221 1243 quo
1235 1207 1359 1245 agens
1375 1207 1532 1236 movere
1550 1199 1720 1245 dicitur;

96 1241 322 1279 intellectus
343 1245 472 1279 autem
494 1243 752 1287 voluntatem,
774 1252 843 1289 per
859 1243 1022 1280 modum
1041 1253 1121 1290 quo
1150 1243 1242 1281 finis
1278 1249 1422 1290 movet,
1445 1254 1537 1283 nam
1571 1246 1720 1284 bonum

96 1288 341 1326 intellectum
357 1293 417 1327 est
437 1288 529 1326 finis
549 1290 793 1335 voluntatis3
815 1299 940 1336 agens
969 1294 1100 1328 autem
1133 1295 1194 1329 est
1222 1292 1420 1337 posterior
1450 1293 1491 1329 in
1522 1294 1719 1331 movendo

98 1345 214 1382 quam
234 1335 342 1382 finis,
361 1345 456 1374 nam
476 1346 601 1384 agens
621 1344 701 1374 non
724 1340 855 1374 movet
873 1337 949 1375 nisi
967 1341 1125 1384 propter
1141 1338 1259 1375 finem
1278 1351 1286 1383 ;
1303 1339 1408 1377 unde
1429 1345 1589 1386 apparet
1611 1341 1723 1378 intel-

97 1381 242 1419 lectum
267 1383 501 1430 simpliciter
528 1392 617 1421 esse
648 1383 829 1421 altiorem
861 1384 1078 1430 voluntate,
1109 1386 1355 1423 voluntatem
1385 1396 1479 1424 vero
1515 1387 1721 1426 intellectu

98 1438 167 1475 per
187 1429 372 1468 accidens
393 1433 430 1467 et
451 1430 671 1468 secundum
690 1430 799 1477 quid.
821 1430 912 1477 (1-11,
933 1441 970 1478 q.
990 1440 1048 1477 111,
1071 1435 1142 1469 art.
1162 1433 1227 1479 4.).

703 1605 713 1614 .
734 1577 904 1619 CAPUT
936 1578 1099 1621 XXVII.

122 1696 222 1731 QUOD
242 1685 439 1726 F'ELIGITAS
458 1696 627 1728 HUMANA
645 1697 722 1728 NON
741 1696 940 1728 CONSISTIT
958 1697 1000 1727 IN
1015 1697 1370 1730 DELECTATIONIBUS
1393 1700 1695 1733 CORPORALIBUS.

141 1807 194 1844 Ex
215 1805 434 1852 praemissis
455 1809 586 1843 autem
607 1805 885 1853 apparetquod
905 1805 1156 1858 impossibile
1173 1811 1233 1846 est
1252 1808 1479 1847 felicitatem
1497 1810 1715 1850 humanam

93 1853 315 1906 consistere
332 1852 374 1890 in
391 1852 722 1892 delectationibus
737 1853 1027 1900 corporalibus,
1044 1863 1208 1901 quarum
1226 1856 1434 1903 praecipuae
1451 1859 1599 1896 suntin
1615 1860 1717 1898 cibis

95 1903 132 1937 et
152 1909 348 1938 venereJS.

141 1947 356 1984 ostensum
376 1950 438 1985 est
456 1947 563 1985 enim
585 1947 635 1994 (c.
656 1947 720 1995 26)
738 1947 858 1995 quod,
880 1946 1101 1986 secundum
1123 1952 1274 2002 naturae
1289 1950 1484 1996 ordinem,
1504 1952 1714 1992 delectatio

94 1997 155 2032 est
173 1997 333 2040 propter
352 1994 639 2040 operationem,
661 1998 698 2032 et
718 2004 799 2032 non
827 2005 847 2032 e
877 2002 1085 2032 converso.
1120 1997 1158 2035 Si
1192 2001 1315 2044 igitur
1345 1999 1598 2044 operationes
1634 2010 1716 2038 non

93 2040 242 2078 fuerint
261 2040 426 2078 ultimus
446 2040 553 2086 finis,
575 2041 860 2080 delectationes
882 2047 1175 2088 consequentes
1201 2053 1269 2082 eas
1286 2053 1415 2092 neque
1435 2050 1530 2083 sunt
1549 2047 1716 2085 ultimus

92 2086 185 2124 finis
204 2095 332 2134 neque
351 2089 666 2125 concomitantes
699 2089 884 2126 ultimum
917 2088 1050 2125 finem.
1085 2091 1247 2129 Constat
1272 2095 1403 2129 autem
1437 2093 1542 2140 quod
1577 2103 1716 2139 opera-

92 2134 226 2171 tiones
245 2142 346 2180 quas
363 2138 664 2182 consequuntur
676 2136 872 2182 praedictae
888 2135 1172 2187 delectationes
1193 2147 1274 2175 non
1295 2143 1390 2176 sunt
1410 2139 1575 2178 ultimus
1594 2141 1686 2179 finis
1704 2154 1714 2187 ;

92 2181 328 2218 ordinantur
347 2184 478 2218 autem
498 2181 547 2219 ad
574 2182 731 2230 aliquos
751 2182 853 2220 fines
871 2181 1119 2226 manifestos,
1143 2185 1248 2223 sicut
1267 2186 1461 2224 comestio
1481 2187 1530 2225 ad
1551 2197 1714 2226 conser-

90 2231 292 2264 vationem
310 2228 505 2274 corporis,
526 2228 656 2266 coitus
686 2232 816 2266 autem
837 2230 885 2267 ad
917 2232 1219 2277 generationem
1251 2233 1391 2279 prolis.
1425 2233 1716 2273 Delectationes

90 2273 214 2321 igitur
228 2275 445 2321 praemissae
462 2283 544 2313 non
564 2279 659 2313 sunt
690 2276 858 2314 ultimus
877 2276 970 2315 finis
991 2284 1120 2325 neque
1142 2279 1326 2317 ultimum
1357 2279 1475 2317 finem
1509 2281 1716 2320 concomi-

90 2323 236 2358 tantes.
257 2322 342 2358 Non
361 2324 422 2359 est
440 2321 562 2368 igitur
579 2323 621 2360 in
640 2323 704 2361 his
719 2324 905 2370 ponenda
925 2322 1109 2364 felicitas.

136 2367 283 2413 Adhuc,
303 2367 489 2406 voluntas
509 2372 569 2407 est
588 2370 771 2417 superior
798 2380 918 2417 quam
947 2372 1148 2418 appetitus
1177 2373 1421 2417 sensitivus;
1455 2380 1586 2411 movet
1606 2375 1714 2414 enim

89 2413 238 2462 ipsum,
257 2414 362 2452 sicut
379 2415 564 2462 superius
586 2416 634 2463 (c.
660 2416 720 2464 25)
739 2416 888 2455 dictum
918 2422 991 2455 est.
1045 2428 1068 2456 n
1103 2422 1193 2457 actu
1227 2423 1358 2457 autem
1387 2420 1605 2458 voluntatis
1632 2430 1714 2459 non

89 2460 277 2499 consistit
296 2461 481 2507 felicitas,
502 2462 606 2501 sicut
620 2462 702 2510 jam
723 2472 844 2510 supra
863 2464 913 2510 (c.
933 2465 994 2512 26)
1017 2469 1225 2505 ostensum
1258 2469 1332 2504 est.
1354 2466 1475 2504 Multo
1496 2466 1619 2514 igitur
1638 2469 1714 2507 mi-

89 2515 168 2546 nus
185 2508 228 2545 in
247 2508 579 2548 delectationibus
595 2510 808 2556 praedictiS‚
830 2520 918 2559 quae
937 2517 1033 2551 sunt
1051 2513 1093 2550 in
1114 2512 1289 2559 appetitu
1307 2513 1517 2551 sensitivo.

135 2555 320 2602 Amplius,
339 2555 510 2594 felicitas
558 2556 728 2595 uoddam
751 2560 812 2594 est
828 2557 978 2596 bonum
1000 2559 1178 2598 hominis
1217 2560 1420 2606 proprium
1444 2572 1454 2605 ;
1484 2569 1567 2598 non
1605 2562 1712 2601 enim

88 2598 206 2639 bruta
230 2605 403 2648 possunt
430 2602 508 2641 dici
557 2603 674 2641 elicia
707 2603 786 2641 nisi
816 2604 994 2645 abusive.
1016 2606 1309 2645 Delectationes
1346 2610 1477 2645 autem
1493 2609 1713 2654 praemissae.

92 2651 187 2685 sunt
215 2657 451 2688 communes
482 2649 715 2688 hominibus
734 2650 926 2689 etbrutis.
947 2654 1036 2692 Non
1066 2656 1127 2691 est
1146 2653 1267 2700 igitur
1282 2654 1325 2692 in
1347 2654 1407 2692 eis
1425 2655 1611 2701 ponenda
1630 2656 1714 2694 feli-

14 2714 26 2719 =
90 2694 204 2732 citas.

135 2741 236 2787 Item,
263 2741 428 2781 ultimus
465 2742 558 2782 finis
593 2747 654 2782 est
690 2744 988 2785 nobilissimum
1020 2756 1158 2786 eorum
1188 2755 1276 2795 quae
1308 2747 1357 2785 ad
1385 2757 1467 2785 rem
1486 2749 1711 2795 pertinent;

91 2784 209 2840 hahet
227 2789 331 2826 enim
349 2791 543 2828 rationem
564 2791 716 2838 optimi.
739 2793 805 2830 Hae
824 2796 955 2831 autem
973 2794 1258 2832 delectationes
1276 2803 1358 2832 non
1381 2797 1622 2833 conveniunt
1643 2796 1712 2833 ho-

92 2839 192 2872 mini
223 2836 442 2875 secundum
474 2838 515 2876 id
545 2838 652 2886 quod
680 2841 742 2876 est
771 2839 1071 2880 nobilissimum
1090 2841 1133 2880 in
1153 2842 1257 2890 ips0,
1278 2841 1383 2890 quod
1402 2845 1463 2880 est
1481 2842 1710 2881 intellectus
