1894 3223
197 159 269 195 210
777 152 865 186 ιιι).
893 152 940 193 11,
969 151 1069 186 CAP.
1095 150 1259 187 Lxxvn.
1487 183 1491 187 .
1847 0 1894 203 l

200 240 306 274 mata
326 235 374 272 ad
393 234 469 270 hoc
493 231 599 279 quod
618 231 716 268 fiant
746 231 1001 278 intelligililia
1016 230 1113 268 'actu
1149 235 1187 269 et
1206 231 1406 268 moventia
1425 230 1671 269 intellectum
1689 233 1821 279 possi·
1881 206 1894 248 ἓ

199 283 335 325 bilem,
358 280 601 316 conveniens
622 287 704 316 non
734 278 902 323 videtur,
939 279 973 315 si
994 279 1219 315 intellectus
1252 287 1375 324 agens
1406 281 1577 323 ponatur
1597 279 1822 318 substantia

201 330 408 373 separata;
436 327 512 363 hoc
536 326 641 362 enim
660 325 816 362 videtur
835 334 924 362 esse
944 326 1148 362 conforme
1179 325 1372 371 positioni
1396 325 1614 362 dicentium
1635 327 1740 373 quod
1761 327 1821 363 in·
1887 332 1894 349 .-

200 375 347 412 feriora
371 372 530 419 agentia
547 376 638 410 sunt
665 372 795 409 solum
818 372 1072 418 disponentia
1095 372 1144 410 ad
1161 373 1340 409 ultimam
1361 372 1659 418 perfectionem,
1681 373 1823 410 ultima

200 424 332 459 autem
352 419 542 466 perfectio
562 423 622 457 est
642 419 691 456 ab
720 422 860 466 agente
890 423 1071 465 separato
1088 431 1097 464 ;
1119 419 1223 466 quod
1244 423 1304 456 est
1324 422 1462 455 contra
1482 420 1719 456 sententiam
1738 420 1822 457 Ari-

201 467 357 506 stotelis
373 467 689 513 (Metaphys.‚v11,
711 469 804 503 text.
827 475 970 504 comm.
990 467 1074 512 28);
1094 475 1174 503 non
1193 466 1299 503 enim
1318 466 1473 502 videtur
1489 466 1759 512 imperfectius
1779 475 1824 504 se

199 514 345 552 habere
365 514 499 551 anima
519 513 694 550 humana
713 513 762 550 ad
782 513 1082 560 intelligendum
1109 522 1228 561 quam
1254 513 1466 550 inferiores
1487 517 1638 550 naturae
1665 513 1715 550 ad
1734 522 1827 560 pro·

228 561 308 599 rias
330 570 352 598 o
384 561 596 598 erationes.

198 571 223 609 p
246 571 431 653 Ampllgus,
454 606 620 644 effectus
649 605 868 643 nobiliores
886 606 927 642 in
959 606 1050 643 istis
1070 606 1328 644 inferioribus
1354 606 1627 653 producuntur
1648 615 1729 644 non
1751 615 1818 644 so-

200 654 283 692 lum
305 655 352 692 ab
375 654 586 701 agentibus
607 653 895 699 superioribus,
917 653 987 690 sed
1007 653 1214 699 requirunt
1235 654 1394 700 agentia
1412 654 1475 691 sui
1491 654 1675 700 generis;
1697 654 1828 691 homi·

200 710 291 738 nem
325 702 431 738 enim
464 704 627 748 generat
664 700 784 738 solet
815 700 957 745 homo,
977 700 1160 737 similiter
1177 700 1360 738 videmus
1379 701 1421 737 in
1455 701 1546 738 aliis
1578 701 1823 739 animalibus

199 749 386 794 perfectis
407 748 513 795 quod
534 747 714 795 quaedam
739 747 934 794 ignobilia
952 747 1141 784 animalia
1161 756 1209 783 ex
1229 747 1330 784 solis
1346 750 1500 784 tantum
1521 748 1680 785 actione
1701 757 1822 793 gene·

200 799 339 832 rantur
371 795 522 841 absque
551 795 748 841 principio
776 794 904 831 activo
933 794 995 831 sui
1027 794 1209 841 generis;
1230 793 1335 831 sicut
1365 797 1472 840 patet
1507 794 1549 831 in
1578 794 1821 833 animalibus

201 843 403 889 generatis
435 852 483 878 ex
512 842 814 888 putrefactione.
836 841 1062 887 Intelligere
1094 844 1225 877 autem
1255 844 1314 877 est
1342 840 1624 878 nobilissimus
1655 840 1821 879 effectus

201 889 269 935 qui
291 893 351 926 est
374 889 413 926 in
448 889 539 926 istis
559 888 832 925 inferioribus.
854 890 941 925 Non
962 889 1084 934 igitur
1109 887 1257 925 sufficit
1275 897 1437 934 ponere,
1457 888 1506 925 ad
1527 888 1675 935 ipsum,
1696 897 1821 935 agens

201 939 413 980 remotum,
436 936 514 972 nisi
546 935 664 972 etiam
689 939 859 981 ponatur
882 945 1006 982 agens
1042 936 1282 981 proximum.
1301 937 1389 972 Haec
1410 939 1541 972 autem
1563 935 1664 972 ratio
1685 939 1826 973 contra

202 983 442 1067 Agicennam
466 991 562 1035 ‘non
583 983 786 1029 procedit3
815 991 906 1019 nam
928 983 1013 1028 ipse
1035 983 1148 1028 ponit
1177 991 1295 1019 omne
1318 982 1465 1019 animal
1499 991 1620 1030 posse
1641 983 1824 1030 generari

203 1038 225 1067 a
256 1039 273 1066 s
307 1040 353 1066 ue
377 1039 542 1067 semine.

249 1040 394 1121 Αίιῖἰὴαο,
417 1077 587 1113 intentio
612 1075 778 1113 effectus
804 1075 1050 1113 demonstrat
1071 1079 1277 1122 agentem;
1301 1076 1406 1113 unde
1427 1076 1617 1114 animalia
1636 1079 1825 1124 generata

204 1132 251 1160 ex
272 1124 560 1169 putrefactione
581 1132 662 1160 non
681 1126 775 1160 sunt
797 1132 843 1159 ex
863 1123 1083 1159 intentione
1104 1126 1254 1160 naturae
1274 1123 1491 1168 inferioris,
1513 1123 1580 1161 sed
1603 1124 1824 1170 superioris

202 1173 371 1214 tantum,
407 1171 500 1217 quia
529 1170 802 1216 producuntur
831 1169 878 1206 ah
911 1173 1052 1215 agente
1086 1170 1281 1215 superiori
1323 1174 1503 1215 tantum3
1524 1174 1685 1217 propter
1716 1170 1824 1218 quod

202 1217 436 1254 Aristoteles
467 1217 701 1263 metaphys„
719 1226 791 1260 vn,
812 1220 905 1253 text.
920 1225 1064 1253 comm.
1084 1218 1144 1263 30)
1178 1216 1274 1253 dicit
1302 1226 1349 1254 ea
1373 1217 1458 1255 fieri
1492 1226 1612 1263 casu3
1635 1217 1825 1255 animalia

204 1268 336 1301 autem
358 1273 445 1312 quae
465 1263 567 1301 fiunt
586 1274 634 1301 ex
654 1264 820 1309 semine,
843 1267 936 1300 sunt
965 1273 1013 1300 ex
1051 1263 1271 1300 intentione
1292 1267 1443 1301 naturae
1463 1265 1683 1310 superioris
1704 1268 1741 1302 et
1761 1265 1824 1302 in-

204 1310 379 1349 ferioris.
420 1311 488 1347 Hic
527 1314 659 1348 autem
686 1311 850 1347 effectus
883 1310 950 1357 qui
980 1313 1040 1348 est
1073 1310 1301 1347 abstrahere
1331 1311 1479 1348 formas
1523 1312 1771 1349 universales
1801 1321 1825 1350 a

203 1358 564 1403 phantasmatibus,
588 1362 648 1395 est
665 1357 706 1394 in
726 1357 946 1394 intentione
966 1361 1117 1402 nostra,
1134 1366 1215 1394 non
1230 1358 1361 1394 solum
1377 1358 1417 1394 in
1431 1359 1652 1396 intentione
1667 1358 1824 1406 agentis

204 1406 360 1442 remoti.
383 1405 507 1451 Igitur
528 1408 681 1450 oportet
700 1404 742 1441 in
762 1404 879 1441 nobis
894 1413 1040 1449 ponere
1054 1404 1214 1451 aliquod
1235 1405 1459 1450 proximum
1472 1405 1711 1451 principium
1730 1405 1822 1443 talis

205 1450 384 1489 eftectus.
407 1453 486 1488 Hoc
507 1455 640 1489 autem
662 1455 722 1489 est
740 1451 965 1488 intellectus
986 1460 1124 1498 agens.
1143 1453 1230 1488 Non
1251 1455 1312 1489 est
1331 1452 1454 1499 igitur
1465 1452 1689 1489 substantia
1707 1461 1823 1499 sepa-

204 1502 304 1541 rata,
325 1498 395 1536 sed
416 1498 549 1545 aliqua
567 1499 693 1535 virtus
713 1498 855 1535 animae
876 1501 1037 1535 nostrae.

251 1546 353 1587 Item,
378 1546 418 1582 in
440 1549 580 1582 natura
601 1545 815 1591 cujuslibet
834 1546 1030 1582 moventis
1051 1548 1112 1582 est
1128 1545 1367 1591 principium
1389 1545 1595 1583 sufficiens
1611 1546 1660 1583 ad
1677 1555 1817 1592 opera-

203 1591 355 1629 tionem
377 1593 597 1630 naturalem
625 1592 823 1639 ejusdem;
844 1592 878 1630 si
900 1592 1059 1639 quidem
1080 1593 1257 1638 operatio
1290 1592 1359 1629 illa
1376 1593 1571 1630 consistat
1590 1593 1631 1630 in
1652 1593 1823 1638 actione,

205 1639 319 1676 adest
336 1639 371 1676 ei
392 1640 634 1685 principium
660 1640 845 1684 activum,
862 1639 965 1677 sicut
986 1643 1092 1685 patet
1111 1639 1158 1676 de
1186 1640 1377 1685 potentiis
1397 1640 1539 1677 animae
1560 1640 1758 1677 nutritivae
1778 1640 1822 1677 in

203 1686 372 1732 plantis;
393 1687 426 1723 si
448 1696 540 1723 vero
561 1687 738 1733 operatio
759 1687 829 1723 illa
857 1687 1053 1724 consistat
1083 1686 1125 1723 in
1152 1687 1354 1732 passione,
1377 1687 1490 1724 adest
1519 1687 1553 1724 ei
1584 1687 1824 1733 principium

203 1734 423 1779 passivum,
441 1734 544 1770 sicut
571 1738 677 1780 patet
702 1735 749 1771 de
768 1734 957 1780 potentiis
981 1734 1185 1770 sensitivis
1205 1734 1247 1770 in
1268 1734 1523 1771 animalibus.
1546 1736 1670 1771 Homo
1692 1738 1824 1771 autem

206 1784 266 1816 est
283 1780 600 1826 perfectissimus
622 1781 725 1818 intcr
744 1781 881 1818 omnia
899 1781 1088 1818 inferiora
1105 1781 1324 1825 moventia;
1344 1781 1430 1828 ejus
1453 1785 1582 1818 autem
1605 1781 1767 1828 propria
1787 1785 1826 1818 et

205 1828 401 1864 naturalis
422 1828 599 1873 operatio
615 1831 674 1865 est
701 1828 937 1874 intelligere,
960 1837 1048 1874 quae
1070 1836 1151 1864 non
1173 1828 1394 1873 completur
1414 1828 1501 1866 sine
1520 1829 1707 1874 passione
1728 1838 1825 1874 qua-

207 1872 311 1918 dam,
333 1874 373 1910 in
408 1879 599 1919 quantum
631 1874 798 1921 quilibet
816 1874 1043 1911 intellectus
1063 1875 1210 1919 patitur
1239 1875 1286 1911 ab
1314 1875 1572 1922 intelligibili,
1595 1884 1668 1912 nec
1704 1875 1823 1911 etiam

205 1920 294 1957 sine
314 1921 484 1965 actione,
508 1922 549 1958 in
570 1925 761 1968 quantum
800 1921 1026 1958 intellectus
1048 1921 1141 1958 facit
1177 1921 1446 1968 intelligibilia
1464 1922 1506 1959 in
1538 1921 1715 1968 potentia
1735 1931 1826 1959 esse

204 1966 476 2014 intelligibilia
507 1968 548 2004 in
580 1972 683 2005 actu.
707 1970 867 2014 Oportet
899 1968 1022 2014 igitur
1057 1968 1098 2004 in
1119 1971 1261 2005 natura
1294 1968 1470 2006 hominis
1505 1978 1594 2006 esse
1615 1969 1825 2016 utriusque

206 2015 410 2060 proprium
442 2014 709 2060 principium,
746 2015 897 2052 scilicet
932 2014 1178 2051 intellectum
1211 2019 1393 2061 agentem
1430 2019 1468 2053 et
1498 2016 1747 2062 possibilem,
1788 2019 1826 2053 et

206 2065 408 2102 neutrum,
432 2062 650 2099 secundum
674 2070 777 2106 esse,
801 2062 849 2099 ab
867 2062 1001 2098 anima
1020 2062 1197 2099 hominis
1214 2066 1439 2108 separatum
1459 2072 1563 2100 esse.

252 2109 396 2149 Adhuc,
420 2108 453 2144 si
473 2109 697 2146 intellectus
718 2118 843 2155 agens
871 2113 931 2145 est
959 2109 1138 2156 quaedam
1164 2109 1389 2146 substantia
1417 2113 1614 2156 separata,
1635 2109 1826 2147 manifes-

205 2157 290 2191 tum
312 2159 371 2192 est
403 2155 509 2201 quod
531 2160 591 2192 est
624 2165 744 2202 supra
776 2160 957 2193 naturam
979 2156 1170 2193 hominis.
1193 2157 1376 2202 Operatio
1406 2161 1537 2194 autem
1558 2165 1678 2204 quam
1703 2157 1825 2194 homo

207 2206 363 2238 exercet
383 2202 469 2239 sola
493 2203 634 2239 virtute
667 2203 838 2250 aliquus
868 2203 1183 2249 supernaturalis
1204 2203 1452 2249 substantiae,
1471 2207 1530 2241 est
1563 2204 1740 2250 operatio
1761 2213 1825 2241 su-

206 2249 486 2294 pernaturalis,
510 2254 552 2286 ut
579 2250 770 2287 miracula
803 2250 931 2287 facere
965 2254 1002 2287 et
1031 2251 1268 2296 prophetare
1302 2254 1340 2287 et
1371 2251 1450 2288 alia
1479 2250 1709 2297 hujusmodi
1737 2259 1825 2298 quae

207 2296 341 2332 divino
362 2305 527 2333 munere
549 2296 733 2334 homines
752 2300 978 2342 operantur.
1003 2298 1131 2341 Quum
1151 2297 1274 2344 igitur
1291 2297 1413 2335 homo
1433 2307 1514 2335 non
1533 2298 1662 2345 possit
1681 2297 1826 2334 intelli-

205 2351 298 2389 gere
333 2343 410 2379 nisi
444 2343 588 2380 virtute
628 2344 855 2381 intellectus
889 2345 1059 2391 agentis,
1081 2345 1115 2381 si
1149 2344 1378 2382 intellectus
1402 2354 1526 2391 agens
1553 2349 1614 2382 est
1641 2344 1824 2392 quaedam

207 2389 433 2426 substantia
453 2394 648 2436 separata,
666 2391 846 2437 sequitur
865 2391 971 2438 quod
989 2391 1212 2438 intelligere
1233 2400 1313 2428 non
1333 2392 1384 2429 sit
1413 2392 1591 2438 operatio
1610 2392 1770 2439 propria
1787 2395 1827 2428 et

205 2437 400 2488 naturalis
435 2436 612 2482 homini3
636 2441 674 2474 et
703 2439 762 2475 sic
791 2437 911 2475 homo
941 2447 1023 2475 non
1061 2438 1204 2485 poterit
1237 2438 1394 2476 definiri
1422 2448 1493 2486 per
1524 2439 1601 2477 hoc
1628 2438 1735 2486 quod
1764 2441 1828 2475 est

206 2483 474 2520 intellectivus
495 2488 563 2521 aut
581 2484 805 2521 rationalis.

209 2575 218 2582 ⁶
252 2531 443 2575 Praeterea,
465 2531 565 2568 nihil
593 2535 778 2577 operatur
802 2532 882 2569 nisi
910 2541 981 2578 per
1011 2531 1185 2579 aliquam
1215 2532 1401 2571 virtutem
1424 2540 1514 2580 quae
1540 2531 1759 2570 formaliter
1779 2531 1823 2568 in

206 2585 296 2621 ipso
317 2581 396 2622 est3
419 2577 523 2614 unde
549 2579 780 2616 Aristoteles
801 2578 867 2625 (De
891 2580 1027 2620 anima,
1049 2588 1094 2623 11,
1114 2582 1207 2616 text.
1229 2588 1373 2617 comm.
1400 2581 1460 2624 24,
1477 2582 1524 2616 25
1555 2583 1592 2615 et
1611 2578 1671 2624 26)
1692 2581 1824 2615 osten·

208 2622 265 2674 dit
285 2624 390 2674 quod
421 2633 499 2671 quo
518 2625 690 2662 vivimus
717 2629 755 2662 et
774 2625 970 2663 sentimus
997 2629 1058 2663 est
1077 2626 1205 2663 forma
1222 2630 1259 2663 et
1277 2630 1404 2663 actus.
1421 2626 1496 2663 Sed
1516 2629 1681 2672 utraque
1702 2625 1821 2671 actio,

209 2669 361 2706 scilicet
392 2671 617 2709 intellectus
657 2672 865 2718 possibilis
897 2676 936 2709 et
971 2672 1199 2710 intellectus
1234 2673 1404 2720 agentis,
1429 2671 1613 2709 convenit
1643 2672 1824 2718 homini;

209 2714 329 2767 homo
350 2717 454 2754 enim
472 2719 626 2763 species
647 2719 841 2756 abstrahit
858 2729 882 2756 a
899 2720 1260 2766 phantasmatibus,
1283 2723 1321 2756 et
1350 2719 1490 2765 recipit
1508 2718 1654 2755 mentis
1674 2718 1825 2756 intelli·

209 2761 348 2813 gibilla
368 2767 479 2814 actu;
501 2773 582 2802 non
616 2766 721 2802 enim
751 2766 865 2803 aliter
883 2766 925 2803 in
959 2767 1143 2804 notitiam
1163 2766 1303 2804 harum
1336 2765 1537 2803 actionum
1558 2766 1826 2811 venissemuS,

209 2816 287 2844 nisi
306 2817 372 2845 eas
391 2818 432 2845 in
453 2811 570 2848 nobis
590 2813 874 2858 experiremur.
899 2814 1061 2859 Oportet
1080 2813 1203 2860 igitur
1222 2812 1327 2860 quod
1344 2812 1540 2858 principia
1561 2813 1706 2859 quibus
1721 2813 1828 2850 attri-

208 2853 386 2892 buuntur
404 2855 464 2908 hae
479 2857 671 2903 actioneS,
694 2859 846 2896 scilicet
867 2860 1093 2897 intellectus
1113 2858 1321 2905 possibilis
1342 2863 1380 2895 et
1401 2868 1540 2906 agens,
1559 2860 1640 2896 sint
1657 2860 1825 2898 virtutes

209 2901 389 2950 quaedam
426 2911 469 2940 ln
515 2903 633 2942 nobis
662 2905 882 2943 formaliter
911 2907 1163 2945 exsistentes.
1200 2906 1240 2944 Si
1279 2908 1411 2944 autem
1443 2906 1599 2945 dicatur
1632 2907 1739 2955 quod
1764 2906 1827 2946 hae
