1894 3223
722 71 808 107 LlB.
837 71 896 115 IV,
924 71 1024 107 CAP.
1051 71 1126 108 L11.
1665 74 1733 110 577

157 153 253 194 Item,
294 155 455 199 peccata
488 160 575 198 quae
639 151 847 189 roveniunt
867 151 908 189 in
947 151 1134 198 operibus
1156 156 1306 191 naturae
1341 162 1410 199 per
1436 153 1733 199 corruptionem

105 199 278 252 alicujus
294 197 478 246 principii
500 206 580 234 non
616 198 698 235 iunt
721 208 878 246 semper
896 199 956 235 vel
989 199 1227 246 frequenter,
1249 199 1319 238 sed
1337 203 1377 237 ut
1400 200 1438 236 in
1462 201 1733 246 paucioribus.

101 248 142 285 Si
166 247 287 299 igitur
306 254 376 292 per
408 245 584 282 vitiatam
620 245 816 292 originem
859 249 1062 292 peccatum
1084 256 1107 283 a
1137 247 1264 292 primo
1296 251 1456 293 parente
1490 248 1531 283 11]
1551 251 1733 294 posteros

103 294 318 337 derivetur,
339 300 421 329 non
441 291 638 329 derivetur
658 292 697 328 in
719 301 874 337 omnes,
897 292 965 330 sed
988 293 1026 329 in
1052 292 1209 340 aliquos
1231 303 1396 339 paucos.

155 342 344 379 Praeterea.
366 338 401 376 si
428 348 497 384 per
515 338 691 376 vitiatam
713 340 909 386 originem
940 339 1086 386 aliquis
1113 340 1291 378 desectus
1324 341 1365 377 in
1384 341 1492 387 prole
1514 341 1733 387 proveniat,

106 386 284 434 ejusdem
303 386 462 432 generis
497 390 650 432 oportet
677 396 765 423 esse
796 386 907 422 illum
941 386 1137 423 desectum
1170 396 1259 424 cum
1279 387 1376 424 vitio
1402 389 1468 434 qui
1502 392 1562 426 est
1594 388 1634 425 iii
1656 389 1734 426 ori-

106 434 214 481 gine,
235 432 329 480 quia
348 432 513 470 effectus
535 437 629 470 sunt
648 434 875 470 conformes
896 433 980 470 suis
1002 433 1150 470 causis.
1174 434 1294 481 Origo
1313 437 1442 471 autem
1470 435 1551 472 sive
1572 445 1733 481 genera-

106 481 160 517 tio
183 480 369 524 humana,
391 489 512 526 quum
535 480 585 518 sit
607 484 720 518 actus
741 480 926 525 potentiae
946 480 1198 526 generativae,
1226 491 1313 527 quae
1335 482 1446 518 nullo
1479 481 1598 519 modo
1620 483 1736 528 parli-

105 527 212 573 cipat
226 526 435 571 rationem,
458 536 538 563 non
557 531 686 573 potest
720 527 863 564 habere
884 527 923 563 iii
945 535 989 564 se
1021 527 1160 564 vitium
1193 528 1300 574 quod
1325 529 1518 573 pertineat
1538 529 1585 565 ad
1604 538 1732 575 geniis

107 575 247 619 culpae,
265 573 357 620 quia
377 574 417 610 in
436 574 536 611 solis
551 573 705 611 actibus
725 577 855 619 potest
881 582 969 610 esse
996 573 1121 611 virtus
1149 575 1210 611 vel
1243 575 1382 611 vitium
1405 576 1471 621 qui
1509 576 1734 613 subduntur

107 619 335 667 aliqualiter
366 621 509 658 rationi
529 633 538 665 ;
558 621 660 658 unde
682 630 763 657 non
801 621 1017 666 imputatur
1049 621 1201 658 homini
1240 621 1288 658 ad
1325 622 1480 667 culpam
1505 623 1539 659 si
1575 627 1734 669 propter

104 668 283 704 vitiatam
305 667 501 714 originem
523 672 708 705 nascatur
730 668 912 713 leprosus
932 667 992 704 vcl
1025 677 1168 705 czecus.
1201 668 1318 706 Nullo
1340 669 1461 715 igitur
1481 670 1599 707 niodo
1627 670 1733 707 defe-

106 714 428 767 ctusculpabilis
445 715 652 761 provenire
672 718 804 761 potest
821 725 846 752 a
876 715 1006 760 primo
1025 718 1186 760 parente
1206 715 1248 752 in
1268 720 1452 762 posteros
1472 725 1541 762 per
1558 717 1733 755 vitiatam

106 770 317 807 originem.

157 809 302 850 Adhuc,
325 812 475 846 naturae
493 809 641 846 bonum
661 817 730 854 per
750 812 952 854 peccatum
974 817 1054 846 1101]
1072 808 1252 854 tollitur3
1274 809 1378 847 unde
1400 810 1518 847 etiam
1536 811 1578 848 in
1594 810 1737 849 (1661110-

107 855 228 893 1111165
248 859 409 892 1116116111
430 856 624 893 naturalia
655 855 774 899 bona,
797 860 839 892 ut
859 856 1074 902 Dionysius
1092 856 1187 893 dicit
1205 856 1272 903 (Dc
1291 857 1412 893 divin.
1436 857 1604 902 nomin„
1624 867 1658 895 6.
1681 857 1732 903 4).

108 903 320 940 Generatio
341 906 471 940 autem
491 907 551 939 est
571 906 683 940 actus
707 907 870 939 11616116.
892 905 977 939 Non
997 903 1118 949 igitur
1146 912 1215 949 per
1241 907 1444 949 peccatum
1467 905 1581 949 primi
1604 905 1733 942 homi-

108 949 174 987 nis
190 949 318 986 vitiari
338 950 465 996 potuit
490 950 672 986 11611166ῑο
707 949 979 996 generationis
1000 950 1127 997 origo,
1150 954 1193 987 ut
1212 951 1271 987 516
1304 955 1508 997 peccatum
1528 951 1645 997 primi
1666 951 1733 989 ho-

105 996 230 1034 minis
251 996 299 1034 ad
317 1001 500 1043 posteros
523 996 777 1034 derivaretur.

156 1044 341 1089 Amplius,
363 1043 484 1080 homo
505 1047 667 1090 generat
700 1042 775 1080 sibi
808 1043 978 1080 similem
1012 1043 1231 1082 secundum
1263 1044 1513 1090 speciem.1n
1548 1044 1612 1082 liis
1639 1053 1735 1092 ergo

109 1099 198 1137 quac
215 1099 294 1127 non
312 1090 509 1136 pertinent
527 1089 574 1126 ad
590 1090 888 1136 generationem
911 1090 1071 1135 speciei,
1094 1099 1174 1127 non
1195 1095 1351 1137 oportet
1370 1090 1497 1128 silium
1519 1091 1735 1129 assimilari

105 1137 355 1183 parentibus.
394 1138 601 1174 Peccatum
634 1140 765 1173 autem
786 1145 867 1173 non
899 1140 1029 1182 potest
1054 1138 1250 1183 pertinere
1283 1138 1331 1174 ad
1352 1138 1548 1176 rationem
1571 1138 1732 1184 speciei,

101 1184 203 1230 quia
223 1186 425 1229 peccatum
447 1192 526 1220 non
548 1187 609 1220 est
640 1192 776 1220 eorum
806 1192 893 1229 quze
914 1187 1008 1220 sunt
1037 1184 1258 1220 secundum
1287 1187 1484 1229 naturam,
1511 1185 1581 1222 sed
1603 1185 1733 1230 magis

108 1230 311 1277 corruptio
345 1230 538 1267 naturalis
574 1229 741 1267 ordinis.
765 1232 850 1266 Non
871 1230 994 1277 igitur
1029 1233 1184 1277 oportet
1204 1230 1310 1278 quod
1330 1240 1377 1268 ex
1408 1231 1537 1277 primo
1570 1231 1735 1270 homine

107 1281 296 1324 peccante
313 1277 380 1315 alii
402 1281 630 1323 peccatores
653 1280 881 1314 nascantur.

155 1326 346 1365 Praeterea,
368 1323 439 1360 filii
467 1324 595 1370 magis
615 1324 891 1361 assimilantur
918 1324 1112 1370 proximis
1139 1324 1373 1371 parentibus
1399 1334 1519 1372 quam
1552 1325 1730 1365 remotis.

105 1371 312 1418 Contingit
331 1375 462 1409 autem
477 1370 583 1419 quod
602 1370 771 1417 proximi
792 1375 976 1423 parentes
994 1375 1088 1409 sunt
1106 1372 1195 1409 51116
1209 1376 1372 1423 peccato
1392 1376 1429 1409 61
1449 1373 1491 1409 11]
1505 1376 1593 1410 6616
1612 1381 1732 1420 gene-

107 1418 278 1456 rationis
315 1418 469 1455 nullum
507 1421 711 1464 peccatum
750 1420 1022 1455 committitur.
1053 1420 1140 1457 Non
1172 1419 1294 1466 igitur
1328 1422 1488 1466 propter
1525 1423 1730 1466 peccatum

107 1465 226 1512 primi
246 1465 422 1511 parentis
442 1468 670 1511 peccatores
690 1473 831 1502 omnes
853 1468 1086 1502 nascuntur.

155 1511 318 1556 Deinde,
339 1512 373 1549 si
403 1514 606 1558 peccatum
639 1520 662 1549 a
694 1512 822 1558 primo
855 1512 1016 1548 homine
1047 1513 1089 1549 in
1117 1512 1210 1549 aliis
1233 1512 1452 1551 derivatum
1474 1517 1548 1558 est,
1568 1513 1733 1561 majoris

104 1562 237 1596 autem
257 1558 412 1596 virtutis
432 1558 473 1595 in
494 1557 649 1605 agendo
670 1563 731 1596 est
750 1558 898 1595 bonum
917 1567 1033 1605 quam
1063 1559 1225 1603 malum,
1251 1563 1293 1597 ut
1322 1569 1444 1606 supra
1464 1559 1504 1606 (l.
1529 1570 1589 1605 111,
1616 1570 1650 1598 6.
1675 1560 1734 1606 12)

105 1609 315 1688 0151665611]
337 1611 411 1658 est,
438 1605 563 1643 multo
582 1605 711 1653 magis
743 1605 964 1643 satisfactio
998 1605 1089 1644 Adae
1122 1610 1162 1644 et
1186 1606 1343 1653 justitia
1361 1607 1448 1653 ejus
1468 1616 1538 1653 per
1557 1615 1648 1646 eum
1683 1607 1734 1646 ad

105 1661 129 1689 a
150 1661 211 1690 105
231 1656 428 1690 transivit.

153 1699 299 1744 Adhuc,
319 1700 354 1737 si
369 1703 574 1746 peccatum
594 1699 904 1746 p1·imi·liominis
923 1700 1201 1747 peroriginem
1217 1703 1458 1747 propagatur
1477 1701 1518 1737 11]
1532 1705 1732 1747 posteros,

106 1746 192 1792 pari
222 1746 340 1784 etiam
368 1747 520 1784 ratione
546 1751 709 1792 peccata
738 1747 905 1784 aliorum
928 1751 1135 1792 parentum
1157 1747 1205 1784 ad
1226 1751 1409 1792 posteros
1427 1748 1669 1792 deveniunt;
1694 1751 1734 1785 et

104 1793 166 1831 516
187 1802 344 1840 semper
362 1793 603 1840 posteriores
626 1797 762 1832 essent
781 1794 910 1841 magis
925 1794 1077 1831 onerati
1094 1795 1266 1840 peccatis
1284 1803 1403 1841 quam
1424 1795 1600 1841 priores;
1623 1794 1733 1842 quod

105 1839 302 1886 praecipue
336 1849 385 1878 ex
417 1840 492 1878 hoc
527 1840 640 1887 sequi
673 1849 840 1879 necesse
869 1843 942 1884 est,
964 1840 999 1878 si
1030 1845 1235 1888 peccatum
1265 1841 1410 1879 transit
1441 1851 1464 1879 a
1495 1846 1657 1888 parente
1688 1842 1732 1880 in

103 1886 258 1933 prolem
278 1889 318 1925 et
332 1886 552 1926 satisfactio
573 1887 744 1924 transire
764 1896 843 1925 non
864 1890 1009 1933 potest.

781 2032 948 2074 CAPUT
975 2031 1060 2074 LII.

567 2150 726 2181 SOLUTIO
751 2150 1013 2182 OBJEGTIONUM
1037 2151 1272 2181 POSITARUM·

150 2259 208 2297 Ad
228 2258 370 2297 horum
391 2258 513 2306 igitur
532 2258 775 2296 solutionem
795 2258 1113 2305 praemittendum
1134 2263 1196 2297 est
1224 2260 1330 2307 quod
1354 2261 1505 2306 peccati
1525 2260 1732 2307 originalis

102 2307 148 2344 in
169 2306 346 2344 humano
363 2314 508 2354 genere
524 2305 783 2357 probabiliter
802 2305 982 2352 quaedam
1003 2305 1121 2352 signa
1136 2311 1340 2352 apparent.
1357 2308 1485 2352 Quum
1505 2309 1610 2345 enim
1627 2310 1732 2347 Deus

104 2353 370 2392 humanorum
411 2356 571 2391 actuum
604 2361 663 2391 sic
697 2361 832 2389 curam
867 2356 978 2399 gerat
1008 2356 1053 2389 ut
1081 2352 1202 2391 bonis
1234 2353 1421 2400 operibus
1450 2355 1656 2401 praemium
1694 2359 1733 2393 et

105 2399 223 2437 malis
252 2408 409 2445 poenam
442 2399 644 2443 retribuat,
666 2402 709 2437 ut
739 2399 780 2435 in
801 2399 1077 2450 superioribus
1107 2403 1170 2436 est
1189 2403 1411 2445 ostensum,
1434 2411 1481 2438 ex
1507 2402 1596 2448 ipsa
1614 2411 1732 2448 poena

103 2454 322 2493 possumus
358 2446 569 2483 certificari
604 2446 652 2483 de
681 2446 813 2491 culpa.
854 2448 1005 2483 Patitur
1039 2449 1172 2483 autem
1210 2448 1476 2485 communiter
1509 2447 1730 2487 humanum

99 2501 233 2540 genus
248 2492 426 2530 diversas
443 2501 597 2539 11061165,
615 2495 653 2529 61
673 2493 900 2538 corporales
923 2497 962 2544 et
986 2492 1228 2539 spirituales.
1244 2496 1349 2531 Inter
1366 2495 1594 2541 corporales
1614 2496 1730 2541 potis-

102 2540 231 2576 simas
263 2542 325 2576 est
346 2547 469 2583 mors,
491 2539 539 2576 ad
577 2548 695 2585 quam
729 2548 870 2576 omnes
898 2539 985 2576 aliae
1020 2539 1189 2577 tendunt
1221 2543 1262 2577 et
1294 2541 1544 2586 ordinantur,
1581 2542 1732 2580 scilicet

106 2586 248 2630 fames,
267 2585 358 2623 sitis
377 2589 416 2622 et
432 2585 511 2623 alia
533 2586 776 2632 hujusmodi.
791 2588 896 2623 Inter
916 2585 1146 2631 spirituales
1167 2590 1296 2624 autem
1319 2592 1379 2625 est
1395 2588 1605 2634 potissima
1626 2589 1732 2627 debi-

104 2632 199 2671 litas
229 2632 409 2677 rationis,
446 2642 495 2670 ex
526 2642 605 2679 qua
635 2633 830 2680 contingit
852 2633 958 2680 quod
990 2633 1110 2670 homo
1130 2633 1344 2671 difficulter
1362 2635 1539 2680 pervenit
1570 2635 1619 2673 ad
1648 2636 1731 2673 veri

98 2679 387 2726 cognitionem,
406 2682 444 2717 et
466 2679 514 2716 de
535 2679 640 2717 facili
661 2679 806 2716 labitur
822 2680 863 2715 in
884 2683 1125 2724 errorem,et
1144 2681 1342 2727 appetitus
1354 2681 1543 2721 bestiales
1564 2683 1731 2720 omnino

97 2735 292 2771 superare
310 2735 389 2763 1101]
410 2729 556 2771 potest,
573 2726 643 2763 sed
661 2726 864 2763 multoties
886 2725 1143 2763 obnubilatur
1160 2727 1210 2764 ab
1229 2727 1302 2765 eis.

152 2775 295 2810 Posset
312 2777 444 2810 tamen
463 2773 610 2819 aliquis
631 2773 761 2810 dicere
783 2773 1014 2820 hujusmodi
1034 2773 1225 2819 detectus,
1249 2777 1329 2812 tam
1351 2776 1580 2822 corporales
1610 2785 1729 2824 quam
1760 2776 1769 2781 ”

102 2819 353 2866 spirituales,
391 2828 473 2857 non
506 2828 596 2858 6556
627 2819 820 2867 poenales,
859 2820 930 2857 sed
962 2820 1165 2859 naturales
1195 2821 1373 2860 defectus
1413 2833 1461 2860 ex
1491 2824 1730 2862 necessitate

1527 2900 1565 2931 37
