1894 3223
149 142 220 178 400
753 135 841 170 LIB.
870 135 933 174 ΙΙΙ,
961 135 1062 171 CAP.
1090 135 1165 171 CII.

151 221 331 260 ordinem
352 219 466 256 illum
486 216 654 262 operari.
677 216 815 253 Omnis
843 219 974 253 autem
994 219 1175 254 creatura
1192 216 1410 254 constituta
1438 219 1499 253 est
1529 215 1602 253 sub
1633 215 1773 253 ordine

151 276 266 315 quem
288 268 391 302 Deus
411 265 452 300 in
480 263 598 300 rebus
617 263 767 300 statuit.
786 263 902 300 Nulla
921 272 1016 309 ergo
1036 267 1216 301 creatura
1234 267 1365 309 potest
1383 272 1503 309 supra
1524 263 1630 300 hunc
1666 262 1772 298 ordi-

152 323 243 353 nem
265 311 433 358 operari.
448 310 560 354 Quod
580 313 641 347 est
660 310 854 347 miracula
874 310 1016 347 facere.

198 362 299 400 Item,
322 358 481 404 quando
502 357 635 403 aliqua
653 357 780 393 virtus
805 355 916 393 finita
941 357 1144 403 proprium
1174 355 1357 395 effectum
1379 360 1563 402 operatur
1583 356 1632 394 ad
1654 365 1772 403 quem

152 405 450 449 determinatur,
463 413 544 441 non
565 407 625 440 est
643 403 900 447 miraculum3
918 403 1008 440 licet
1028 404 1157 449 possit
1172 413 1260 441 esse
1277 404 1420 440 mirum
1437 404 1555 441 alicui
1576 404 1642 450 qui
1661 403 1772 440 illam

151 453 336 490 virtutem
357 460 438 488 non
459 450 771 496 comprehendit,
793 451 896 487 sicut
924 450 1069 487 mirum
1099 451 1255 488 videtur
1286 451 1438 496 ignaris
1467 450 1572 497 quod
1605 459 1771 497 magnes

151 499 273 537 trahit
294 499 456 542 ferrum,
477 498 538 535 vel
557 498 663 544 quod
679 497 824 544 aliquis
845 507 989 543 parvus
1013 498 1138 543 piscis
1164 498 1216 534 sit
1245 498 1421 534 retinens
1444 507 1597 534 navem.
1632 497 1771 535 Omnis

152 550 284 585 autem
304 549 492 582 creaturae
510 544 688 590 potentia
705 548 764 581 est
784 544 951 581 limitata
971 545 1020 581 ad
1046 544 1220 591 aliquem
1248 544 1551 581 determinatum
1573 543 1771 588 effectum,

151 593 214 631 vel
234 593 283 630 ad
304 593 478 640 aliquos.
493 591 688 638 Quicquid
709 591 830 637 igitur
846 591 988 628 virtute
1009 591 1296 638 quuscumque
1312 595 1501 628 creaturae
1517 591 1596 635 fiat,
1614 600 1694 628 non
1706 599 1772 637 po-

152 643 232 677 test
251 639 329 676 dici
351 639 586 676 miraculum
613 639 832 685 proprium,
864 638 938 675 etsi
967 638 1020 675 sit
1047 638 1192 675 mirum
1223 638 1407 674 virtutem
1440 639 1549 675 illius
1581 641 1772 675 creaturae

152 696 235 724 non
256 685 620 732 comprehendenti.
637 685 749 729 Quod
769 689 900 722 autem
921 684 964 721 fit
978 684 1120 722 virtute
1141 684 1399 732 divina,quae,
1423 694 1512 722 cum
1532 685 1584 722 sit
1601 684 1770 728 infinita.

153 734 200 771 de
222 742 265 770 se
286 732 706 779 incomprehensibilis
727 736 801 776 est,
824 741 914 769 vere
933 732 1172 770 miraculum
1192 735 1267 769 est.

198 781 382 826 Amplius,
405 780 537 817 omnis
557 783 737 816 creatura
755 779 796 815 in
816 787 891 816 sua
911 779 1067 816 actione
1098 779 1263 826 requirit
1293 778 1515 825 subjectum
1545 778 1707 826 aliquod
1730 779 1772 815 in

153 827 261 874 quod
281 831 397 873 agat3
420 827 547 864 solius
568 826 676 863 enim
698 826 765 862 Dei
787 830 848 863 est
868 835 916 863 ex
947 826 1074 863 nihilo
1094 825 1245 873 aliquid
1272 826 1415 869 facere,
1437 830 1479 862 ut
1500 835 1620 871 supra
1638 830 1772 863 osten-

153 883 243 912 sum
265 878 325 911 est
345 873 428 920 (lib.
449 882 477 918 1,
497 883 581 919 cap.
607 874 677 919 16).
700 873 807 910 Nihil
825 876 956 910 autem
975 872 1080 920 quod
1101 873 1276 920 requirat
1293 873 1334 909 in
1355 881 1429 910 sua
1443 873 1598 909 actione
1621 872 1773 919 subjec-

152 925 236 958 tum
271 924 403 966 potest
421 930 553 967 agere,
574 920 653 958 nisi
674 920 714 957 in
735 920 805 957 illa
824 920 872 957 ad
893 929 980 966 quae
1012 919 1235 966 subjectum
1265 919 1364 957 illud
1395 923 1456 957 est
1488 920 1529 955 in
1562 921 1771 966 potentia:

153 968 230 1005 hoc
251 968 355 1005 enim
378 976 502 1015 agens
529 967 570 1004 in
591 966 814 1014 subjectum
841 966 1003 1014 aliquod
1024 971 1210 1014 operatur
1229 970 1272 1004 ut
1291 966 1432 1004 educat
1448 966 1547 1019 illud
1567 967 1614 1004 de
1633 971 1772 1013 poten-

153 1015 210 1052 tia
228 1015 269 1051 in
290 1018 434 1052 actum.
457 1014 575 1051 Nulla
599 1014 722 1061 igitur
740 1018 921 1051 creatura
940 1014 1045 1051 sicut
1063 1023 1136 1051 nec
1164 1023 1298 1051 creare
1318 1017 1462 1060 potest,
1482 1017 1537 1051 ita
1557 1023 1629 1051 nec
1656 1023 1774 1060 agere

152 1062 195 1099 in
213 1062 292 1099 alia
310 1071 366 1108 re,
379 1062 457 1099 nisi
478 1061 584 1109 quod
599 1062 716 1099 estin
734 1061 911 1107 potentia
929 1061 1038 1099 illius
1058 1061 1128 1098 rei.
1152 1062 1267 1098 Fiunt
1284 1065 1414 1098 autem
1432 1061 1556 1098 multa
1581 1061 1775 1100 miracula

154 1108 360 1154 divinitus,
384 1109 477 1147 dum
509 1109 549 1146 in
584 1118 626 1146 re
653 1108 786 1155 aliqua
814 1109 867 1146 sit
898 1108 1030 1145 divina
1061 1108 1204 1146 virtute
1230 1108 1335 1155 quod
1356 1117 1438 1145 non
1457 1112 1516 1145 est
1535 1108 1576 1145 in
1598 1109 1775 1154 potentia

152 1155 264 1193 illius
282 1155 353 1200 rei,
373 1156 477 1193 sicut
497 1155 603 1202 quod
623 1160 804 1192 mortuus
837 1155 1058 1199 reviviscat,
1081 1155 1186 1203 quod
1216 1155 1277 1192 sol
1310 1155 1542 1199 retrocedat,
1566 1155 1672 1201 quod
1693 1156 1772 1194 duo

153 1211 323 1248 corpora
355 1203 437 1239 sint
465 1202 599 1240 simul.
628 1203 718 1239 Haec
742 1202 864 1248 igitur
889 1202 1082 1238 miracula
1111 1202 1221 1238 nulla
1247 1202 1390 1238 virtute
1419 1206 1550 1239 creata
1575 1201 1659 1238 fieri
1679 1211 1772 1248 pos·

153 1252 260 1288 sunt.

199 1297 343 1337 Adhuc,
365 1297 586 1343 subjectum
605 1296 646 1333 in
667 1296 773 1344 quod
792 1297 922 1343 agitur
941 1296 1121 1333 ordinem
1131 1295 1296 1332 habetet
1311 1295 1358 1332 ad
1380 1305 1503 1342 agens
1524 1296 1630 1343 quod
1657 1297 1772 1335 redu-

153 1343 207 1381 cit
224 1344 354 1390 ipsum
376 1344 423 1380 de
446 1343 675 1389 potentiain
695 1347 889 1388 actum,et
908 1343 956 1380 ad
974 1347 1105 1380 actum
1125 1342 1166 1379 in
1179 1352 1295 1390 quem
1314 1342 1527 1380 reducitur.
1550 1344 1659 1381 Sicut
1676 1353 1771 1390 ergo

153 1391 375 1437 subJectum
397 1390 556 1437 aliquod
577 1390 701 1426 estin
732 1390 908 1436 potentia
938 1390 986 1427 ad
1018 1390 1190 1436 aliquem
1223 1390 1526 1426 determinatum
1557 1395 1702 1435 actum,
1734 1395 1773 1427 et

154 1446 236 1474 non
257 1437 306 1474 ad
326 1437 554 1484 quemlibet,
576 1437 631 1473 ita
657 1445 738 1473 non
759 1440 889 1482 potest
908 1437 1043 1474 reduci
1061 1436 1108 1473 de
1129 1436 1305 1482 potentia
1324 1436 1366 1473 in
1386 1440 1517 1473 actum
1535 1437 1772 1475 determina-

152 1487 237 1521 tum
258 1483 336 1521 nisi
358 1493 427 1529 per
447 1493 570 1529 agens
591 1483 751 1530 aliquod
767 1483 1083 1520 determinatum.
1096 1483 1322 1529 Requiritur
1341 1483 1446 1520 enim
1463 1492 1587 1529 agens
1606 1484 1772 1521 diversi·

153 1530 270 1567 mode
287 1530 335 1567 ad
357 1530 624 1567 reducendum
645 1530 686 1570 in
707 1530 906 1567 diversum
927 1534 1057 1567 actum
1080 1540 1088 1564 :
1111 1539 1218 1574 nam,
1243 1539 1333 1567 cum
1362 1540 1429 1566 aer
1454 1530 1506 1566 sit
1526 1530 1567 1567 in
1597 1531 1775 1576 potentia

152 1578 260 1624 ignis
278 1581 316 1614 et
332 1587 447 1624 aqua,
466 1577 543 1614 alio
565 1581 704 1624 agente
742 1577 785 1614 fit
821 1580 910 1614 actu
930 1577 1036 1624 ignis
1055 1577 1188 1614 etalio
1210 1587 1325 1624 aqua.
1357 1577 1546 1614 Similiter
1566 1579 1684 1616 etiam
1708 1588 1773 1625 pa-

153 1629 208 1661 tet
229 1625 334 1671 quod
355 1625 520 1661 materia
546 1624 764 1670 corporalis
785 1624 824 1661 in
846 1629 977 1662 actum
999 1624 1172 1671 aliquem
1191 1624 1405 1670 perfectum
1426 1633 1507 1661 non
1528 1625 1729 1662 reducitur
1749 1634 1774 1663 a.

153 1671 242 1709 sola
261 1672 402 1708 virtute
418 1671 695 1709 universaliter
709 1675 863 1718 agente,
880 1672 950 1710 sed
971 1675 1125 1717 oportet
1142 1680 1231 1709 esse
1249 1671 1410 1718 aliquod
1425 1681 1547 1718 agens
1566 1673 1769 1718 proprium

152 1728 223 1765 per
243 1719 348 1765 quod
377 1718 660 1756 determinetur
685 1719 898 1764 impressio
930 1718 1168 1756 universalis
1195 1718 1352 1755 virtutis
1384 1719 1433 1756 ad
1466 1719 1772 1757 determinatum

155 1764 352 1802 effectum.
376 1767 416 1802 In
436 1769 565 1802 actum
587 1770 718 1802 autem
739 1766 873 1803 minus
903 1766 1118 1812 perfectum
1138 1769 1270 1811 potest
1289 1765 1424 1803 reduci
1445 1767 1610 1803 materia
1630 1775 1770 1812 corpo·

153 1812 250 1849 ralis
272 1813 360 1849 sola
378 1813 519 1850 virtute
535 1813 750 1850 universali
772 1812 921 1859 absque
937 1813 1163 1859 particulari
1182 1817 1337 1858 agente.
1351 1812 1547 1850 Animalia
1562 1813 1667 1849 enim
1682 1823 1770 1858 per·

154 1859 257 1895 fecta
277 1868 356 1895 non
381 1863 621 1905 generantur
637 1870 685 1896 ex
705 1859 794 1896 sola
810 1860 952 1896 virtute
973 1860 1138 1903 coelesti,
1157 1859 1226 1897 sed
1239 1859 1452 1906 requiritur
1465 1859 1770 1897 determinatum

154 1914 292 1943 semen
310 1905 379 1949 ;ad
398 1907 693 1951 generationem
707 1915 800 1943 vero
817 1907 1078 1953 quorumdam
1100 1906 1420 1951 imperfectorum
1434 1906 1667 1943 animalium
1683 1907 1772 1945 sola

153 1953 279 1990 virtus
300 1953 474 1989 coelestis
492 1952 640 1989 sufficit
659 1953 747 1991 sine
768 1952 1116 1990 semine.Effectus
1137 1953 1260 2000 igitur
1277 1953 1345 1999 qui
1365 1953 1406 1989 in
1428 1953 1491 1990 his
1510 1953 1769 1992 inferioribus

154 1998 269 2043 fiunt,
291 1999 324 2036 si
347 1999 427 2036 sint
446 2000 527 2036 nati
548 1999 632 2036 fieri
653 2009 677 2036 a
703 2000 838 2037 causis
867 1999 1142 2046 superioribus
1174 1999 1481 2044 universalibus,
1514 2001 1601 2037 sine
1632 2009 1771 2046 opera-

154 2046 309 2084 ratione
338 2055 547 2083 causarum
582 2047 880 2092 particularium
911 2047 1159 2091 inferiorum,
1190 2055 1270 2084 non
1303 2050 1363 2084 est
1393 2047 1629 2084 miraculum
1655 2047 1687 2084 si
1710 2048 1772 2086 sic

154 2092 264 2137 fiant,
286 2093 389 2130 sicut
410 2102 490 2130 non
511 2097 570 2130 est
587 2094 823 2131 miraculum
837 2094 943 2141 quod
955 2094 1142 2131 animalia
1155 2103 1201 2130 ex
1215 2094 1499 2139 putrefactione
1515 2094 1601 2130 sine
1617 2095 1772 2132 semine

154 2144 383 2177 nascantur.
396 2141 433 2178 Si
452 2144 583 2178 autem
601 2150 682 2178 non
702 2141 783 2178 sint
799 2141 881 2178 nati
901 2140 986 2178 fieri
1003 2151 1072 2187 per
1092 2141 1200 2178 solas
1221 2150 1364 2178 causas
1379 2140 1620 2187 superiores,
1645 2142 1773 2188 requi·

157 2190 302 2224 runtur
321 2186 369 2224 ad
391 2196 528 2224 eorum
549 2188 882 2234 complementum
914 2197 1046 2225 causae
1067 2188 1277 2225 inferiores
1296 2187 1567 2234 particulares.
1590 2189 1683 2225 Cum
1705 2198 1768 2226 au-

153 2237 233 2270 tem
253 2234 399 2280 aliquis
423 2233 588 2272 effectus
620 2235 852 2280 producitur
876 2235 924 2272 ab
954 2235 1087 2283 aliqua
1118 2244 1241 2272 causa
1274 2235 1470 2281 superiori
1501 2235 1770 2273 mediantibus

154 2281 326 2333 propriis
344 2281 565 2327 principiis,
584 2291 666 2319 non
687 2285 748 2319 est
764 2282 1014 2320 miraculum.
1037 2282 1151 2320 Nullo
1185 2282 1308 2328 igitur
1339 2282 1458 2320 modo
1486 2282 1629 2319 virtute
1658 2291 1772 2329 supe-

153 2337 302 2365 riorum
326 2332 595 2366 creaturarum
619 2329 754 2376 aliqua
772 2329 966 2366 miracula
985 2330 1069 2366 fieri
1089 2332 1275 2376 possunt.

201 2376 385 2420 Amplius,
406 2375 583 2422 ejusdem
604 2376 771 2413 rationis
792 2385 881 2414 esse
900 2376 1055 2414 videtur
1074 2376 1181 2424 quod
1211 2376 1362 2424 aliquid
1389 2380 1574 2423 operetur
1605 2386 1652 2413 ex
1681 2376 1771 2414 sub-

149 2422 267 2469 jecto,
291 2426 328 2459 et
347 2422 454 2469 quod
473 2427 657 2470 operetur
676 2423 715 2460 id
736 2423 785 2460 ad
803 2423 909 2470 quod
929 2427 989 2461 est
1009 2424 1048 2460 in
1067 2423 1242 2469 potentia
1259 2423 1495 2470 subjectum,
1517 2428 1553 2460 et
1577 2423 1683 2471 quod
1705 2432 1769 2460 or·

152 2468 288 2505 dinate
309 2473 494 2515 operetur
521 2479 591 2516 per
612 2470 872 2507 determinata
890 2470 1035 2508 media.
1056 2472 1152 2508 Nam
1173 2470 1395 2517 subjectum
1426 2479 1507 2507 non
1539 2470 1582 2506 fit
1612 2471 1653 2507 in
1685 2478 1770 2516 pro·

152 2515 302 2563 pinqua
321 2517 498 2563 potentia
514 2517 563 2554 ad
582 2517 779 2559 ultimum,
801 2517 880 2555 nisi
900 2527 991 2555 cum
1024 2518 1143 2555 suerit
1173 2521 1263 2555 actu
1292 2517 1334 2554 in
1363 2517 1509 2563 medio,
1531 2518 1635 2554 sicut
1648 2517 1768 2569 cibus

153 2571 236 2600 non
255 2566 316 2601 est
335 2564 469 2601 statim
488 2564 528 2601 in
549 2565 727 2611 potentia
745 2574 853 2609 caro,
875 2565 945 2602 sed
965 2574 1056 2603 cum
1079 2565 1199 2602 fuerit
1217 2573 1436 2602 conversus
1452 2565 1494 2600 in
1514 2572 1766 2611 sanguinem.

155 2609 293 2660 Omnis
309 2614 440 2648 autem
459 2615 640 2650 creatura
655 2620 821 2649 necesse
839 2611 955 2650 habet
975 2612 1032 2649 uti
1053 2611 1232 2659 subjecto
1253 2611 1301 2648 ad
1323 2612 1399 2649 hoc
1418 2611 1524 2658 quod
1544 2609 1694 2657 aliquid
1711 2610 1768 2648 fa·

154 2660 252 2700 ciat3
276 2666 348 2694 nec
367 2661 496 2703 potest
516 2658 646 2696 facere
675 2659 754 2696 nisi
775 2658 825 2696 ad
850 2659 957 2706 quod
977 2659 1200 2707 subjectum
1219 2663 1282 2697 est
1300 2658 1340 2696 in
1359 2658 1549 2704 potentia,
1570 2660 1612 2694 ut
1631 2661 1768 2694 osten-

154 2710 244 2739 sum
265 2707 326 2740 est
338 2703 425 2755 (lib.
447 2713 490 2750 11,
508 2714 594 2752 cap.
615 2705 668 2752 2).
695 2707 797 2752 Ergo
817 2715 899 2744 non
915 2710 1048 2753 potest
1075 2706 1205 2744 facere
1236 2705 1400 2758 aliquid,
1433 2704 1512 2742 nisi
1545 2703 1768 2750 subjectum

153 2748 316 2785 reducat
335 2759 376 2786 1n
396 2754 526 2802 actum
546 2762 617 2798 per
636 2752 896 2790 determinata
919 2753 1064 2791 media.
1093 2753 1283 2790 Miracula
1310 2755 1449 2798 igitur,
1471 2760 1557 2797 quae
1589 2750 1690 2802 siunt
1720 2760 1768 2789 ex

153 2795 230 2833 hoc
248 2796 353 2848 quod
373 2797 518 2844 aliquis
538 2798 703 2837 effectus
723 2800 955 2845 producitur
975 2809 1056 2838 non
1076 2800 1145 2838 illo
1165 2800 1302 2838 ordine
1328 2806 1407 2845 quo
1428 2797 1659 2835 naturaliter
1680 2796 1767 2836 fieri

151 2846 298 2889 potest,
318 2846 460 2880 virtute
480 2850 668 2883 creaturae
688 2846 772 2883 fieri
793 2856 873 2884 non
892 2851 1076 2893 possunt.

200 2892 345 2938 Adhuc,
368 2892 471 2930 inter
490 2895 645 2941 species
665 2899 797 2933 motus
817 2894 914 2933 ordo
933 2895 1093 2943 quidam
1111 2892 1304 2931 naturalis
1324 2892 1549 2930 attenditur.
1572 2893 1669 2930 Nam
1689 2891 1768 2939 pri·
