1894 3223
706 192 794 228 Ltss.
823 192 852 236 ι,
881 193 981 227 «ΑΡ.
1013 193 1102 227 ι.ιιι.
1670 200 1713 233 27

92 271 132 311 si
149 271 238 309 sine
260 270 324 309 liis
354 272 458 309 Deus
490 271 784 308 multitudinem
825 282 955 308 rerum
989 272 1208 315 intelligere
1240 281 1318 310 non
1352 278 1501 319 posset,
1531 276 1634 320 Quod
1664 277 1710 313 ad

145 317 376 356 rl'ectionem
399 318 462 356 sui
497 317 721 355 intellectus
743 319 969 365 requiritur,
991 324 1221 365 sequeretur
1238 319 1342 366 quod
1363 328 1437 356 sua
1462 323 1650 367 pet-tectio
1672 324 1709 360 in

93 364 356 411 intelligendo
377 365 427 402 ab
438 364 518 402 allo
533 364 784 411 dependeret,
806 371 843 401 et
860 376 927 410 per
946 376 1200 412 const-,quens
1219 366 1260 402 in
1283 367 1467 412 essendo,
1483 378 1570 405 cuin
1594 379 1710 407 suum

93 420 185 451 esse
201 412 254 449 sit
274 421 389 450 suum
409 411 655 459 intelligere;
677 412 791 457 cujus
813 413 1054 449 Csllllt'tll'lllllt
1078 423 1197 459 supra
1223 418 1428 451 ostensum
1449 419 1522 452 est.

139 459 241 504 Item,
259 468 348 497 cum
380 467 499 496 omne
517 458 623 506 quod
645 463 706 496 est
726 464 866 505 praetter
899 460 1113 496 essentium
1137 470 1249 498 suam
1271 461 1323 498 sit
1356 465 1559 499 causatum
1582 463 1630 499 ab
1649 473 1709 508 eo,

94 505 258 544 utinsra
299 506 531 544 ostendetur
574 505 656 553 (lib.
690 515 733 550 11,
768 515 852 552 cap.
877 509 946 551 115),
972 516 1134 544 neeesse
1165 511 1239 552 est,
1270 507 1303 545 si
1349 508 1485 546 sormae
1515 511 1711 555 praedictae

94 556 205 590 extra
223 554 345 590 Deum
379 556 487 597 sunt,
509 552 557 590 ab
578 562 625 590 eo
653 557 839 590 causulas
870 564 975 589 esse.
998 556 1084 599 lpse
1106 560 1234 591 nutem
1256 558 1317 591 est
1335 565 1458 592 causa
1487 566 1615 605 rerum
1643 567 1712 603 per

94 599 353 640 intellectum,
387 603 429 637 ut
461 599 565 636 iufra
599 599 681 646 (lib.
718 609 760 642 ιῐ,
793 609 877 645 cap.
914 604 958 637 ‘23
995 606 1030 636 et
1064 602 1123 647 24)
1165 601 1408 639 ostendetur.
1448 605 1549 649 Ergo
1589 606 1712 642 Deum

93 646 317 694 intelligere
348 646 577 693 hujusmodi
610 646 891 694 intelligibilia,
931 649 1182 694 praeexigitur
1211 650 1357 701 ordine
1377 653 1526 688 naturae
1558 652 1603 688 ad
1637 652 1711 689 boc

93 693 199 740 quod
234 693 463 740 hujusmodi
495 693 761 740 intelligibilia
796 694 888 731 sint.
913 696 996 730 Non
1039 694 1160 742 igitur
1192 705 1260 740 per
1289 696 1365 733 boc
1394 697 1499 734 Deus
1528 697 1714 746 intelligit

92 740 407 785 multitudinem,
427 741 531 787 quod
552 741 821 787 intelligibilia
841 742 965 777 multa
985 751 1053 787 per
1072 751 1115 779 se
1137 743 1307 778 existant
1327 747 1435 780 extra
1454 753 1558 782 eum.

138 787 284 833 Adhuc,
306 787 557 834 intelligibile
587 788 627 824 in
666 793 753 825 actu
777 792 837 825 est
868 788 1092 825 intellectus
1123 788 1164 825 in
1194 794 1297 832 actu,
1327 790 1432 826 sicut
1451 795 1489 827 et
1521 792 1711 830 sensibile

91 833 136 871 in
163 838 253 872 actu
283 838 345 872 est
374 843 519 872 sensus
541 835 579 871 in
613 839 714 872 actu.
740 835 963 872 Secundum
996 844 1087 872 vero
1108 836 1213 881 quod
1246 837 1496 883 intelligibile
1518 838 1566 875 ab
1595 839 1710 876 intel-

93 880 198 918 lectu
217 881 490 928 distinguitur,
512 885 572 919 est
593 887 802 929 utrumque
824 882 864 917 in
895 882 1084 927 potentia,
1107 882 1210 919 sicut
1229 883 1318 919 etin
1337 892 1458 920 sensu
1479 888 1596 930 patet,
1620 896 1709 923 nam

92 936 222 975 neque
243 929 353 967 visus
374 933 435 966 est
463 929 603 966 videns
622 933 728 973 actu,
751 937 878 974 neque
902 928 1057 965 visibile
1090 929 1244 966 videtur
1263 932 1366 974 aetii,
1388 931 1465 967 nisi
1489 942 1578 968 cum
1599 933 1709 971 visus

93 974 332 1013 informatur
363 975 509 1013 visibili
531 976 677 1022 specie,
700 979 743 1012 ut
771 975 830 1012 sic
849 984 896 1012 ex
915 975 1003 1027 visu
1024 979 1062 1012 et
1088 976 1235 1014 visibili
1266 987 1390 1015 unum
1422 977 1501 1014 fiat.
1526 979 1561 1016 Si
1589 979 1711 1026 igitur

92 1021 363 1069 intelligibilia
382 1022 451 1059 Dei
469 1026 563 1059 sunt
582 1026 689 1059 extra
719 1021 964 1073 intellectum
988 1023 1128 1068 ipsius,
1151 1023 1330 1070 sequitur
1362 1025 1464 1071 qnod
1485 1025 1709 1064 intellectus

91 1077 193 1108 suus
224 1069 278 1107 sit
305 1069 346 1106 in
380 1068 570 1115 potentia,
603 1072 642 1106 et
674 1069 860 1106 similiter
889 1069 1154 1116 intelligibilia
1183 1071 1325 1116 ipsius,
1358 1076 1396 1108 et
1429 1072 1487 1110 sic
1519 1073 1709 1120 indigebit

92 1115 228 1168 aliqtto
266 1115 477 1154 reducente
512 1115 553 1152 in
601 1119 706 1161 actu,
737 1115 844 1164 quod
878 1120 938 1153 est
979 1116 1242 1163 impossibile.
1276 1121 1373 1155 Nam
1417 1119 1494 1165 boc
1525 1124 1632 1158 esset
1661 1130 1707 1157 eo

119 1171 218 1200 rius.

90 1171 327 1250 pPraeterea,
361 1209 603 1246 intellectum
637 1212 792 1262 oportet
822 1218 911 1247 esse
942 1210 1244 1258 intelligentem.
1276 1214 1359 1249 Non
1396 1213 1517 1259 igitur
1562 1213 1710 1251 sufficit

91 1265 241 1304 ponere
262 1256 411 1294 formas
429 1265 559 1294 rerum
581 1265 650 1303 per
663 1265 706 1293 se
724 1259 939 1294 existentes
960 1262 1069 1296 extra
1085 1259 1328 1296 intellectum
1350 1260 1540 1305 divinum,
1563 1261 1611 1298 ad
1632 1262 1707 1298 hoc

93 1303 202 1390 quofl
234 1302 653 1389 Deuglmultitudinem
674 1312 805 1342 rerum
837 1303 1045 1352 intelligat,
1067 1307 1138 1344 sed
1155 1310 1306 1353 oportet
1326 1307 1430 1355 quod
1461 1308 1542 1345 sint
1559 1308 1602 1346 in
1621 1308 1709 1356 ipso

89 1354 172 1389 inte
206 1354 295 1388 ectu
343 1359 466 1389 tvtno.
1210 1364 1215 1369 ·

763 1479 930 1523 CAPUT
957 1481 1041 1523 LII.

207 1605 399 1636 RATIONES
424 1605 525 1640 QUOD
562 1605 779 1636 HUJUSMODI
811 1606 1031 1636 MULTITUDO
1065 1607 1391 1638 INTELLIGIBILIUM
1416 1609 1495 1639 NON
1518 1609 1590 1640 EST

609 1662 689 1693 NISI
719 1664 759 1693 IN
784 1664 1019 1694 INTELLECTU
1042 1664 1191 1695 Dtvmo.

137 1775 192 1810 Ex
211 1771 359 1811 eisdem
381 1772 499 1810 etiam
517 1771 740 1811 rationibus
761 1778 934 1820 apparet,
955 1775 1062 1821 quod
1082 1784 1160 1812 non
1180 1779 1309 1822 potest
1329 1777 1421 1821 poni
1446 1778 1552 1824 quod
1574 1778 1705 1815 multi-

90 1821 186 1858 tudo
206 1819 518 1867 intelligibilium
542 1820 816 1866 praedictorum
841 1821 892 1858 sit
912 1822 950 1857 in
967 1822 1101 1868 aliquo
1123 1823 1200 1860 alio
1220 1824 1422 1861 intellectu
1444 1830 1585 1869 prseter
1604 1825 1702 1862 divi-

90 1876 200 1913 num,
221 1868 281 1904 vel
300 1867 456 1911 animte,
483 1866 544 1903 vel
566 1867 710 1913 angeli,
733 1867 816 1904 sive
848 1868 1133 1915 intelligentiae.
1156 1871 1250 1907 Nam
1274 1871 1332 1908 sic
1353 1871 1578 1909 intellectus
1607 1872 1704 1910 divi-

90 1923 182 1959 nus,
203 1917 394 1961 quantum
415 1913 463 1950 ad
483 1913 656 1960 aliquam
676 1923 788 1951 snam
811 1916 1094 1961 operationem,
1112 1917 1348 1963 dependeret
1368 1918 1415 1956 ab
1431 1919 1564 1966 aliquo
1578 1924 1706 1966 poste-

89 1961 185 1999 riori
206 1961 423 2005 intellectu‚
445 1960 550 2008 quod
565 1961 682 1998 etiam
701 1965 761 1998 est
780 1961 1046 2007 impossibile.

136 2008 244 2046 Sicut
263 2008 368 2045 enim
389 2016 452 2044 res
483 2008 524 2044 in
545 2017 588 2045 se
624 2008 889 2046 subsistentes
910 2019 932 2046 a
961 2011 1039 2046 Deo
1076 2013 1182 2055 sunt,
1215 2011 1271 2049 ita
1290 2011 1408 2049 etiam
1430 2022 1516 2059 quae
1534 2023 1557 2052 a
1586 2014 1705 2053 rebus

46 2060 49 2062 ·
90 2058 185 2093 sunt
206 2067 215 2092 ε
237 2055 343 2092 unde
363 2057 401 2092 et
421 2053 468 2092 ad
483 2063 572 2093 esse
601 2055 876 2101 praedictorum
893 2056 1204 2103 intelligibilium
1225 2058 1266 2094 in
1286 2059 1419 2106 aliquo
1442 2061 1704 2106 posteriorum

87 2102 360 2140 intellectuum
378 2102 632 2149 praeexigitur
657 2102 879 2148 intelligere
900 2103 1076 2140 divinum
1095 2113 1164 2150 per
1195 2105 1300 2152 quod
1319 2108 1422 2143 Deus
1444 2111 1504 2144 est
1520 2117 1656 2145 eausa.

135 2149 320 2196 Sequitur
344 2149 460 2186 etiam
493 2149 739 2187 intellectum
773 2150 950 2188 divinum
981 2159 1070 2188 esse
1090 2151 1129 2188 in
1151 2153 1327 2198 potentia
1353 2163 1442 2190 cum
1464 2163 1538 2192 sua
1559 2155 1704 2193 intelli-

90 2195 230 2244 gibilia
250 2204 331 2234 non
351 2195 432 2233 sint
452 2195 487 2232 ei
508 2198 733 2242 conjuncta.

136 2243 246 2280 Sicut
268 2243 385 2280 etiam
415 2243 631 2290 unicuique
655 2247 714 2280 est
739 2244 941 2290 proprium
971 2254 1075 2289 esse,
1096 2245 1152 2283 ita
1170 2249 1209 2283 et
1233 2247 1394 2293 propria
1410 2249 1601 2294 operatio.
1619 2250 1702 2285 Non

88 2289 212 2338 igitur
231 2299 321 2328 esse
340 2293 470 2337 potest
490 2294 532 2327 ut
551 2300 621 2336 per
653 2290 729 2328 hoc
749 2291 854 2338 quod
875 2292 1021 2338 aliquis
1037 2293 1262 2331 intellectus
1283 2294 1331 2331 acl
1362 2296 1604 2341 operandum
1623 2295 1702 2332 dis-

116 2341 272 2385 onatur,
293 2337 398 2375 alius
429 2338 697 2384 operationem
720 2338 1026 2376 intellectualem
1047 2345 1275 2387 exequatur,
1301 2341 1370 2378 sed
1391 2343 1559 2387 ipsemet
1586 2342 1702 2379 intel-

106 2387 217 2422 ectus
236 2385 339 2431 apud
359 2393 476 2431 quem
496 2384 706 2431 dispositio
726 2385 938 2429 invenitur,
960 2387 1063 2423 sient
1084 2388 1381 2434 ununquodque
1400 2393 1459 2425 est
1479 2398 1548 2434 per
1568 2397 1703 2425 essen-

22 2444 39 2451 ’-
89 2429 186 2468 tiam
205 2439 333 2476 suam,
355 2439 436 2468 non
454 2441 522 2478 per
540 2432 753 2469 essentiam
774 2433 949 2469 alterius.
974 2435 1045 2470 Per
1065 2434 1139 2470 hoc
1160 2435 1281 2480 igitur
1299 2435 1403 2482 quod
1431 2435 1702 2481 intelligibilia

90 2477 217 2515 multa
250 2481 344 2515 sunt
373 2479 475 2524 apud
505 2478 676 2525 aliquem
711 2479 976 2516 secundorum
1005 2481 1290 2522 intellectuum,
1325 2490 1407 2519 non
1438 2482 1582 2528 poterit
1612 2490 1702 2521 esse

90 2523 199 2573 quod
215 2523 442 2562 intellectus
462 2525 615 2572 primus
632 2525 927 2563 multitudinem
954 2530 1186 2572 cognoscat,

746 2672 915 2714 CAPUT
941 2673 1045 2713 LIII.

380 2791 562 2826 QUOMODO
587 2790 806 2821 MULTITUDO
831 2791 1147 2822 INTELLECTORUM
1172 2793 1233 2823 SIT
1255 2793 1299 2824 IN
1319 2793 1410 2825 DEO-

138 2898 348 2936 Praemissa
367 2903 498 2936 autem
517 2899 710 2937 dubitatio
731 2899 898 2937 faciliter
913 2900 1013 2938 solvi
1029 2904 1173 2948 potest,
1187 2902 1222 2940 si
1242 2903 1452 2950 diligenter
1465 2904 1700 2952 inspiciatur

31 2962 33 2964 ·
90 2945 260 2992 qualiter
275 2955 340 2983 res
360 2946 569 2984 intellectae
588 2947 631 2984 in
650 2946 857 2985 intellectu
888 2947 1073 2986 existant.
1096 2951 1141 2986 Et
1171 2953 1215 2988 ut
1244 2950 1294 2988 ab
1325 2951 1527 2990 intellectu
1561 2956 1699 2990 nostro
