1894 3223
166 132 235 169 252
744 125 832 161 LIB.
861 125 913 170 11,
941 123 1041 161 CAP.
1067 125 1218 161 XCVIII.

169 210 348 249 effectiva
362 209 539 246 alterius.
560 209 605 244 In
625 205 800 253 qualibet
814 209 946 243 autem
967 214 1089 243 causa
1107 204 1287 242 effectiva
1306 208 1460 251 oportet
1481 213 1571 242 esse
1599 205 1784 244 similitu-

169 258 301 296 dinem
321 255 384 293 sui
405 253 583 298 effectus,
605 257 645 290 et
663 253 848 290 similiter
867 253 909 289 in
930 252 1107 300 quolibet
1125 251 1264 290 effectu
1288 256 1444 298 oportet
1474 261 1564 289 esse
1600 252 1787 290 similitu-

170 304 301 342 dinem
323 309 405 338 suae
423 309 567 343 causae,
590 308 638 336 eo
659 299 764 346 quod
785 299 1097 346 unumquodque
1116 308 1240 347 agens
1261 300 1342 345 agit
1363 298 1438 336 sibi
1462 298 1607 335 simile.
1633 299 1696 336 Sic
1716 299 1788 346 igi·

168 350 285 387 turin
301 347 496 394 superiori
511 347 824 384 substantiarum
846 350 1114 392 separatarum
1136 351 1197 384 est
1221 346 1441 383 similitudo
1458 346 1661 383 inferioris
1682 346 1788 383 sicut

146 398 209 435 ‚in
231 404 351 433 causa
369 397 429 431 est
448 393 669 432 similitudo
688 391 1108 438 effectus‚ininseriori
1122 396 1255 431 autem
1269 392 1489 430 similitudo
1500 392 1788 439 superiorisest

168 443 272 481 sicut
292 442 333 478 in
355 440 497 479 effectu
518 445 577 478 est
600 440 822 478 similitudo
848 449 931 478 suae
951 450 1096 478 causae.
1116 441 1161 477 In
1181 440 1316 477 causis
1337 443 1468 477 autem
1488 448 1570 476 non
1588 439 1786 484 univocis,

169 488 390 527 similitudo
413 487 578 526 effectus
601 491 661 525 est
678 487 720 524 in
740 497 862 525 eausa
881 487 1280 532 eminentius3causae
1296 490 1425 525 autem
1442 486 1663 524 similitudo
1678 486 1721 523 in
1735 486 1790 524 ef·

168 536 287 580 fectu,
303 535 482 573 inferiori
494 535 748 573 modo.Tales
763 538 893 571 autem
903 543 1045 572 causas
1060 537 1312 580 oportetesse
1326 534 1572 572 substantias
1583 536 1787 579 separatas

169 583 397 629 superiores
417 586 597 629 respectu
618 582 866 626 inferiorum,
889 591 1010 628 quum
1032 590 1113 618 non
1133 580 1213 619 sint
1242 583 1364 620 unius
1383 581 1544 627 speciei,
1567 581 1637 618 sed
1666 581 1707 617 in
1729 580 1787 617 di·

167 630 296 667 versis
316 629 506 676 gradibus
525 629 764 667 constitutae.
785 629 999 676 Cognoscit
1021 628 1143 675 igitur
1163 629 1387 667 substantia
1414 632 1595 675 separata
1624 627 1790 664 inferior

169 676 431 723 superiorem,
450 676 672 714 secundum
689 675 851 714 modum
870 675 1104 714 substantiae
1123 676 1420 723 cognoscentis,
1453 684 1535 713 non
1566 674 1787 712 secundum

169 723 332 762 modum
354 723 586 762 substantiae
608 723 790 770 cognitae,
812 723 882 761 sed
903 722 1082 760 inferiori
1103 724 1243 769 modo;
1279 723 1462 770 superior
1478 725 1608 760 autem
1630 721 1790 758 inferio·

169 780 268 814 rem,
290 771 542 809 eminentiori
564 771 697 808 modo.
720 772 763 806 Et
783 770 859 808 hoc
879 775 939 807 est
959 770 1065 817 quod
1085 770 1126 807 in
1147 770 1250 808 libro
1280 773 1332 808 De
1350 771 1469 806 causis
1506 769 1650 806 dicitur
1683 768 1790 815 quod

168 819 412 863 intelliyentia
435 819 504 855 scit
522 819 618 865 quod
637 820 688 854 est
707 818 772 853 sub
791 827 828 854 se
846 819 880 854 et
899 817 994 864 quod
1012 820 1064 854 est
1088 828 1202 865 supra
1220 828 1269 858 se,
1284 828 1352 864 per
1366 816 1512 853 modum
1529 826 1602 852 suae
1621 815 1790 851 substan-

170 869 240 908 tz’ae,
265 869 351 912 quia
369 866 446 902 alia
464 868 515 903 est
530 876 640 902 causa
659 865 822 902 alterius.

219 914 292 952 Sed
312 923 433 961 quum
452 913 636 960 superius
658 913 705 958 (c.
726 911 784 959 50)
806 911 859 950 sit
877 914 1085 950 ostensum
1101 912 1206 960 quod
1222 912 1454 952 substantiae
1471 917 1661 959 separatae
1675 913 1791 951 intel-

170 963 360 1002 lectuales
389 971 470 999 non
500 964 593 999 sunt
612 959 844 1006 compositae
863 969 912 997 ex
927 959 1093 998 materia
1111 963 1150 997 et
1165 960 1306 1004 forma,
1324 969 1407 998 non
1434 965 1606 1007 possunt
1634 959 1790 998 causari

171 1011 250 1048 nisi
279 1020 347 1057 per
367 1010 529 1047 modum
547 1008 776 1059 creationist
799 1008 936 1044 Creare
957 1011 1088 1044 autem
1116 1007 1244 1044 solius
1264 1007 1331 1044 Dei
1351 1010 1425 1052 est,
1447 1011 1490 1044 ut
1509 1016 1629 1054 supra
1659 1008 1708 1055 (c.
1729 1008 1789 1054 21)

172 1062 379 1095 ostensum
401 1059 475 1094 est.
496 1057 584 1094 Non
602 1054 748 1102 poterit
766 1054 888 1101 igitur
907 1063 988 1091 una
1004 1054 1318 1092 substantiarum
1339 1058 1610 1101 separatarum
1630 1063 1720 1094 esse
1740 1055 1793 1094 al-

171 1105 296 1142 terius
310 1113 445 1141 causa.

218 1153 408 1192 Praeterea,
431 1153 637 1188 ostensum
658 1152 719 1186 est
739 1147 787 1195 (c.
812 1148 868 1194 15)
890 1147 996 1195 quod
1016 1147 1258 1194 principales
1284 1152 1416 1194 partes
1447 1149 1623 1187 universi
1650 1157 1791 1187 omnes

172 1203 303 1237 sunta
318 1200 398 1235 Deo
418 1197 644 1235 immediate
665 1198 824 1239 creatae;
847 1203 925 1232 non
943 1198 1004 1232 est
1018 1195 1139 1241 igitur
1161 1204 1239 1232 una
1257 1204 1394 1232 earum
1419 1195 1467 1232 ab
1485 1196 1576 1233 alia.
1598 1197 1791 1243 Unaquae-

173 1255 248 1293 que
269 1249 400 1282 autem
421 1243 732 1282 substantiarum
755 1245 1026 1288 separatarum
1044 1246 1104 1279 est
1124 1241 1171 1279 de
1192 1242 1477 1288 principalibus
1493 1242 1670 1289 partibus
1702 1243 1791 1280 uni-

171 1292 275 1330 versi
298 1292 421 1329 multo
437 1291 609 1337 amplius
629 1299 748 1337 quam
769 1289 829 1341 sol
848 1288 909 1325 vel
928 1289 1037 1333 luna,
1056 1298 1179 1335 quum
1200 1298 1448 1336 unaquaeque
1481 1299 1615 1327 earum
1649 1289 1793 1327 habeat

173 1340 372 1387 propriam
412 1338 585 1385 speciem
624 1341 662 1373 et
698 1335 935 1373 nobiliorem
982 1345 1100 1382 quam
1138 1336 1286 1381 quaevis
1331 1337 1486 1382 species
1524 1337 1791 1382 corporalium

173 1396 318 1423 rerum.
341 1388 427 1424 Non
447 1385 569 1432 igitur
587 1393 668 1421 una
689 1391 824 1420 earum
845 1385 1033 1419 causatur
1068 1382 1116 1419 ab
1154 1382 1244 1427 alia,
1281 1383 1348 1419 sed
1389 1392 1528 1420 omnes
1565 1383 1792 1420 immediate

173 1443 196 1471 a
215 1436 309 1471 Deo.

220 1481 280 1518 Sic
302 1479 435 1526 igitur,
460 1478 680 1516 secundum
711 1477 911 1522 praedicta‚
951 1476 1137 1523 quaelibet
1171 1476 1485 1514 substantiarum
1519 1481 1791 1524 separatarum

174 1527 382 1573 cognoscit
404 1527 526 1562 Deum
548 1524 715 1561 naturali
739 1523 968 1570 cognitione
989 1523 1207 1560 secundum
1238 1523 1401 1560 modum
1428 1533 1511 1562 suae
1544 1525 1792 1570 substantiae,

172 1584 242 1621 per
268 1582 386 1620 quam
407 1572 561 1609 similes
581 1575 674 1608 sunt
698 1572 777 1607 Deo
801 1571 905 1607 sicut
925 1579 1074 1613 causae:
1101 1572 1204 1607 Deus
1225 1573 1356 1607 autem
1376 1572 1585 1618 cognoscit
1601 1581 1670 1610 eas
1691 1572 1795 1610 sicut

172 1621 332 1668 propria
348 1629 483 1663 causa,
506 1628 641 1656 earum
663 1618 840 1655 omnium
863 1618 904 1654 in
924 1626 967 1654 se
999 1617 1303 1654 similitudinem
1337 1618 1501 1655 habens.
1536 1620 1622 1655 Non
1661 1622 1793 1656 autem

172 1669 249 1706 hoc
272 1667 390 1705 modo
419 1675 500 1704 una
529 1666 843 1717 substantiarum
880 1668 1151 1712 separatarum
1188 1664 1333 1711 poterit
1368 1674 1612 1712 cognoscere
1656 1666 1791 1711 aliam,

173 1724 295 1763 quum
316 1723 396 1752 una
415 1723 498 1751 non
520 1713 572 1750 sit
591 1721 714 1750 causa
730 1712 908 1749 alterius.

221 1760 562 1799 Considerandum
582 1763 643 1797 est
661 1760 782 1805 igitur
803 1759 921 1811 quod,
941 1769 1063 1811 quum
1085 1759 1196 1796 nulla
1215 1759 1446 1805 hujusmodi
1476 1760 1793 1798 substantiarum

173 1809 390 1846 secundum
414 1817 528 1845 suam
548 1807 763 1856 essentiam
781 1810 833 1843 sit
856 1805 1062 1843 sufficiens
1082 1806 1320 1852 principium
1341 1806 1586 1852 cognitionis
1613 1808 1792 1844 omnium

173 1856 340 1893 aliarum
357 1864 503 1899 rerum,
533 1854 749 1901 unicuique
780 1862 915 1890 earum
946 1861 1068 1899 supra
1105 1853 1304 1899 propriam
1338 1854 1603 1890 substantiam
1638 1858 1793 1900 oportet

173 1901 437 1948 superaddere
477 1900 670 1948 quasdam
712 1899 986 1947 intelligibiles
1026 1900 1334 1945 similitudines,
1364 1909 1436 1947 per
1468 1909 1568 1946 quas
1607 1901 1792 1948 quaelibet

173 1958 309 1987 earum
330 1948 409 1986 alia
425 1948 466 1985 in
486 1948 647 1994 propria
666 1951 808 1984 natura
827 1955 1071 1993 cognoscere
1088 1947 1229 1992 possit.

221 1998 301 2033 Hoc
322 1999 453 2033 autem
481 1995 539 2032 sic
559 1994 815 2031 manifestum
838 2003 927 2031 esse
945 1997 1087 2040 potest.
1114 1996 1181 2031 Est
1210 1994 1315 2030 enim
1352 1994 1555 2040 proprium
1590 1994 1789 2042 objectum

171 2042 398 2080 intellectus
414 2050 486 2079 ens
499 2041 761 2088 intelligibile,
781 2041 886 2088 quod
901 2040 1060 2088 quidem
1081 2041 1379 2087 comprehendit
1392 2050 1532 2079 omnes
1545 2041 1792 2080 differentias

172 2093 211 2127 et
242 2089 395 2136 species
427 2088 532 2126 entis
563 2088 800 2134 possibiles;
837 2087 1027 2135 quidquid
1058 2088 1164 2125 enim
1188 2097 1278 2125 esse
1304 2092 1434 2134 potest
1453 2088 1624 2136 intelligi
1646 2092 1790 2135 potest.

173 2137 302 2181 Quum
331 2139 462 2173 autem
493 2135 626 2173 omnis
658 2135 834 2182 cognitio
861 2134 928 2172 fiat
955 2144 1025 2181 per
1051 2134 1215 2172 modum
1245 2135 1536 2177 similitudinis,
1563 2145 1645 2174 non
1662 2139 1795 2182 potest

171 2184 346 2221 totaliter
364 2191 483 2220 suum
503 2182 701 2229 obJectum
720 2182 945 2219 intellectus
966 2191 1223 2229 cognoscere,
1249 2183 1329 2220 nisi
1350 2182 1493 2220 habeat
1512 2183 1553 2219 in
1575 2192 1618 2220 se
1650 2183 1793 2220 simili-

169 2230 347 2268 tudinem
369 2230 492 2268 totius
513 2229 616 2267 entis
637 2232 675 2266 et
694 2229 873 2266 omnium
895 2228 1206 2266 differentiarum
1229 2229 1337 2276 ejus3
1363 2229 1456 2267 talis
1489 2234 1620 2267 autem
1650 2230 1792 2268 simili·

169 2277 266 2315 tudo
285 2277 410 2315 totius
430 2277 533 2314 entis
556 2285 646 2314 esse
665 2285 747 2313 non
767 2279 898 2322 potest
920 2277 1000 2314 nisi
1021 2280 1163 2314 natura
1181 2276 1349 2321 infinita,
1381 2286 1470 2324 quae
1503 2286 1584 2314 non
1608 2277 1792 2314 determi-

170 2328 287 2361 natur
306 2324 354 2362 ad
375 2324 548 2371 aliquam
571 2323 744 2370 speciem
761 2323 820 2360 vel
840 2333 968 2371 genus
984 2324 1101 2368 entis,
1126 2323 1196 2361 sed
1216 2327 1278 2361 est
1296 2323 1522 2362 universale
1551 2324 1792 2371 principium

170 2375 207 2408 et
227 2372 352 2408 virtus
373 2371 501 2409 activa
519 2371 642 2408 totius
663 2371 779 2411 entis,
802 2371 933 2418 qualis
965 2375 1026 2408 est
1058 2371 1146 2409 sola
1175 2374 1318 2409 natura
1352 2370 1500 2416 divina,
1521 2375 1564 2408 ut
1584 2374 1793 2409 ostensum

169 2421 228 2455 est
251 2418 290 2465 (l.
312 2427 340 2464 1,
363 2428 397 2456 c.
414 2421 460 2456 25
479 2422 516 2456 et
535 2418 616 2465 43);
644 2418 777 2455 omnis
799 2421 930 2456 autem
951 2418 1031 2456 alia
1058 2422 1213 2464 natura,
1245 2427 1368 2466 quum
1404 2418 1459 2456 sit
1494 2419 1707 2456 terminata
1742 2417 1789 2455 ad

169 2464 331 2512 aliquod
351 2474 480 2512 genus
500 2465 728 2512 etspeciem
750 2465 867 2507 entis,
895 2474 977 2503 non
1011 2469 1142 2512 potest
1173 2474 1263 2503 esse
1295 2465 1535 2504 universalis
1570 2464 1790 2504 similitudo

167 2513 291 2565 totius
311 2512 428 2550 entis.
462 2512 711 2560 Relinquitur
739 2512 862 2560 igitur
889 2512 996 2560 quod
1031 2513 1144 2550 solus
1182 2514 1286 2551 Deus
1321 2522 1392 2559 per
1427 2522 1540 2550 suam
1575 2510 1788 2550 essentiam

170 2567 304 2597 omma
321 2564 560 2607 cognoscat;
581 2559 767 2607 quaelibet
786 2563 917 2597 autem
938 2559 1252 2597 substantiarum
1277 2564 1547 2606 separatarum
1575 2567 1646 2604 per
1671 2566 1788 2595 suam

169 2609 350 2644 naturam
368 2607 576 2660 cognoscit
594 2607 766 2654 perfecta
781 2607 1010 2654 cognitione
1031 2616 1146 2645 suam
1166 2607 1340 2654 speciem
1365 2610 1539 2651 tantum;
1565 2604 1790 2642 intellectus

169 2655 300 2703 autem
323 2654 530 2699 possibilis
552 2663 815 2702 nequaquam,
838 2654 906 2691 sed
927 2664 998 2701 per
1017 2655 1190 2701 speciem
1211 2653 1516 2701 intelligibilem,
1539 2652 1643 2689 sicut
1669 2660 1792 2698 supra

169 2697 317 2736 dictum
338 2703 411 2751 est.
434 2702 486 2738 Ex
510 2701 586 2738 hoc
604 2704 736 2739 autem
758 2701 863 2750 quod
881 2702 1106 2740 substantia
1126 2701 1258 2749 aliqua
1280 2704 1341 2738 est
1365 2698 1660 2742 intellectualis,
1681 2707 1789 2735 com-

167 2745 406 2791 prehensiva
425 2751 485 2784 est
499 2749 622 2785 totius
644 2748 766 2793 entis;
788 2749 906 2793 unde,
927 2758 1047 2796 quum
1067 2748 1291 2786 substantia
1309 2749 1492 2793 separata
1510 2754 1580 2791 per
1594 2754 1707 2782 suam
1724 2754 1791 2782 na-

168 2795 297 2844 turam
321 2801 403 2830 non
421 2792 490 2830 fiat
508 2798 598 2831 actu
618 2796 962 2841 comprehendens
981 2800 1108 2833 totum
1128 2804 1214 2839 ens,
1241 2795 1342 2841 ipsa,
1377 2793 1420 2830 in
1457 2801 1532 2830 sua
1565 2792 1790 2830 substantia

168 2838 432 2884 conS1de1-ata,
453 2843 514 2877 est
539 2841 653 2886 quasi
676 2842 853 2887 potentia
873 2843 922 2879 ad
946 2842 1229 2880 similitudines
1251 2839 1523 2887 intelligibiles
1547 2839 1693 2887 quibus
1726 2843 1786 2877 to-

168 2888 252 2925 tum
274 2895 346 2925 ens
365 2888 634 2936 cognoscitur,
655 2893 694 2926 et
709 2889 788 2927 illae
812 2889 1097 2928 similitudines
1116 2891 1233 2928 erunt
1251 2891 1363 2926 actus
1390 2886 1490 2934 ejus,
1519 2887 1561 2924 in
1596 2889 1787 2934 quantum
