1894 3223
653 134 741 170 Lm.
769 133 833 175 ΠΙ,
861 133 964 168 CAP.
991 131 1121 168 cxxii.
1631 137 1701 174 427

127 219 180 256 Ex
211 225 290 265 quo
315 219 420 264 patet
450 214 555 262 quod
576 218 715 251 contra
740 214 888 251 bonum
912 215 1086 254 hominis
1107 218 1165 252 est
1186 214 1319 253 omnis
1340 214 1505 254 emissio
1525 218 1694 255 seminis

75 265 148 304 tali
170 264 289 304 modo
312 262 417 313 quod
435 261 639 309 generatio
654 261 765 308 sequi
788 271 866 298 non
888 262 1033 307 possit;
1053 265 1102 302 et,
1118 262 1151 299 si
1168 272 1214 299 ex
1230 264 1436 309 proposito
1449 263 1524 301 hoc
1539 268 1694 317 agatur,

76 315 235 360 oportet
257 319 346 348 esse
367 312 586 356 peccatum.
610 308 704 345 Dico
734 313 861 344 autem
886 309 1045 345 modum
1068 319 1115 346 ex
1137 319 1215 362 quo
1237 310 1440 356 generatio
1467 319 1580 358 sequi
1617 321 1698 350 non

78 362 208 408 potest
229 357 450 395 secundum
471 366 528 400 se,
552 355 654 392 sicut
675 355 807 392 omnis
830 356 993 392 emissio
1016 357 1182 394 seminis
1204 357 1290 394 sine
1312 358 1482 396 naturali
1504 360 1695 396 commix-

80 407 188 444 tione
209 404 330 442 maris
351 408 388 441 et
410 404 565 440 seminae
589 414 598 439 ε
617 406 778 449 propter
790 402 895 449 quod
919 403 1146 449 hujusmodi
1170 409 1328 450 peccata
1346 410 1485 443 contra
1516 410 1697 443 naturam

79 454 280 492 dicuntur.
299 451 338 489 Si
371 455 502 488 autem
529 459 597 496 per
617 449 802 488 accidens
825 451 1029 496 generatio
1065 460 1111 487 ex
1147 451 1364 489 emissione
1394 454 1560 490 seminis
1583 453 1697 501 sequi

80 497 163 538 hon
194 498 336 546 possit,
367 507 446 535 non
467 500 626 544 propter
660 496 735 534 hoc
764 500 824 534 est
843 499 982 534 contra
1016 501 1212 543 naturam,
1247 508 1319 536 nec
1356 505 1575 546 peccatum,
1596 501 1700 537 sicut

81 546 116 586 si
137 543 341 594 contingat
363 545 568 582 mulierem
591 544 764 582 sterilem
787 552 892 581 esse.

128 593 317 632 Similiter
349 593 467 629 ctiam
502 596 656 638 oportet
688 595 826 629 contra
857 591 1006 628 bonum
1035 591 1212 629 hominis
1231 603 1334 639 esse,
1357 594 1391 631 si
1413 605 1547 633 semen
1572 595 1703 632 taliter

82 641 286 678 emittatur
311 640 416 687 quod
438 639 642 686 generatio
664 639 774 686 sequi
797 638 938 684 possit,
961 637 1029 675 sed
1048 640 1290 678 conveniens
1312 641 1495 679 educatio
1515 642 1702 688 impedia-

82 692 158 725 tur.
182 689 248 725 Est
279 688 383 724 enim
417 686 749 724 considerandum
772 686 876 733 quod
899 686 938 721 in
957 686 1199 724 animalibus
1215 688 1254 723 in
1278 689 1532 740 quibus‘sola
1554 690 1701 726 femina

82 733 232 773 sufficit
260 734 307 772 ad
341 734 465 781 prolis
507 733 797 777 educationem,
820 742 905 769 mas
926 737 963 768 et
984 733 1131 770 femina
1149 739 1239 780 post
1259 735 1406 772 coitum
1446 737 1556 773 nullo
1597 741 1699 773 tem-

81 791 179 829 pore
199 785 465 826 commanent‚
488 781 592 819 sicut
612 785 715 827 patet
735 781 773 816 in
796 780 1264 832 canibus-Quaecumque
1286 791 1376 820 vero
1399 784 1588 820 animalia
1608 787 1703 821 sunt

84 831 126 866 in
147 829 292 876 quibus
315 829 461 865 semina
482 838 560 865 non
583 827 727 866 sufficit
761 827 807 864 ad
841 827 1116 864 educationem
1149 829 1286 874 prolis,
1310 839 1394 867 mas
1426 834 1462 867 et
1483 831 1630 868 semina
1653 831 1703 867 si-

85 876 167 914 mul
189 880 279 922 post
297 877 443 913 coitum
465 879 730 920 commanent,
753 884 961 927 quousque
980 876 1250 912 necessarium
1265 881 1325 914 est
1346 877 1393 914 ad
1414 878 1538 924 prolis
1559 878 1702 915 educa·

86 923 281 961 cationem
302 928 336 959 ct
352 923 669 966 instructionem,
693 922 793 958 sicut
815 925 917 968 patet
940 931 979 957 in
995 922 1233 969 quibusdam
1250 924 1402 969 avibus,
1421 935 1588 972 quarum
1604 925 1702 972 pulli

85 979 168 1007 non
181 971 312 1007 statim
328 974 535 1016 postquam
557 970 634 1005 nati
655 968 1156 1015 suutpossuntsibicibum
1181 981 1476 1016 quaererezcum
1499 973 1604 1009 enim
1619 972 1703 1009 avis

85 1026 168 1054 non
190 1018 338 1053 nutriat
358 1017 455 1053 lacte
473 1017 619 1062 pullos,
642 1015 747 1062 quod
767 1017 806 1052 in
829 1020 1012 1062 promptu
1031 1019 1089 1054 est
1108 1017 1213 1053 velut
1230 1027 1249 1054 a
1271 1022 1411 1055 natura
1427 1025 1703 1065 praeparatum,

87 1065 192 1102 sicut
211 1065 250 1100 in
273 1063 594 1110 quadrupedibus
617 1063 772 1107 accidit,
795 1063 863 1100 sed
895 1067 1073 1108 oporteat
1102 1064 1208 1111 quod
1227 1065 1356 1101 cibum
1382 1066 1555 1102 alienum
1581 1066 1703 1112 pullis

86 1114 249 1158 quaerat,
272 1114 309 1146 et
330 1115 488 1156 propter
520 1109 594 1146 1100
618 1111 656 1145 111
679 1110 847 1146 cibando
870 1119 939 1146 eos
961 1110 1103 1153 foveat,
1128 1119 1209 1148 11011
1230 1111 1429 1148 sufficeret
1451 1113 1499 1149 ad
1521 1113 1596 1150 1100
1618 1112 1706 1150 sola

86 1157 259 1195 femella.
274 1157 382 1194 Unde
402 1167 450 1193 ex
467 1156 599 1193 divina
618 1157 864 1202 providentia
886 1160 945 1192 est
960 1157 1370 1195 naturaliterinditum
1392 1159 1489 1195 mari
1503 1159 1544 1195 in
1558 1159 1706 1197 talibus

87 1204 328 1242 animalibus
364 1207 404 1241 ut
434 1203 876 1240 commaneat-femellae
908 1204 956 1240 ad
988 1204 1263 1242 educationem
1284 1205 1427 1250 foetus;
1451 1207 1705 1243 manifestum

87 1255 150 1290 est
169 1255 299 1288 autem
321 1250 425 1298 quod
447 1251 488 1287 111
508 1250 641 1296 specie
662 1250 836 1288 humana
866 1250 1013 1287 femina
1028 1252 1191 1289 minime
1205 1251 1404 1289 sufficeret
1420 1254 1506 1290 sola
1521 1253 1569 1290 ad
1581 1254 1706 1299 prolis

88 1298 378 1342 educationem,
394 1306 484 1336 cum
502 1297 722 1335 necessitas
743 1298 927 1335 humanae
946 1298 1034 1335 vitae
1055 1299 1180 1336 multa
1195 1300 1382 1346 requirat,
1396 1310 1483 1347 quae
1500 1310 1569 1347 per
1584 1307 1707 1337 unum

88 1345 219 1383 solum
241 1346 368 1391 parari
393 1354 473 1382 non
494 1348 676 1391 possunt.
699 1347 765 1382 Est
780 1345 901 1392 igitur
921 1346 1164 1383 conveniens
1184 1347 1403 1384 secundum
1424 1352 1604 1384 naturam
1634 1348 1706 1384 liu-

88 1402 247 1440 manam
267 1397 311 1429 ,ut
333 1392 453 1429 homo
475 1395 565 1438 post
585 1392 732 1429 coitum
754 1392 910 1429 mulieri
932 1397 1193 1438 commaneat,
1223 1397 1260 1430 et
1290 1403 1368 1431 non
1408 1395 1540 1432 statim
1571 1395 1707 1433 absce-

89 1438 168 1524 gatt,
187 1438 460 1477 indifferenter
476 1438 525 1476 ad
545 1448 835 1486 quamcumque
857 1439 1063 1480 accedens,
1081 1439 1184 1477 sicut
1205 1440 1307 1487 apud
1328 1441 1590 1480 fornicatores
1611 1443 1711 1481 acci-

118 1497 128 1523 1
151 1515 159 1523 .

138 1536 224 1571 Non
242 1537 374 1570 autem
407 1532 498 1571 huic
530 1533 673 1570 rationi
695 1533 825 1571 obstat
846 1533 949 1580 quod
970 1534 1102 1580 aliqua
1123 1534 1267 1571 mulier
1289 1535 1375 1572 suis
1396 1535 1545 1573 divitiis
1566 1541 1708 1582 potens

90 1584 212 1619 estut
236 1580 322 1618 5010
344 1581 490 1617 nutriat
507 1580 660 1623 foetum,
679 1581 772 1628 quia
789 1581 982 1617 rectitudo
1000 1581 1191 1618 naturalis
1206 1582 1446 1620 inhumanis
1459 1583 1613 1621 actibus
1626 1592 1707 1621 non

86 1632 152 1666 est
177 1627 397 1666 secundum
426 1637 472 1664 ea
489 1637 576 1674 quae
595 1637 665 1673 per
684 1628 869 1664 accidens
891 1628 1128 1674 contingunt
1147 1628 1188 1665 in
1210 1638 1290 1666 uno
1310 1630 1528 1674 individuo,
1552 1631 1622 1667 sed
1645 1640 1706 1668 50-

90 1675 266 1713 cundum
281 1684 327 1711 ea
347 1683 435 1722 quae
453 1678 574 1711 totam
594 1675 766 1722 speciem
789 1680 1101 1722 consequuntur.

138 1723 300 1760 Rursus·
321 1720 656 1759 considerandum
684 1725 756 1766 est,
780 1722 887 1769 quod
907 1722 947 1759 in
970 1722 1101 1768 specie
1123 1722 1282 1767 limana,
1304 1724 1437 1769 proles
1457 1733 1538 1762 non
1556 1724 1710 1772 indiget

90 1769 178 1807 sola
208 1768 427 1806 nutritione
446 1772 637 1816 quantum
659 1768 707 1805 ad
728 1777 873 1815 corpus
893 1772 937 1806 ut
955 1769 997 1806 in
1016 1769 1271 1814 animalibus,
1306 1771 1374 1807 sed
1397 1771 1515 1808 etiam
1537 1771 1708 1809 instruc-

85 1816 199 1854 tione
222 1819 415 1863 quantum
445 1814 493 1851 ad
524 1815 697 1852 animam
719 1826 727 1852 :
750 1824 842 1852 nam
876 1816 952 1853 alia
980 1816 1169 1853 animalia
1196 1818 1437 1854 'naturaliter
1455 1819 1599 1856 habent
1615 1827 1710 1857 suas

51 1902 55 1905 ,
88 1862 336 1910 prudentias,
369 1862 515 1910 quibus
545 1862 620 1899 sibi
651 1862 857 1909 providere
877 1862 1053 1909 possint;
1088 1863 1209 1900 homo
1244 1868 1374 1901 autem
1415 1865 1582 1902 ratione⁴
1600 1865 1709 1911 vivit,

89 1919 208 1961 quem
226 1909 422 1957 perlongi
443 1910 634 1956 temporis
650 1910 961 1955 experimentum
978 1910 1024 1947 ad
1046 1910 1295 1957 prudentiam
1311 1913 1515 1957 pervenire
1536 1916 1708 1959 oportet:

88 1957 196 1996 'unde
210 1965 377 1994 necesse
398 1960 459 1994 est
474 1960 517 1993 111
530 1956 616 1994 fillii
639 1966 662 1994 a
680 1956 912 2004 parentibus
931 1957 1044 2004 quasi
1062 1957 1144 2004 jam
1165 1959 1336 2004 expertis
1354 1959 1616 2005 instruantur,
1640 1969 1712 1998 nec

85 2004 211 2051 *hujus
229 2004 510 2041 instructionis
547 2008 642 2041 sunt
673 2013 838 2050 capaces
858 2013 952 2042 mox
972 2005 1109 2051 geniti,
1133 2005 1201 2042 sed
1222 2010 1312 2052 post
1341 2006 1505 2053 longum
1540 2011 1710 2054 tempus,

90 2055 130 2088 et
149 2051 348 2098 praecipue
363 2060 454 2089 cum
474 2050 523 2089 ad
542 2060 670 2088 annos
692 2051 946 2088 discretionis
965 2052 1228 2098 pervenerint.
1241 2053 1295 2090 Ad
1312 2053 1413 2090 hanc
1429 2054 1545 2092 etiam
1569 2055 1713 2092 instru-

90 2098 264 2136 ctionem
284 2098 447 2145 longum
469 2101 625 2144 tempus
646 2098 861 2146 requiritur
877 2110 884 2144 ;
901 2102 937 2135 et
951 2102 1045 2136 tunc
1066 2099 1183 2136 etiam
1200 2101 1542 2147 propterimpetus
1558 2102 1712 2148 passio-

90 2154 187 2183 num
207 2145 352 2193 quibus
371 2145 636 2192 corrumpitur
654 2146 864 2183 aestimatio
896 2145 1114 2191 prudentiae
1139 2146 1291 2194 indiget
1307 2156 1387 2185 nou
1400 2148 1714 2186 soluminstruc-

89 2192 288 2238 tione‚sed
297 2192 414 2229 etiam
428 2192 752 2239 repressionem
764 2193 839 2229 hoc
849 2196 978 2230 autem
990 2193 1228 2230 muliersola
1243 2203 1323 2231 non
1333 2194 1494 2239 sufficit,
1506 2196 1574 2232 sed
1585 2196 1712 2242 magis

90 2239 133 2277 in
154 2239 229 2277 hoc
243 2239 457 2287 requiritur
476 2248 577 2286 opus
592 2239 728 2284 maris,
747 2239 789 2276 in
810 2248 888 2286 quo
910 2244 969 2276 est
1001 2243 1038 2276 et
1064 2241 1164 2277 ratio
1196 2241 1408 2287 perfectior
1438 2242 1487 2279 ad
1514 2243 1710 2280 instruen-

89 2287 186 2324 dum
201 2291 240 2324 et
254 2286 380 2324 virtus
400 2287 600 2333 potentior
620 2286 668 2324 ad
689 2286 980 2333 castigandum.
1001 2288 1162 2333 Oportet
1181 2287 1303 2334 igitur
1323 2289 1363 2325 in
1384 2289 1515 2335 specie
1537 2289 1712 2327 humana

92 2341 175 2372 non
193 2342 356 2380 parvum
381 2337 536 2381 tempus
557 2333 743 2371 insistere
763 2334 1005 2380 promotioni
1028 2334 1166 2380 prolis,
1186 2336 1289 2372 sicut
1317 2335 1356 2372 in
1378 2336 1531 2381 avibus,
1554 2336 1623 2373 sed
1643 2345 1712 2382 per

91 2388 281 2427 magnum
299 2380 470 2426 spatium
487 2380 589 2419 vitae.
609 2381 732 2427 Unde,
750 2390 839 2418 cum
856 2381 1127 2418 necessarium
1145 2381 1196 2418 sit
1210 2391 1360 2419 marem
1370 2382 1527 2420 feminae
1543 2391 1713 2420 00111111οτ

90 2435 188 2464 11010
203 2426 246 2463 111
265 2426 453 2463 omnibus
468 2427 709 2465 animalibus
730 2436 940 2475 quousque
961 2437 1062 2475 opus
1082 2428 1206 2474 patris
1224 2430 1497 2466 necessarium
1514 2432 1574 2466 cst
1592 2429 1710 2476 proli,

90 2473 273 2511 naturale
294 2476 353 2510 est
374 2473 527 2510 homini
551 2474 657 2520 quod
679 2483 759 2511 non
780 2475 981 2512 modicum
1010 2478 1181 2521 tempus,
1204 2475 1272 2512 sed
1296 2475 1520 2512 diuturnam
1542 2476 1713 2517 societa-

88 2523 170 2558 tem
186 2519 399 2557 habeatvir
420 2520 467 2556 ad
489 2520 788 2558 determinatam
806 2521 1027 2558 mulierem.
1050 2523 1158 2558 Hanc
1178 2525 1307 2559 autem
1331 2522 1563 2560 societatem
1583 2523 1716 2561 matri-

90 2567 272 2605 monium
293 2576 497 2603 vocamus.
518 2569 585 2603 Est
618 2567 744 2614 igitur
759 2568 1056 2604 matrimonium
1090 2568 1244 2605 homini
1266 2569 1459 2615 naturale,
1482 2573 1520 2607 et
1539 2570 1711 2609 fornica·

90 2615 177 2652 rius
196 2614 340 2659 coitus,
363 2613 430 2661 qui
451 2617 511 2651 est
543 2616 685 2660 praeter
713 2614 1023 2659 matrimonium,
1046 2617 1107 2652 est
1125 2619 1263 2652 contra
1285 2615 1461 2654 hominis
1478 2616 1628 2655 honum
1649 2628 1657 2652 :
1678 2620 1718 2654 et

90 2661 252 2711 ‘propter
272 2660 349 2699 hoc
369 2665 524 2708 oportet
541 2662 674 2708 ipsum
691 2670 780 2699 esse
799 2665 1018 2708 peccatum.
1566 2701 1568 2703 ,

94 2717 98 2721 ”
139 2710 219 2746 Nec
237 2711 371 2746 tamen
392 2711 546 2755 oportet
565 2708 737 2755 reputari
759 2709 842 2745 leve
869 2713 1071 2754 peccatum
1096 2717 1203 2754 esse,
1222 2709 1256 2746 si
1275 2710 1365 2757 quis
1398 2711 1565 2749 seminis
1599 2712 1715 2750 emis·

93 2755 249 2794 sionem
282 2758 469 2802 procuret
486 2759 628 2802 praeter
655 2755 830 2792 debitum
851 2756 1122 2803 generationis
1142 2760 1180 2793 et
1200 2756 1448 2796 educationis
1467 2757 1601 2804 finem,
1623 2768 1714 2805 pro-

91 2805 180 2849 pter
197 2799 274 2840 hoc
289 2802 395 2851 quod
414 2806 481 2840 aut
500 2803 597 2843 leve,
620 2806 687 2839 aut
707 2802 861 2840 nullum
882 2806 1087 2849 peccatum
1107 2806 1169 2840 est
1188 2803 1221 2840 si
1242 2804 1333 2851 quis
1353 2804 1485 2853 aliqua
1505 2806 1715 2853 suicorpo-

92 2849 150 2887 ris
183 2853 294 2896 parte
328 2853 460 2887 utatur
498 2849 547 2886 ad
578 2849 701 2887 alium
738 2858 855 2887 usum
888 2859 1006 2896 quam
1044 2849 1093 2888 ad
1123 2858 1213 2888 eum
1242 2850 1292 2888 ad
1311 2861 1429 2898 quem
1450 2853 1502 2890 sit
1522 2853 1706 2890 ordinata

92 2895 313 2934 secundum
349 2900 545 2942 naturam,
575 2899 620 2934 ut
638 2897 672 2934 si
693 2898 797 2944 quis,
829 2897 938 2934 verbi
958 2896 1099 2944 gratia,
1119 2896 1307 2935 manibus
1327 2899 1501 2936 ambulet
1521 2904 1589 2937 aut
1608 2899 1714 2946 pedi-
