1894 3223
702 142 787 178 LIB.
816 142 880 183 ΠΙ,
910 141 1010 177 ΟΑΡ.
1038 141 1136 177 XXV.
1658 140 1725 175 287

99 223 187 262 dem
219 222 353 266 modo,
374 221 594 260 secundum
625 222 731 268 quod
752 226 813 259 est
831 222 916 268 cJ'us
938 222 1155 268 proprium,
1179 222 1331 259 ratione
1355 220 1549 258 individui
1572 223 1638 265 ;et
1667 221 1727 259 sic

98 280 122 308 a
152 270 403 317 petitanimal
419 279 534 307 suum
553 269 715 311 bonum,
730 269 835 316 quod
856 269 1003 315 appetit
1023 269 1152 306 cibum
1176 278 1255 315 quo
1276 269 1315 305 in
1341 278 1430 306 esse
1452 271 1726 305 conservatur.

98 320 128 355 A
147 318 185 355 io
214 317 333 354 modo
365 316 585 354 secundum
616 317 721 369 quod
744 320 804 353 cst
824 316 923 361 ejus,
949 316 1102 353 ratione
1129 316 1275 362 speciei
1297 328 1306 360 3
1329 316 1445 353 etsie
1467 315 1614 361 appetit
1637 323 1728 367 pro·

98 365 228 412 prium
260 364 410 401 honum
442 364 603 406 animal,
630 373 669 400 in
704 367 896 410 quantum
932 364 1081 409 appetit
1118 363 1416 409 generationem
1436 363 1561 409 prolis
1583 366 1620 398 et
1640 370 1728 408 ejus

99 412 374 453 nutritionem.
395 411 455 448 vel
476 411 510 448 si
532 411 682 457 aliquid
705 411 813 447 atiud
835 414 1019 456 operetur
1034 411 1079 447 ad
1096 411 1440 447 conservationem
1456 410 1516 447 vel
1533 410 1731 447 defensio·

98 467 189 496 nem
211 458 509 496 individuorum
532 467 616 495 suae
638 458 805 505 speciei.
825 459 954 494 Tertio
975 467 1067 495 vero
1086 458 1218 499 modo,
1241 458 1393 494 ratione
1415 457 1573 504 generis
1588 469 1596 500 3
1613 460 1650 493 et
1670 456 1731 495 sic

102 506 249 552 appetit
280 505 484 551 proprium
517 504 667 542 honum
703 506 743 541 in
776 505 978 542 causando
1010 514 1133 551 agens
1160 505 1420 556 aequivocum,
1443 505 1547 542 sicut
1569 504 1729 541 coelum.

103 553 253 597 Quarto
283 556 413 590 autem
446 553 580 594 modo,
618 553 770 589 ratione
803 551 1080 590 similitudinis
1111 552 1306 597 analogice
1334 552 1660 597 principiatorum
1680 550 1730 588 ad

102 607 223 638 suum
244 599 482 646 principium
500 612 508 644 ;
533 599 646 637 etsie
664 601 786 644 Deus,
806 600 873 646 qui
892 603 953 637 est
972 603 1082 637 extra
1102 607 1244 646 genus,
1269 601 1428 645 propter
1446 607 1564 636 suum
1579 598 1729 636 bonum

104 647 294 685 omnibus
315 647 434 684 rebus
451 647 516 684 dat
537 656 641 685 esse.

149 695 203 731 Ex
222 704 302 741 quo
322 698 426 740 patet
445 694 565 741 quod,
587 697 736 741 quanto
754 693 904 741 aliquid
927 696 988 731 est
1004 692 1251 739 perfectioris
1263 692 1421 729 virtutis
1434 692 1728 731 eteminentius

99 741 139 778 in
159 742 284 789 gradu
313 741 518 785 bonitatis,
552 746 661 778 tanto
693 742 908 787 appetitum
936 741 1029 777 honi
1051 740 1367 792 communiorem
1390 739 1505 776 habet
1529 743 1566 775 et
1592 740 1726 787 magis

98 788 142 825 in
170 788 413 826 distantibus
443 798 466 826 a
485 798 528 826 se
549 789 697 825 bonum
719 788 859 835 quaerit
876 792 913 825 et
931 791 1128 833 operatur.
1151 789 1248 824 Nam
1264 787 1495 832 imperfecta
1515 786 1564 823 ad
1591 787 1726 824 solum

98 834 250 873 bonurn
273 836 421 882 proprii
451 835 644 873 individui
678 835 870 878 tendunt;
892 836 1065 881 perfecta
1083 843 1177 872 vero
1198 834 1246 871 ad
1267 835 1417 871 bonum
1439 834 1588 880 speciei
1611 845 1621 878 3
1643 843 1729 880 per-

100 882 266 920 fectiora
281 892 387 923 vero,
411 882 459 920 ad
479 883 627 920 bonum
650 883 833 930 generis3
855 884 959 920 Deus
977 885 1109 919 autem
1127 881 1447 928 perfectissimus
1469 881 1512 918 in
1532 880 1727 925 bonitate,

99 929 149 967 ad
177 930 328 967 bonum
359 931 482 967 totius
514 930 632 966 entis.
665 929 772 965 Unde
803 937 883 966 non
914 929 1111 966 immerito
1145 927 1597 975 dicituraquihusdam
1619 928 1729 975 quod

99 975 250 1014 bonum
272 978 311 1013 in
334 981 525 1024 quantum
547 976 791 1022 hujusmodi,
813 980 874 1013 est
894 975 1125 1014 diffusivum
1146 988 1154 1020 ;
1177 976 1271 1022 quia
1290 979 1439 1022 quanto
1458 975 1731 1022 aliquidinve-

100 1024 208 1061 nitur
241 1023 399 1064 melius,
435 1027 546 1061 tanto
579 1023 627 1060 ad
656 1023 875 1060 remotiora
910 1023 1127 1060 honitatem
1147 1032 1261 1060 suam
1282 1022 1481 1059 diffundit.
1504 1024 1548 1059 Et
1569 1022 1663 1069 quia
1688 1022 1732 1060 in

100 1070 448 1118 quolibetgenere‚
462 1070 566 1118 quod
581 1073 641 1108 est
656 1070 993 1116 perfectissimum
1012 1074 1072 1107 est
1085 1070 1285 1116 exemplar
1299 1073 1337 1107 et
1351 1078 1538 1107 mensura
1551 1070 1729 1107 omnium

102 1126 192 1164 quae
212 1122 306 1155 sunt
324 1117 419 1155 illus
439 1117 617 1165 generis,
638 1121 793 1163 oportet
812 1118 918 1164 quod
942 1119 1060 1158 Deus,
1080 1118 1146 1163 qui
1169 1121 1227 1154 est
1247 1117 1288 1153 in
1322 1117 1500 1154 bonitate
1532 1117 1733 1162 perfectis-

103 1164 234 1202 simus
266 1168 302 1202 et
333 1173 446 1202 suam
478 1164 697 1202 bonitatem
731 1164 1062 1202 communissime
1080 1163 1324 1209 diffundenS,
1347 1164 1387 1200 in
1423 1173 1496 1201 sua
1516 1163 1732 1202 diffusione

104 1211 159 1250 sit
180 1211 382 1259 exemplar
401 1212 579 1250 omnium
599 1211 815 1249 bonitatem
838 1211 1167 1255 diffundentium;
1188 1212 1230 1248 in
1249 1214 1439 1259 quantum
1462 1211 1568 1248 enim
1589 1220 1733 1248 unum-

101 1259 288 1306 quodque
311 1260 573 1297 communius
593 1258 808 1297 bonitatem
830 1258 1016 1296 diffundit
1034 1259 1077 1296 in
1097 1259 1189 1303 alia,
1208 1258 1253 1295 fit
1272 1259 1389 1296 altior
1408 1267 1542 1296 causa.

149 1306 248 1343 Hinc
269 1306 388 1344 etiam
407 1310 520 1353 patet
536 1306 641 1354 quod
663 1306 975 1353 unumquodque
995 1306 1164 1344 tendens
1185 1306 1232 1343 ad
1267 1306 1343 1343 hoc
1363 1306 1469 1354 quod
1491 1307 1543 1343 sit
1562 1305 1732 1343 aliorum

101 1361 239 1398 causa,
259 1353 386 1391 tendit
414 1354 457 1391 in
494 1353 671 1391 divinam
701 1353 1020 1399 similitudinem,
1041 1358 1080 1391 et
1111 1353 1377 1391 nihilominus
1407 1353 1534 1390 tendit
1553 1353 1594 1389 in
1615 1361 1732 1390 suum

99 1398 265 1438 bonum.
286 1402 372 1438 Non
401 1404 462 1439 est
502 1410 598 1448 ergo
636 1401 928 1438 inconveniens
966 1401 1001 1438 si
1037 1404 1172 1438 motus
1207 1408 1418 1447 corporum
1439 1400 1659 1439 coelestium
1696 1402 1735 1436 et

102 1447 283 1485 actiones
317 1450 517 1486 motorum
547 1456 686 1486 eorum
708 1448 891 1485 dicantur
910 1456 1000 1485 esse
1029 1448 1256 1495 aliqualiter
1273 1452 1433 1494 propter
1462 1448 1545 1485 haec
1566 1455 1734 1492 corpora

105 1502 193 1540 quae
229 1498 471 1541 generantur
500 1498 539 1532 et
569 1499 891 1541 corrumpuntur,
913 1504 1001 1541 quae
1032 1499 1126 1532 sunt
1145 1495 1204 1532 eis
1235 1495 1485 1542 indigniora3
1508 1503 1589 1531 non
1627 1493 1733 1531 enim

102 1544 198 1578 sunt
213 1545 374 1587 propter
394 1541 479 1579 haec
499 1542 604 1580 sicut
622 1546 781 1588 propter
812 1542 996 1579 ultimum
1023 1540 1171 1587 finem;
1200 1542 1284 1586 sed,
1301 1542 1554 1579 intendentes
1588 1541 1732 1578 horum

98 1588 412 1672 getaeratiogem
425 1588 638 1627 intendunt
653 1597 772 1626 suum
791 1588 941 1626 bonum
954 1591 993 1626 et
1022 1588 1198 1626 divinam
1218 1588 1520 1627 similitudinem
1537 1592 1728 1636 tanquam

101 1644 127 1672 u
164 1644 287 1673 imum
338 1644 442 1674 nem.

759 1746 929 1790 CAPUT
951 1747 1073 1790 XXV.

132 1850 144 1854 “
169 1862 270 1896 QUOD
287 1860 542 1892 INTELLIGERE
558 1861 667 1892 DEUM
682 1861 756 1891 EST
777 1861 883 1892 FINIS
907 1860 1026 1892 OMNIS
1049 1861 1375 1893 INTELLEGTUALIS
1394 1863 1659 1893 SUBSTANTIAE.

146 1965 276 2010 Quum
295 1969 427 2003 autem
447 1974 589 2003 omnes
609 1968 813 2010 creaturae,
835 1966 955 2003 etiam
984 1965 1189 2003 intellectu
1210 1970 1406 2012 carentes,
1428 1967 1666 2004 ordinentur
1690 1967 1733 2005 in

98 2013 222 2050 Deum
239 2012 344 2050 sicut
362 2012 403 2050 in
423 2011 544 2050 finem
565 2012 763 2058 ultimum,
782 2012 831 2050 ad
853 2013 960 2050 hunc
977 2017 1108 2050 autem
1127 2013 1246 2051 finem
1267 2014 1496 2061 pertingant
1514 2015 1667 2059 omnia,
1690 2014 1734 2051 in

99 2063 290 2106 quantum
308 2059 355 2096 de
373 2059 637 2097 similitudine
657 2060 744 2105 ejus
758 2060 908 2107 aliquid
944 2061 1194 2106 participant,
1216 2061 1507 2099 intellectuales
1541 2066 1734 2100 creaturae

99 2105 482 2158 aliquospecialiori
503 2107 622 2143 modo
639 2107 688 2144 ad
709 2107 841 2153 ipsum
869 2108 1112 2155 pertingunt,
1126 2108 1280 2145 scilicet
1298 2116 1368 2154 per
1400 2117 1516 2146 suam
1533 2109 1734 2157 propriam

100 2156 372 2199 operationem
393 2153 654 2199 intelligendo
674 2154 830 2199 ipsum;
851 2155 956 2192 unde
976 2158 1133 2201 oportet
1147 2155 1254 2202 quod
1274 2155 1351 2193 hoc
1367 2155 1422 2193 sit
1440 2155 1535 2194 finis
1556 2156 1733 2193 intellec-

99 2199 220 2237 tualis
239 2203 443 2245 creaturae,
463 2200 616 2238 scilicet
642 2200 865 2248 intelligere
886 2203 1024 2239 Deum.

147 2247 319 2284 Ultimus
352 2247 459 2284 enim
479 2246 573 2285 finis
592 2247 804 2294 cujuslibet
824 2248 878 2286 rei
902 2252 963 2286 est
992 2249 1112 2294 Deus,
1132 2252 1176 2286 ut
1194 2252 1403 2287 ostensum
1421 2253 1484 2287 est
1501 2248 1551 2297 (c.
1575 2249 1648 2296 18).
1670 2251 1732 2286 ln-

99 2293 231 2331 tendit
249 2294 373 2340 igitur
389 2295 702 2342 unumquodque
727 2295 831 2332 sicut
849 2295 991 2332 ultimo
1011 2295 1082 2332 fini
1108 2297 1189 2333 Deo
1207 2296 1414 2343 conjungi,
1435 2299 1584 2343 quanto
1602 2296 1734 2342 magis

102 2340 185 2393 sihi·
199 2340 394 2387 possibile
425 2344 501 2378 est.
520 2341 699 2379 vicinius
718 2346 851 2379 autem
874 2343 1131 2389 conjungitur
1150 2343 1300 2389 aliquid
1327 2344 1408 2380 Deo
1426 2352 1498 2389 per
1530 2343 1607 2380 hoc
1627 2342 1735 2389 quod

104 2387 154 2425 ad
175 2396 303 2434 ipsam
338 2387 605 2425 substantiam
633 2389 720 2436 ejus
750 2389 884 2436 aliquo
905 2390 1024 2426 modo
1046 2389 1235 2436 pertingit
1256 2389 1375 2437 (quod
1406 2389 1450 2426 sit
1471 2390 1561 2426 dum
1585 2389 1737 2436 aliquid

106 2435 202 2482 quis
224 2435 437 2481 cognoscit
455 2434 503 2471 de
521 2435 656 2472 divina
675 2435 927 2482 substantia),
942 2445 1060 2483 quam
1075 2436 1167 2473 dum
1184 2436 1443 2483 consequitur
1456 2436 1542 2483 ejus
1561 2437 1735 2483 aliquam

109 2481 428 2520 similitudinem.
449 2480 678 2519 Substantia
706 2483 1119 2529 igiturintellectualis
1137 2482 1263 2520 tendit
1280 2483 1323 2520 in
1343 2483 1518 2520 divinam
1538 2484 1734 2530 cognitio-

103 2535 195 2566 nem
218 2529 322 2566 sicut
341 2529 382 2566 in
404 2528 588 2566 ultimum
610 2528 745 2566 finem.

145 2577 247 2617 Item,
269 2575 428 2622 propria
454 2576 631 2622 operatio
658 2575 870 2622 cujuslibet
895 2576 952 2613 rei
973 2580 1034 2614 est
1063 2576 1157 2614 finis
1176 2576 1292 2623 ejus;
1328 2580 1391 2614 est
1419 2577 1526 2616 enim
1559 2578 1736 2617 secunda

103 2623 295 2669 perfectio
315 2623 469 2669 ipsius:
488 2623 593 2660 unde
612 2624 719 2670 quod
740 2623 788 2660 ad
808 2623 1008 2669 propriam
1028 2623 1298 2669 operationem
1312 2622 1414 2661 bene
1437 2633 1481 2662 se
1501 2625 1619 2663 habet
1640 2625 1734 2663 dici-

101 2673 169 2708 tur
189 2670 412 2708 virtuosum
443 2673 481 2706 et
502 2669 668 2707 honum.
689 2669 915 2717 Intelligere
935 2674 1065 2708 autem
1087 2673 1147 2708 est
1166 2671 1327 2717 propria
1346 2671 1524 2718 operatio
1545 2672 1733 2711 substan-

101 2716 169 2754 tiae
193 2716 492 2754 intellectualis.
511 2718 599 2764 ipsa
618 2717 741 2763 igitur
757 2720 818 2754 est
830 2716 923 2754 finis
936 2717 1035 2763 ejus.
1051 2717 1164 2762 Quod
1184 2718 1305 2764 igitur
1316 2721 1377 2756 est
1395 2719 1733 2765 perfectissimum

101 2761 144 2800 in
164 2763 241 2801 hac
255 2764 499 2810 operatione,
513 2764 589 2801 hoc
608 2767 669 2801 est
688 2763 853 2801 ultimus
871 2763 979 2808 finis,
998 2768 1037 2801 et
1053 2764 1249 2810 praecipue
1268 2765 1309 2802 in
1328 2766 1628 2812 operationibus
1646 2774 1734 2813 quae

101 2817 184 2847 non
204 2811 439 2848 ordinantur
470 2811 519 2848 ad
539 2811 674 2858 aliqua
693 2815 866 2857 operata,
891 2811 994 2848 sicut
1014 2815 1075 2848 est
1093 2811 1318 2859 intelligere
1338 2817 1376 2849 et
1413 2814 1575 2851 sentire.
1601 2814 1732 2858 Quum

104 2859 236 2894 autem
248 2857 476 2904 hujusmodi
492 2858 745 2904 operationes
760 2867 806 2894 ex
823 2857 990 2904 objectis
1006 2859 1179 2904 speciem
1195 2859 1403 2905 recipiant,
1420 2869 1491 2907 per
1505 2870 1592 2907 quae
1611 2860 1730 2897 etiam

106 2908 419 2950 cognoscuntur,
441 2909 597 2952 oportet
616 2905 722 2952 quod
742 2908 852 2943 tanto
872 2905 926 2943 sit
953 2906 1166 2952 perfectior
1184 2906 1319 2954 aliqua
1344 2906 1513 2945 istarum
1534 2907 1732 2953 operatio-
