1894 3223
168 73 235 110 168
772 69 860 105 LIB.
888 69 936 114 II,
963 69 1065 106 CAP.
1094 68 1181 106 LIV.

829 212 998 256 CAPUT
1025 213 1130 255 LIII.

202 327 303 363 QUOD
329 327 371 356 IN
396 326 647 358 SUBSTANTIIS
670 327 1047 357 INTELLECTUALIBUS
1074 327 1234 357 GREATIS
1260 327 1331 356 EST
1352 325 1474 356 ACTUS
1500 326 1551 356 ET
1575 325 1770 357 POTENTIA

215 430 269 466 Ex
297 428 373 466 hoc
401 431 532 465 autem
563 428 765 466 evidenter
799 433 960 476 apparet
991 429 1098 476 quod
1123 430 1165 466 in
1185 429 1423 467 substantiis
1449 429 1792 468 intellectualibus

167 475 311 514 creatis
332 477 392 512 est
411 475 650 521 compositio
664 479 776 513 actus
788 480 826 513 et
841 477 1040 522 potentiae.
1065 479 1107 512 In
1128 485 1379 523 quocumque
1403 476 1509 513 enim
1531 476 1795 513 inveniuntur

167 523 302 570 aliqua
329 522 422 567 duo,
450 531 621 569 quorum
653 531 778 560 unum
804 528 864 561 est
884 523 1218 568 complementum
1240 524 1418 567 alterius,
1440 524 1646 569 proportio
1665 524 1790 561 unius

168 578 307 607 eorum
336 568 386 606 ad
417 569 586 606 alterum
615 573 677 606 est
708 570 812 607 sicut
838 570 1041 617 proportio
1076 570 1263 616 potentiae
1291 571 1340 607 ad
1359 574 1517 615 actum3
1553 570 1654 607 nihil
1685 570 1794 607 enim

167 616 389 662 completur
414 615 493 653 nisi
521 625 591 662 per
623 616 827 663 proprium
860 621 1006 654 actum.
1040 619 1083 653 In
1116 617 1343 654 substantia
1372 621 1501 654 autem
1525 616 1791 654 intellectuali

168 666 301 701 creata
327 662 585 700 inveniuntur
613 663 706 708 duo,
728 664 881 700 scilicet
910 662 1133 701 substantia
1165 663 1252 709 ipsa
1281 667 1320 700 et
1345 673 1434 701 esse
1456 663 1555 710 ejus,
1579 664 1686 711 quod
1710 672 1794 701 non

168 713 230 747 est
248 709 337 756 ipsa
357 709 596 755 substantia,
618 713 661 747 ut
681 713 888 748 ostensum
909 714 971 748 est
991 709 1040 757 (c.
1063 709 1137 756 52).
1161 713 1295 756 Ipsum
1318 714 1449 748 autem
1471 719 1561 747 esse
1595 713 1657 747 est
1685 719 1795 747 com-

166 757 411 804 plementum
441 756 676 795 substantiae
708 758 916 795 existentis
939 769 948 802 ;
978 757 1292 803 unumquodque
1313 757 1416 794 enim
1441 761 1531 794 actu
1552 759 1612 793 est
1629 766 1699 803 per
1719 757 1797 795 hoc

168 803 276 850 quod
308 812 398 840 esse
430 803 561 841 habet.
594 804 845 851 Relinquitur
875 804 997 851 igitur
1017 804 1123 851 quod
1143 804 1184 840 in
1205 804 1381 851 qualibet
1400 804 1679 850 praedictarum
1701 803 1796 842 sub·

170 850 407 888 stantiarum
427 850 477 887 sit
493 850 731 896 compositio
752 855 865 891 actus
884 855 922 888 et
942 851 1143 898 potentiae.

215 898 399 943 Amplius,
424 898 529 944 quod
561 898 666 935 inest
696 897 815 935 alicui
845 898 892 935 ab
926 902 1066 945 agente
1087 901 1241 944 oportet
1261 906 1350 936 esse
1367 901 1498 935 actum
1516 897 1795 945 ejus.Agentis

170 944 275 981 enim
304 948 366 981 est
395 944 524 981 facere
559 944 709 991 aliquid
742 948 845 982 actu.
883 945 1097 983 ostensum
1125 948 1257 982 autem
1287 948 1348 982 est
1379 954 1500 991 supra
1522 945 1571 992 (c.
1596 944 1655 991 15)
1683 945 1792 992 quod

171 1000 311 1028 omnes
327 991 656 1029 aliaesubstantiae
669 991 814 1029 habent
830 1001 918 1029 esse
934 1002 956 1029 a
974 992 1101 1038 primo
1124 996 1289 1038 agente;
1312 995 1348 1028 et
1374 1001 1444 1038 per
1475 992 1550 1029 boc
1576 991 1674 1037 ipsae
1702 991 1798 1029 sub·

171 1038 326 1075 stantiae
358 1042 498 1075 creatae
531 1041 638 1083 sunt,
657 1039 762 1086 quod
784 1048 872 1076 esse
894 1040 942 1076 ab
961 1040 1039 1076 alio
1062 1039 1221 1076 habent.
1243 1041 1376 1084 Ipsum
1408 1039 1530 1086 igitur
1567 1048 1656 1076 esse
1690 1038 1798 1075 inest

171 1085 409 1122 substantiis
440 1086 583 1122 creatis
614 1090 657 1122 ut
688 1086 848 1133 quidam
878 1089 990 1123 actus
1020 1086 1211 1131 ipsarum.
1234 1086 1274 1122 Id
1302 1089 1432 1122 autem
1454 1086 1516 1122 cui
1539 1089 1651 1122 actus
1671 1085 1794 1130 inest,

169 1132 346 1178 potentia
361 1136 440 1176 cst;
462 1141 553 1168 nam
572 1136 699 1177 actus,
712 1133 753 1169 in
769 1137 960 1180 quantum
980 1133 1224 1179 hujusmodi,
1240 1132 1289 1169 ad
1306 1133 1523 1178 potentiam
1541 1133 1722 1169 refertur.
1746 1133 1792 1169 In

170 1178 347 1226 qualibet
366 1178 488 1225 igitur
507 1179 730 1216 substantia
749 1184 880 1217 creata
903 1183 964 1217 est
980 1180 1157 1226 potentia
1176 1183 1215 1216 et
1234 1183 1360 1216 actus.

217 1226 318 1266 Item,
338 1233 456 1278 omne
476 1226 718 1272 participans
736 1227 886 1274 aliquid
903 1230 1154 1272 comparatur
1172 1227 1219 1263 ad
1241 1227 1372 1272 ipsum
1392 1225 1500 1309 {quod
1518 1226 1793 1278 participatur,

170 1274 215 1308 ut
244 1275 420 1318 potentia
437 1273 485 1309 ad
505 1276 635 1310 actum
659 1283 752 1320 :per
771 1274 810 1310 id
832 1274 936 1310 enim
969 1274 1074 1321 quod
1108 1273 1363 1319 participatur
1406 1277 1435 1309 1t
1465 1276 1711 1318 participans
1732 1282 1797 1309 ac-

169 1319 291 1355 tuale.
312 1319 525 1356 ostensum
545 1324 676 1357 autem
698 1323 758 1357 est
777 1330 896 1367 supra
918 1321 957 1367 (l.
973 1330 1000 1366 Ι,
1017 1331 1050 1357 c.
1065 1323 1125 1365 22,
1142 1324 1179 1357 et
1199 1321 1224 1357 l.
1245 1329 1287 1364 Π,
1304 1330 1338 1357 c.
1356 1320 1415 1366 52)
1437 1319 1542 1366 quod
1558 1320 1670 1356 solus
1691 1321 1798 1356 Deus

171 1368 233 1402 est
265 1366 531 1403 essentialiter
561 1376 647 1411 ens,
681 1368 817 1404 omnia
843 1371 974 1404 autem
1005 1367 1083 1405 alia
1114 1367 1352 1412 participant
1380 1367 1514 1413 ipsum
1552 1375 1657 1404 esse.
1684 1367 1798 1404 Com-

169 1415 335 1494 palraturv
366 1413 488 1458 igitur
510 1413 735 1451 substantia
763 1415 895 1452 omnis
928 1417 1060 1452 creata
1087 1413 1135 1451 ad
1175 1422 1294 1452 suum
1314 1422 1404 1452 esse
1423 1413 1528 1451 sicut
1547 1413 1727 1460 potentia
1747 1413 1796 1451 ad

171 1467 218 1496 ac
238 1467 319 1495 um.

219 1507 411 1558 Praeterea,
430 1506 667 1545 assimilatio
685 1507 855 1554 alicujus
876 1508 924 1545 ad
946 1517 1107 1547 causam
1129 1510 1311 1556 agentem
1332 1507 1376 1545 fit
1393 1516 1463 1554 per
1489 1510 1619 1545 actum
1637 1519 1646 1552 ;
1674 1516 1798 1554 agens

172 1561 278 1590 emm
300 1554 381 1600 agit
411 1553 487 1590 sibi
512 1554 658 1600 simile,
680 1555 721 1591 in
751 1559 942 1602 quantum
962 1558 1023 1593 est
1044 1559 1147 1593 actu.
1165 1555 1411 1593 Assimilatio
1432 1558 1564 1592 autem
1586 1554 1800 1601 cujuslibet

172 1599 409 1638 substantiae
428 1605 568 1639 creatae
588 1601 637 1638 ad
672 1603 795 1639 Deum
821 1606 881 1640 est
899 1612 969 1648 per
1001 1603 1134 1649 ipsum
1171 1611 1275 1648 esse,
1308 1606 1352 1640 ut
1392 1611 1513 1648 supra
1534 1602 1584 1649 (c.
1608 1605 1650 1639 15
1670 1605 1709 1639 et
1737 1602 1799 1648 52)

174 1650 382 1684 ostensum
433 1651 506 1685 est.
541 1650 674 1695 ipsum
706 1649 828 1696 igitur
872 1659 962 1687 esse
993 1653 1246 1696 comparatur
1278 1649 1327 1687 ad
1367 1658 1508 1686 omnes
1544 1648 1795 1686 substantias

173 1698 325 1732 creatas
345 1695 448 1747 sicut
462 1698 574 1748 actus
593 1705 749 1748 earum;
767 1706 815 1733 ex
833 1705 911 1743 quo
932 1696 1171 1745 relinquitur
1190 1696 1296 1745 quod
1312 1697 1353 1734 in
1374 1696 1550 1743 qualibet
1568 1696 1796 1734 substantia

173 1745 306 1778 creata
324 1744 377 1779 sit
396 1746 635 1788 compositio
653 1747 764 1781 actus
780 1747 816 1780 et
837 1744 1036 1790 potentiae.

832 1888 1000 1932 CAPUT
1034 1890 1134 1931 LIV.

198 2002 299 2036 QUOD
323 2002 402 2032 NON
425 2002 495 2032 EST
520 2002 617 2033 IDEM
641 2002 868 2033 COMPOSITIO
893 2003 946 2033 EX
972 2004 1213 2034 SUBSTANTIA
1238 2005 1288 2034 ET
1312 2005 1418 2042 ESSE,
1446 2005 1495 2034 ET
1520 2005 1574 2034 EX
1598 2006 1776 2035 MATERIA

883 2062 934 2091 ET
956 2062 1090 2092 FORMA

221 2165 300 2201 Nec
320 2167 380 2216 est
406 2166 537 2201 autem
558 2162 736 2211 ejusdem
754 2164 923 2202 rationis
944 2166 1185 2213 compositio
1206 2175 1254 2204 ex
1273 2167 1440 2204 materia
1456 2168 1495 2204 et
1514 2166 1656 2211 forma,
1692 2170 1730 2204 et
1751 2175 1799 2205 ex

174 2210 400 2263 substant-la
431 2214 469 2248 et
499 2219 604 2257 esse,
634 2211 816 2258 quamvis
845 2215 1011 2260 utraque
1038 2213 1090 2251 sit
1109 2223 1158 2250 ex
1176 2214 1354 2260 potentia
1373 2217 1413 2251 et
1428 2217 1533 2251 actu.
1557 2214 1689 2251 Primo
1710 2215 1798 2261 qui-

175 2258 277 2302 dem,
297 2267 390 2305 qula
406 2258 570 2310 materia
589 2266 671 2295 non
691 2262 752 2296 est
779 2259 866 2305 ipsa
898 2260 1121 2297 substantia
1152 2261 1208 2297 rei
1232 2272 1241 2305 ;
1278 2270 1369 2298 nam
1391 2264 1624 2308 sequeretur
1652 2269 1797 2299 omnes

172 2305 324 2388 formas
342 2313 437 2389 esse)
452 2305 686 2389 atccltdentia,
707 2305 811 2343 sicut
829 2307 980 2354 antiqui
1002 2307 1205 2345 naturales
1226 2307 1516 2355 opinabantur3
1538 2308 1611 2345 sed
1632 2308 1800 2346 materia

173 2361 216 2389 es
254 2360 346 2398 pars
364 2361 410 2390 su
442 2361 459 2389 s
480 2361 528 2389 an
550 2361 611 2390 iae.

221 2399 404 2452 Secundo
436 2404 581 2441 autem,
602 2399 696 2452 quia
725 2399 857 2447 ipsum
889 2409 978 2438 esse
998 2410 1077 2438 non
1100 2404 1162 2438 est
1179 2401 1365 2449 proprius
1383 2405 1495 2439 actus
1515 2401 1707 2446 materiae,
1726 2401 1798 2439 sed

174 2445 408 2484 substantiae
438 2447 562 2484 totius
585 2458 594 2492 3
617 2455 703 2493 eJus
735 2448 841 2485 enim
874 2451 987 2486 actus
1010 2451 1070 2486 est
1091 2457 1195 2494 esse,
1220 2449 1267 2486 de
1298 2457 1378 2496 quo
1410 2457 1628 2495 possumus
1665 2448 1800 2486 dicere

174 2492 280 2538 quod
309 2493 374 2530 sit.
397 2495 494 2532 Esse
523 2497 654 2531 autem
684 2503 765 2532 non
795 2495 939 2532 dicitur
959 2495 1006 2532 de
1027 2496 1205 2541 materia,
1227 2495 1295 2534 sed
1318 2496 1366 2533 de
1384 2499 1482 2534 toto.
1505 2495 1613 2533 Unde
1630 2495 1798 2533 materia

172 2547 253 2576 non
274 2544 404 2585 potest
424 2540 500 2578 dici
520 2541 623 2588 quod
645 2544 718 2587 est,
740 2542 809 2579 sed
830 2542 917 2588 ipsa
937 2542 1161 2580 substantia
1179 2543 1295 2580 estid
1316 2543 1423 2590 quod
1444 2546 1518 2581 est.
1669 2588 1675 2593 ι

220 2587 461 2634 Tertio,quia
475 2597 548 2625 nec
562 2588 690 2625 forma
704 2593 764 2626 est
777 2589 909 2636 ipsum
927 2599 1030 2635 esse,
1051 2590 1119 2628 sed
1134 2599 1176 2628 se
1193 2590 1339 2628 habent
1355 2589 1576 2628 secundum
1591 2587 1771 2625 ordinem
1785 2600 1796 2632 ;

173 2637 426 2716 cffinparatur
446 2635 551 2672 enim
570 2635 698 2674 forma
717 2636 766 2673 ad
787 2636 918 2684 ipsum
938 2646 1041 2682 esse,
1064 2637 1168 2675 sicut
1187 2637 1255 2675 lux
1275 2637 1323 2675 ad
1342 2637 1486 2681 lucem,
1505 2635 1568 2672 vel
1589 2634 1730 2672 albedo
1746 2636 1797 2673 ad

175 2688 198 2716 a
244 2689 310 2717 nm
332 2689 420 2717 esse

223 2726 385 2771 Deinde,
402 2727 563 2779 quiaad
583 2728 710 2774 ipsam
732 2730 850 2768 etiam
868 2731 1037 2768 formam
1058 2734 1310 2778 comparatur
1328 2730 1460 2776 ipsum
1479 2738 1569 2767 esse
1605 2733 1645 2766 ut
1666 2732 1794 2768 actus.

173 2774 250 2826 Pver.
264 2773 339 2810 hoc
360 2782 540 2826 enim.·1n
562 2777 796 2821 compositis
816 2788 864 2815 ex
882 2779 1047 2815 materia
1061 2783 1099 2816 et
1113 2779 1253 2820 forma,
1275 2777 1419 2814 dicitur
1436 2776 1564 2813 forma
1581 2786 1672 2814 esse
1691 2777 1798 2822 prin-

175 2829 323 2867 clplum
344 2820 518 2867 essendi,
539 2822 701 2869 quiaest
721 2825 1054 2871 complementum
1075 2825 1321 2866 substantiae,
1332 2823 1446 2871 cujtis
1457 2827 1568 2862 actus
1583 2828 1643 2862 est
1662 2824 1795 2871 ipsum
