1894 3223
657 97 745 134 [ΑΒ.
772 97 838 141 ΙΙΙ,
865 96 966 133 CAP.
994 95 1122 133 LXXV.
1631 93 1694 149 35⁰1

77 183 132 221 Ex
150 190 229 230 quo
248 183 354 228 patet
389 178 498 227 quod
528 178 750 225 singularia
770 181 865 216 sunt
894 181 1054 225 propter
1072 179 1255 215 naturam
1283 174 1563 219 universalem,
1585 173 1701 220 cujus

79 229 240 276 signum
260 231 321 265 est
339 225 460 279 quod,
481 225 523 263 in
554 224 678 263 bisin
697 224 844 273 quibus
876 228 1004 272 potest
1034 228 1176 262 natura
1209 223 1450 262 universalis
1469 221 1699 259 conservari

76 284 148 324 per
186 283 308 313 unum
348 271 612 317 individuum,
631 281 712 309 non
748 276 841 309 sunt
876 272 1001 310 multa
1030 271 1234 309 individua
1264 271 1386 308 unius
1415 269 1576 316 speciei,
1598 268 1704 320 sicut

105 325 185 360 atet
202 322 242 359 in
264 320 349 359 sole
370 323 407 357 et
438 319 547 358 luna.
569 320 664 357 Cum
685 322 815 356 autem
836 319 1084 365 providentia
1103 319 1156 356 sit
1173 317 1394 356 ordinativa
1414 317 1639 364 aliquorum
1659 323 1703 352 in

76 333 210 410 gnem,
234 371 389 415 oportet
405 366 511 415 quod
531 366 580 405 ad
613 366 901 413 providentiam
930 366 1152 413 pertineant
1182 369 1220 402 et
1236 365 1336 402 fines
1373 368 1412 402 et
1460 372 1518 401 uae
1537 361 1703 401 suntad

76 415 210 500 finfm:
234 415 444 462 subjacent
463 414 586 462 igitur
604 413 862 461 providentiae
883 422 963 451 non
979 413 1110 450 solum
1131 412 1374 450 universalia
1390 420 1431 449 se
1480 411 1598 448 etiam
1620 409 1703 447 sin-

107 473 130 501 u
151 472 247 501 aria.

77 472 105 512 g
125 511 270 551 Adhuc,
287 509 372 548 haec
391 513 453 548 est
469 507 694 546 differentia
713 507 816 545 inter
832 507 1103 556 cognitionem
1118 505 1400 555 speculativam
1418 508 1456 542 et
1471 504 1702 552 practicam,

78 557 186 606 quod
203 558 380 641 cognitio
413 556 657 603 speculativa
674 558 776 608 etea
805 565 892 603 quae
923 555 971 592 ad
1003 555 1132 607 ipsam
1163 553 1362 606 pertinent
1380 551 1639 605 perficiuntur
1659 552 1702 590 in

78 605 264 643 universa
284 605 296 641 i
319 616 327 641 :
350 613 398 642 ea
409 612 503 641 vero
518 612 605 651 quae
627 606 824 649 pertinent
843 602 891 639 ad
913 602 1185 649 cognitionem
1209 603 1423 647 practicam
1444 599 1703 645 perficiuntur

78 653 122 690 in
153 651 380 699 particulari
404 663 412 688 :
436 659 525 688 nam
560 650 653 687 finis
682 650 934 697 speculativae
964 653 1024 686 est
1054 649 1213 693 veritas,
1235 656 1323 694 quae
1357 647 1484 693 primo
1515 650 1552 683 et
1570 656 1639 693 per
1659 655 1703 684 se

80 700 123 738 in
143 698 474 736 immaterialibus
506 697 705 742 consistit,
726 701 764 734 et
793 697 834 734 in
868 696 1163 733 universalibus
1181 707 1190 740 ;
1210 694 1302 732 sinis
1328 703 1420 731 vero
1441 693 1621 738 practicae
1642 696 1703 731 est

81 747 272 793 operatio,
295 755 382 793 quae
404 749 464 783 est
483 746 588 783 circa
608 744 828 791 singularia
847 756 855 788 ;
875 743 980 781 unde
1001 743 1180 780 medicus
1204 750 1285 779 non
1306 741 1417 778 curat
1439 741 1639 777 hominem
1661 741 1702 777 in

80 793 310 837 universali,
333 793 403 831 sed
436 793 542 830 hunc
563 792 780 836 hominem,
803 795 841 827 et
860 790 907 828 ad
930 790 1004 828 lioc
1037 794 1096 828 est
1117 793 1200 827 tota
1220 789 1386 826 scientia
1412 788 1618 825 medicinae
1639 796 1702 825 or-

82 841 229 878 dinata.
251 841 414 878 Constat
433 844 563 877 autem
584 839 689 886 quod
723 837 971 885 providentia
991 836 1038 874 ad
1056 836 1270 883 practicam
1294 835 1563 882 cognitionem
1586 835 1704 881 perti·

83 892 162 932 net,
181 896 270 925 cum
292 888 345 925 sit
375 887 597 924 ordinativa
616 895 747 922 rerum
768 886 809 922 in
830 884 962 921 finem.
985 886 1098 922 Esset
1116 884 1238 931 igitur
1271 882 1619 928 imperfectissima
1635 881 1704 918 Dei

83 935 343 982 providentia,
365 934 398 971 si
421 934 462 971 in
494 933 788 970 universalibus
821 932 1059 969 consisteret
1089 935 1128 969 et
1147 939 1274 978 usque
1295 930 1343 966 ad
1375 929 1595 976 singularia
1623 936 1705 967 non

82 983 317 1028 perveniret.

131 1030 229 1070 Item,
252 1028 428 1075 cognitio
449 1027 692 1073 speculativa
710 1026 839 1073 magis
859 1026 1060 1071 perficitur
1079 1026 1119 1063 in
1142 1023 1357 1062 universali
1384 1033 1501 1071 quam
1523 1024 1563 1060 in
1584 1022 1705 1069 parti·

83 1076 207 1113 culari
229 1087 236 1111 :
261 1075 355 1122 quia
384 1075 514 1121 magis
547 1074 727 1111 sciuntur
761 1074 1003 1110 universalia
1035 1081 1153 1119 quam
1185 1071 1464 1118 particularia3
1484 1074 1522 1107 et
1547 1074 1706 1116 propter

83 1122 159 1160 hoc
179 1121 612 1159 universalissimorum
641 1120 928 1166 principiorum
961 1119 1138 1166 cognitio
1169 1119 1356 1156 omnibus
1390 1118 1703 1155 esiconimunis.

81 1169 152 1207 Ille
168 1177 259 1206 vero
281 1172 341 1206 est
360 1169 570 1215 perfectior
590 1168 630 1204 in
649 1167 817 1204 scientia
834 1167 1089 1213 speculativa,
1105 1166 1174 1213 qui
1190 1174 1270 1202 non
1287 1165 1417 1204 solum
1440 1164 1706 1201 universalem

81 1216 155 1254 sed
175 1216 375 1264 propriam
396 1215 666 1263 cognitionem
687 1214 734 1251 de
755 1214 873 1252 rebus
895 1214 1024 1251 habet.
1046 1215 1142 1251 Nam
1163 1213 1230 1261 qui
1261 1212 1470 1259 cognoscit
1490 1212 1529 1248 in
1548 1212 1706 1249 univer-

82 1263 158 1302 sali
191 1267 344 1300 tantum
365 1263 574 1310 cognoscit
601 1271 684 1299 rem
718 1262 849 1299 solum
882 1261 921 1298 in
943 1260 1147 1308 potentia:
1168 1263 1328 1307 propter
1359 1259 1465 1307 quod
1485 1259 1705 1305 discipulus

83 1310 131 1349 de
152 1310 368 1348 universali
390 1309 620 1357 cognitione
639 1309 926 1356 principiorum
940 1307 1197 1346 reduciturin
1216 1307 1417 1354 propriam
1433 1307 1705 1353 cognitionem

83 1358 389 1396 conclusionum
421 1366 490 1404 per
518 1357 768 1403 magistrum,
795 1356 862 1404 qui
898 1359 1106 1403 utramque
1137 1355 1407 1402 cognitionem
1438 1354 1582 1399 habet3
1605 1354 1708 1391 sicut

85 1405 236 1452 aliquid
256 1405 457 1442 reducitur
478 1403 526 1441 de
553 1404 731 1450 potentia
749 1403 791 1440 in
824 1406 955 1441 actum
974 1412 1044 1449 per
1076 1411 1148 1440 ens
1168 1405 1272 1439 actu.
1294 1401 1413 1438 Multo
1434 1401 1556 1448 igitur
1577 1402 1706 1448 magis

83 1451 128 1490 in
144 1452 311 1489 scientia
330 1451 504 1498 practica
533 1451 745 1497 perfectior
761 1453 822 1487 est
851 1451 918 1496 qui
937 1459 1017 1487 non
1035 1450 1167 1487 solum
1189 1450 1229 1486 in
1245 1448 1477 1492 universali,
1498 1448 1567 1486 sed
1588 1449 1706 1486 etiam

83 1499 127 1536 in
148 1499 373 1545 particulari
404 1507 467 1535 res
488 1498 665 1544 disponit
692 1497 739 1535 ad
761 1501 905 1534 actum.
934 1497 1075 1533 Divina
1105 1497 1227 1543 igitur
1255 1496 1518 1542 providentia,
1538 1504 1626 1542 quae
1647 1499 1707 1533 est

85 1546 389 1593 perfectissima,
412 1554 538 1591 usque
557 1544 603 1582 ad
627 1544 848 1591 singularia
865 1554 907 1581 se
929 1543 1115 1581 extendit.

134 1593 315 1638 Amplius,
335 1601 425 1630 cum
446 1593 551 1629 Deus
582 1591 635 1629 sit
665 1601 787 1629 causa
818 1591 934 1635 entis,
956 1591 997 1627 in
1018 1593 1210 1637 quantum
1227 1593 1288 1627 est
1307 1599 1394 1634 ens,
1419 1593 1461 1627 ut
1480 1598 1602 1636 supra
1621 1589 1704 1635 (lib.

84 1647 128 1685 11,
150 1649 235 1686 cap.
260 1639 316 1686 15)
336 1643 541 1677 ostensum
563 1642 638 1682 est,
659 1641 813 1684 oportet
831 1638 937 1685 quod
958 1639 1043 1684 ipse
1064 1638 1117 1675 sit
1137 1638 1319 1684 provisor
1333 1637 1437 1674 entis
1452 1637 1493 1673 in
1513 1640 1705 1683 quantum

86 1690 146 1725 est
167 1696 251 1724 ens.
274 1686 456 1724 Providet
476 1686 581 1724 enim
602 1684 721 1723 rebus
737 1686 778 1722 in
799 1689 990 1732 quantum
1011 1688 1072 1722 est
1087 1693 1206 1722 causa
1229 1693 1379 1721 earum.
1394 1684 1588 1731 Quicquid
1611 1692 1705 1730 ergo

86 1742 338 1782 quocumque
357 1733 477 1770 modo
499 1736 574 1778 est,
588 1732 663 1770 sub
684 1732 770 1779 ejus
789 1731 1039 1779 providentia
1068 1731 1186 1769 cadit.
1211 1731 1438 1779 Singularia
1460 1734 1592 1769 autem
1614 1734 1707 1768 sunt

86 1781 193 1819 entia
211 1784 248 1817 et
268 1780 397 1827 magis
420 1789 538 1828 quam
559 1779 814 1825 universalia,
837 1779 931 1825 quia
950 1778 1193 1816 universalia
1211 1787 1294 1815 non
1314 1778 1540 1815 subsistunt
1558 1787 1628 1824 per
1648 1787 1704 1823 se,

85 1828 155 1912 sec}
176 1830 270 1880 sunt
289 1828 420 1866 solum
442 1827 484 1864 in
505 1826 793 1873 singularibus.
819 1827 887 1863 Est
913 1826 1036 1873 igitur
1054 1825 1188 1864 divina
1209 1825 1459 1872 providentia
1484 1825 1603 1862 etiam
1623 1825 1706 1862 sin-

114 1884 139 1914 u
159 1883 300 1912 arium.
1151 1883 1153 1885 ’
1553 1886 1556 1888 ·

85 1883 112 1923 g
131 1923 233 1967 Item,
254 1930 318 1959 res
337 1924 478 1960 creatae
498 1920 757 1968 providentias
788 1920 932 1958 divinae
961 1919 1201 1965 subduntur,
1222 1923 1340 1966 prout
1355 1919 1404 1957 ab
1421 1919 1510 1966 ipsa
1528 1919 1570 1956 in
1587 1919 1707 1957 finem

84 1968 268 2022 ultimum
289 1968 537 2013 ordinantur,
557 1968 626 2016 qui
659 1971 721 2006 est
747 1967 907 2006 bonitas
928 1975 1015 2012 sua,
1037 1967 1291 2013 participatio
1311 1976 1406 2014 ergo
1427 1967 1572 2004 divinae
1590 1966 1705 2004 boni-

85 2019 178 2054 tatis
211 2026 234 2053 a
267 2016 388 2053 rebus
416 2016 560 2054 creatis
597 2018 657 2053 est
675 2024 745 2062 per
784 2014 1087 2062 providentiam.
1111 2014 1290 2051 Divinam
1321 2014 1539 2052 bonitatem
1576 2017 1707 2051 autem

86 2063 223 2101 omnia
237 2063 474 2109 participant
493 2063 715 2110 singularia
731 2062 850 2100 etiam
867 2061 1155 2110 contingentia.
1173 2062 1336 2109 Oportet
1355 2071 1450 2108 ergo
1468 2061 1574 2109 quod
1593 2061 1642 2099 ad
1661 2070 1708 2098 ea

85 2109 222 2147 divina
239 2109 488 2156 providentia
506 2118 551 2147 se
570 2108 767 2146 extendat.

135 2157 232 2194 Hinc
252 2159 312 2193 est
331 2156 437 2203 quod
455 2155 615 2201 dicitur,
634 2156 851 2200 Matth.‚1x,
867 2157 937 2193 29:
958 2156 1037 2193 Duo
1044 2165 1211 2202 passeres
1230 2165 1309 2192 asse
1320 2159 1488 2197 veneunt,
1510 2158 1544 2192 et
1561 2165 1708 2191 unuseoe

88 2205 136 2240 eis
155 2214 227 2240 non
246 2203 346 2239 cadit
360 2204 400 2239 in
411 2205 544 2240 terram
564 2205 644 2240 sine
660 2204 768 2240 Patre
786 2212 875 2239 mec.
897 2203 941 2239 Et
959 2203 1158 2249 Sap.,v111,
1175 2203 1423 2249 itAttinqita
1440 2204 1510 2249 fine
1528 2212 1641 2248 usque
1659 2202 1709 2238 ad

85 2252 191 2303 finem
227 2251 384 2294 fortiter,
404 2249 446 2287 id
470 2253 533 2303 est
561 2259 586 2288 a
618 2249 758 2302 primis
792 2249 936 2287 creatis
965 2259 1093 2297 usque
1128 2249 1177 2288 ad
1215 2249 1354 2287 infima
1381 2258 1535 2294 eorum,
1570 2249 1705 2286 Ezech.

86 2301 221 2342 etiam,
258 2305 314 2340 ix,
353 2299 389 2342 9,
422 2299 602 2344 arguitur
650 2297 786 2344 opinio
822 2296 1083 2342 quorumdam
1113 2297 1182 2344 qui
1220 2296 1404 2335 dicebant
1441 2308 1451 2335 z
1484 2297 1710 2341 Derelinquit

84 2345 258 2381 Dominus
293 2347 441 2385 terram,
475 2345 649 2381 Dominus
683 2354 756 2381 non
784 2344 894 2381 videt.
917 2345 962 2381 Et
976 2344 1063 2390 J0b‚
1082 2351 1181 2391 xxn,
1212 2345 1410 2383 14:0irca
1444 2343 1610 2379 cardines
1631 2343 1710 2379 coeli

82 2391 324 2438 perambulat,
345 2401 409 2428 nec
427 2393 553 2428 nostra
567 2390 784 2428 considerat.

134 2439 207 2476 Per
226 2438 303 2476 hoc
323 2441 454 2476 autem
470 2437 692 2476 excluditur
709 2437 846 2484 opinio
866 2437 1129 2485 quorumdam
1176 2436 1217 2475 ui
1236 2437 1422 2475 dixerunt
1447 2435 1553 2483 quod
1575 2435 1709 2474 divina

83 2485 334 2538 providentia
353 2493 435 2523 non
455 2493 499 2523 se
515 2484 691 2522 extendit
718 2493 846 2532 usque
867 2484 916 2522 ad
934 2485 1020 2522 haec
1039 2446 1274 2531 singularia.
1294 2485 1419 2528 Quam
1445 2482 1605 2530 quidem
1624 2483 1707 2529 opi-

85 2540 247 2570 nionem
265 2531 466 2627 Artist¹0)teli
482 2531 709 2580 imponunt,
724 2531 817 2570 licet
828 2540 876 2570 ex
891 2531 1023 2571 verbis
1040 2531 1127 2579 ejus
1141 2530 1278 2569 haberi
1298 2539 1380 2569 non
1394 2530 1535 2577 possit.
1553 2530 1582 2578 (I
1593 2534 1707 2577 part..

85 2588 124 2627 q.
145 2587 243 2624 xxii,
262 2588 304 2617 ar
326 2607 334 2616 .
382 2607 390 2616 .
