1894 3223
666 101 754 138 [ΑΒ.
783 101 829 146 11,
856 100 957 147 CAP.
984 101 1109 138 LXXX.
1623 105 1690 140 2¹7

72 191 156 222 non
171 186 232 222 est
249 185 409 229 propter
428 181 669 219 debilitatem
690 181 834 219 virium
857 182 985 228 ipsius
1003 182 1241 228 intellectus,
1263 182 1330 220 sed
1358 187 1518 230 propter
1553 184 1694 222 debili-

72 233 194 268 tatem
211 229 356 267 virium
375 228 522 282 quibus
541 228 766 266 intellectus
785 228 950 281 indiget,
972 229 1126 267 scilicet
1150 229 1230 267 ima
1261 229 1465 276 inationis,
1495 239 1692 269 memora-

71 276 161 315 tivae
181 280 219 314 et
237 285 284 314 co
316 276 459 314 itanvae
478 275 681 313 virtutum.
712 277 821 312 Patet
853 277 974 323 igitur
1003 276 1109 325 quod
1141 277 1238 315 intel
1257 281 1368 315 ectus
1399 277 1599 316 humanus
1631 282 1693 316 est

73 323 293 370 incorrupti
324 322 416 368 ilis;
449 330 544 369 ergo
576 325 615 359 et
645 323 780 359 anima
810 322 997 369 humana,
1029 333 1116 371 quae
1147 327 1208 362 est
1237 324 1477 362 intellectiva
1510 325 1692 372 quaedam

73 370 311 409 substantia.
333 371 414 408 Hoc
433 369 552 407 etiam
585 373 746 416 apparet
775 379 844 416 per
878 371 1152 408 auctoritatem
1181 372 1406 410 Aristotelis
1428 384 1437 417 ;
1459 372 1553 409 dicit
1586 373 1692 411 enim

67 417 138 465 {we
166 419 303 461 anima,
322 425 352 462 1,
377 419 472 455 text.
504 425 649 454 comm.
672 417 731 464 65)
764 416 870 464 quod
902 419 1102 454 intellectus
1129 418 1273 455 videtur
1297 419 1462 465 quaedam
1489 420 1695 457 substantia

72 474 160 510 esse,
181 466 214 501 et
232 474 303 500 non
322 464 526 511 cort-imp&
548 463 654 511 quod
677 467 807 501 autem
827 464 903 502 hoc
925 474 1005 502 non
1026 465 1154 511 possit
1173 466 1340 512 intelligi
1373 466 1420 504 de
1445 466 1579 514 aliqua
1599 466 1693 505 sub·

68 511 222 597 {migma
238 514 419 596 separtata
453 519 541 559 quae
571 511 625 548 sit
656 510 881 548 intellectus
914 512 1121 558 possibilis
1153 512 1215 550 vel
1245 521 1383 560 agens,
1406 523 1453 551 ex
1470 514 1692 560 praemissis

103 567 126 596 a
156 559 211 596 eri
258 562 344 596 otes

119 567 310 647 PraeceRea,
332 608 493 652 apparet
511 615 559 642 ex
579 605 679 652 ipsis
699 605 830 642 verbis
849 606 1072 644 Aristotelis
1096 607 1326 653 (Metaphys.,
1349 615 1419 651 ΧΠ,
1435 610 1529 645 text.
1545 617 1691 646 comm.

74 652 147 699 16),
163 656 302 690 contra
314 652 520 690 Platonem
536 653 752 699 loquentis,
771 653 876 700 quod
902 663 1033 690 causae
1057 658 1260 695 moventes
1274 655 1543 699 praeexistunt,
1561 665 1692 707 causae

73 708 168 737 vero
186 699 380 737 ‘formales
413 702 507 737 sunt
541 699 661 737 simul
690 709 780 736 cum
817 700 879 737 his
914 710 1083 747 quorum
1117 703 1210 738 sunt
1241 710 1397 743 causae‚·
1423 703 1568 747 quando
1599 704 1693 739 enim

76 749 232 784 sanatur
250 747 363 788 homo,
386 749 470 783 tunc
487 747 593 782 etiam
613 748 751 783 sanitas
770 749 834 788 est,
866 750 903 784 et
925 756 1003 784 non
1025 747 1136 794 prius
1155 758 1164 791 ;
1186 750 1324 784 contra
1340 748 1416 785 hoc
1445 750 1550 795 quod
1583 750 1693 788 Plato

102 794 209 832 osuit
230 793 377 831 formas
396 803 527 831 rerum
548 794 800 841 praeexistere
821 793 952 831 rebus.
974 796 1019 830 Et
1043 794 1105 832 his
1126 794 1241 832 dictis
1273 795 1526 840 postmodum
1561 796 1694 834 subdit

91 844 185 878 text.
207 850 352 878 comm.
376 841 432 887 17)
456 853 464 877 ε
485 841 527 877 Si
559 844 676 877 autem
696 842 874 886 posterius
898 841 1041 886 aliquid
1073 843 1195 877 manet
1217 843 1523 887 perscrutandum
1552 847 1603 879 est
1621 856 1633 886 ‚-
1653 845 1694 880 in

76 887 294 934 quibusdam
314 889 408 924 enim
424 887 519 924 nihil
533 888 700 933 prohibet
719 891 771 931 ut,
791 889 825 924 εἰ
842 890 894 923 est
913 890 1037 924 anima
1057 889 1154 929 talis,
1171 898 1242 925 non
1256 890 1383 934 omnis,
1401 890 1463 925 sed
1479 891 1691 927 intellectus.

73 936 128 973 Ex
147 944 226 982 quo
247 938 365 981 patet,
387 944 509 982 quum
531 935 715 981 loquatur
744 934 791 971 de
828 934 981 980 formis,
1012 935 1118 982 quod
1143 936 1226 973 vult
1251 936 1512 981 intellectum,
1535 937 1601 985 qui
1634 941 1695 975 est

74 983 205 1020 forma
236 981 427 1026 bominis,
461 985 552 1027 post
578 981 784 1018 materiam
814 991 1032 1027 remanere,
1069 982 1222 1020 scilicet
1257 986 1348 1029 post
1385 992 1544 1030 corpus.
1584 986 1694 1022 Patet

75 1033 207 1067 autem
232 1038 276 1066 ex
297 1028 518 1074 praemissis
549 1028 678 1065 verbis
707 1028 932 1066 Aristotelis
968 1029 1089 1076 quod,
1121 1030 1214 1067 licet
1248 1032 1370 1076 ponat
1399 1032 1570 1068 animam
1604 1040 1693 1069 esse

72 1075 257 1120 formam,
297 1083 377 1112 non
414 1078 547 1112 tamen
579 1075 694 1121 ponit
721 1084 808 1112 eam
844 1085 924 1112 non
961 1076 1246 1113 subsistentem
1276 1080 1315 1113 et
1345 1086 1415 1123 per
1441 1087 1693 1125 consequens

74 1122 371 1168 corruptibilem
409 1121 528 1169 (sicut
557 1121 770 1169 Gregorius
801 1123 1007 1170 Nyssenus
1029 1122 1093 1170 [De
1125 1123 1273 1169 philos„
1295 1123 1321 1160 1.
1341 1132 1385 1168 11,
1419 1133 1453 1161 c.
1479 1128 1498 1160 5
1531 1129 1569 1161 et
1600 1125 1635 1171 6]
1657 1125 1691 1162 ei

74 1169 256 1215 imponit)
281 1181 289 1214 ;
313 1177 404 1206 nam
424 1178 447 1206 a
477 1169 735 1216 generalitate
765 1169 933 1207 aliarum
963 1171 1179 1207 formarum
1209 1171 1382 1208 animam
1412 1170 1692 1210 intellectivam

63 1216 261 1264 excludit,
292 1216 429 1253 dicens
459 1225 544 1253 eam
574 1220 666 1263 post
696 1225 842 1263 corpus
874 1226 1079 1254 remanere
1112 1221 1150 1254 et
1176 1217 1441 1255 substantiam
1482 1219 1693 1266 quamdam

74 1272 179 1302 esse.

122 1310 345 1348 Praemissis
365 1313 497 1348 autem
530 1310 727 1348 sententia
748 1311 954 1349 catholicae
979 1310 1071 1349 fidei
1103 1312 1339 1357 concordat3
1361 1312 1506 1350 dicitur
1525 1314 1630 1350 enim
1652 1314 1692 1351 in

73 1357 176 1396 libro
201 1360 252 1394 De
281 1358 527 1394 ecclesiasticis
552 1357 780 1403 doqmatibus
810 1357 859 1406 (c.
883 1359 941 1406 16)
967 1359 1120 1395 :Solum
1152 1360 1329 1396 hominem
1358 1360 1536 1397 credimus
1566 1362 1695 1397 habere
1748 1371 1749 1375 ¹

74 1406 235 1443 animam
251 1405 528 1446 substantivam,
551 1415 630 1451 quae
655 1407 765 1441 exuta
783 1416 928 1451 corpore
945 1408 1051 1448 vivit,
1072 1409 1105 1442 et
1135 1417 1261 1443 sensus
1288 1416 1370 1444 suos
1402 1410 1510 1453 atque
1547 1409 1695 1453 inqenia

73 1453 248 1489 vivaciter
262 1454 366 1489 tenet.
386 1453 467 1490 Non
486 1462 566 1488 cum
584 1462 728 1498 corpore
745 1454 912 1495 moritur,
932 1454 1027 1489 sicut
1043 1453 1166 1490 Arabs
1184 1455 1326 1494 asserit,
1348 1464 1461 1501 neque
1474 1457 1559 1500 post
1577 1455 1694 1492 modi·

75 1508 154 1536 curn
172 1499 413 1540 intervallum,
435 1500 528 1536 sicut
545 1500 662 1535 Zenon
682 1499 784 1544 dicit,
806 1501 895 1545 quia
912 1501 1206 1537 substantialiter
1223 1502 1327 1538 vivit.

125 1548 197 1583 Per
217 1546 291 1583 hoc
313 1548 442 1583 autem
463 1545 685 1583 excluditur
702 1555 811 1583 error
828 1547 1054 1592 impiorum,
1072 1557 1118 1584 ex
1136 1556 1305 1594 quorum
1328 1557 1499 1593 persona
1519 1548 1690 1587 dicitur:

74 1595 134 1630 Em
151 1593 265 1629 nihilo
286 1594 367 1629 nati
381 1603 518 1637 sumus,
536 1595 665 1638 etpost
695 1593 758 1629 hoc
789 1595 921 1629 erimus
948 1597 1123 1639 tanquam
1142 1604 1214 1630 non
1232 1595 1410 1639 fuerimus
1432 1595 1552 1642 (Sap,
1574 1606 1617 1641 11,
1639 1595 1692 1643 2),

76 1643 114 1677 et
133 1649 179 1677 ex
203 1648 370 1688 quorum
390 1648 561 1686 persona
593 1639 689 1676 dicit
705 1640 888 1677 Salomon
913 1653 920 1677 :
946 1642 1042 1678 Unus
1064 1642 1231 1678 interitus
1251 1643 1304 1678 est
1322 1642 1477 1678 hominis
1498 1646 1531 1678 et
1544 1643 1692 1687 jumen-

74 1690 203 1727 torum,
226 1690 259 1723 et
277 1697 381 1732 aequa
410 1688 599 1732 utriusque
618 1687 794 1730 condicto,-
827 1689 920 1723 sicut
939 1690 1093 1724 moritur
1112 1689 1226 1733 homo,
1249 1689 1300 1724 sic
1322 1691 1355 1724 et
1374 1690 1440 1725 illa
1464 1692 1691 1733 morticinum

66 1735 244 1771 ‘similiter
261 1736 407 1779 spirant
425 1735 546 1770 omnia
570 1735 603 1769 et
621 1734 715 1770 nihil
748 1734 854 1770 habet
879 1735 978 1771 homo
993 1735 1156 1780 jumento
1191 1736 1347 1781 amplius
1368 1735 1500 1782 (Eccl.,
1529 1746 1588 1781 111,
1614 1738 1692 1784 19);

76 1781 181 1829 quod
201 1780 307 1818 enim
327 1789 407 1817 non
431 1790 478 1817 ex
505 1789 678 1827 persona
696 1789 783 1826 sua,
805 1781 875 1819 sed
890 1782 1105 1828 impiorum
1130 1782 1247 1826 dicat,
1269 1786 1375 1828 patet
1394 1793 1464 1829 per
1490 1784 1565 1820 hoc
1586 1784 1695 1830 quod

72 1828 118 1865 in
137 1827 216 1865 fine
249 1827 353 1872 libri,
390 1828 504 1874 quasi
543 1827 844 1866 determinando
878 1829 1082 1876 subjungit
1105 1831 1252 1867 :Donec
1284 1833 1487 1866 revertatur
1510 1831 1632 1876 pulvis
1652 1833 1693 1867 in

75 1877 209 1911 terram
229 1884 333 1912 suam
351 1874 447 1911 unde
469 1877 559 1919 erat,
579 1877 613 1910 et
641 1877 794 1921 spiritus
824 1876 949 1912 redeat
968 1876 1016 1912 ad
1034 1878 1148 1913 Deum
1180 1877 1244 1922 qui
1263 1876 1363 1913 dedit
1393 1878 1497 1913 illum
1529 1876 1613 1924 (XII,
1639 1879 1692 1925 7).

73 1921 244 1960 Infinitae
264 1921 382 1959 etiam
420 1926 516 1959 sunt
547 1922 803 1960 auctoritates
841 1932 964 1961 sacrae
995 1924 1206 1972 Scripturae
1235 1933 1323 1971 quae
1354 1924 1693 1964 immortalitatem

75 1969 218 2008 animae
238 1972 522 2016 protestantur.
545 1968 574 2017 (1
594 1972 711 2016 part„
730 1980 767 2017 q.
788 1979 909 2016 Lxxv,
930 1973 1004 2009 art.
1024 1970 1077 2018 7).

713 2118 881 2160 CAPUT
908 2119 1065 2160 LXXX.

242 2232 436 2263 RAuoNES
461 2232 639 2263 PROBARE
667 2232 888 2262 VOLENTIU'M
911 2232 1070 2262 ANIMAM
1093 2232 1289 2263 HUMANAM
1313 2233 1520 2271 CORRUMPI,

356 2303 362 2307 ’
679 2291 875 2321 GORRUPTO
906 2291 1092 2321 CORPORE.

121 2391 282 2429 Videtur
301 2396 432 2430 autem
462 2393 700 2441 quibusdam
728 2394 952 2432 rationibus
971 2403 1091 2441 posse
1123 2395 1281 2441 probari
1315 2395 1470 2432 animas
1491 2395 1687 2435 humanas

78 2447 161 2479 non
181 2447 300 2486 posse
320 2448 526 2477 remanere
543 2444 636 2487 post
656 2450 814 2487 corpus.

124 2486 164 2524 Si
197 2485 302 2523 enim
333 2486 475 2524 animae
506 2486 691 2525 humanae
723 2487 1038 2533 multiplicantur
1069 2488 1288 2525 secundum
1319 2488 1691 2534 multiplicationem

75 2541 302 2579 corporum,
320 2535 364 2570 ut
384 2541 505 2579 supra
527 2532 574 2580 (c.
589 2533 651 2580 75)
672 2537 879 2571 ostensum
901 2537 974 2578 est,
995 2534 1206 2571 destructis
1228 2543 1322 2581 ergo
1344 2535 1591 2581 corporibus,
1609 2545 1692 2574 non

73 2583 246 2627 possunt
267 2580 410 2617 animae
426 2581 472 2616 in
493 2588 567 2617 sua
592 2580 844 2617 multitudine
865 2589 1082 2617 remanere.
1104 2581 1211 2618 Unde
1233 2585 1388 2628 oportet
1406 2583 1573 2620 alterum
1595 2583 1691 2621 duo-

74 2636 162 2665 rum
181 2627 294 2674 sequi
315 2638 324 2664 :
347 2630 412 2664 aut
433 2627 538 2674 quod
560 2627 734 2663 totaliter
752 2628 885 2664 anima
902 2627 1077 2664 bumana
1105 2637 1194 2665 esse
1225 2628 1400 2674 desinat3
1423 2633 1491 2666 aut
1509 2630 1614 2676 quod
1634 2640 1693 2668 re-

75 2678 234 2712 maneat
252 2683 332 2711 una
350 2677 516 2717 tantum,
540 2674 644 2721 quod
676 2673 830 2710 videtur
850 2683 939 2711 esse
960 2674 1179 2712 secundum
1212 2675 1442 2721 opinionem
1463 2685 1599 2713 eorum
1622 2677 1690 2724 qui

74 2725 229 2768 ponunt
247 2721 547 2767 incorruptibile
568 2721 698 2758 solum
730 2720 769 2757 id
802 2720 907 2767 quod
928 2724 989 2758 est
1015 2730 1140 2759 unum
1159 2722 1202 2759 in
1220 2723 1407 2761 omnibus
1440 2724 1689 2769 bominibus,

77 2768 162 2807 sive
182 2767 259 2805 hoc
280 2768 332 2805 sit
351 2768 577 2805 intellectus
593 2770 894 2814 agenstantum,
916 2771 958 2804 ut
971 2767 1192 2806 Alexander
1210 2769 1318 2815 dicit,
1341 2771 1424 2808 sive
1445 2780 1534 2808 cum
1549 2774 1691 2818 agente

78 2814 197 2852 etiam
215 2815 437 2861 possibilis,
455 2818 498 2852 ut
517 2814 612 2852 dicit
631 2814 850 2852 Averrboes
872 2814 936 2862 (De
956 2816 1092 2857 (anima,
1114 2824 1171 2858 111,
1191 2815 1241 2864 5).

126 2861 308 2908 Amplius,
333 2862 433 2901 ratio
455 2862 633 2901 formalis
663 2865 724 2901 est
743 2871 864 2900 causa
885 2861 1124 2901 diversitatis
1150 2864 1370 2904 secundum
1391 2865 1577 2913 speciem.
1600 2864 1688 2911 Sed,
