1894 3223
725 139 818 173 Lm.
846 138 893 178 11,
921 136 1020 171 CAP.
1047 135 1151 172 xxn.
1682 141 1748 176 125

132 217 237 257 entis
257 225 337 255 non
358 219 593 263 repugnant.
613 215 653 254 Si
670 216 776 252 enim
798 217 839 252 in
855 215 1065 262 quemdam
1096 219 1246 253 tantum
1280 215 1463 254 effectum
1497 218 1621 256 virtus
1659 220 1744 265 ojus

132 267 283 313 posset,
306 272 386 301 non
406 267 511 301 esset
526 272 594 309 per
613 271 656 300 se
673 272 795 299 causa
814 263 930 307 entis,
960 263 999 299 in
1033 266 1223 308 quantum
1254 263 1496 310 hujusmodi,
1520 266 1589 303 sed
1626 265 1745 311 hujus

132 311 250 350 entis.
273 310 428 347 Rationi
448 313 577 346 autem
601 309 703 347 entis
725 314 918 356 repugnat
939 310 1165 355 oppositum
1187 310 1304 355 entis,
1324 311 1427 357 quod
1451 316 1510 349 est
1545 321 1624 349 non
1656 323 1742 351 ens.

134 358 275 397 Omnia
296 357 417 404 igitur
438 358 541 394 Deus
559 360 687 403 potest
708 366 794 403 quie
817 357 855 392 in
877 366 919 393 se
950 357 1140 393 rationem
1170 366 1248 393 non
1279 358 1382 395 entis
1410 367 1490 396 non
1523 359 1745 398 includunt.

133 406 222 443 Haec
242 409 372 442 autem
391 407 485 441 sunt
504 413 591 451 quae
612 403 965 441 contradictionem
988 403 1204 449 implicant.
1220 404 1468 452 Relinquitur
1492 405 1614 454 igitur
1639 407 1745 455 quod

132 451 321 501 quiequid
341 450 694 488 contradictionem
717 459 796 487 non
816 451 990 496 implicat
1014 452 1115 487 Deus
1138 454 1278 497 potest.
1620 484 1625 485 ⁷

178 498 323 539 Adhuc,
346 507 463 535 omne
485 507 609 545 agens
631 497 712 545 agit
730 497 770 534 in
792 502 981 545 quantum
1001 501 1060 535 est
1080 502 1183 535 actu.
1204 499 1426 537 Secundum
1447 499 1567 547 igitur
1584 501 1747 539 modum

134 550 250 584 actus
272 544 586 592 uniuscnjusque
609 545 779 591 agentis,
802 548 861 581 cst
879 545 1021 582 modus
1057 554 1138 581 sure
1174 545 1330 583 virtutis
1365 546 1403 582 in
1433 548 1600 593 agendo.
1625 550 1748 586 Homo

132 593 239 631 enim
260 595 422 640 generat
443 592 658 636 hominem,
681 596 717 628 ct
739 592 844 638 ignis
865 591 1010 638 ignem.
1035 593 1137 629 Deus
1159 595 1289 629 autem
1311 597 1368 630 est
1390 598 1502 631 actus
1534 595 1749 641 perfectus,
1810 609 1814 614 ·

132 640 175 677 in
197 649 241 678 se
279 639 458 677 omnium
491 639 757 685 perfectiones
790 639 955 684 bahem,
977 643 1019 676 ut
1053 647 1172 685 supra
1191 639 1231 686 (l.
1250 648 1276 683 1,
1298 649 1332 676 c.
1351 640 1410 686 28)
1429 645 1636 678 ostensum
1672 647 1746 680 est.

133 689 200 726 Est
218 686 342 734 igitur
362 695 436 724 sua
453 686 579 724 virtus
610 686 735 723 activa
770 687 942 732 perfecta
977 686 1024 723 ad
1057 686 1191 722 omnia
1221 694 1264 722 se
1302 686 1749 736 italienS‚qureei1ms1ue

132 742 214 773 non
231 736 453 780 repugnant
474 733 616 771 rationi
638 733 738 779 ejus,
763 733 866 780 quod
889 737 949 770 est
968 741 1057 769 esse
1079 733 1118 768 in
1140 735 1243 769 actu.
1267 733 1346 770 Hoc
1367 737 1497 771 autem
1518 740 1577 772 cst
1618 737 1750 774 solum

133 780 241 829 quod
257 780 611 819 contradictionem
634 780 822 826 implicat.
845 780 985 816 Omnia
1003 780 1136 825 igitur,
1155 783 1295 824 praeter
1315 780 1402 832 boe,
1428 782 1531 819 Deus
1552 785 1696 828 potest.

179 828 366 874 Amplius,
401 828 699 874 omnipotentiae
731 827 899 873 passivae
932 826 1144 872 respondet
1180 829 1355 871 potentia
1391 828 1530 866 activa.
1571 830 1750 868 Potentia

135 876 240 913 enim
259 878 417 921 propter
437 879 567 912 actum
589 878 662 919 cst,
682 874 783 912 sicut
802 873 967 910 materia
987 876 1145 925 propter
1158 873 1346 925 termam.
1363 876 1447 911 Non
1467 879 1596 922 potest
1617 881 1748 914 autem

136 931 209 960 ens
231 922 271 959 in
303 922 480 968 potentia
509 921 701 968 consequi
737 920 843 973 quod
873 919 925 957 sit
958 923 1062 964 actu,
1088 928 1165 972 nisi
1200 929 1279 973 per⁸
1303 921 1545 959 voluntatem
1579 924 1749 971 alicujus

134 969 342 1008 existentis
360 969 401 1005 in
422 972 526 1005 actu.
548 968 685 1005 Otiosa
706 967 827 1014 igitur
857 970 962 1004 esset
992 969 1180 1012 potentia,
1204 976 1281 1004 nisi
1319 972 1425 1006 esset
1460 970 1586 1008 virtus
1621 971 1749 1008 activa

134 1016 292 1066 agentis
318 1024 405 1062 quae
431 1023 516 1052 eam
537 1015 577 1052 iu
600 1017 730 1051 actum
751 1014 937 1051 reducere
959 1013 1098 1067 possit,
1119 1023 1207 1050 eum
1230 1017 1361 1051 tamen
1386 1016 1486 1053 nihil
1506 1017 1556 1053 sit
1571 1018 1746 1055 otiosum

134 1063 178 1101 in
198 1062 315 1100 rebus
337 1064 506 1106 naturae3
527 1064 566 1098 et
584 1070 653 1107 per
672 1061 777 1098 liunc
799 1061 957 1098 modum
982 1061 1176 1106 VldemllS‚
1199 1061 1305 1107 quod
1323 1063 1458 1100 omnia
1479 1074 1566 1110 qua}
1587 1069 1681 1101 sunt
1701 1066 1742 1102 in

132 1109 312 1157 potentia
330 1108 505 1146 materiae
533 1108 819 1155 generabilium
849 1112 886 1144 et
909 1108 1224 1153 corruptibilium
1247 1113 1416 1153 possunt
1447 1110 1580 1147 reduci
1613 1112 1653 1148 iu
1689 1121 1750 1148 ac-

132 1159 234 1200 tum,
250 1165 320 1202 per
335 1156 518 1193 virtutem
540 1156 705 1193 activam
726 1165 812 1202 quie
833 1158 893 1192 est
920 1155 960 1191 in
994 1164 1157 1201 corpore
1189 1155 1355 1200 coelesti,
1375 1157 1480 1204 quod
1510 1161 1570 1194 est
1600 1158 1747 1205 princi·

132 1203 243 1250 pium
264 1203 432 1240 activum
453 1203 495 1239 in
516 1206 669 1240 natura.
691 1203 800 1239 Sicut
815 1205 946 1239 autem
967 1211 1110 1248 corpus
1132 1202 1291 1239 coeleste
1328 1207 1388 1240 est
1418 1204 1587 1250 primum
1623 1214 1747 1252 agens

133 1253 316 1297 respectu
355 1258 566 1296 corporum
603 1249 850 1294 inferiorum,
890 1249 944 1286 ita
975 1251 1079 1286 Deus
1112 1253 1171 1286 est
1208 1249 1378 1296 primum
1409 1260 1533 1298 agens
1564 1256 1746 1298 respectu

132 1297 258 1336 totius
285 1297 389 1335 entis
418 1297 552 1335 creati.
575 1297 770 1343 Quicquid
801 1297 924 1344 igitur
954 1299 1014 1334 est
1047 1296 1085 1332 in
1119 1296 1296 1342 potentia
1325 1298 1428 1335 entis
1462 1298 1599 1344 creati,
1621 1302 1747 1337 totum

133 1343 211 1383 hoc
229 1345 334 1382 Deus
354 1353 424 1392 per
443 1353 557 1382 suam
587 1344 772 1381 virtutem
806 1343 972 1382 activam
1005 1343 1134 1381 facere
1165 1346 1307 1389 potest.
1332 1346 1375 1381 In
1405 1346 1580 1391 potentia
1615 1350 1746 1384 autem

136 1391 240 1429 entis
254 1392 373 1429 creati
395 1395 455 1429 est
473 1400 589 1429 omne
611 1391 716 1438 quod
737 1391 817 1428 enti
838 1394 970 1428 creato
1002 1399 1082 1428 non
1114 1394 1307 1437 repugnat
1328 1403 1337 1428 ε
1361 1392 1464 1430 sieut
1500 1393 1541 1429 in
1571 1393 1748 1439 potentia

134 1438 488 1522 naturaeDhumanae
507 1441 601 1476 sunt
619 1438 755 1476 omnia
772 1448 859 1486 quae
880 1441 1061 1475 naturam
1082 1438 1296 1475 humanam
1317 1447 1395 1476 non
1423 1439 1582 1477 tollunt.
1603 1440 1745 1479 Omnia

134 1485 147 1523 i
178 1485 257 1523 itur
309 1495 380 1523 eus
426 1489 542 1523 otest.

150 1494 370 1574 gPraeterea,
392 1495 498 1579 guod
530 1531 694 1570 effectus
729 1532 873 1579 aliquis
904 1541 984 1570 non
1003 1531 1131 1569 subsit
1163 1532 1349 1578 potentia}
1383 1533 1554 1580 alicujus
1574 1534 1744 1580 agentis,

137 1582 270 1626 potest
300 1588 348 1616 ex
376 1579 504 1617 tribus
529 1579 759 1626 contingere
782 1588 887 1617 :uno
918 1579 1036 1617 modo
1069 1589 1138 1625 per
1173 1580 1247 1617 hoe
1277 1580 1382 1627 quod
1405 1590 1485 1618 non
1520 1581 1637 1618 habet
1657 1590 1746 1619 cum

189 1628 278 1664 ente
296 1624 526 1664 affinitatem
541 1626 601 1663 vel
625 1626 951 1668 similitudinem3
973 1635 1096 1672 agens
1117 1626 1222 1663 enim
1255 1635 1372 1664 omne
1401 1628 1483 1675 agit
1515 1628 1590 1665 sibi
1616 1628 1747 1666 simile

138 1682 162 1711 a
180 1673 275 1720 iquo
295 1673 413 1711 modo
435 1685 444 1710 z
467 1673 570 1710 unde
589 1673 713 1710 virtus
732 1683 818 1720 quae
839 1674 954 1710 estin
977 1674 1127 1710 semine
1149 1674 1323 1711 hominis
1353 1683 1434 1712 non
1461 1679 1590 1721 potest
1609 1676 1750 1721 produ·

135 1729 224 1758 cere
253 1719 413 1757 brutum
439 1721 501 1757 vel
521 1720 714 1766 plantam3
750 1721 949 1758 hominem
981 1725 1111 1757 autem
1138 1724 1280 1766 potest,
1313 1722 1380 1768 qui
1398 1725 1529 1759 tamen
1562 1723 1749 1768 praedicta

136 1766 304 1805 excedit.
325 1767 412 1805 Alio
431 1767 550 1805 modo
582 1771 741 1814 propter
760 1767 1032 1804 excellentiam
1054 1766 1218 1805 effectus
1238 1767 1306 1814 qui
1323 1769 1567 1806 transcendit
1585 1779 1747 1815 propor-

135 1814 285 1851 tionem
302 1814 458 1851 virtutis
474 1814 609 1851 activae
628 1826 636 1851 :
656 1814 760 1852 sicut
773 1815 896 1851 virtus
914 1814 1040 1851 activa
1055 1814 1274 1861 corporalis
1289 1823 1368 1852 non
1384 1819 1512 1861 potest
1532 1817 1748 1862 producere

136 1860 401 1899 substantiam
433 1865 669 1907 separatam.
691 1861 818 1899 Tertio
840 1861 958 1898 modo
978 1865 1137 1908 propter
1156 1861 1360 1899 materiam
1381 1862 1679 1901 determinatam
1701 1864 1749 1901 ad

138 1906 321 1946 effectum
343 1907 384 1945 in
405 1917 522 1955 quam
544 1917 667 1956 agens
693 1917 809 1955 agere
824 1917 904 1946 non
926 1912 1056 1954 potest
1076 1920 1085 1946 ε
1107 1909 1211 1946 sicut
1230 1910 1500 1955 carpentarius
1520 1919 1601 1948 non
1623 1914 1751 1956 potest

136 1954 266 1993 facere
286 1964 450 2000 serram,
471 1955 566 2002 quia
584 1964 659 1992 sua
678 1960 759 1992 arte
776 1963 856 1993 non
875 1959 1006 2002 potest
1027 1965 1142 2002 agere
1158 1956 1197 1992 in
1219 1955 1380 2002 ferrum,
1402 1967 1449 1993 ex
1467 1966 1547 2004 quo
1568 1957 1609 1994 fit
1625 1967 1746 1995 serra.

134 2002 252 2040 Nullo
285 2005 418 2039 autem
446 2003 613 2040 istorum
635 2002 844 2040 modorum
876 2006 1007 2049 potest
1037 2003 1182 2050 aliquis
1214 2002 1378 2041 effectus
1400 2004 1578 2042 subtrahi
1606 2005 1748 2042 divinae

133 2048 281 2086 virtuti.
303 2050 436 2096 Neque
461 2049 566 2087 enim
585 2052 745 2096 propter
764 2049 1131 2087 dissimilitudinem
1150 2049 1315 2088 effectus
1336 2051 1484 2098 aliquid
1507 2052 1542 2089 ei
1567 2051 1752 2098 impossi-

139 2094 220 2133 bile
239 2104 329 2134 esse
348 2099 490 2142 potest,
518 2106 608 2134 cum
627 2105 744 2134 omne
765 2106 850 2137 ens,
873 2097 911 2134 in
934 2100 1123 2144 quantum
1154 2097 1272 2134 habet
1292 2106 1395 2144 esse,
1416 2098 1468 2136 sit
1487 2099 1522 2136 ei
1544 2099 1689 2144 simile,
1708 2103 1750 2136 ut

141 2150 266 2188 supra
299 2142 348 2189 (e.
383 2144 440 2190 15)
473 2147 679 2182 ostensum
723 2148 796 2181 est.
817 2146 894 2181 Nec
928 2145 1044 2181 etiam
1078 2147 1236 2190 propter
1264 2143 1429 2183 effectus
1459 2146 1746 2187 excellentiam,

135 2197 228 2226 cum
262 2192 468 2227 ostensum
491 2190 543 2228 sit
563 2190 604 2238 (l.
627 2200 655 2236 1,
677 2201 711 2228 c.
732 2193 777 2228 28
799 2194 836 2228 et
854 2190 914 2238 41)
933 2191 1037 2238 quod
1060 2193 1162 2228 Deus
1197 2194 1257 2228 est
1276 2201 1396 2238 super
1419 2193 1554 2231 omnia
1573 2193 1615 2230 in
1634 2193 1747 2231 boni·

135 2238 217 2274 tate
239 2239 278 2273 et
310 2237 566 2283 perfectione.
586 2239 664 2275 Nec
695 2238 839 2275 iterum
869 2243 1027 2284 propter
1048 2238 1242 2275 desectum
1263 2240 1451 2284 materiae,
1473 2249 1563 2277 cum
1592 2240 1677 2286 ipse
1697 2240 1749 2278 sit

136 2291 261 2320 eausa
278 2284 465 2327 materiae,
488 2294 574 2332 quae
595 2293 674 2322 non
692 2285 898 2331 possibilis
919 2290 979 2322 est
999 2286 1170 2331 causari,
1194 2286 1270 2322 nisi
1295 2296 1364 2332 per
1383 2287 1638 2324 creationem.
1662 2289 1748 2333 Ipse

139 2329 258 2367 etiam
275 2329 317 2366 in
337 2331 491 2377 agendo
526 2341 608 2368 non
627 2332 791 2379 requirit
821 2333 1039 2377 materiam,
1062 2342 1153 2370 cum
1174 2333 1284 2370 nullo
1305 2334 1578 2380 praeexistente
1605 2343 1686 2370 rem
1707 2333 1746 2370 in

134 2384 227 2413 esse
244 2377 434 2423 producat
455 2389 464 2414 :
487 2381 524 2415 et
544 2378 603 2416 sic
621 2382 780 2425 propter
798 2380 972 2417 materiae
998 2380 1193 2417 defectum
1224 2380 1310 2426 ejus
1333 2380 1435 2417 aetio
1455 2380 1638 2426 impediri
1666 2388 1747 2417 non

135 2426 269 2469 potest
301 2423 350 2461 ab
382 2422 547 2462 effeetus
576 2426 851 2471 productione.
888 2427 1020 2464 Restat
1053 2426 1175 2473 igitur
1207 2425 1312 2473 quod
1343 2427 1477 2465 divina
1507 2428 1633 2465 virtus
1666 2435 1748 2464 non

138 2469 423 2508 determinetur
439 2470 488 2508 ad
517 2471 690 2518 aliquem
719 2471 917 2517 effectum,
951 2473 1021 2510 sed
1050 2472 1284 2519 simpliciter
1314 2473 1449 2510 omnia
1470 2477 1622 2521 potest;
1643 2473 1749 2522 quod

140 2519 202 2554 est
221 2525 311 2554 eum
330 2526 420 2554 esse
438 2518 763 2564 omnipotentem.

165 2593 170 2595 μ
188 2564 286 2601 Hine
307 2568 366 2602 est
386 2564 490 2611 quod
509 2566 626 2601 etiam
657 2565 790 2603 divina
810 2566 1011 2612 Scriptura
1029 2565 1104 2602 fide
1120 2566 1334 2604 tenendum
1355 2567 1430 2605 hoe
1447 2567 1578 2605 tradit.
1600 2567 1751 2605 Dicitur

133 2610 257 2656 enim,
279 2612 390 2656 Gen„
408 2619 508 2656 xvn,
533 2614 565 2655 1,
587 2621 633 2648 ex
651 2621 719 2648 ore
739 2612 806 2649 Dei
827 2624 834 2648 :
858 2615 932 2658 Esse
950 2614 1044 2649 Deus
1066 2614 1285 2658 omnipotens
1305 2625 1317 2649 ε
1338 2615 1483 2651 ambula
1506 2625 1626 2652 coram
1644 2625 1698 2652 me
1717 2617 1750 2652 et

134 2660 208 2694 esto
223 2659 428 2704 perfectum
450 2662 487 2695 et
517 2658 603 2703 Job,
619 2667 712 2702 xm,
734 2662 756 2695 2
776 2671 784 2696 ε
805 2660 885 2695 Seio
916 2660 1004 2705 quia
1022 2661 1143 2696 omnia
1156 2663 1277 2705 pote33
1299 2663 1336 2698 et
1353 2662 1459 2707 Luc„
1479 2669 1506 2708 Ι,
1528 2665 1586 2708 37,
1608 2671 1657 2700 ex
1680 2670 1750 2701 ore

136 2705 268 2750 angeli
290 2717 299 2742 ι
320 2707 402 2743 Non
421 2707 491 2741 erit
509 2707 727 2752 impossibile
747 2706 846 2751 apud
868 2708 977 2742 Deum
994 2716 1094 2742 omne
1112 2707 1271 2744 verbum.

183 2753 257 2789 Per
276 2751 352 2790 hoe
372 2755 502 2790 autem
523 2753 745 2789 excluditur
763 2753 1023 2800 quorumdam
1046 2753 1376 2800 philosophorum
1395 2764 1518 2801 error,
1539 2756 1606 2803 qui
1628 2765 1746 2802 posu-

134 2803 253 2835 erunt
273 2808 296 2836 a
315 2801 396 2836 Deo
416 2799 642 2836 immediate
662 2799 825 2845 produci
850 2808 973 2837 unum
993 2799 1174 2838 effectum
1195 2804 1362 2848 tantum,
1383 2804 1497 2850 quasi
1518 2804 1642 2840 virtus
1662 2803 1748 2849 ejus

141 2844 190 2881 ad
210 2844 321 2883 illius
341 2846 641 2892 productionem
655 2847 912 2883 determinata
924 2850 1041 2892 esset,
1061 2852 1096 2884 et
1112 2847 1216 2895 quod
1230 2850 1332 2886 Deus
1354 2858 1433 2887 non
1449 2853 1580 2897 potest
1599 2848 1748 2896 aliquid

137 2889 280 2939 faeere,
318 2893 399 2931 nisi
436 2893 658 2932 secundum
695 2893 803 2942 quod
837 2902 980 2932 cursus
1013 2903 1145 2932 rerum
1184 2896 1423 2934 naturalium
1456 2906 1500 2935 se
1537 2896 1677 2941 liabet3
1700 2895 1748 2932 de
