<?xml version="1.0" encoding="UTF-8"?>
<!DOCTYPE html PUBLIC "-//W3C//DTD XHTML 1.0 Transitional//EN"
    "http://www.w3.org/TR/xhtml1/DTD/xhtml1-transitional.dtd">
<html xmlns="http://www.w3.org/1999/xhtml" xml:lang="en" lang="en">
 <head>
  <title>
</title>
<meta http-equiv="Content-Type" content="text/html;charset=utf-8" />
  <meta name='ocr-system' content='tesseract 3.04.00' />
  <meta name='ocr-capabilities' content='ocr_page ocr_carea ocr_par ocr_line ocrx_word'/>
</head>
<body>
  <div class='ocr_page' id='page_1' title='image "./deveritatecathol00thomuoft_0433.png"; bbox 0 0 1894 3223; ppageno 0'>
   <div class='ocr_carea' id='block_1_1' title="bbox 667 99 1709 143">
    <p class='ocr_par' dir='ltr' id='par_1_1' title="bbox 667 99 1709 143">
     <span class='ocr_line' id='line_1_1' title="bbox 667 99 1709 143; baseline 0.003 -9"><span class='ocrx_word' id='word_1_1' title='bbox 667 99 754 135; x_wconf 87' lang='lat' dir='ltr'>LlB.</span> <span class='ocrx_word' id='word_1_2' title='bbox 785 99 847 143; x_wconf 85' lang='grc' dir='ltr'>ΙΙΙ,</span> <span class='ocrx_word' id='word_1_3' title='bbox 876 99 977 135; x_wconf 76' lang='lat' dir='ltr'><strong>CAP.</strong></span> <span class='ocrx_word' id='word_1_4' title='bbox 1004 99 1138 135; x_wconf 77' lang='lat' dir='ltr'>xcvn.</span> <span class='ocrx_word' id='word_1_5' title='bbox 1643 102 1709 137; x_wconf 86' lang='lat'>393</span> 
     </span>
    </p>
   </div>
   <div class='ocr_carea' id='block_1_2' title="bbox 86 179 1710 2906">
    <p class='ocr_par' dir='ltr' id='par_1_2' title="bbox 86 179 1710 687">
     <span class='ocr_line' id='line_1_2' title="bbox 87 179 1707 228; baseline 0 -10"><span class='ocrx_word' id='word_1_6' title='bbox 87 179 225 218; x_wconf 85' lang='lat' dir='ltr'>denter</span> <span class='ocrx_word' id='word_1_7' title='bbox 245 183 405 226; x_wconf 83' lang='lat' dir='ltr'>apparet</span> <span class='ocrx_word' id='word_1_8' title='bbox 424 183 586 216; x_wconf 88' lang='lat' dir='ltr'>naturas</span> <span class='ocrx_word' id='word_1_9' title='bbox 607 188 737 216; x_wconf 88' lang='lat' dir='ltr'>rerum</span> <span class='ocrx_word' id='word_1_10' title='bbox 760 180 995 226; x_wconf 73' lang='lat' dir='ltr'>speculanti.</span> <span class='ocrx_word' id='word_1_11' title='bbox 1018 180 1195 217; x_wconf 84' lang='lat' dir='ltr'><strong>Inveniet</strong></span> <span class='ocrx_word' id='word_1_12' title='bbox 1216 180 1336 223; x_wconf 87' lang='lat' dir='ltr'>enirn,</span> <span class='ocrx_word' id='word_1_13' title='bbox 1359 179 1393 217; x_wconf 90' lang='lat' dir='ltr'>si</span> <span class='ocrx_word' id='word_1_14' title='bbox 1426 180 1518 227; x_wconf 91' lang='lat' dir='ltr'>quis</span> <span class='ocrx_word' id='word_1_15' title='bbox 1538 180 1707 228; x_wconf 87' lang='lat' dir='ltr'>diligen-</span> 
     </span>
     <span class='ocr_line' id='line_1_3' title="bbox 86 226 1708 273; baseline 0 -9"><span class='ocrx_word' id='word_1_16' title='bbox 86 231 147 264; x_wconf 88' lang='lat' dir='ltr'>ter</span> <span class='ocrx_word' id='word_1_17' title='bbox 162 227 400 271; x_wconf 82' lang='lat' dir='ltr'>consideret,</span> <span class='ocrx_word' id='word_1_18' title='bbox 419 226 611 273; x_wconf 80' lang='lat' dir='ltr'>gradatim</span> <span class='ocrx_word' id='word_1_19' title='bbox 633 236 764 263; x_wconf 87' lang='lat' dir='ltr'>rerum</span> <span class='ocrx_word' id='word_1_20' title='bbox 787 227 1053 263; x_wconf 71' lang='lat' dir='ltr'>diversitatem</span> <span class='ocrx_word' id='word_1_21' title='bbox 1075 228 1284 273; x_wconf 87' lang='lat' dir='ltr'>compleri;</span> <span class='ocrx_word' id='word_1_22' title='bbox 1309 237 1397 263; x_wconf 85' lang='lat' dir='ltr'>nam</span> <span class='ocrx_word' id='word_1_23' title='bbox 1428 237 1549 273; x_wconf 85' lang='lat' dir='ltr'>supra</span> <span class='ocrx_word' id='word_1_24' title='bbox 1577 227 1708 265; x_wconf 89' lang='lat' dir='ltr'>inani-</span> 
     </span>
     <span class='ocr_line' id='line_1_4' title="bbox 88 273 1710 320; baseline 0 -9"><span class='ocrx_word' id='word_1_25' title='bbox 88 277 194 312; x_wconf 82' lang='lat' dir='ltr'>mata</span> <span class='ocrx_word' id='word_1_26' title='bbox 212 282 379 320; x_wconf 88' lang='lat' dir='ltr'>corpora</span> <span class='ocrx_word' id='word_1_27' title='bbox 410 273 585 310; x_wconf 89' lang='lat' dir='ltr'>inveniet</span> <span class='ocrx_word' id='word_1_28' title='bbox 613 273 782 319; x_wconf 83' lang='lat' dir='ltr'>plantas,</span> <span class='ocrx_word' id='word_1_29' title='bbox 805 278 842 310; x_wconf 90' lang='lat' dir='ltr'>et</span> <span class='ocrx_word' id='word_1_30' title='bbox 873 283 993 320; x_wconf 88' lang='lat' dir='ltr'>super</span> <span class='ocrx_word' id='word_1_31' title='bbox 1026 275 1110 319; x_wconf 83' lang='lat' dir='ltr'>lias,</span> <span class='ocrx_word' id='word_1_32' title='bbox 1146 275 1432 311; x_wconf 74' lang='lat' dir='ltr'>irrationabilia</span> <span class='ocrx_word' id='word_1_33' title='bbox 1465 274 1653 311; x_wconf 87' lang='lat' dir='ltr'>animalia</span> <span class='ocrx_word' id='word_1_34' title='bbox 1671 279 1710 312; x_wconf 91' lang='lat' dir='ltr'>et</span> 
     </span>
     <span class='ocr_line' id='line_1_5' title="bbox 88 319 1709 368; baseline -0.001 -9"><span class='ocrx_word' id='word_1_35' title='bbox 88 330 209 368; x_wconf 87' lang='lat' dir='ltr'>super</span> <span class='ocrx_word' id='word_1_36' title='bbox 227 320 310 357; x_wconf 81' lang='lat' dir='ltr'>haec</span> <span class='ocrx_word' id='word_1_37' title='bbox 331 319 620 357; x_wconf 81' lang='lat' dir='ltr'>intellectuales</span> <span class='ocrx_word' id='word_1_38' title='bbox 641 320 899 365; x_wconf 82' lang='lat' dir='ltr'>substantias,</span> <span class='ocrx_word' id='word_1_39' title='bbox 924 325 960 357; x_wconf 92' lang='lat' dir='ltr'>et</span> <span class='ocrx_word' id='word_1_40' title='bbox 980 322 1019 357; x_wconf 93' lang='lat' dir='ltr'>in</span> <span class='ocrx_word' id='word_1_41' title='bbox 1042 322 1214 367; x_wconf 83' lang='lat' dir='ltr'>singulis</span> <span class='ocrx_word' id='word_1_42' title='bbox 1236 321 1376 358; x_wconf 91' lang='lat' dir='ltr'>horum</span> <span class='ocrx_word' id='word_1_43' title='bbox 1392 321 1565 358; x_wconf 83' lang='lat' dir='ltr'>inveniet</span> <span class='ocrx_word' id='word_1_44' title='bbox 1583 322 1709 359; x_wconf 73' lang='lat' dir='ltr'>diver·</span> 
     </span>
     <span class='ocr_line' id='line_1_6' title="bbox 88 367 1707 414; baseline 0.001 -10"><span class='ocrx_word' id='word_1_45' title='bbox 88 368 243 405; x_wconf 84' lang='lat' dir='ltr'>sitatem</span> <span class='ocrx_word' id='word_1_46' title='bbox 263 395 271 411; x_wconf 97' lang='lat'>,</span> <span class='ocrx_word' id='word_1_47' title='bbox 312 367 531 404; x_wconf 89' lang='lat' dir='ltr'>secundum</span> <span class='ocrx_word' id='word_1_48' title='bbox 575 367 681 414; x_wconf 90' lang='lat' dir='ltr'>quod</span> <span class='ocrx_word' id='word_1_49' title='bbox 713 368 892 414; x_wconf 81' lang='lat' dir='ltr'>quaedam</span> <span class='ocrx_word' id='word_1_50' title='bbox 929 373 1022 405; x_wconf 91' lang='lat' dir='ltr'>sunt</span> <span class='ocrx_word' id='word_1_51' title='bbox 1059 369 1149 406; x_wconf 89' lang='lat' dir='ltr'>aliis</span> <span class='ocrx_word' id='word_1_52' title='bbox 1185 369 1421 414; x_wconf 75' lang='lat' dir='ltr'>perfectiora</span> <span class='ocrx_word' id='word_1_53' title='bbox 1440 397 1449 412; x_wconf 97' lang='lat'>,</span> <span class='ocrx_word' id='word_1_54' title='bbox 1483 369 1523 404; x_wconf 87' lang='lat' dir='ltr'>in</span> <span class='ocrx_word' id='word_1_55' title='bbox 1554 373 1707 406; x_wconf 87' lang='lat' dir='ltr'>tantum</span> 
     </span>
     <span class='ocr_line' id='line_1_7' title="bbox 89 414 1707 467; baseline 0.001 -15"><span class='ocrx_word' id='word_1_56' title='bbox 89 414 194 462; x_wconf 88' lang='lat' dir='ltr'>quod</span> <span class='ocrx_word' id='word_1_57' title='bbox 213 423 259 451; x_wconf 86' lang='lat' dir='ltr'>ea</span> <span class='ocrx_word' id='word_1_58' title='bbox 277 423 363 461; x_wconf 82' lang='lat' dir='ltr'>quae</span> <span class='ocrx_word' id='word_1_59' title='bbox 385 418 479 451; x_wconf 90' lang='lat' dir='ltr'>sunt</span> <span class='ocrx_word' id='word_1_60' title='bbox 503 422 689 460; x_wconf 88' lang='lat' dir='ltr'>suprema</span> <span class='ocrx_word' id='word_1_61' title='bbox 709 414 907 452; x_wconf 84' lang='lat' dir='ltr'>inferioris</span> <span class='ocrx_word' id='word_1_62' title='bbox 937 416 1096 461; x_wconf 90' lang='lat' dir='ltr'>generis</span> <span class='ocrx_word' id='word_1_63' title='bbox 1124 415 1307 452; x_wconf 90' lang='lat' dir='ltr'>videntur</span> <span class='ocrx_word' id='word_1_64' title='bbox 1336 416 1559 467; x_wconf 81' lang='lat' dir='ltr'>propinqua</span> <span class='ocrx_word' id='word_1_65' title='bbox 1591 425 1707 462; x_wconf 90' lang='lat' dir='ltr'>supe-</span> 
     </span>
     <span class='ocr_line' id='line_1_8' title="bbox 88 461 1705 508; baseline 0 -10"><span class='ocrx_word' id='word_1_66' title='bbox 88 461 184 498; x_wconf 88' lang='lat' dir='ltr'>riori</span> <span class='ocrx_word' id='word_1_67' title='bbox 205 462 356 508; x_wconf 83' lang='lat' dir='ltr'>generi,</span> <span class='ocrx_word' id='word_1_68' title='bbox 378 465 415 498; x_wconf 91' lang='lat' dir='ltr'>et</span> <span class='ocrx_word' id='word_1_69' title='bbox 435 471 454 498; x_wconf 90' lang='lat' dir='ltr'>e</span> <span class='ocrx_word' id='word_1_70' title='bbox 476 470 683 505; x_wconf 75' lang='lat' dir='ltr'>converso,</span> <span class='ocrx_word' id='word_1_71' title='bbox 703 461 806 498; x_wconf 88' lang='lat' dir='ltr'>sicut</span> <span class='ocrx_word' id='word_1_72' title='bbox 825 462 1013 498; x_wconf 70' lang='lat' dir='ltr'>animaliit</span> <span class='ocrx_word' id='word_1_73' title='bbox 1033 462 1254 500; x_wconf 81' lang='lat' dir='ltr'>immobilia</span> <span class='ocrx_word' id='word_1_74' title='bbox 1273 466 1366 499; x_wconf 90' lang='lat' dir='ltr'>sunt</span> <span class='ocrx_word' id='word_1_75' title='bbox 1381 462 1705 508; x_wconf 82' lang='lat' dir='ltr'>similiaplantis.</span> 
     </span>
     <span class='ocr_line' id='line_1_9' title="bbox 89 508 1704 556; baseline 0.001 -12"><span class='ocrx_word' id='word_1_76' title='bbox 89 508 197 545; x_wconf 82' lang='lat' dir='ltr'>Unde</span> <span class='ocrx_word' id='word_1_77' title='bbox 218 512 255 544; x_wconf 87' lang='lat' dir='ltr'>et</span> <span class='ocrx_word' id='word_1_78' title='bbox 272 508 487 556; x_wconf 77' lang='lat' dir='ltr'>Dionysius</span> <span class='ocrx_word' id='word_1_79' title='bbox 506 508 601 545; x_wconf 89' lang='lat' dir='ltr'>dicit</span> <span class='ocrx_word' id='word_1_80' title='bbox 622 509 790 554; x_wconf 90' lang='lat' dir='ltr'>septimo</span> <span class='ocrx_word' id='word_1_81' title='bbox 811 519 896 554; x_wconf 87' lang='lat' dir='ltr'>cap.</span> <span class='ocrx_word' id='word_1_82' title='bbox 918 511 967 545; x_wconf 82' lang='lat' dir='ltr'>De</span> <span class='ocrx_word' id='word_1_83' title='bbox 981 509 1096 546; x_wconf 71' lang='lat' dir='ltr'>divin.</span> <span class='ocrx_word' id='word_1_84' title='bbox 1114 509 1332 553; x_wconf 75' lang='lat' dir='ltr'>nominibus,</span> <span class='ocrx_word' id='word_1_85' title='bbox 1349 509 1454 554; x_wconf 89' lang='lat' dir='ltr'>quod</span> <span class='ocrx_word' id='word_1_86' title='bbox 1477 508 1610 546; x_wconf 89' lang='lat' dir='ltr'>divina</span> <span class='ocrx_word' id='word_1_87' title='bbox 1637 518 1704 546; x_wconf 89' lang='lat' dir='ltr'>sa-</span> 
     </span>
     <span class='ocr_line' id='line_1_10' title="bbox 88 554 1707 603; baseline 0.001 -12"><span class='ocrx_word' id='word_1_88' title='bbox 88 555 237 602; x_wconf 85' lang='lat' dir='ltr'>pientia</span> <span class='ocrx_word' id='word_1_89' title='bbox 253 555 458 602; x_wconf 83' lang='lat' dir='ltr'>coniungit</span> <span class='ocrx_word' id='word_1_90' title='bbox 476 554 576 592; x_wconf 87' lang='lat' dir='ltr'>fines</span> <span class='ocrx_word' id='word_1_91' title='bbox 591 556 807 601; x_wconf 92' lang='lat' dir='ltr'>primorum</span> <span class='ocrx_word' id='word_1_92' title='bbox 829 556 1036 602; x_wconf 85' lang='lat' dir='ltr'>principiis</span> <span class='ocrx_word' id='word_1_93' title='bbox 1053 556 1332 593; x_wconf 89' lang='lat' dir='ltr'>secundorum.</span> <span class='ocrx_word' id='word_1_94' title='bbox 1353 555 1461 592; x_wconf 85' lang='lat' dir='ltr'>Unde</span> <span class='ocrx_word' id='word_1_95' title='bbox 1481 559 1585 601; x_wconf 90' lang='lat' dir='ltr'>patet</span> <span class='ocrx_word' id='word_1_96' title='bbox 1600 555 1707 603; x_wconf 88' lang='lat' dir='ltr'>quod</span> 
     </span>
     <span class='ocr_line' id='line_1_11' title="bbox 88 602 1706 686; baseline 0.001 -47"><span class='ocrx_word' id='word_1_97' title='bbox 88 602 446 686; x_wconf 55' lang='lat' dir='ltr'>rerumgiversitas</span> <span class='ocrx_word' id='word_1_98' title='bbox 468 603 588 649; x_wconf 83' lang='lat' dir='ltr'>exigit</span> <span class='ocrx_word' id='word_1_99' title='bbox 609 603 714 649; x_wconf 88' lang='lat' dir='ltr'>quod</span> <span class='ocrx_word' id='word_1_100' title='bbox 736 612 816 640; x_wconf 89' lang='lat' dir='ltr'>non</span> <span class='ocrx_word' id='word_1_101' title='bbox 829 603 1056 640; x_wconf 87' lang='lat' dir='ltr'>sintomnia</span> <span class='ocrx_word' id='word_1_102' title='bbox 1069 603 1248 650; x_wconf 85' lang='lat' dir='ltr'>aequalia,</span> <span class='ocrx_word' id='word_1_103' title='bbox 1266 602 1334 640; x_wconf 87' lang='lat' dir='ltr'>sed</span> <span class='ocrx_word' id='word_1_104' title='bbox 1356 602 1506 640; x_wconf 92' lang='lat' dir='ltr'>sitordo</span> <span class='ocrx_word' id='word_1_105' title='bbox 1524 603 1564 642; x_wconf 68' lang='lat' dir='ltr'>in</span> <span class='ocrx_word' id='word_1_106' title='bbox 1587 603 1706 640; x_wconf 88' lang='lat' dir='ltr'>rebus</span> 
     </span>
     <span class='ocr_line' id='line_1_12' title="bbox 93 652 317 687; baseline -0.004 -1"><span class='ocrx_word' id='word_1_107' title='bbox 93 652 132 686; x_wconf 87' lang='lat' dir='ltr'>et</span> <span class='ocrx_word' id='word_1_108' title='bbox 185 659 226 685; x_wconf 88' lang='lat' dir='ltr'>ra</span> <span class='ocrx_word' id='word_1_109' title='bbox 258 658 317 687; x_wconf 90' lang='lat' dir='ltr'>us.</span> 
     </span>
    </p>

    <p class='ocr_par' dir='ltr' id='par_1_3' title="bbox 90 658 1707 1015">
     <span class='ocr_line' id='line_1_13' title="bbox 137 658 1707 751; baseline 0.002 -19"><span class='ocrx_word' id='word_1_110' title='bbox 137 658 190 732; x_wconf 77' lang='lat' dir='ltr'>ng</span> <span class='ocrx_word' id='word_1_111' title='bbox 208 695 433 733; x_wconf 88' lang='lat' dir='ltr'>diversitate</span> <span class='ocrx_word' id='word_1_112' title='bbox 455 700 584 733; x_wconf 87' lang='lat' dir='ltr'>autem</span> <span class='ocrx_word' id='word_1_113' title='bbox 608 696 839 741; x_wconf 85' lang='lat' dir='ltr'>formarum,</span> <span class='ocrx_word' id='word_1_114' title='bbox 862 696 1081 734; x_wconf 90' lang='lat' dir='ltr'>secundum</span> <span class='ocrx_word' id='word_1_115' title='bbox 1104 705 1203 744; x_wconf 90' lang='lat' dir='ltr'>quas</span> <span class='ocrx_word' id='word_1_116' title='bbox 1224 706 1354 734; x_wconf 89' lang='lat' dir='ltr'>rerum</span> <span class='ocrx_word' id='word_1_117' title='bbox 1390 697 1544 751; x_wconf 76' lang='lat' dir='ltr'>species</span> <span class='ocrx_word' id='word_1_118' title='bbox 1579 697 1707 735; x_wconf 85' lang='lat' dir='ltr'>diver-</span> 
     </span>
     <span class='ocr_line' id='line_1_14' title="bbox 90 742 1707 792; baseline 0.002 -13"><span class='ocrx_word' id='word_1_119' title='bbox 90 742 308 788; x_wconf 86' lang='lat' dir='ltr'>sificantur,</span> <span class='ocrx_word' id='word_1_120' title='bbox 332 744 511 790; x_wconf 90' lang='lat' dir='ltr'>sequitur</span> <span class='ocrx_word' id='word_1_121' title='bbox 527 748 563 780; x_wconf 83' lang='lat' dir='ltr'>et</span> <span class='ocrx_word' id='word_1_122' title='bbox 584 745 858 790; x_wconf 85' lang='lat' dir='ltr'>operationum</span> <span class='ocrx_word' id='word_1_123' title='bbox 880 743 1117 781; x_wconf 80' lang='lat' dir='ltr'>differentia.</span> <span class='ocrx_word' id='word_1_124' title='bbox 1137 745 1232 781; x_wconf 90' lang='lat' dir='ltr'>Cum</span> <span class='ocrx_word' id='word_1_125' title='bbox 1267 745 1372 781; x_wconf 82' lang='lat' dir='ltr'>enim</span> <span class='ocrx_word' id='word_1_126' title='bbox 1395 745 1707 792; x_wconf 83' lang='lat' dir='ltr'>unumquodque</span> 
     </span>
     <span class='ocr_line' id='line_1_15' title="bbox 91 790 1707 839; baseline 0.001 -12"><span class='ocrx_word' id='word_1_127' title='bbox 91 793 182 836; x_wconf 85' lang='lat' dir='ltr'>agat</span> <span class='ocrx_word' id='word_1_128' title='bbox 196 790 413 827; x_wconf 91' lang='lat' dir='ltr'>secundum</span> <span class='ocrx_word' id='word_1_129' title='bbox 436 790 540 837; x_wconf 91' lang='lat' dir='ltr'>quod</span> <span class='ocrx_word' id='word_1_130' title='bbox 561 795 619 828; x_wconf 92' lang='lat' dir='ltr'>est</span> <span class='ocrx_word' id='word_1_131' title='bbox 641 794 729 828; x_wconf 88' lang='lat' dir='ltr'>actu</span> <span class='ocrx_word' id='word_1_132' title='bbox 751 791 852 838; x_wconf 78' lang='lat' dir='ltr'>(quae</span> <span class='ocrx_word' id='word_1_133' title='bbox 871 791 976 828; x_wconf 92' lang='lat' dir='ltr'>enim</span> <span class='ocrx_word' id='word_1_134' title='bbox 993 792 1138 828; x_wconf 89' lang='lat' dir='ltr'>suntin</span> <span class='ocrx_word' id='word_1_135' title='bbox 1155 792 1345 837; x_wconf 87' lang='lat' dir='ltr'>potentia,</span> <span class='ocrx_word' id='word_1_136' title='bbox 1364 792 1584 829; x_wconf 90' lang='lat' dir='ltr'>secundum</span> <span class='ocrx_word' id='word_1_137' title='bbox 1600 792 1707 839; x_wconf 89' lang='lat' dir='ltr'>quod</span> 
     </span>
     <span class='ocr_line' id='line_1_16' title="bbox 92 836 1707 886; baseline 0.002 -13"><span class='ocrx_word' id='word_1_138' title='bbox 92 836 335 882; x_wconf 89' lang='lat' dir='ltr'>hujusmodi,</span> <span class='ocrx_word' id='word_1_139' title='bbox 358 837 614 874; x_wconf 71' lang='lat' dir='ltr'>inveniuntur</span> <span class='ocrx_word' id='word_1_140' title='bbox 634 838 803 875; x_wconf 90' lang='lat' dir='ltr'>actionis</span> <span class='ocrx_word' id='word_1_141' title='bbox 825 838 1027 884; x_wconf 79' lang='lat' dir='ltr'>expertia),</span> <span class='ocrx_word' id='word_1_142' title='bbox 1050 842 1110 875; x_wconf 91' lang='lat' dir='ltr'>est</span> <span class='ocrx_word' id='word_1_143' title='bbox 1127 842 1257 875; x_wconf 89' lang='lat' dir='ltr'>autem</span> <span class='ocrx_word' id='word_1_144' title='bbox 1294 839 1606 886; x_wconf 88' lang='lat' dir='ltr'>unumquodque</span> <span class='ocrx_word' id='word_1_145' title='bbox 1635 848 1707 877; x_wconf 89' lang='lat' dir='ltr'>ens</span> 
     </span>
     <span class='ocr_line' id='line_1_17' title="bbox 90 884 1704 932; baseline 0.002 -12"><span class='ocrx_word' id='word_1_146' title='bbox 90 888 178 920; x_wconf 89' lang='lat' dir='ltr'>actu</span> <span class='ocrx_word' id='word_1_147' title='bbox 197 894 266 930; x_wconf 90' lang='lat' dir='ltr'>per</span> <span class='ocrx_word' id='word_1_148' title='bbox 285 884 471 928; x_wconf 83' lang='lat' dir='ltr'>sormam,</span> <span class='ocrx_word' id='word_1_149' title='bbox 510 889 666 931; x_wconf 88' lang='lat' dir='ltr'>oportet</span> <span class='ocrx_word' id='word_1_150' title='bbox 700 885 806 932; x_wconf 90' lang='lat' dir='ltr'>quod</span> <span class='ocrx_word' id='word_1_151' title='bbox 839 885 1016 930; x_wconf 86' lang='lat' dir='ltr'>operatio</span> <span class='ocrx_word' id='word_1_152' title='bbox 1056 886 1112 922; x_wconf 89' lang='lat' dir='ltr'>rei</span> <span class='ocrx_word' id='word_1_153' title='bbox 1147 889 1336 932; x_wconf 86' lang='lat' dir='ltr'>sequatur</span> <span class='ocrx_word' id='word_1_154' title='bbox 1366 886 1534 923; x_wconf 85' lang='lat' dir='ltr'>formam</span> <span class='ocrx_word' id='word_1_155' title='bbox 1561 886 1704 932; x_wconf 88' lang='lat' dir='ltr'>ipsius.</span> 
     </span>
     <span class='ocr_line' id='line_1_18' title="bbox 91 931 1707 982; baseline 0.002 -15"><span class='ocrx_word' id='word_1_156' title='bbox 91 931 251 982; x_wconf 84' lang='lat' dir='ltr'>onrtet</span> <span class='ocrx_word' id='word_1_157' title='bbox 280 931 415 978; x_wconf 86' lang='lat' dir='ltr'>igitur,</span> <span class='ocrx_word' id='word_1_158' title='bbox 457 931 490 968; x_wconf 91' lang='lat' dir='ltr'>si</span> <span class='ocrx_word' id='word_1_159' title='bbox 532 932 614 968; x_wconf 88' lang='lat' dir='ltr'>sint</span> <span class='ocrx_word' id='word_1_160' title='bbox 642 931 807 970; x_wconf 72' lang='lat' dir='ltr'>diversae</span> <span class='ocrx_word' id='word_1_161' title='bbox 840 933 991 977; x_wconf 84' lang='lat' dir='ltr'>formae‚</span> <span class='ocrx_word' id='word_1_162' title='bbox 1022 933 1128 979; x_wconf 88' lang='lat' dir='ltr'>quod</span> <span class='ocrx_word' id='word_1_163' title='bbox 1162 933 1333 970; x_wconf 88' lang='lat' dir='ltr'>habeant</span> <span class='ocrx_word' id='word_1_164' title='bbox 1364 933 1542 970; x_wconf 86' lang='lat' dir='ltr'>diversas</span> <span class='ocrx_word' id='word_1_165' title='bbox 1569 942 1707 980; x_wconf 83' lang='lat' dir='ltr'>opera-</span> 
     </span>
     <span class='ocr_line' id='line_1_19' title="bbox 92 980 236 1015; baseline 0.014 -2"><span class='ocrx_word' id='word_1_166' title='bbox 92 980 236 1015; x_wconf 79' lang='lat' dir='ltr'>nones.</span> 
     </span>
    </p>

    <p class='ocr_par' dir='ltr' id='par_1_4' title="bbox 88 1025 1708 1162">
     <span class='ocr_line' id='line_1_20' title="bbox 137 1025 1707 1073; baseline 0.002 -12"><span class='ocrx_word' id='word_1_167' title='bbox 137 1025 238 1068; x_wconf 85' lang='lat' dir='ltr'>Quia</span> <span class='ocrx_word' id='word_1_168' title='bbox 256 1034 348 1062; x_wconf 75' lang='lat' dir='ltr'>vero</span> <span class='ocrx_word' id='word_1_169' title='bbox 369 1034 437 1070; x_wconf 90' lang='lat' dir='ltr'>per</span> <span class='ocrx_word' id='word_1_170' title='bbox 456 1026 654 1071; x_wconf 85' lang='lat' dir='ltr'>propriam</span> <span class='ocrx_word' id='word_1_171' title='bbox 678 1025 873 1062; x_wconf 84' lang='lat' dir='ltr'>actionem</span> <span class='ocrx_word' id='word_1_172' title='bbox 893 1036 956 1063; x_wconf 92' lang='lat' dir='ltr'>res</span> <span class='ocrx_word' id='word_1_173' title='bbox 978 1026 1166 1072; x_wconf 83' lang='lat' dir='ltr'>quaelibet</span> <span class='ocrx_word' id='word_1_174' title='bbox 1185 1027 1232 1064; x_wconf 86' lang='lat' dir='ltr'>ad</span> <span class='ocrx_word' id='word_1_175' title='bbox 1251 1027 1452 1073; x_wconf 89' lang='lat' dir='ltr'>proprium</span> <span class='ocrx_word' id='word_1_176' title='bbox 1482 1027 1600 1063; x_wconf 86' lang='lat' dir='ltr'>finem</span> <span class='ocrx_word' id='word_1_177' title='bbox 1620 1036 1707 1073; x_wconf 90' lang='lat' dir='ltr'>per-</span> 
     </span>
     <span class='ocr_line' id='line_1_21' title="bbox 88 1070 1708 1121; baseline 0.002 -14"><span class='ocrx_word' id='word_1_178' title='bbox 88 1070 220 1117; x_wconf 89' lang='lat' dir='ltr'>tingit,</span> <span class='ocrx_word' id='word_1_179' title='bbox 240 1080 404 1108; x_wconf 85' lang='lat' dir='ltr'>necesse</span> <span class='ocrx_word' id='word_1_180' title='bbox 425 1076 484 1108; x_wconf 91' lang='lat' dir='ltr'>est</span> <span class='ocrx_word' id='word_1_181' title='bbox 504 1072 621 1108; x_wconf 86' lang='lat' dir='ltr'>etiam</span> <span class='ocrx_word' id='word_1_182' title='bbox 643 1073 824 1117; x_wconf 90' lang='lat' dir='ltr'>proprios</span> <span class='ocrx_word' id='word_1_183' title='bbox 845 1073 944 1110; x_wconf 84' lang='lat' dir='ltr'>fines</span> <span class='ocrx_word' id='word_1_184' title='bbox 963 1073 1219 1110; x_wconf 76' lang='lat' dir='ltr'>diversificari</span> <span class='ocrx_word' id='word_1_185' title='bbox 1241 1073 1282 1109; x_wconf 89' lang='lat' dir='ltr'>in</span> <span class='ocrx_word' id='word_1_186' title='bbox 1302 1074 1435 1118; x_wconf 90' lang='lat' dir='ltr'>rebus,</span> <span class='ocrx_word' id='word_1_187' title='bbox 1454 1074 1635 1121; x_wconf 85' lang='lat' dir='ltr'>quamvis</span> <span class='ocrx_word' id='word_1_188' title='bbox 1656 1075 1708 1111; x_wconf 91' lang='lat' dir='ltr'>sit</span> 
     </span>
     <span class='ocr_line' id='line_1_22' title="bbox 89 1115 851 1162; baseline 0.001 -8"><span class='ocrx_word' id='word_1_189' title='bbox 89 1115 182 1155; x_wconf 87' lang='lat' dir='ltr'>finis</span> <span class='ocrx_word' id='word_1_190' title='bbox 203 1117 368 1156; x_wconf 90' lang='lat' dir='ltr'>ultimus</span> <span class='ocrx_word' id='word_1_191' title='bbox 388 1117 589 1162; x_wconf 90' lang='lat' dir='ltr'>omnibus,</span> <span class='ocrx_word' id='word_1_192' title='bbox 612 1119 851 1156; x_wconf 86' lang='lat' dir='ltr'>eommunis.</span> 
     </span>
    </p>

    <p class='ocr_par' dir='ltr' id='par_1_5' title="bbox 86 1164 1710 1814">
     <span class='ocr_line' id='line_1_23' title="bbox 137 1164 1708 1211; baseline 0.003 -10"><span class='ocrx_word' id='word_1_193' title='bbox 137 1164 322 1211; x_wconf 87' lang='lat' dir='ltr'>sequitur</span> <span class='ocrx_word' id='word_1_194' title='bbox 342 1165 458 1202; x_wconf 89' lang='lat' dir='ltr'>etiam</span> <span class='ocrx_word' id='word_1_195' title='bbox 478 1174 526 1201; x_wconf 81' lang='lat' dir='ltr'>ex</span> <span class='ocrx_word' id='word_1_196' title='bbox 543 1165 768 1202; x_wconf 84' lang='lat' dir='ltr'>diversitate</span> <span class='ocrx_word' id='word_1_197' title='bbox 788 1166 1002 1202; x_wconf 87' lang='lat' dir='ltr'>formarum</span> <span class='ocrx_word' id='word_1_198' title='bbox 1029 1167 1185 1204; x_wconf 90' lang='lat' dir='ltr'>diversa</span> <span class='ocrx_word' id='word_1_199' title='bbox 1222 1166 1412 1204; x_wconf 87' lang='lat' dir='ltr'>habitudo</span> <span class='ocrx_word' id='word_1_200' title='bbox 1452 1168 1626 1205; x_wconf 80' lang='lat' dir='ltr'>materiae</span> <span class='ocrx_word' id='word_1_201' title='bbox 1659 1168 1708 1206; x_wconf 87' lang='lat' dir='ltr'>ad</span> 
     </span>
     <span class='ocr_line' id='line_1_24' title="bbox 87 1212 1710 1261; baseline 0.002 -13"><span class='ocrx_word' id='word_1_202' title='bbox 87 1220 166 1249; x_wconf 88' lang='lat' dir='ltr'>res.</span> <span class='ocrx_word' id='word_1_203' title='bbox 183 1213 279 1249; x_wconf 90' lang='lat' dir='ltr'>Cum</span> <span class='ocrx_word' id='word_1_204' title='bbox 298 1212 404 1249; x_wconf 90' lang='lat' dir='ltr'>enim</span> <span class='ocrx_word' id='word_1_205' title='bbox 426 1212 562 1249; x_wconf 76' lang='lat' dir='ltr'>formae</span> <span class='ocrx_word' id='word_1_206' title='bbox 583 1212 748 1249; x_wconf 82' lang='lat' dir='ltr'>diversae</span> <span class='ocrx_word' id='word_1_207' title='bbox 769 1213 850 1250; x_wconf 90' lang='lat' dir='ltr'>sint</span> <span class='ocrx_word' id='word_1_208' title='bbox 869 1213 1088 1250; x_wconf 89' lang='lat' dir='ltr'>secundum</span> <span class='ocrx_word' id='word_1_209' title='bbox 1102 1214 1207 1261; x_wconf 91' lang='lat' dir='ltr'>quod</span> <span class='ocrx_word' id='word_1_210' title='bbox 1223 1214 1401 1261; x_wconf 81' lang='lat' dir='ltr'>quaedam</span> <span class='ocrx_word' id='word_1_211' title='bbox 1417 1218 1510 1251; x_wconf 87' lang='lat' dir='ltr'>sunt</span> <span class='ocrx_word' id='word_1_212' title='bbox 1524 1215 1615 1252; x_wconf 88' lang='lat' dir='ltr'>aliis</span> <span class='ocrx_word' id='word_1_213' title='bbox 1626 1224 1710 1261; x_wconf 90' lang='lat' dir='ltr'>per·</span> 
     </span>
     <span class='ocr_line' id='line_1_25' title="bbox 86 1259 1710 1308; baseline 0.002 -12"><span class='ocrx_word' id='word_1_214' title='bbox 86 1259 289 1305; x_wconf 84' lang='lat' dir='ltr'>fectiores‚</span> <span class='ocrx_word' id='word_1_215' title='bbox 311 1263 405 1297; x_wconf 89' lang='lat' dir='ltr'>sunt</span> <span class='ocrx_word' id='word_1_216' title='bbox 423 1259 526 1296; x_wconf 92' lang='lat' dir='ltr'>inter</span> <span class='ocrx_word' id='word_1_217' title='bbox 545 1268 613 1296; x_wconf 86' lang='lat' dir='ltr'>eas</span> <span class='ocrx_word' id='word_1_218' title='bbox 633 1259 776 1306; x_wconf 75' lang='lat' dir='ltr'>aliquae</span> <span class='ocrx_word' id='word_1_219' title='bbox 796 1259 838 1296; x_wconf 93' lang='lat' dir='ltr'>in</span> <span class='ocrx_word' id='word_1_220' title='bbox 856 1263 1008 1297; x_wconf 89' lang='lat' dir='ltr'>tantum</span> <span class='ocrx_word' id='word_1_221' title='bbox 1030 1261 1226 1307; x_wconf 83' lang='lat' dir='ltr'>perfectae,</span> <span class='ocrx_word' id='word_1_222' title='bbox 1248 1261 1353 1308; x_wconf 91' lang='lat' dir='ltr'>quod</span> <span class='ocrx_word' id='word_1_223' title='bbox 1366 1265 1458 1298; x_wconf 92' lang='lat' dir='ltr'>sunt</span> <span class='ocrx_word' id='word_1_224' title='bbox 1475 1271 1545 1307; x_wconf 90' lang='lat' dir='ltr'>per</span> <span class='ocrx_word' id='word_1_225' title='bbox 1557 1270 1601 1299; x_wconf 90' lang='lat' dir='ltr'>se</span> <span class='ocrx_word' id='word_1_226' title='bbox 1620 1262 1710 1300; x_wconf 90' lang='lat' dir='ltr'>sub·</span> 
     </span>
     <span class='ocr_line' id='line_1_26' title="bbox 88 1306 1707 1355; baseline 0.001 -11"><span class='ocrx_word' id='word_1_227' title='bbox 88 1306 277 1344; x_wconf 85' lang='lat' dir='ltr'>sistentes</span> <span class='ocrx_word' id='word_1_228' title='bbox 297 1310 334 1343; x_wconf 90' lang='lat' dir='ltr'>et</span> <span class='ocrx_word' id='word_1_229' title='bbox 354 1306 549 1353; x_wconf 86' lang='lat' dir='ltr'>persectae,</span> <span class='ocrx_word' id='word_1_230' title='bbox 571 1306 619 1343; x_wconf 90' lang='lat' dir='ltr'>ad</span> <span class='ocrx_word' id='word_1_231' title='bbox 646 1307 746 1343; x_wconf 88' lang='lat' dir='ltr'>nihil</span> <span class='ocrx_word' id='word_1_232' title='bbox 780 1307 1006 1354; x_wconf 80' lang='lat' dir='ltr'>indigentes</span> <span class='ocrx_word' id='word_1_233' title='bbox 1038 1309 1213 1345; x_wconf 78' lang='lat' dir='ltr'>materiae</span> <span class='ocrx_word' id='word_1_234' title='bbox 1243 1308 1496 1353; x_wconf 80' lang='lat' dir='ltr'>fulciment03</span> <span class='ocrx_word' id='word_1_235' title='bbox 1527 1309 1707 1355; x_wconf 88' lang='lat' dir='ltr'>quaedam</span> 
     </span>
     <span class='ocr_line' id='line_1_27' title="bbox 89 1353 1707 1402; baseline 0.002 -12"><span class='ocrx_word' id='word_1_236' title='bbox 89 1362 182 1391; x_wconf 86' lang='lat' dir='ltr'>vero</span> <span class='ocrx_word' id='word_1_237' title='bbox 203 1363 272 1400; x_wconf 91' lang='lat' dir='ltr'>per</span> <span class='ocrx_word' id='word_1_238' title='bbox 292 1363 335 1391; x_wconf 85' lang='lat' dir='ltr'>se</span> <span class='ocrx_word' id='word_1_239' title='bbox 352 1354 502 1400; x_wconf 87' lang='lat' dir='ltr'>pefecte</span> <span class='ocrx_word' id='word_1_240' title='bbox 519 1353 738 1391; x_wconf 89' lang='lat' dir='ltr'>subsistere</span> <span class='ocrx_word' id='word_1_241' title='bbox 752 1362 833 1391; x_wconf 92' lang='lat' dir='ltr'>non</span> <span class='ocrx_word' id='word_1_242' title='bbox 848 1359 1031 1400; x_wconf 88' lang='lat' dir='ltr'>possunt,</span> <span class='ocrx_word' id='word_1_243' title='bbox 1049 1356 1117 1392; x_wconf 87' lang='lat' dir='ltr'>sed</span> <span class='ocrx_word' id='word_1_244' title='bbox 1129 1355 1334 1392; x_wconf 82' lang='lat' dir='ltr'>materiam</span> <span class='ocrx_word' id='word_1_245' title='bbox 1356 1364 1428 1402; x_wconf 88' lang='lat' dir='ltr'>pro</span> <span class='ocrx_word' id='word_1_246' title='bbox 1449 1356 1707 1394; x_wconf 84' lang='lat' dir='ltr'>fundamento</span> 
     </span>
     <span class='ocr_line' id='line_1_28' title="bbox 90 1400 1709 1449; baseline 0.002 -12"><span class='ocrx_word' id='word_1_247' title='bbox 90 1400 312 1447; x_wconf 86' lang='lat' dir='ltr'>requirunt,</span> <span class='ocrx_word' id='word_1_248' title='bbox 335 1404 377 1437; x_wconf 89' lang='lat' dir='ltr'>ut</span> <span class='ocrx_word' id='word_1_249' title='bbox 395 1400 452 1437; x_wconf 89' lang='lat' dir='ltr'>sic</span> <span class='ocrx_word' id='word_1_250' title='bbox 473 1400 572 1437; x_wconf 92' lang='lat' dir='ltr'>illud</span> <span class='ocrx_word' id='word_1_251' title='bbox 588 1401 692 1448; x_wconf 89' lang='lat' dir='ltr'>quod</span> <span class='ocrx_word' id='word_1_252' title='bbox 706 1401 890 1438; x_wconf 83' lang='lat' dir='ltr'>subsistit</span> <span class='ocrx_word' id='word_1_253' title='bbox 915 1411 994 1438; x_wconf 92' lang='lat' dir='ltr'>non</span> <span class='ocrx_word' id='word_1_254' title='bbox 1011 1402 1062 1438; x_wconf 86' lang='lat' dir='ltr'>sit</span> <span class='ocrx_word' id='word_1_255' title='bbox 1080 1403 1206 1439; x_wconf 86' lang='lat' dir='ltr'>forma</span> <span class='ocrx_word' id='word_1_256' title='bbox 1220 1406 1387 1447; x_wconf 89' lang='lat' dir='ltr'>tantum,</span> <span class='ocrx_word' id='word_1_257' title='bbox 1400 1411 1528 1449; x_wconf 89' lang='lat' dir='ltr'>neque</span> <span class='ocrx_word' id='word_1_258' title='bbox 1543 1404 1709 1441; x_wconf 89' lang='lat' dir='ltr'>materia</span> 
     </span>
     <span class='ocr_line' id='line_1_29' title="bbox 87 1448 1707 1496; baseline 0.003 -13"><span class='ocrx_word' id='word_1_259' title='bbox 87 1450 257 1492; x_wconf 88' lang='lat' dir='ltr'>tantum,</span> <span class='ocrx_word' id='word_1_260' title='bbox 281 1457 367 1494; x_wconf 81' lang='lat' dir='ltr'>quae</span> <span class='ocrx_word' id='word_1_261' title='bbox 388 1457 457 1493; x_wconf 90' lang='lat' dir='ltr'>per</span> <span class='ocrx_word' id='word_1_262' title='bbox 476 1456 519 1484; x_wconf 91' lang='lat' dir='ltr'>se</span> <span class='ocrx_word' id='word_1_263' title='bbox 540 1456 620 1484; x_wconf 92' lang='lat' dir='ltr'>non</span> <span class='ocrx_word' id='word_1_264' title='bbox 643 1452 702 1485; x_wconf 91' lang='lat' dir='ltr'>est</span> <span class='ocrx_word' id='word_1_265' title='bbox 722 1457 793 1485; x_wconf 90' lang='lat' dir='ltr'>ens</span> <span class='ocrx_word' id='word_1_266' title='bbox 813 1452 914 1492; x_wconf 87' lang='lat' dir='ltr'>actu,</span> <span class='ocrx_word' id='word_1_267' title='bbox 938 1448 1007 1485; x_wconf 91' lang='lat' dir='ltr'>sed</span> <span class='ocrx_word' id='word_1_268' title='bbox 1034 1450 1299 1495; x_wconf 88' lang='lat' dir='ltr'>compositum</span> <span class='ocrx_word' id='word_1_269' title='bbox 1323 1459 1371 1486; x_wconf 82' lang='lat' dir='ltr'>ex</span> <span class='ocrx_word' id='word_1_270' title='bbox 1401 1453 1583 1496; x_wconf 89' lang='lat' dir='ltr'>utroque.</span> <span class='ocrx_word' id='word_1_271' title='bbox 1620 1452 1707 1488; x_wconf 89' lang='lat' dir='ltr'>Non</span> 
     </span>
     <span class='ocr_line' id='line_1_30' title="bbox 89 1495 1708 1542; baseline 0.002 -12"><span class='ocrx_word' id='word_1_272' title='bbox 89 1498 219 1531; x_wconf 89' lang='lat' dir='ltr'>autem</span> <span class='ocrx_word' id='word_1_273' title='bbox 242 1499 405 1540; x_wconf 88' lang='lat' dir='ltr'>possent</span> <span class='ocrx_word' id='word_1_274' title='bbox 427 1495 591 1531; x_wconf 88' lang='lat' dir='ltr'>materia</span> <span class='ocrx_word' id='word_1_275' title='bbox 611 1498 648 1530; x_wconf 93' lang='lat' dir='ltr'>et</span> <span class='ocrx_word' id='word_1_276' title='bbox 669 1495 795 1531; x_wconf 84' lang='lat' dir='ltr'>forma</span> <span class='ocrx_word' id='word_1_277' title='bbox 814 1495 860 1532; x_wconf 89' lang='lat' dir='ltr'>ad</span> <span class='ocrx_word' id='word_1_278' title='bbox 883 1495 1031 1542; x_wconf 91' lang='lat' dir='ltr'>aliquid</span> <span class='ocrx_word' id='word_1_279' title='bbox 1051 1505 1173 1533; x_wconf 90' lang='lat' dir='ltr'>unum</span> <span class='ocrx_word' id='word_1_280' title='bbox 1207 1496 1529 1533; x_wconf 88' lang='lat' dir='ltr'>constituendum</span> <span class='ocrx_word' id='word_1_281' title='bbox 1563 1505 1708 1535; x_wconf 87' lang='lat' dir='ltr'>conve-</span> 
     </span>
     <span class='ocr_line' id='line_1_31' title="bbox 89 1541 1709 1590; baseline 0.002 -12"><span class='ocrx_word' id='word_1_282' title='bbox 89 1541 188 1586; x_wconf 91' lang='lat' dir='ltr'>nire,</span> <span class='ocrx_word' id='word_1_283' title='bbox 211 1541 289 1578; x_wconf 91' lang='lat' dir='ltr'>nisi</span> <span class='ocrx_word' id='word_1_284' title='bbox 311 1545 418 1578; x_wconf 91' lang='lat' dir='ltr'>esset</span> <span class='ocrx_word' id='word_1_285' title='bbox 437 1542 570 1588; x_wconf 88' lang='lat' dir='ltr'>aliqua</span> <span class='ocrx_word' id='word_1_286' title='bbox 589 1542 792 1588; x_wconf 90' lang='lat' dir='ltr'>proportio</span> <span class='ocrx_word' id='word_1_287' title='bbox 810 1542 912 1578; x_wconf 92' lang='lat' dir='ltr'>inter</span> <span class='ocrx_word' id='word_1_288' title='bbox 931 1552 990 1579; x_wconf 89' lang='lat' dir='ltr'>ea.</span> <span class='ocrx_word' id='word_1_289' title='bbox 1012 1543 1051 1580; x_wconf 89' lang='lat' dir='ltr'>Si</span> <span class='ocrx_word' id='word_1_290' title='bbox 1084 1546 1213 1580; x_wconf 90' lang='lat' dir='ltr'>autem</span> <span class='ocrx_word' id='word_1_291' title='bbox 1235 1543 1534 1589; x_wconf 83' lang='lat' dir='ltr'>proportionata</span> <span class='ocrx_word' id='word_1_292' title='bbox 1552 1546 1709 1590; x_wconf 85' lang='lat' dir='ltr'>oportet</span> 
     </span>
     <span class='ocr_line' id='line_1_32' title="bbox 89 1588 1705 1637; baseline 0.001 -11"><span class='ocrx_word' id='word_1_293' title='bbox 89 1597 136 1626; x_wconf 87' lang='lat' dir='ltr'>ea</span> <span class='ocrx_word' id='word_1_294' title='bbox 155 1597 259 1633; x_wconf 89' lang='lat' dir='ltr'>esse,</span> <span class='ocrx_word' id='word_1_295' title='bbox 281 1596 446 1625; x_wconf 89' lang='lat' dir='ltr'>necesse</span> <span class='ocrx_word' id='word_1_296' title='bbox 471 1592 530 1625; x_wconf 91' lang='lat' dir='ltr'>est</span> <span class='ocrx_word' id='word_1_297' title='bbox 553 1588 658 1635; x_wconf 90' lang='lat' dir='ltr'>quod</span> <span class='ocrx_word' id='word_1_298' title='bbox 681 1588 848 1626; x_wconf 76' lang='lat' dir='ltr'>diversis</span> <span class='ocrx_word' id='word_1_299' title='bbox 864 1589 1003 1626; x_wconf 87' lang='lat' dir='ltr'>formis</span> <span class='ocrx_word' id='word_1_300' title='bbox 1023 1590 1189 1628; x_wconf 60' lang='lat' dir='ltr'>diversae</span> <span class='ocrx_word' id='word_1_301' title='bbox 1209 1591 1382 1628; x_wconf 82' lang='lat' dir='ltr'>materiae</span> <span class='ocrx_word' id='word_1_302' title='bbox 1409 1591 1705 1637; x_wconf 84' lang='lat' dir='ltr'>respondeant:</span> 
     </span>
     <span class='ocr_line' id='line_1_33' title="bbox 88 1635 1706 1684; baseline 0.002 -12"><span class='ocrx_word' id='word_1_303' title='bbox 88 1635 194 1673; x_wconf 90' lang='lat' dir='ltr'>unde</span> <span class='ocrx_word' id='word_1_304' title='bbox 215 1635 258 1672; x_wconf 86' lang='lat' dir='ltr'>tit</span> <span class='ocrx_word' id='word_1_305' title='bbox 273 1638 316 1672; x_wconf 90' lang='lat' dir='ltr'>ut</span> <span class='ocrx_word' id='word_1_306' title='bbox 335 1635 514 1682; x_wconf 70' lang='lat' dir='ltr'>quaedam</span> <span class='ocrx_word' id='word_1_307' title='bbox 532 1635 667 1672; x_wconf 82' lang='lat' dir='ltr'>formae</span> <span class='ocrx_word' id='word_1_308' title='bbox 686 1636 888 1683; x_wconf 88' lang='lat' dir='ltr'>requirant</span> <span class='ocrx_word' id='word_1_309' title='bbox 911 1637 1117 1674; x_wconf 83' lang='lat' dir='ltr'>materiam</span> <span class='ocrx_word' id='word_1_310' title='bbox 1140 1638 1377 1683; x_wconf 88' lang='lat' dir='ltr'>simplicem,</span> <span class='ocrx_word' id='word_1_311' title='bbox 1411 1638 1594 1684; x_wconf 79' lang='lat' dir='ltr'>quaedam</span> <span class='ocrx_word' id='word_1_312' title='bbox 1611 1645 1706 1676; x_wconf 88' lang='lat' dir='ltr'>vero</span> 
     </span>
     <span class='ocr_line' id='line_1_34' title="bbox 87 1682 1706 1730; baseline 0.002 -10"><span class='ocrx_word' id='word_1_313' title='bbox 87 1682 293 1720; x_wconf 84' lang='lat' dir='ltr'>materiam</span> <span class='ocrx_word' id='word_1_314' title='bbox 314 1682 590 1728; x_wconf 79' lang='lat' dir='ltr'>compositam,</span> <span class='ocrx_word' id='word_1_315' title='bbox 612 1686 650 1719; x_wconf 90' lang='lat' dir='ltr'>et</span> <span class='ocrx_word' id='word_1_316' title='bbox 665 1683 885 1720; x_wconf 88' lang='lat' dir='ltr'>secundum</span> <span class='ocrx_word' id='word_1_317' title='bbox 919 1684 1096 1721; x_wconf 89' lang='lat' dir='ltr'>diversas</span> <span class='ocrx_word' id='word_1_318' title='bbox 1125 1684 1274 1721; x_wconf 83' lang='lat' dir='ltr'>formas</span> <span class='ocrx_word' id='word_1_319' title='bbox 1307 1685 1502 1722; x_wconf 88' lang='lat' dir='ltr'>diversam</span> <span class='ocrx_word' id='word_1_320' title='bbox 1534 1685 1706 1730; x_wconf 84' lang='lat' dir='ltr'>partium</span> 
     </span>
     <span class='ocr_line' id='line_1_35' title="bbox 88 1729 1708 1779; baseline 0.001 -12"><span class='ocrx_word' id='word_1_321' title='bbox 88 1729 421 1775; x_wconf 83' lang='lat' dir='ltr'>compositionem</span> <span class='ocrx_word' id='word_1_322' title='bbox 443 1732 596 1776; x_wconf 89' lang='lat' dir='ltr'>oportet</span> <span class='ocrx_word' id='word_1_323' title='bbox 615 1738 703 1766; x_wconf 90' lang='lat' dir='ltr'>esse</span> <span class='ocrx_word' id='word_1_324' title='bbox 725 1734 1008 1777; x_wconf 83' lang='lat' dir='ltr'>congruentem</span> <span class='ocrx_word' id='word_1_325' title='bbox 1030 1731 1078 1768; x_wconf 90' lang='lat' dir='ltr'>ad</span> <span class='ocrx_word' id='word_1_326' title='bbox 1098 1732 1271 1777; x_wconf 87' lang='lat' dir='ltr'>speciem</span> <span class='ocrx_word' id='word_1_327' title='bbox 1287 1732 1423 1769; x_wconf 81' lang='lat' dir='ltr'>formae</span> <span class='ocrx_word' id='word_1_328' title='bbox 1438 1735 1476 1768; x_wconf 86' lang='lat' dir='ltr'>et</span> <span class='ocrx_word' id='word_1_329' title='bbox 1498 1732 1547 1768; x_wconf 87' lang='lat' dir='ltr'>ad</span> <span class='ocrx_word' id='word_1_330' title='bbox 1568 1741 1708 1779; x_wconf 89' lang='lat' dir='ltr'>opera·</span> 
     </span>
     <span class='ocr_line' id='line_1_36' title="bbox 87 1776 399 1814; baseline 0 -1"><span class='ocrx_word' id='word_1_331' title='bbox 87 1776 238 1814; x_wconf 90' lang='lat' dir='ltr'>tionem</span> <span class='ocrx_word' id='word_1_332' title='bbox 257 1776 267 1812; x_wconf 89' lang='lat' dir='ltr'>i</span> <span class='ocrx_word' id='word_1_333' title='bbox 300 1776 399 1813; x_wconf 90' lang='lat' dir='ltr'>sius.</span> 
     </span>
    </p>

    <p class='ocr_par' dir='ltr' id='par_1_6' title="bbox 87 1786 1709 2059">
     <span class='ocr_line' id='line_1_37' title="bbox 135 1786 1707 1872; baseline 0.003 -13"><span class='ocrx_word' id='word_1_334' title='bbox 135 1825 189 1860; x_wconf 82' lang='lat' dir='ltr'>Ex</span> <span class='ocrx_word' id='word_1_335' title='bbox 208 1786 364 1860; x_wconf 56' lang='lat' dir='ltr'>divgrsa</span> <span class='ocrx_word' id='word_1_336' title='bbox 384 1827 514 1860; x_wconf 88' lang='lat' dir='ltr'>autern</span> <span class='ocrx_word' id='word_1_337' title='bbox 535 1822 767 1860; x_wconf 88' lang='lat' dir='ltr'>habitudine</span> <span class='ocrx_word' id='word_1_338' title='bbox 787 1823 833 1860; x_wconf 85' lang='lat' dir='ltr'>ad</span> <span class='ocrx_word' id='word_1_339' title='bbox 852 1824 1054 1861; x_wconf 85' lang='lat' dir='ltr'>materiam</span> <span class='ocrx_word' id='word_1_340' title='bbox 1075 1825 1255 1872; x_wconf 84' lang='lat' dir='ltr'>sequitur</span> <span class='ocrx_word' id='word_1_341' title='bbox 1271 1825 1479 1863; x_wconf 86' lang='lat' dir='ltr'>diversitas</span> <span class='ocrx_word' id='word_1_342' title='bbox 1503 1827 1707 1872; x_wconf 84' lang='lat' dir='ltr'>agentium</span> 
     </span>
     <span class='ocr_line' id='line_1_38' title="bbox 90 1870 1706 1922; baseline 0.002 -15"><span class='ocrx_word' id='word_1_343' title='bbox 90 1873 126 1907; x_wconf 70' lang='lat' dir='ltr'>et</span> <span class='ocrx_word' id='word_1_344' title='bbox 139 1870 387 1917; x_wconf 87' lang='lat' dir='ltr'>patientium.</span> <span class='ocrx_word' id='word_1_345' title='bbox 407 1872 501 1908; x_wconf 92' lang='lat' dir='ltr'>Cum</span> <span class='ocrx_word' id='word_1_346' title='bbox 518 1870 623 1907; x_wconf 89' lang='lat' dir='ltr'>enim</span> <span class='ocrx_word' id='word_1_347' title='bbox 637 1874 728 1922; x_wconf 87' lang='lat' dir='ltr'>agat</span> <span class='ocrx_word' id='word_1_348' title='bbox 751 1871 1064 1918; x_wconf 89' lang='lat' dir='ltr'>unumquodque</span> <span class='ocrx_word' id='word_1_349' title='bbox 1085 1873 1238 1909; x_wconf 86' lang='lat' dir='ltr'>ratione</span> <span class='ocrx_word' id='word_1_350' title='bbox 1264 1873 1414 1916; x_wconf 66' lang='lat' dir='ltr'>formae,</span> <span class='ocrx_word' id='word_1_351' title='bbox 1430 1873 1601 1918; x_wconf 85' lang='lat' dir='ltr'>patiatur</span> <span class='ocrx_word' id='word_1_352' title='bbox 1613 1881 1706 1912; x_wconf 86' lang='lat' dir='ltr'>vero</span> 
     </span>
     <span class='ocr_line' id='line_1_39' title="bbox 87 1917 1707 1967; baseline 0.002 -13"><span class='ocrx_word' id='word_1_353' title='bbox 87 1918 126 1954; x_wconf 83' lang='lat' dir='ltr'>et</span> <span class='ocrx_word' id='word_1_354' title='bbox 145 1921 350 1955; x_wconf 88' lang='lat' dir='ltr'>moveatur</span> <span class='ocrx_word' id='word_1_355' title='bbox 368 1917 521 1955; x_wconf 89' lang='lat' dir='ltr'>ratione</span> <span class='ocrx_word' id='word_1_356' title='bbox 539 1921 726 1958; x_wconf 80' lang='lat' dir='ltr'>materiae,</span> <span class='ocrx_word' id='word_1_357' title='bbox 749 1921 902 1964; x_wconf 88' lang='lat' dir='ltr'>oportet</span> <span class='ocrx_word' id='word_1_358' title='bbox 923 1919 1029 1965; x_wconf 92' lang='lat' dir='ltr'>quod</span> <span class='ocrx_word' id='word_1_359' title='bbox 1050 1919 1118 1955; x_wconf 91' lang='lat' dir='ltr'>illa</span> <span class='ocrx_word' id='word_1_360' title='bbox 1141 1928 1309 1966; x_wconf 84' lang='lat' dir='ltr'>quorum</span> <span class='ocrx_word' id='word_1_361' title='bbox 1334 1920 1470 1956; x_wconf 82' lang='lat' dir='ltr'>formae</span> <span class='ocrx_word' id='word_1_362' title='bbox 1499 1924 1594 1957; x_wconf 88' lang='lat' dir='ltr'>sunt</span> <span class='ocrx_word' id='word_1_363' title='bbox 1619 1930 1707 1967; x_wconf 89' lang='lat' dir='ltr'>per-</span> 
     </span>
     <span class='ocr_line' id='line_1_40' title="bbox 87 1963 1709 2013; baseline 0.001 -11"><span class='ocrx_word' id='word_1_364' title='bbox 87 1963 273 2002; x_wconf 88' lang='lat' dir='ltr'>fectiores</span> <span class='ocrx_word' id='word_1_365' title='bbox 294 1968 331 2001; x_wconf 90' lang='lat' dir='ltr'>et</span> <span class='ocrx_word' id='word_1_366' title='bbox 351 1965 485 2002; x_wconf 88' lang='lat' dir='ltr'>minus</span> <span class='ocrx_word' id='word_1_367' title='bbox 505 1964 744 2009; x_wconf 85' lang='lat' dir='ltr'>materiales,</span> <span class='ocrx_word' id='word_1_368' title='bbox 766 1969 886 2012; x_wconf 88' lang='lat' dir='ltr'>agant</span> <span class='ocrx_word' id='word_1_369' title='bbox 904 1965 945 2002; x_wconf 90' lang='lat' dir='ltr'>in</span> <span class='ocrx_word' id='word_1_370' title='bbox 966 1966 1035 2003; x_wconf 89' lang='lat' dir='ltr'>illa</span> <span class='ocrx_word' id='word_1_371' title='bbox 1054 1975 1142 2013; x_wconf 83' lang='lat' dir='ltr'>quae</span> <span class='ocrx_word' id='word_1_372' title='bbox 1157 1970 1252 2004; x_wconf 89' lang='lat' dir='ltr'>sunt</span> <span class='ocrx_word' id='word_1_373' title='bbox 1268 1967 1398 2013; x_wconf 88' lang='lat' dir='ltr'>magis</span> <span class='ocrx_word' id='word_1_374' title='bbox 1422 1967 1643 2005; x_wconf 88' lang='lat' dir='ltr'>materialia</span> <span class='ocrx_word' id='word_1_375' title='bbox 1670 1971 1709 2006; x_wconf 83' lang='lat' dir='ltr'>et</span> 
     </span>
     <span class='ocr_line' id='line_1_41' title="bbox 87 2011 875 2059; baseline -0.001 -10"><span class='ocrx_word' id='word_1_376' title='bbox 87 2020 256 2059; x_wconf 87' lang='lat' dir='ltr'>quorum</span> <span class='ocrx_word' id='word_1_377' title='bbox 279 2012 415 2048; x_wconf 69' lang='lat' dir='ltr'>formae</span> <span class='ocrx_word' id='word_1_378' title='bbox 437 2015 531 2049; x_wconf 92' lang='lat' dir='ltr'>sunt</span> <span class='ocrx_word' id='word_1_379' title='bbox 547 2011 875 2058; x_wconf 87' lang='lat' dir='ltr'>imperfectiores.</span> 
     </span>
    </p>

    <p class='ocr_par' dir='ltr' id='par_1_7' title="bbox 86 2059 1707 2377">
     <span class='ocr_line' id='line_1_42' title="bbox 135 2059 1707 2112; baseline 0.002 -17"><span class='ocrx_word' id='word_1_380' title='bbox 135 2060 188 2095; x_wconf 86' lang='lat' dir='ltr'>Ex</span> <span class='ocrx_word' id='word_1_381' title='bbox 206 2059 432 2096; x_wconf 83' lang='lat' dir='ltr'>diversitate</span> <span class='ocrx_word' id='word_1_382' title='bbox 461 2061 592 2096; x_wconf 88' lang='lat' dir='ltr'>autem</span> <span class='ocrx_word' id='word_1_383' title='bbox 625 2059 841 2095; x_wconf 84' lang='lat' dir='ltr'>formarum</span> <span class='ocrx_word' id='word_1_384' title='bbox 867 2062 913 2112; x_wconf 30' lang='lat' dir='ltr'>‘et</span> <span class='ocrx_word' id='word_1_385' title='bbox 940 2060 1194 2097; x_wconf 88' lang='lat' dir='ltr'>materiarum</span> <span class='ocrx_word' id='word_1_386' title='bbox 1227 2064 1266 2098; x_wconf 91' lang='lat' dir='ltr'>et</span> <span class='ocrx_word' id='word_1_387' title='bbox 1296 2061 1498 2108; x_wconf 83' lang='lat' dir='ltr'>agentium</span> <span class='ocrx_word' id='word_1_388' title='bbox 1526 2061 1707 2108; x_wconf 89' lang='lat' dir='ltr'>sequitur</span> 
     </span>
     <span class='ocr_line' id='line_1_43' title="bbox 87 2105 1705 2152; baseline 0.001 -9"><span class='ocrx_word' id='word_1_389' title='bbox 87 2105 297 2144; x_wconf 89' lang='lat' dir='ltr'>diversitas</span> <span class='ocrx_word' id='word_1_390' title='bbox 317 2105 601 2152; x_wconf 85' lang='lat' dir='ltr'>proprietatum</span> <span class='ocrx_word' id='word_1_391' title='bbox 624 2109 661 2142; x_wconf 91' lang='lat' dir='ltr'>et</span> <span class='ocrx_word' id='word_1_392' title='bbox 682 2106 960 2143; x_wconf 76' lang='lat' dir='ltr'>accidentium.</span> <span class='ocrx_word' id='word_1_393' title='bbox 980 2107 1073 2144; x_wconf 91' lang='lat' dir='ltr'>Cum</span> <span class='ocrx_word' id='word_1_394' title='bbox 1107 2108 1212 2144; x_wconf 91' lang='lat' dir='ltr'>enim</span> <span class='ocrx_word' id='word_1_395' title='bbox 1244 2108 1468 2145; x_wconf 87' lang='lat' dir='ltr'>substantia</span> <span class='ocrx_word' id='word_1_396' title='bbox 1500 2108 1554 2145; x_wconf 87' lang='lat' dir='ltr'>sit</span> <span class='ocrx_word' id='word_1_397' title='bbox 1582 2117 1705 2146; x_wconf 88' lang='lat' dir='ltr'>causa</span> 
     </span>
     <span class='ocr_line' id='line_1_44' title="bbox 86 2153 1704 2202; baseline 0.002 -12"><span class='ocrx_word' id='word_1_398' title='bbox 86 2153 319 2197; x_wconf 84' lang='lat' dir='ltr'>accidentis,</span> <span class='ocrx_word' id='word_1_399' title='bbox 342 2153 446 2190; x_wconf 87' lang='lat' dir='ltr'>sicut</span> <span class='ocrx_word' id='word_1_400' title='bbox 466 2153 685 2199; x_wconf 86' lang='lat' dir='ltr'>perfectum</span> <span class='ocrx_word' id='word_1_401' title='bbox 699 2153 934 2199; x_wconf 83' lang='lat' dir='ltr'>imperfecti,</span> <span class='ocrx_word' id='word_1_402' title='bbox 953 2158 1111 2199; x_wconf 88' lang='lat' dir='ltr'>oportet</span> <span class='ocrx_word' id='word_1_403' title='bbox 1126 2155 1232 2202; x_wconf 87' lang='lat' dir='ltr'>quod</span> <span class='ocrx_word' id='word_1_404' title='bbox 1247 2165 1294 2192; x_wconf 78' lang='lat' dir='ltr'>ex</span> <span class='ocrx_word' id='word_1_405' title='bbox 1313 2155 1482 2192; x_wconf 87' lang='lat' dir='ltr'>diversis</span> <span class='ocrx_word' id='word_1_406' title='bbox 1496 2155 1704 2201; x_wconf 88' lang='lat' dir='ltr'>principiis</span> 
     </span>
     <span class='ocr_line' id='line_1_45' title="bbox 87 2199 1706 2248; baseline 0.001 -11"><span class='ocrx_word' id='word_1_407' title='bbox 87 2199 419 2238; x_wconf 82' lang='lat' dir='ltr'>substantialibus</span> <span class='ocrx_word' id='word_1_408' title='bbox 441 2199 597 2237; x_wconf 87' lang='lat' dir='ltr'>diversa</span> <span class='ocrx_word' id='word_1_409' title='bbox 614 2199 835 2236; x_wconf 86' lang='lat' dir='ltr'>accidentia</span> <span class='ocrx_word' id='word_1_410' title='bbox 854 2201 1014 2246; x_wconf 86' lang='lat' dir='ltr'>propria</span> <span class='ocrx_word' id='word_1_411' title='bbox 1034 2205 1345 2248; x_wconf 86' lang='lat' dir='ltr'>consequantur.</span> <span class='ocrx_word' id='word_1_412' title='bbox 1367 2203 1534 2246; x_wconf 83' lang='lat' dir='ltr'>RursuS‚</span> <span class='ocrx_word' id='word_1_413' title='bbox 1555 2211 1646 2239; x_wconf 91' lang='lat' dir='ltr'>cum</span> <span class='ocrx_word' id='word_1_414' title='bbox 1657 2211 1706 2239; x_wconf 80' lang='lat' dir='ltr'>ex</span> 
     </span>
     <span class='ocr_line' id='line_1_46' title="bbox 91 2245 1705 2295; baseline 0.002 -12"><span class='ocrx_word' id='word_1_415' title='bbox 91 2245 256 2284; x_wconf 81' lang='lat' dir='ltr'>diversis</span> <span class='ocrx_word' id='word_1_416' title='bbox 272 2247 482 2294; x_wconf 85' lang='lat' dir='ltr'>agentibus</span> <span class='ocrx_word' id='word_1_417' title='bbox 502 2247 584 2284; x_wconf 89' lang='lat' dir='ltr'>sint</span> <span class='ocrx_word' id='word_1_418' title='bbox 604 2246 769 2285; x_wconf 75' lang='lat' dir='ltr'>diversae</span> <span class='ocrx_word' id='word_1_419' title='bbox 786 2247 1076 2294; x_wconf 88' lang='lat' dir='ltr'>impressiones</span> <span class='ocrx_word' id='word_1_420' title='bbox 1090 2249 1132 2286; x_wconf 89' lang='lat' dir='ltr'>in</span> <span class='ocrx_word' id='word_1_421' title='bbox 1147 2249 1404 2295; x_wconf 87' lang='lat' dir='ltr'>patientibus,</span> <span class='ocrx_word' id='word_1_422' title='bbox 1420 2252 1576 2295; x_wconf 87' lang='lat' dir='ltr'>oportet</span> <span class='ocrx_word' id='word_1_423' title='bbox 1597 2249 1705 2295; x_wconf 92' lang='lat' dir='ltr'>quod</span> 
     </span>
     <span class='ocr_line' id='line_1_47' title="bbox 89 2293 1706 2343; baseline 0.002 -14"><span class='ocrx_word' id='word_1_424' title='bbox 89 2300 158 2338; x_wconf 84' lang='lat' dir='ltr'>per</span> <span class='ocrx_word' id='word_1_425' title='bbox 176 2293 332 2331; x_wconf 86' lang='lat' dir='ltr'>diversa</span> <span class='ocrx_word' id='word_1_426' title='bbox 361 2293 533 2341; x_wconf 86' lang='lat' dir='ltr'>agentia,</span> <span class='ocrx_word' id='word_1_427' title='bbox 571 2293 729 2332; x_wconf 86' lang='lat' dir='ltr'>diversa</span> <span class='ocrx_word' id='word_1_428' title='bbox 757 2294 839 2332; x_wconf 88' lang='lat' dir='ltr'>sint</span> <span class='ocrx_word' id='word_1_429' title='bbox 870 2294 1093 2333; x_wconf 84' lang='lat' dir='ltr'>accidentia</span> <span class='ocrx_word' id='word_1_430' title='bbox 1122 2304 1212 2343; x_wconf 83' lang='lat' dir='ltr'>quae</span> <span class='ocrx_word' id='word_1_431' title='bbox 1238 2295 1288 2334; x_wconf 90' lang='lat' dir='ltr'>ab</span> <span class='ocrx_word' id='word_1_432' title='bbox 1323 2296 1534 2342; x_wconf 84' lang='lat' dir='ltr'>agentibus</span> <span class='ocrx_word' id='word_1_433' title='bbox 1568 2294 1706 2342; x_wconf 88' lang='lat' dir='ltr'>impri-</span> 
     </span>
     <span class='ocr_line' id='line_1_48' title="bbox 90 2343 1631 2377; baseline 0.002 -1"><span class='ocrx_word' id='word_1_434' title='bbox 90 2343 266 2377; x_wconf 87' lang='lat' dir='ltr'>muntur.</span> <span class='ocrx_word' id='word_1_435' title='bbox 1628 2367 1631 2370; x_wconf 86' lang='lat'><em>-</em></span> 
     </span>
    </p>

    <p class='ocr_par' dir='ltr' id='par_1_8' title="bbox 86 2386 1708 2621">
     <span class='ocr_line' id='line_1_49' title="bbox 138 2386 1706 2435; baseline 0.003 -12"><span class='ocrx_word' id='word_1_436' title='bbox 138 2388 247 2424; x_wconf 86' lang='lat' dir='ltr'>Patet</span> <span class='ocrx_word' id='word_1_437' title='bbox 267 2395 361 2433; x_wconf 88' lang='lat' dir='ltr'>ergo</span> <span class='ocrx_word' id='word_1_438' title='bbox 382 2396 430 2424; x_wconf 86' lang='lat' dir='ltr'>ex</span> <span class='ocrx_word' id='word_1_439' title='bbox 449 2386 580 2432; x_wconf 87' lang='lat' dir='ltr'>dictis,</span> <span class='ocrx_word' id='word_1_440' title='bbox 602 2387 722 2435; x_wconf 88' lang='lat' dir='ltr'>quod,</span> <span class='ocrx_word' id='word_1_441' title='bbox 743 2397 834 2425; x_wconf 90' lang='lat' dir='ltr'>cum</span> <span class='ocrx_word' id='word_1_442' title='bbox 854 2398 924 2434; x_wconf 92' lang='lat' dir='ltr'>per</span> <span class='ocrx_word' id='word_1_443' title='bbox 942 2388 1114 2426; x_wconf 89' lang='lat' dir='ltr'>divinam</span> <span class='ocrx_word' id='word_1_444' title='bbox 1127 2388 1413 2435; x_wconf 88' lang='lat' dir='ltr'>providentiam</span> <span class='ocrx_word' id='word_1_445' title='bbox 1429 2388 1548 2426; x_wconf 86' lang='lat' dir='ltr'>rebus</span> <span class='ocrx_word' id='word_1_446' title='bbox 1562 2389 1706 2427; x_wconf 88' lang='lat' dir='ltr'>creatis</span> 
     </span>
     <span class='ocr_line' id='line_1_50' title="bbox 87 2432 1704 2481; baseline 0.001 -10"><span class='ocrx_word' id='word_1_447' title='bbox 87 2432 246 2471; x_wconf 86' lang='lat' dir='ltr'>diversa</span> <span class='ocrx_word' id='word_1_448' title='bbox 259 2433 493 2479; x_wconf 86' lang='lat' dir='ltr'>accidentia,</span> <span class='ocrx_word' id='word_1_449' title='bbox 509 2438 547 2470; x_wconf 91' lang='lat' dir='ltr'>et</span> <span class='ocrx_word' id='word_1_450' title='bbox 557 2435 750 2479; x_wconf 89' lang='lat' dir='ltr'>actiones,</span> <span class='ocrx_word' id='word_1_451' title='bbox 765 2439 803 2472; x_wconf 89' lang='lat' dir='ltr'>et</span> <span class='ocrx_word' id='word_1_452' title='bbox 814 2435 1089 2481; x_wconf 89' lang='lat' dir='ltr'>passiones‚et</span> <span class='ocrx_word' id='word_1_453' title='bbox 1101 2436 1386 2473; x_wconf 87' lang='lat' dir='ltr'>collocationes</span> <span class='ocrx_word' id='word_1_454' title='bbox 1401 2436 1704 2481; x_wconf 85' lang='lat' dir='ltr'>distribuantur,</span> 
     </span>
     <span class='ocr_line' id='line_1_51' title="bbox 86 2480 1705 2529; baseline 0.001 -11"><span class='ocrx_word' id='word_1_455' title='bbox 86 2488 170 2518; x_wconf 86' lang='lat' dir='ltr'>non</span> <span class='ocrx_word' id='word_1_456' title='bbox 190 2481 267 2518; x_wconf 89' lang='lat' dir='ltr'>hoc</span> <span class='ocrx_word' id='word_1_457' title='bbox 285 2480 436 2527; x_wconf 84' lang='lat' dir='ltr'>absque</span> <span class='ocrx_word' id='word_1_458' title='bbox 455 2481 608 2518; x_wconf 86' lang='lat' dir='ltr'>ratione</span> <span class='ocrx_word' id='word_1_459' title='bbox 638 2481 793 2518; x_wconf 88' lang='lat' dir='ltr'>accidit.</span> <span class='ocrx_word' id='word_1_460' title='bbox 825 2483 923 2519; x_wconf 90' lang='lat' dir='ltr'>Hinc</span> <span class='ocrx_word' id='word_1_461' title='bbox 943 2486 1004 2519; x_wconf 87' lang='lat' dir='ltr'>est</span> <span class='ocrx_word' id='word_1_462' title='bbox 1041 2482 1148 2529; x_wconf 91' lang='lat' dir='ltr'>quod</span> <span class='ocrx_word' id='word_1_463' title='bbox 1185 2491 1301 2519; x_wconf 87' lang='lat' dir='ltr'>sacra</span> <span class='ocrx_word' id='word_1_464' title='bbox 1334 2482 1535 2528; x_wconf 86' lang='lat' dir='ltr'>Scriptura</span> <span class='ocrx_word' id='word_1_465' title='bbox 1571 2491 1705 2520; x_wconf 90' lang='lat' dir='ltr'>rerum</span> 
     </span>
     <span class='ocr_line' id='line_1_52' title="bbox 92 2526 1703 2574; baseline 0.001 -9"><span class='ocrx_word' id='word_1_466' title='bbox 92 2526 391 2573; x_wconf 87' lang='lat' dir='ltr'>productionem</span> <span class='ocrx_word' id='word_1_467' title='bbox 412 2531 449 2564; x_wconf 92' lang='lat' dir='ltr'>et</span> <span class='ocrx_word' id='word_1_468' title='bbox 463 2527 791 2574; x_wconf 85' lang='lat' dir='ltr'>gubernationem</span> <span class='ocrx_word' id='word_1_469' title='bbox 803 2528 1007 2574; x_wconf 77' lang='lat' dir='ltr'>sapientiae</span> <span class='ocrx_word' id='word_1_470' title='bbox 1020 2533 1058 2565; x_wconf 87' lang='lat' dir='ltr'>et</span> <span class='ocrx_word' id='word_1_471' title='bbox 1072 2529 1330 2574; x_wconf 80' lang='lat' dir='ltr'>providentiae</span> <span class='ocrx_word' id='word_1_472' title='bbox 1343 2529 1487 2567; x_wconf 78' lang='lat' dir='ltr'>divinae</span> <span class='ocrx_word' id='word_1_473' title='bbox 1503 2529 1703 2567; x_wconf 88' lang='lat' dir='ltr'>attribuit:</span> 
     </span>
     <span class='ocr_line' id='line_1_53' title="bbox 98 2574 1708 2621; baseline 0 -8"><span class='ocrx_word' id='word_1_474' title='bbox 98 2574 233 2613; x_wconf 63' lang='lat' dir='ltr'>{icitur</span> <span class='ocrx_word' id='word_1_475' title='bbox 254 2574 375 2619; x_wconf 89' lang='lat' dir='ltr'>enim,</span> <span class='ocrx_word' id='word_1_476' title='bbox 396 2575 526 2619; x_wconf 79' lang='lat' dir='ltr'>PrOV.,</span> <span class='ocrx_word' id='word_1_477' title='bbox 545 2582 605 2618; x_wconf 88' lang='grc' dir='ltr'>ΙΙΙ,</span> <span class='ocrx_word' id='word_1_478' title='bbox 622 2577 679 2619; x_wconf 85' lang='grc'>19,</span> <span class='ocrx_word' id='word_1_479' title='bbox 696 2577 743 2612; x_wconf 82' lang='lat'>20</span> <span class='ocrx_word' id='word_1_480' title='bbox 763 2586 773 2612; x_wconf 73' lang='grc' dir='ltr'><em>τ</em></span> <span class='ocrx_word' id='word_1_481' title='bbox 792 2577 965 2612; x_wconf 78' lang='lat' dir='ltr'>Dominus</span> <span class='ocrx_word' id='word_1_482' title='bbox 975 2577 1157 2621; x_wconf 73' lang='lat' dir='ltr'>sapientia</span> <span class='ocrx_word' id='word_1_483' title='bbox 1172 2575 1348 2620; x_wconf 77' lang='lat' dir='ltr'>fundavit</span> <span class='ocrx_word' id='word_1_484' title='bbox 1365 2578 1513 2619; x_wconf 78' lang='lat' dir='ltr'>terram,</span> <span class='ocrx_word' id='word_1_485' title='bbox 1528 2576 1708 2613; x_wconf 76' lang='lat' dir='ltr'>stabilivit</span> 
     </span>
    </p>

    <p class='ocr_par' dir='ltr' id='par_1_9' title="bbox 107 2621 1706 2906">
     <span class='ocr_line' id='line_1_54' title="bbox 107 2621 1704 2668; baseline 0.001 -9"><span class='ocrx_word' id='word_1_486' title='bbox 107 2622 188 2659; x_wconf 81' lang='lat' dir='ltr'>oelos</span> <span class='ocrx_word' id='word_1_487' title='bbox 206 2622 406 2668; x_wconf 79' lang='lat' dir='ltr'>prudentia</span> <span class='ocrx_word' id='word_1_488' title='bbox 426 2633 438 2657; x_wconf 73' lang='grc' dir='ltr'><strong><em>ε</em></strong></span> <span class='ocrx_word' id='word_1_489' title='bbox 457 2622 641 2667; x_wconf 73' lang='lat' dir='ltr'>sapientia</span> <span class='ocrx_word' id='word_1_490' title='bbox 657 2621 757 2658; x_wconf 81' lang='lat' dir='ltr'>illius</span> <span class='ocrx_word' id='word_1_491' title='bbox 777 2625 996 2668; x_wconf 69' lang='lat' dir='ltr'>erupuerunt</span> <span class='ocrx_word' id='word_1_492' title='bbox 1013 2622 1149 2667; x_wconf 79' lang='lat' dir='ltr'>abyssi,</span> <span class='ocrx_word' id='word_1_493' title='bbox 1167 2625 1202 2658; x_wconf 84' lang='lat' dir='ltr'>et</span> <span class='ocrx_word' id='word_1_494' title='bbox 1226 2622 1339 2660; x_wconf 83' lang='lat' dir='ltr'>nubes</span> <span class='ocrx_word' id='word_1_495' title='bbox 1359 2633 1440 2660; x_wconf 81' lang='lat' dir='ltr'>rore</span> <span class='ocrx_word' id='word_1_496' title='bbox 1455 2625 1704 2667; x_wconf 76' lang='lat' dir='ltr'>concrescunt,-</span> 
     </span>
     <span class='ocr_line' id='line_1_55' title="bbox 112 2668 1706 2717; baseline -0.001 -10"><span class='ocrx_word' id='word_1_497' title='bbox 112 2670 249 2716; x_wconf 86' lang='lat' dir='ltr'>tSap.,</span> <span class='ocrx_word' id='word_1_498' title='bbox 269 2677 358 2713; x_wconf 81' lang='lat' dir='ltr'>vm,</span> <span class='ocrx_word' id='word_1_499' title='bbox 380 2672 415 2714; x_wconf 85' lang='lat'>1,</span> <span class='ocrx_word' id='word_1_500' title='bbox 435 2668 580 2706; x_wconf 87' lang='lat' dir='ltr'>dicitur</span> <span class='ocrx_word' id='word_1_501' title='bbox 599 2668 646 2705; x_wconf 90' lang='lat' dir='ltr'>de</span> <span class='ocrx_word' id='word_1_502' title='bbox 667 2668 735 2705; x_wconf 90' lang='lat' dir='ltr'>Dei</span> <span class='ocrx_word' id='word_1_503' title='bbox 754 2669 963 2715; x_wconf 87' lang='lat' dir='ltr'>sapientia,</span> <span class='ocrx_word' id='word_1_504' title='bbox 985 2669 1092 2716; x_wconf 90' lang='lat' dir='ltr'>quod</span> <span class='ocrx_word' id='word_1_505' title='bbox 1111 2671 1262 2715; x_wconf 62' lang='lat' dir='ltr'>attingit</span> <span class='ocrx_word' id='word_1_506' title='bbox 1278 2679 1303 2706; x_wconf 86' lang='lat' dir='ltr'>a</span> <span class='ocrx_word' id='word_1_507' title='bbox 1325 2671 1396 2717; x_wconf 74' lang='lat' dir='ltr'>fine</span> <span class='ocrx_word' id='word_1_508' title='bbox 1412 2679 1527 2717; x_wconf 73' lang='lat' dir='ltr'>usque</span> <span class='ocrx_word' id='word_1_509' title='bbox 1545 2670 1706 2717; x_wconf 76' lang='lat' dir='ltr'>adfinem</span> 
     </span>
     <span class='ocr_line' id='line_1_56' title="bbox 119 2715 1705 2763; baseline 0.001 -11"><span class='ocrx_word' id='word_1_510' title='bbox 119 2717 243 2758; x_wconf 62' lang='lat' dir='ltr'>etiter,</span> <span class='ocrx_word' id='word_1_511' title='bbox 261 2718 296 2753; x_wconf 85' lang='lat' dir='ltr'>et</span> <span class='ocrx_word' id='word_1_512' title='bbox 311 2716 473 2762; x_wconf 79' lang='lat' dir='ltr'>disponit</span> <span class='ocrx_word' id='word_1_513' title='bbox 486 2716 607 2752; x_wconf 86' lang='lat' dir='ltr'>omnia</span> <span class='ocrx_word' id='word_1_514' title='bbox 624 2717 804 2758; x_wconf 62' lang='lat' dir='ltr'>suaviam</span> <span class='ocrx_word' id='word_1_515' title='bbox 817 2718 855 2752; x_wconf 91' lang='lat' dir='ltr'>et</span> <span class='ocrx_word' id='word_1_516' title='bbox 871 2724 926 2760; x_wconf 79' lang='lat' dir='ltr'>xl,</span> <span class='ocrx_word' id='word_1_517' title='bbox 942 2719 1002 2760; x_wconf 84' lang='lat'>21,</span> <span class='ocrx_word' id='word_1_518' title='bbox 1023 2715 1200 2763; x_wconf 88' lang='lat' dir='ltr'>ejusdem</span> <span class='ocrx_word' id='word_1_519' title='bbox 1221 2716 1367 2755; x_wconf 89' lang='lat' dir='ltr'>dicitur</span> <span class='ocrx_word' id='word_1_520' title='bbox 1383 2726 1394 2753; x_wconf 89' lang='lat'>:</span> <span class='ocrx_word' id='word_1_521' title='bbox 1413 2718 1544 2755; x_wconf 84' lang='lat' dir='ltr'>Omnia</span> <span class='ocrx_word' id='word_1_522' title='bbox 1557 2719 1597 2754; x_wconf 83' lang='lat' dir='ltr'>in</span> <span class='ocrx_word' id='word_1_523' title='bbox 1610 2727 1705 2755; x_wconf 85' lang='lat' dir='ltr'>men-</span> 
     </span>
     <span class='ocr_line' id='line_1_57' title="bbox 126 2761 1704 2811; baseline 0.002 -12"><span class='ocrx_word' id='word_1_524' title='bbox 126 2773 189 2808; x_wconf 61' lang='grc' dir='ltr'>ενα,</span> <span class='ocrx_word' id='word_1_525' title='bbox 208 2773 356 2800; x_wconf 86' lang='lat' dir='ltr'>numero</span> <span class='ocrx_word' id='word_1_526' title='bbox 375 2765 408 2799; x_wconf 84' lang='lat' dir='ltr'>et</span> <span class='ocrx_word' id='word_1_527' title='bbox 433 2762 591 2809; x_wconf 80' lang='lat' dir='ltr'>pondere</span> <span class='ocrx_word' id='word_1_528' title='bbox 621 2761 862 2807; x_wconf 71' lang='lat' dir='ltr'>distribuisti3</span> <span class='ocrx_word' id='word_1_529' title='bbox 887 2766 929 2799; x_wconf 88' lang='lat' dir='ltr'>ut</span> <span class='ocrx_word' id='word_1_530' title='bbox 947 2771 1018 2809; x_wconf 88' lang='lat' dir='ltr'>per</span> <span class='ocrx_word' id='word_1_531' title='bbox 1048 2772 1278 2801; x_wconf 86' lang='lat' dir='ltr'>mensuram</span> <span class='ocrx_word' id='word_1_532' title='bbox 1309 2765 1582 2811; x_wconf 85' lang='lat' dir='ltr'>quantitatem,</span> <span class='ocrx_word' id='word_1_533' title='bbox 1620 2765 1704 2802; x_wconf 88' lang='lat' dir='ltr'>sive</span> 
     </span>
     <span class='ocr_line' id='line_1_58' title="bbox 134 2808 1691 2863; baseline 0.001 -16"><span class='ocrx_word' id='word_1_534' title='bbox 134 2809 265 2856; x_wconf 84' lang='lat' dir='ltr'>ndum,</span> <span class='ocrx_word' id='word_1_535' title='bbox 287 2813 355 2848; x_wconf 90' lang='lat' dir='ltr'>aut</span> <span class='ocrx_word' id='word_1_536' title='bbox 370 2809 536 2857; x_wconf 86' lang='lat' dir='ltr'>gradum</span> <span class='ocrx_word' id='word_1_537' title='bbox 556 2808 812 2862; x_wconf 77' lang='lat' dir='ltr'>perfectionis</span> <span class='ocrx_word' id='word_1_538' title='bbox 831 2808 1148 2862; x_wconf 70' lang='lat' dir='ltr'>uniuscujusque</span> <span class='ocrx_word' id='word_1_539' title='bbox 1158 2810 1215 2863; x_wconf 75' lang='lat' dir='ltr'>rei</span> <span class='ocrx_word' id='word_1_540' title='bbox 1234 2811 1526 2859; x_wconf 87' lang='lat' dir='ltr'>intelligamus;</span> <span class='ocrx_word' id='word_1_541' title='bbox 1546 2820 1616 2858; x_wconf 90' lang='lat' dir='ltr'>per</span> <span class='ocrx_word' id='word_1_542' title='bbox 1634 2819 1691 2849; x_wconf 91' lang='lat' dir='ltr'>nu</span> 
     </span>
     <span class='ocr_line' id='line_1_59' title="bbox 139 2855 1705 2906; baseline 0.001 -12"><span class='ocrx_word' id='word_1_543' title='bbox 139 2863 239 2895; x_wconf 63' lang='lat' dir='ltr'>trum</span> <span class='ocrx_word' id='word_1_544' title='bbox 260 2866 353 2895; x_wconf 88' lang='lat' dir='ltr'>vero</span> <span class='ocrx_word' id='word_1_545' title='bbox 381 2856 662 2905; x_wconf 84' lang='lat' dir='ltr'>pluralitatem,</span> <span class='ocrx_word' id='word_1_546' title='bbox 693 2858 734 2895; x_wconf 88' lang='lat' dir='ltr'>et</span> <span class='ocrx_word' id='word_1_547' title='bbox 758 2855 1026 2896; x_wconf 80' lang='lat' dir='ltr'>diversitatem</span> <span class='ocrx_word' id='word_1_548' title='bbox 1058 2864 1282 2905; x_wconf 78' lang='lat' dir='ltr'>specterum</span> <span class='ocrx_word' id='word_1_549' title='bbox 1313 2862 1623 2906; x_wconf 85' lang='lat' dir='ltr'>consequentem</span> <span class='ocrx_word' id='word_1_550' title='bbox 1655 2865 1705 2895; x_wconf 85' lang='lat' dir='ltr'>ex</span> 
     </span>
    </p>
   </div>
  </div>
 </body>
</html>
