1894 3223
719 113 806 149 LIB.
834 113 900 158 111,
928 113 1028 150 CAP.
1055 113 1096 150 x.
1652 114 1720 149 209

785 258 953 300 CAPUT
971 260 1023 301 X.

591 371 692 406 QUOD
712 372 838 401 CAUSA
857 373 953 402 MALt
972 374 1043 402 EST
1074 373 1220 403 BONUM.

90 522 114 560 b
134 477 186 512 Ex
204 474 425 522 praemissis
444 477 576 512 autem
605 474 790 512 concludi
815 479 946 521 potest
965 476 1071 523 quod
1101 477 1254 514 malum
1279 486 1360 514 non
1384 481 1572 515 causatur
1592 478 1670 515 nisi
1698 488 1721 515 a

118 530 211 560 ono.

131 569 169 607 Si
189 569 296 606 enim
317 568 485 615 alicujus
511 569 604 605 mali
639 572 697 605 est
719 578 841 606 causa
875 569 1025 607 malum
1047 570 1211 617 (malum
1249 575 1395 615 autem,
1429 575 1469 609 ut
1494 572 1711 618 probatum

87 620 151 668 est⁴
167 615 214 662 (c.
237 616 286 668 9),
310 625 390 652 non
410 616 492 700 ili-git
512 617 589 653 nisi
611 616 752 653 virtute
772 617 895 663 boni),
919 622 1072 664 oportet
1105 618 1237 664 ipsum
1256 618 1518 657 honum‘csse
1543 628 1710 657 causam

121 672 325 700 rimariam
345 672 410 700 ma
429 674 454 700 1.

93 673 276 756 pAdhuc,
296 710 403 794 quod
424 719 504 748 non
524 713 598 755 est,
621 710 772 748 nullius
795 714 856 749 est
875 721 1010 749 causa.
1034 712 1200 749 Omnem
1220 711 1344 758 igitur
1363 722 1527 749 causam
1552 717 1711 758 oportet

87 766 178 795 esse
197 757 464 804 ensaiquod.
498 758 640 795 Malum
673 763 804 795 autem
827 768 907 795 non
941 763 1001 795 est
1022 768 1092 795 ens
1125 758 1300 806 aliquod,
1325 763 1368 795 ut
1400 760 1613 805 probatum
1656 764 1718 798 est

89 804 136 851 (c.
157 808 178 841 7
197 808 236 842 et
254 805 304 851 9).
325 805 470 842 Malum
496 805 620 851 igitur
652 814 732 842 non
756 810 883 852 potest
904 815 993 842 csse
1027 806 1197 851 alicujus
1229 815 1366 843 causa.
1393 808 1554 853 Oportet
1576 808 1716 855 igitur,

88 852 121 890 si
144 851 193 889 ab
214 851 348 898 aliquo
373 855 563 889 causatur
584 852 747 895 malum,
767 853 871 899 quod
895 853 993 890 illud
1012 853 1242 890 sithonum.

134 900 234 940 Item,
258 899 453 946 quidquid
476 903 537 937 est
558 900 715 945 proprie
749 904 785 935 et
806 910 874 945 per
902 910 945 937 56
975 900 1145 946 alicujus
1167 909 1288 937 causa
1308 900 1434 938 tendit
1451 900 1492 937 in
1511 902 1719 948 proprium

89 945 297 988 effectum;
319 947 353 983 si
376 946 499 993 igitur
529 947 678 983 malurn
713 952 818 983 essct
838 956 908 993 per
938 956 982 985 56
1003 947 1172 994 alicujus
1204 957 1339 992 causa,
1360 947 1540 985 tenderet
1567 950 1609 985 in
1628 957 1719 995 pro·

96 993 226 1039 prium
249 992 451 1033 effectum,
475 993 628 1030 scilicet
659 994 820 1030 malum.
853 996 934 1031 Hoc
965 998 1096 1031 autem
1120 998 1179 1031 est
1199 995 1481 1040 falsum3nam
1510 1000 1719 1033 ostensum

89 1044 150 1077 est
170 1040 218 1087 (c.
240 1042 275 1086 3)
293 1039 400 1087 quod
418 1049 541 1077 omne
562 1050 687 1086 agens
715 1041 885 1077 intendit
904 1040 1070 1078 bonum.
1091 1042 1234 1078 Malum
1255 1042 1379 1089 igitur
1397 1051 1467 1088 per
1487 1052 1530 1080 56
1558 1053 1639 1081 non
1660 1046 1721 1080 est

90 1096 213 1124 causa
232 1087 419 1134 alicujus,
441 1087 512 1124 sed
537 1088 667 1124 solum
687 1097 756 1133 per
773 1088 973 1125 accidens.
992 1089 1131 1125 Omnis
1150 1092 1282 1126 autem
1303 1098 1426 1126 causa
1442 1098 1512 1136 per
1533 1090 1719 1128 accidens

91 1133 298 1171 reducitur
331 1134 381 1171 ad
413 1143 576 1171 causam
610 1144 756 1180 perse.
788 1135 924 1173 Solum
952 1139 1084 1172 autem
1117 1136 1267 1174 bonum
1298 1139 1431 1183 potest
1468 1146 1558 1174 esse
1579 1147 1649 1184 per
1676 1146 1720 1174 se

90 1190 227 1218 causa.
253 1180 398 1219 Malum
419 1181 543 1228 igitur
564 1186 771 1219 causatum
796 1186 856 1219 est
875 1192 898 1219 a
917 1182 1038 1220 bono.

135 1230 327 1270 Praeterea,
350 1229 483 1266 omnis
504 1238 627 1266 causa
647 1229 707 1266 vel
728 1233 788 1266 est
817 1230 996 1274 materia,
1017 1231 1078 1267 vel
1107 1230 1247 1275 forma,
1271 1231 1333 1268 vel
1365 1240 1504 1278 agens,
1523 1232 1583 1268 vel
1610 1231 1717 1269 finis.

88 1275 231 1313 Malum
249 1279 381 1312 autem
410 1285 492 1313 non
526 1279 657 1322 potest
692 1285 781 1314 esse
804 1286 932 1324 neque
954 1278 1132 1319 materia,
1168 1287 1298 1325 neque
1328 1278 1485 1323 forma;
1509 1283 1720 1319 ostensum

52 1319 56 1326 '
89 1326 151 1360 est
183 1322 289 1360 enim
318 1331 439 1368 supra
458 1322 507 1370 (c.
527 1327 548 1361 7
571 1327 609 1360 et
629 1323 664 1370 9)
687 1324 793 1371 quod
812 1327 892 1361 tam
925 1334 997 1362 ens
1023 1328 1114 1362 actu
1145 1334 1265 1372 quam
1285 1335 1357 1362 ens
1386 1326 1428 1362 in
1460 1327 1638 1373 potentia
1658 1329 1720 1363 est

20 1373 25 1383 f
88 1369 457 1407 bonum.Similiter
472 1379 553 1407 non
571 1374 702 1416 potest
720 1381 809 1408 esse
829 1380 969 1418 agens,
985 1381 1110 1419 quum
1131 1373 1447 1420 unumquodque
1467 1378 1558 1421 agat
1578 1382 1719 1411 secun-

90 1416 184 1453 dum
212 1417 319 1463 quod
339 1420 400 1454 est
428 1421 516 1454 actu
554 1421 593 1454 et
629 1418 798 1456 formam
838 1418 969 1455 habet.
1007 1421 1141 1466 Neque
1163 1420 1283 1457 etiam
1317 1424 1450 1465 potest
1486 1430 1576 1458 esse
1608 1420 1716 1466 finis,

90 1472 213 1510 quum
234 1464 287 1500 sit
303 1467 444 1510 praeter
466 1464 743 1509 intentionem,
775 1468 818 1502 ut
842 1466 1051 1511 probatum
1073 1470 1133 1502 est
1151 1466 1201 1513 (c.
1221 1466 1272 1513 4).
1305 1467 1452 1504 Malum
1476 1467 1599 1514 igitur
1634 1475 1717 1504 non

89 1514 327 1556 potestesse
350 1510 519 1557 alicujus
539 1520 673 1550 causa.
705 1512 742 1549 Si
770 1511 892 1560 igitur
921 1513 1071 1560 aliquid
1093 1513 1145 1550 sit
1165 1522 1288 1551 causa
1309 1514 1405 1551 mali
1428 1518 1587 1561 oportet
1610 1513 1717 1561 quod

91 1557 142 1594 sit
163 1567 186 1594 a
204 1557 310 1594 bono
331 1562 553 1595 causatum.

140 1605 271 1649 Quum
292 1608 424 1642 autem
443 1604 594 1642 bonum
628 1608 667 1643 et
692 1605 841 1643 malum
862 1607 943 1644 sint
971 1607 1170 1653 opposita,
1198 1616 1325 1645 unum
1357 1611 1491 1646 autem
1512 1609 1717 1655 opposito-

90 1660 179 1689 rum
216 1660 298 1691 non
317 1655 557 1698 potestesse
594 1661 718 1690 causa
752 1652 916 1690 alterius
956 1654 1036 1692 nisi
1058 1663 1128 1700 per
1163 1654 1367 1700 accidens,
1393 1655 1495 1693 sicut
1526 1656 1716 1702 frigidum

92 1698 285 1743 calefacit,
305 1702 348 1735 ut
367 1698 512 1736 dicitur
530 1699 571 1736 in
598 1702 737 1737 octavo
763 1700 999 1744 Physicorum
1028 1700 1138 1748 (text.
1160 1710 1307 1739 comm.
1330 1701 1380 1749 8),
1402 1702 1584 1751 sequitur
1609 1703 1716 1750 quod

89 1744 240 1783 bonum
260 1754 341 1782 non
356 1746 485 1792 possit
503 1754 592 1783 esse
612 1755 735 1784 causa
755 1747 884 1785 activa
903 1748 998 1787 mali
1017 1748 1097 1787 nisi
1118 1757 1189 1795 per
1209 1749 1410 1787 accidens.

139 1793 221 1830 Hoc
240 1796 372 1877 autam
404 1792 590 1831 accidens
620 1793 663 1831 in
691 1794 940 1834 naturalibus
972 1799 1103 1842 potest
1132 1804 1222 1833 esse
1242 1799 1350 1834 etex
1370 1800 1481 1844 parte
1499 1798 1657 1845 agentis
1677 1800 1717 1835 et

89 1848 137 1877 ex
157 1842 267 1885 parte
286 1849 305 1876 6
340 1843 465 1877 ectus.

137 1888 191 1923 Ex
209 1889 320 1933 parte
340 1887 501 1934 quidem
533 1887 703 1935 agentis,
735 1888 841 1926 sicut
869 1898 992 1936 quum
1025 1898 1150 1936 agens
1170 1890 1320 1936 patitur
1337 1890 1535 1929 defectum
1557 1891 1716 1930 virtutis

89 1942 137 1970 ex
155 1942 234 1980 quo
255 1934 438 1981 sequitur
455 1934 562 1981 quod
593 1935 697 1972 actio
720 1935 774 1972 sit
797 1935 992 1973 defectiva
1010 1940 1048 1973 et
1068 1935 1235 1974 effectus
1267 1937 1459 1976 deficiens
1479 1950 1487 1982 ;
1516 1942 1571 1980 ut,
1591 1948 1716 1986 quum

87 1980 214 2018 virtus
248 1980 415 2018 membri
452 1981 671 2029 digerentis
703 1986 765 2019 est
797 1983 954 2027 debilis,
973 1984 1155 2030 sequitur
1191 1984 1422 2030 imperfecta
1460 1986 1640 2023 decoctio
1679 1989 1717 2023 et

89 2027 234 2064 humor
251 2027 490 2076 indigestus,
513 2039 600 2076 quae
618 2032 712 2066 sunt
731 2030 912 2077 quaedam
933 2030 1039 2068 mala
1058 2035 1223 2069 naturae.
1242 2032 1395 2069 Accidit
1414 2037 1547 2070 autem
1565 2033 1714 2080 agenti,

88 2074 130 2110 in
157 2077 349 2120 quantum
367 2078 428 2112 est
459 2082 605 2122 agens,
629 2076 735 2123 quod
764 2077 961 2114 defectum
991 2077 1151 2115 virtutis
1182 2079 1379 2124 patiatur3
1401 2089 1484 2117 non
1505 2081 1612 2117 enim
1634 2080 1716 2127 agit

89 2121 311 2158 secundum
338 2121 445 2168 quod
476 2122 609 2159 deficit
639 2123 675 2161 ei
694 2123 834 2169 virtus,
867 2124 937 2161 sed
967 2125 1188 2162 secundum
1225 2126 1331 2173 quod
1353 2127 1471 2164 habet
1492 2127 1643 2174 aliquid
1665 2127 1713 2165 de

88 2167 260 2213 virtute3
285 2167 320 2206 si
341 2168 447 2205 enim
479 2169 639 2214 penitus
671 2170 813 2207 virtute
846 2175 1011 2217 careret,
1044 2173 1210 2210 omnino
1233 2182 1315 2210 non
1338 2177 1486 2220 ageret.
1502 2175 1565 2212 Sic
1592 2175 1715 2221 igitur

88 2214 238 2251 malum
258 2219 445 2252 causatur
462 2225 533 2262 per
568 2216 754 2254 accidens
788 2227 836 2254 ex
852 2221 962 2263 parte
997 2220 1168 2265 agentis,
1191 2220 1232 2256 in
1262 2225 1456 2267 quantum
1494 2230 1618 2268 agens
1652 2224 1713 2258 est

89 2260 310 2299 deficientis
325 2262 507 2307 vi1·tutis;
529 2264 812 2312 propterquod
832 2264 977 2302 dicitur
996 2266 1103 2313 quod
1125 2267 1275 2303 malum
1300 2276 1382 2304 non
1409 2267 1528 2305 habet
1547 2277 1711 2305 causam

89 2307 342 2353 efficientem,
362 2309 433 2346 sed
452 2308 714 2355 deficientem,
744 2311 839 2357 quia
857 2312 1008 2350 malum
1026 2322 1109 2350 non
1148 2315 1331 2360 sequitur
1361 2324 1410 2351 ex
1429 2323 1552 2351 causa
1568 2318 1710 2361 agente

89 2355 169 2392 nisi
187 2355 229 2392 in
264 2359 456 2403 quantum
477 2360 538 2393 est
569 2357 789 2395 deficientis
812 2358 984 2404 virtutis,
1019 2363 1057 2396 et
1079 2361 1299 2397 secundum
1335 2361 1412 2397 hoc
1432 2370 1513 2399 non
1534 2365 1594 2398 est
1626 2360 1711 2398 effi·

88 2402 214 2439 ciens.
237 2403 281 2439 ln
301 2402 405 2439 idem
437 2407 569 2440 autem
596 2404 698 2441 redit
724 2405 758 2441 si
787 2404 965 2443 defectus
998 2406 1169 2444 actionis
1190 2410 1228 2443 et
1248 2407 1413 2444 effectus
1437 2407 1643 2453 proveniat
1663 2418 1712 2445 ex

89 2448 246 2486 defectu
274 2448 532 2487 instrumenti
563 2451 624 2487 vel
659 2451 946 2498 cujuscumque
967 2452 1131 2490 alterius
1162 2453 1268 2500 quod
1287 2454 1501 2500 requiritur
1517 2454 1565 2491 ad
1586 2455 1709 2492 actio-

88 2504 181 2533 nem
201 2496 371 2543 agentis‚
391 2496 495 2534 sicut
512 2506 635 2543 quum
668 2498 795 2535 virtus
815 2499 963 2535 motiva
994 2499 1177 2544 producit
1197 2500 1528 2538 claudicationem
1549 2505 1710 2548 propter

91 2543 200 2580 tibiae
215 2543 447 2580 curvitatem
467 2555 476 2588 ;
495 2548 663 2590 utroque
683 2544 790 2581 enim
811 2554 936 2591 agens
956 2546 1051 2591 agit,
1077 2549 1115 2582 et
1133 2547 1275 2584 virtute
1293 2550 1331 2584 et
1355 2548 1636 2586 instrumento.

138 2591 193 2626 Ex
212 2593 322 2636 parte
342 2599 435 2627 vero
457 2589 638 2636 effectus,
660 2591 809 2628 malum
829 2602 878 2628 ex
906 2592 1013 2629 bono
1043 2597 1231 2630 causatur
1249 2603 1319 2641 per
1337 2595 1539 2640 accidens,
1560 2600 1643 2633 tum
1662 2606 1711 2633 ex

87 2640 198 2683 parte
216 2637 391 2675 materiae
427 2636 607 2681 effectus,
628 2640 714 2675 tum
735 2647 783 2675 ex
815 2641 924 2684 parte
956 2639 1085 2684 ipsius
1104 2640 1254 2679 formae.
1275 2641 1314 2678 Si
1336 2642 1442 2679 enim
1472 2643 1638 2680 materia
1658 2643 1711 2681 sit

86 2683 330 2729 indisposita
348 2684 397 2722 ad
413 2684 683 2730 recipiendam
704 2684 1013 2730 impressionem
1043 2687 1213 2733 agentis,
1242 2697 1407 2726 necesse
1427 2693 1489 2727 est
1511 2690 1709 2728 desectum

91 2732 206 2776 sequi
226 2730 267 2767 in
285 2730 452 2776 effectu;
474 2732 578 2769 sicut
595 2741 718 2778 quum
738 2732 986 2770 monstruosi
1006 2737 1143 2779 partus
1172 2739 1394 2782 sequuntur
1413 2740 1572 2782 propter
1589 2741 1709 2774 mate-

88 2775 158 2813 riae
177 2777 501 2824 indigestionem.
541 2779 620 2815 Nec
647 2778 723 2815 hoc
751 2779 967 2824 imputatur
986 2780 1034 2816 ad
1055 2780 1228 2827 aliquem
1263 2781 1460 2820 defectum
1478 2784 1649 2830 agentis,
1672 2783 1708 2821 si

90 2823 295 2874 materiam
319 2825 601 2871 indispositam
622 2834 704 2864 non
736 2828 977 2863 transmutat
996 2826 1045 2863 ad
1072 2831 1203 2865 actum
1226 2829 1467 2875 perfectum3
1490 2831 1708 2876 unicuique

89 2877 197 2907 enim
228 2872 361 2918 agenti
401 2872 573 2911 naturali
611 2875 674 2911 est
707 2872 835 2911 virtus
872 2872 1136 2913 determinata
1167 2876 1391 2916 secundum
1428 2877 1591 2917 modum
1623 2885 1707 2915 suae
