1894 3223
647 117 734 155 LIB.
760 118 820 163 lv,
848 117 950 154 CAP.
976 116 1092 154 XLVI.
1609 119 1674 153 571

62 211 230 249 corpora
245 204 382 240 nostra
409 198 666 238 materialiter
687 199 902 237 constituta
933 201 1027 236 sunt
1046 207 1095 236 ex
1112 206 1161 237 eo
1188 196 1296 246 quod
1325 199 1386 235 est
1409 199 1612 244 sumptum
1633 205 1682 234 ex

61 254 199 288 matre.

109 297 147 334 Si
170 304 260 333 vero
279 294 422 341 aliquis
440 293 635 340 praedictae
656 293 842 339 positioni
865 292 1084 331 Aristotelis
1104 295 1312 340 repugnet,
1331 291 1462 330 adhuc
1493 290 1682 337 praedicta

64 343 232 390 objectio
252 340 469 379 efficaciam
490 349 569 378 non
591 340 720 377 habet.
739 339 962 377 Similitudo
985 339 1089 376 enim
1122 339 1345 386 aliquorum
1375 342 1443 376 aut
1475 337 1680 376 dissimili-

63 391 172 434 tudo,
193 389 233 426 in
254 388 431 431 materia,
457 396 536 424 non
558 387 770 424 attenditur
790 387 1009 423 seeundum
1030 390 1175 423 statum
1209 385 1381 423 materiae
1411 385 1451 422 in
1486 385 1679 431 principio

64 435 347 485 generationis,
369 435 438 473 sed
460 434 679 472 secundum
707 434 973 471 conditionem
996 433 1167 470 materiae
1183 432 1264 478 jam
1295 434 1536 478 praeparatce,
1564 435 1683 478 prout

57 487 122 521 est
146 483 185 519 in
204 482 373 519 termino
394 481 688 529 generationis;
711 489 790 517 non
811 480 914 517 enim
933 478 1063 516 differt
1082 479 1302 517 secundum
1324 478 1526 516 materiam
1547 488 1615 516 aer
1632 488 1681 517 ex

62 533 167 567 terra
184 529 244 566 vel
265 539 311 566 ex
331 539 433 576 aqua
453 532 679 576 generatus,
701 527 807 574 quia,
831 527 921 563 lieet
940 535 1043 573 aqua
1062 530 1100 563 et
1117 530 1220 563 terra
1240 527 1280 562 in
1301 525 1494 572 principio
1515 534 1680 573 genera·

61 577 184 614 tionis
203 576 424 614 differentia
444 576 536 620 sint,
557 580 688 612 tamen
711 574 990 620 peractionem
1012 573 1238 619 generantis
1256 572 1303 609 ad
1319 581 1438 609 unam
1456 572 1682 618 dispositio-

62 633 151 661 nem
175 624 428 661 reducuntur.
451 623 513 660 Sic
533 622 651 670 igitur
669 621 798 658 divina
820 621 959 657 virtute
979 619 1141 658 materia
1161 629 1247 667 quae
1269 619 1399 657 solum
1435 629 1483 656 ex
1515 620 1680 658 muliere

63 671 233 708 sumitur
254 673 381 716 potest
412 670 561 714 reduci,
585 669 624 706 in
659 667 737 705 sine
769 667 1049 716 generationis,
1083 667 1132 704 ad
1163 666 1343 719 eamdem
1377 666 1680 712 dispositionem

63 728 179 765 qnam
204 718 321 754 habet
337 717 512 758 materia,
535 716 568 755 si
589 719 769 753 sumatur
789 715 908 752 simul
929 724 976 752 ex
996 723 1102 751 mare
1123 717 1162 751 et
1193 714 1352 751 femina.
1378 714 1483 750 Unde
1508 722 1587 750 non
1608 714 1682 751 erit

63 765 198 811 aliqua
218 764 512 808 dissimilitudo,
534 767 692 810 propter
715 762 981 800 diversitatem
1014 761 1198 801 materiae,
1222 761 1325 798 inter
1355 769 1501 806 corpus
1520 760 1680 806 Christi,

63 812 171 859 quod
192 812 325 848 divina
346 811 485 848 virtute
507 810 718 848 formatum
739 813 862 847 estex
883 809 1046 847 materia
1071 818 1095 846 a
1122 808 1211 846 sola
1245 811 1368 845 matre
1403 812 1622 853 assumpta,
1644 811 1683 845 et

64 868 231 905 corpora
263 863 412 903 nostra,
440 866 527 905 quae
560 858 698 895 virtute
729 861 878 894 natura}
911 858 1131 894 formantur
1157 864 1206 892 ex
1237 854 1414 899 materia,
1449 854 1603 891 etiamsi
1631 854 1680 893 ab

64 909 231 952 utroque
266 909 427 951 parente
457 908 725 942 assumantur.
754 903 1004 941 Manifestum
1037 905 1097 940 est
1129 902 1234 940 enim
1265 901 1371 949 quod
1400 901 1490 948 plus
1512 901 1640 938 differt
1659 911 1683 940 a

63 953 227 990 materia
275 962 333 990 uae
355 962 402 989 ex
419 951 502 989 viro
523 956 560 988 et
581 951 744 989 muliere
764 951 879 988 simul
897 950 1112 987 assumitur
1126 949 1244 986 limus
1265 952 1391 992 terrae,
1413 948 1459 985 de
1481 957 1559 995 quo
1576 950 1680 986 Deus

93 1000 233 1036 rimum
268 1008 474 1037 iumanuni
493 999 693 1036 hominem
718 997 898 1034 formavit
920 997 1049 1044 (quem
1068 996 1202 1043 utique
1221 999 1378 1033 constat
1398 995 1524 1033 fuisse
1544 1003 1681 1033 verum

94 1047 266 1084 ominem
289 1051 324 1084 et
346 1046 462 1083 nobis
483 1055 552 1092 per
571 1045 703 1082 omnia
724 1044 921 1090 similem),
944 1053 1061 1091 quam
1091 1043 1254 1081 materia
1282 1046 1440 1089 sumpta
1474 1042 1605 1080 solum
1635 1051 1684 1079 ex

64 1093 224 1134 semina,
253 1104 301 1130 ex
321 1102 399 1139 qua
419 1101 563 1138 corpus
586 1092 726 1129 Christi
746 1092 955 1128 formatum
983 1095 1055 1128 est.

114 1140 220 1177 Unde
254 1140 437 1177 nativitas
476 1139 617 1176 Christi
649 1148 696 1175 ex
726 1139 876 1184 virgine
915 1138 1011 1174 nihil
1043 1138 1207 1183 derogat
1238 1136 1391 1174 veritati
1422 1136 1682 1173 humanitatis

62 1187 190 1232 ipsius
215 1195 287 1224 nee
309 1186 558 1224 similitudini
581 1186 667 1232 ejus
688 1185 734 1222 ad
758 1194 857 1228 nos3
881 1185 966 1220 licet
1000 1185 1103 1221 enim
1130 1184 1254 1222 virtus
1284 1183 1477 1220 naturalis
1510 1183 1684 1229 requirat
1743 1212 1746 1213 ν

64 1233 364 1271 determinatam
383 1233 587 1270 materiam
609 1232 654 1270 ad
677 1232 980 1269 determinatum
1002 1230 1185 1268 effectum
1207 1239 1255 1267 ex
1289 1239 1336 1267 ca
1367 1229 1681 1276 producendum,

61 1280 187 1319 virtus
207 1284 339 1317 tamen
363 1280 506 1324 divina,
529 1289 615 1326 quae
642 1282 771 1325 potest
790 1288 838 1316 ex
867 1278 990 1315 nihilo
1012 1281 1154 1315 cuncta
1178 1277 1410 1324 producere,
1439 1276 1481 1314 in
1511 1277 1681 1323 agendo,

64 1327 114 1365 ad
132 1327 334 1365 materiam
359 1327 659 1364 determinatam
683 1336 763 1363 non
783 1329 1019 1362 coarctatur.
1041 1325 1228 1362 Similiter
1259 1324 1377 1362 etiam
1405 1333 1478 1361 nec
1509 1333 1578 1370 per
1607 1323 1683 1361 hoe

63 1374 212 1422 aliquid
236 1374 384 1421 deperit
403 1374 584 1422 dignitati
604 1374 740 1410 matris
772 1372 913 1410 Christi
945 1371 1051 1419 quod
1080 1372 1191 1419 virgo
1229 1371 1411 1417 concepit
1445 1374 1483 1408 et
1518 1371 1682 1417 peperit,

63 1422 160 1468 quin
176 1431 270 1458 vcra
288 1425 327 1458 et.
346 1421 537 1458 naturalis
566 1425 691 1458 mater
720 1420 804 1458 Filii
839 1419 905 1456 Dei
937 1419 1110 1464 dicatur;
1142 1419 1284 1457 virtute
1317 1419 1423 1455 enim
1459 1417 1593 1454 divina
1624 1418 1681 1455 fa·

62 1469 204 1513 ciente,
225 1469 428 1505 materiam
448 1468 667 1505 naturalem
683 1467 729 1505 ad
743 1466 1040 1514 generationem
1061 1466 1240 1512 corporis
1261 1465 1405 1503 Christi
1427 1465 1680 1508 ministravit,

62 1515 169 1562 quod
190 1515 319 1553 solum
342 1525 388 1552 ex
408 1519 517 1561 parte
535 1516 672 1552 matris
694 1514 931 1561 requiritur;
954 1523 1000 1551 ea
1017 1522 1110 1550 vero
1137 1522 1224 1560 quae
1243 1512 1284 1550 in
1304 1512 1393 1549 aliis
1415 1511 1605 1549 matribus
1630 1511 1680 1550 ad

62 1563 358 1608 corruptionem
377 1562 612 1609 virginitatis
632 1561 782 1599 faciunt
803 1570 881 1598 non
905 1560 1140 1597 ordinantur
1158 1560 1205 1597 ad
1227 1559 1266 1597 id
1298 1558 1403 1606 quod
1435 1559 1573 1595 matris
1604 1560 1679 1604 est,

63 1609 133 1646 sed
152 1609 344 1646 solum-ad
365 1608 402 1647 id
424 1609 530 1656 quod
553 1609 674 1655 patris
697 1612 769 1652 est,
793 1612 834 1644 ut
855 1617 990 1644 semen
1011 1608 1132 1645 maris
1163 1606 1213 1646 ad
1248 1606 1381 1644 locum
1411 1605 1679 1653 generationis

63 1656 280 1703 perveniat.
305 1656 369 1704 (111
389 1659 505 1703 part„
526 1666 566 1704 q.
586 1664 728 1702 xxvru,
750 1658 823 1693 art.
848 1658 863 1692 1
887 1658 923 1691 et
942 1654 994 1701 2.)

706 1802 875 1843 CAPUT
905 1801 1043 1844 XLVI.

373 1921 474 1957 QUOD
498 1921 683 1953 CHRISTUS
708 1921 834 1952 NATUS
859 1920 931 1950 EST
954 1920 1006 1951 DE
1032 1920 1183 1952 SPIRITU
1207 1920 1367 1951 SANGTO.

87 2029 299 2085 ‘Quamvis
314 2033 446 2083 autem
466 2029 598 2068 omnis
617 2029 751 2068 divina
770 2030 948 2076 operatio
976 2038 1055 2076 qua
1078 2029 1226 2078 aliquid
1255 2030 1297 2067 in
1326 2029 1520 2069 creaturis
1553 2030 1684 2078 agitur

62 2081 115 2116 sit
133 2081 205 2115 toti
225 2079 398 2114 Trinitati
417 2077 656 2121 communis,
678 2080 721 2114 ut
740 2086 788 2114 ex
820 2086 940 2122 supra
971 2076 1115 2114 habitis
1147 2080 1356 2115 ostensum
1390 2081 1463 2122 est,
1498 2077 1683 2116 formatio

61 2128 194 2162 tamen
217 2124 396 2170 corporis
417 2124 574 2169 Christi,
596 2133 683 2170 quae
703 2124 835 2160 divina
854 2123 994 2159 virtute
1015 2123 1189 2169 perfecta
1207 2128 1281 2169 est,
1303 2124 1585 2162 convenienter
1598 2125 1682 2172 Spi-

61 2171 153 2209 ritui
174 2174 313 2208 sancto
329 2169 567 2215 attribuitur,
588 2169 678 2206 lieet
693 2170 745 2207 sit
765 2170 834 2206 toti
850 2169 1026 2207 Trinitati
1044 2170 1284 2209 communis.

110 2220 190 2255 Hoc
208 2219 314 2255 enim
331 2226 550 2265 congruere
568 2217 721 2253 videtur
738 2216 1002 2254 incarnationi
1020 2217 1147 2254 Verbi.
1170 2219 1281 2263 Nam,
1303 2218 1408 2255 sicut
1427 2218 1589 2256 verbum
1611 2227 1682 2257 no-

60 2267 187 2304 strum
206 2265 248 2302 in
272 2268 403 2301 mente
422 2266 655 2310 conceptum
677 2262 874 2300 invisibile
895 2267 968 2307 est,
991 2263 1163 2301 exterius
1194 2269 1326 2302 autem
1357 2273 1454 2302 voce
1484 2265 1682 2312 prolatum

62 2311 253 2350 sensibile
274 2312 337 2355 sit,
355 2311 409 2348 ita
428 2311 597 2348 Verbum
617 2310 684 2347 Dei
704 2310 924 2347 secundum
945 2310 1243 2357 generationem
1276 2314 1463 2349 aeternam
1491 2312 1532 2349 in
1565 2312 1683 2350 corde

61 2359 188 2396 Patris
202 2358 456 2396 invisibiliter
475 2358 622 2402 existit,
637 2366 704 2403 per
722 2356 1035 2394 incarnationem
1058 2360 1191 2395 autem
1223 2358 1341 2396 nobis
1357 2358 1514 2396 visibile
1535 2358 1682 2397 sactum

62 2409 148 2450 est;
171 2405 275 2443 unde
297 2405 411 2442 Verbi
431 2405 499 2442 Dei
516 2404 738 2441 incarnatio
759 2407 820 2441 est
851 2404 956 2441 sicut
981 2404 1132 2442 vocalis
1165 2405 1274 2443 verbi
1309 2405 1436 2442 nostri
1465 2405 1681 2452 expressio.

63 2452 276 2498 Expressio
315 2456 445 2489 autem
462 2451 612 2488 vocalis
631 2450 739 2488 verbi
762 2451 887 2488 nostri
909 2450 952 2487 fit
972 2461 1042 2498 per
1069 2451 1248 2498 spiritum
1274 2455 1455 2489 nostrum
1478 2462 1547 2499 per
1566 2461 1683 2499 quem

61 2506 139 2551 vox
168 2499 275 2535 verbi
309 2498 435 2535 nostri
467 2498 672 2535 formatur.
695 2497 985 2535 convenienter
1001 2498 1124 2546 igitur
1145 2502 1184 2537 et
1215 2507 1285 2546 per
1303 2499 1490 2546 Spiritum
1509 2499 1595 2537 Filii
1615 2499 1684 2537 Dei

62 2553 151 2592 eJus
171 2545 304 2583 carnis
324 2545 507 2582 formatio
527 2545 671 2582 dicitur
690 2544 807 2582 facta.

111 2592 303 2630 Convenit
320 2592 439 2629 etiam
458 2591 534 2629 hoc
554 2595 593 2628 et
612 2590 858 2639 generationi
875 2590 1072 2630 humanae.
1088 2592 1221 2630 Virtus
1238 2592 1343 2631 enim
1364 2593 1492 2631 activa
1511 2603 1598 2641 quae
1625 2597 1687 2631 est

59 2639 102 2692 in
120 2639 278 2677 semine
296 2638 487 2682 humano,
510 2638 558 2675 ad
578 2647 621 2675 se
639 2638 801 2676 trahens
818 2639 1020 2675 materiam
1052 2648 1139 2686 quae
1159 2639 1278 2677 fuerit
1297 2649 1320 2678 a
1339 2643 1477 2686 matre,
1504 2650 1575 2688 per
1605 2641 1685 2687 spi·

60 2689 180 2724 ritum
220 2689 431 2732 operatum
464 2685 652 2723 fundatur
680 2685 786 2722 enim
818 2684 1048 2731 hujusmodi
1080 2686 1204 2723 virtus
1243 2687 1285 2724 in
1319 2687 1485 2734 spiritu,
1529 2693 1687 2734 propter

61 2733 177 2779 cujus
211 2733 498 2770 continentiam
528 2740 665 2770 semen
691 2740 927 2778 spumosum
961 2733 1115 2778 oportet
1142 2741 1233 2771 esse
1264 2735 1303 2770 et
1336 2734 1483 2772 album.
1516 2735 1686 2773 Verbum

60 2779 184 2832 igitur
213 2779 295 2825 Dei,
317 2779 394 2817 sibi
426 2787 572 2826 corpus
604 2788 816 2817 assumens
844 2788 892 2815 ex
911 2778 1078 2826 virgine,
1105 2780 1388 2819 convenienter
1403 2780 1480 2820 hoc
1499 2791 1571 2829 per
1599 2781 1685 2829 Spi-

61 2829 180 2864 ritum
202 2830 384 2865 sanetum
406 2826 534 2872 debet,
555 2834 714 2879 carnem
735 2826 993 2870 assumendo,
1016 2826 1200 2865 formare.

107 2872 298 2914 Convenit
327 2874 445 2913 etiam
467 2873 544 2912 hoc
572 2872 622 2912 ad
653 2872 937 2913 insinuandam
965 2882 1128 2913 causam
1148 2873 1197 2914 ad
1227 2873 1545 2914 incarnationem
1570 2874 1684 2914 Verbi
