1894 3223
188 101 254 136 172
788 97 877 132 LIB.
906 96 958 140 ΙΙ,
986 95 1087 132 CAP.
1115 96 1202 132 LVI.

233 181 376 220 Adhuc,
399 187 658 225 quaecumque
680 176 877 222 incipiunt
894 184 983 213 esse
1009 178 1048 213 et
1073 175 1274 219 desinunt,
1292 185 1363 223 per
1383 175 1562 213 eamdem
1588 177 1807 222 potentiam

186 228 334 266 habent
365 229 588 270 utrumque.
622 223 765 259 Eadem
797 223 903 259 enim
934 226 993 259 est
1024 223 1202 269 potentia
1232 223 1282 260 ad
1313 231 1403 260 esse
1429 226 1467 259 et
1495 232 1573 260 11011
1596 232 1699 261 0550.
1731 224 1806 262 Sed

187 272 419 311 substantiae
440 270 729 307 intellectuales
760 279 841 306 non
875 273 1062 316 poterunt
1096 270 1270 316 incipere
1290 279 1380 307 esse
1400 269 1478 307 nisi
1501 279 1570 316 per
1587 271 1806 316 potentiam

185 319 303 367 primi
335 317 506 364 agentis.
528 318 613 353 Non
648 317 753 353 enim
793 320 886 354 sunt
905 327 952 353 ex
986 317 1152 354 materia
1188 326 1276 364 quae
1312 317 1484 363 potuerit
1519 317 1744 363 praefuisse,
1765 321 1810 355 ut

188 370 392 403 ostensum
415 367 476 400 est
495 363 544 410 (c.
564 362 639 409 30).
662 364 787 410 Igitur
817 373 890 400 nec
922 366 983 401 est
1003 363 1136 411 aliqua
1165 364 1342 409 potentia
1362 364 1410 400 ad
1445 372 1525 400 non
1546 373 1635 400 esse
1655 373 1808 408 eorum,

187 412 266 449 nisi
287 412 325 447 in
348 411 477 456 primo
506 414 662 457 agente,
697 410 916 447 secundum
946 411 1050 457 quod
1082 414 1212 456 potest
1230 419 1311 447 non
1344 410 1510 447 influere
1531 410 1590 447 eis
1611 419 1714 448 esse.
1734 411 1810 448 Sed

187 469 234 496 ex
254 459 326 495 hac
348 457 435 494 sola
455 457 634 503 potentia
650 456 750 493 nihil
764 460 895 503 potest
914 457 989 494 dici
1007 457 1263 503 corruptibile
1283 469 1293 502 ;
1313 460 1397 494 tum
1416 457 1510 504 quia
1536 466 1600 494 res
1621 457 1810 495 dicuntur

186 505 425 542 necessariae
446 508 485 540 et
511 504 788 549 contingentes
818 504 1039 541 secundum
1066 504 1282 549 potentiam
1303 514 1390 551 quae
1417 508 1478 541 est
1496 505 1537 540 in
1558 504 1632 548 eis,
1666 508 1703 541 et
1728 514 1812 542 1101]

188 552 408 589 secundum
428 551 645 597 potentiam
665 550 748 595 Dei,
769 553 813 587 ut
844 559 964 596 supra
984 550 1033 597 (c.
1055 551 1114 597 30)
1136 553 1342 587 ostensum
1364 554 1447 595 est3
1468 554 1552 588 tum
1574 551 1692 588 etiam
1714 552 1812 597 quia

187 601 306 643 Deus,
328 599 395 645 qui
417 598 695 635 estinstitutor
707 601 871 642 naturae,
888 606 969 634 non
987 597 1184 634 subtrahit
1203 598 1320 635 rebus
1336 598 1376 634 id
1396 598 1501 645 quod
1523 602 1584 635 est
1604 600 1811 644 proprium

187 646 343 682 naturis
365 654 515 682 earum.
539 646 752 682 ostensum
769 648 830 681 est
847 647 978 681 autem
1000 644 1105 691 quod
1126 645 1329 690 proprium
1352 645 1506 682 naturis
1527 645 1810 682 intellectuali-

186 693 263 730 bus
286 696 345 729 est
374 692 480 738 quod
509 692 590 728 sint
609 695 833 738 perpetuae3
855 691 960 728 unde
991 691 1068 728 hoc
1099 692 1157 728 eis
1178 700 1201 727 a
1220 692 1299 727 Deo
1332 700 1413 728 non
1435 691 1693 729 subtrahitur.
1714 694 1812 729 Sunt

187 740 310 786 igitur
328 738 561 776 substantiae
580 738 871 775 intellectuales
889 748 935 774 ex
956 738 1064 775 omni
1082 741 1191 783 parte
1212 737 1549 784 incorruptibiles.

236 787 334 822 Hinc
355 789 414 823 est
447 786 554 832 quod
581 786 621 821 in
643 787 706 822 Ps.
737 788 957 829 cxtv111‚6:
989 785 1153 821 Laudate
1179 786 1371 820 Dominum
1396 785 1439 820 de
1458 786 1565 825 coelis,
1594 790 1811 822 connume-

187 834 285 870 ratis
308 832 462 879 angelis
480 837 517 869 et
535 832 765 870 coelestibus
786 832 1034 878 corporibus,
1055 832 1310 878 subjungitur
1332 843 1339 868 :
1361 832 1498 868 Statuit
1520 842 1563 867 ea
1581 833 1621 867 in
1639 835 1812 868 aeternum

188 883 222 915 et
239 882 278 915 in
297 880 466 916 saeculum
484 880 606 916 saeculz'
624 891 636 922 ‚·
665 889 734 925 per
751 880 857 926 quod
891 879 1169 925 praedictorum
1189 878 1432 924 perpetuitas
1450 879 1696 925 designatur.
1716 879 1808 917 Dio-

189 927 330 974 nysius
361 926 479 963 etiam
503 926 545 963 in
573 929 596 963 4
619 935 704 972 cap.
733 927 934 963 Dedivz'nis
961 927 1167 962 nominibus
1201 925 1295 962 dicit
1324 926 1430 972 quod
1452 929 1651 972 «propter
1670 925 1813 963 divinae

187 973 381 1010 honitatis
403 973 536 1010 radios
558 972 822 1010 substiterunt
842 973 1117 1019 intelligibiles
1138 976 1176 1009 et
1196 972 1484 1009 intellectuales
1505 973 1753 1017 substantiae,
1775 977 1814 1010 et

190 1024 283 1058 sunt
313 1024 352 1057 et
374 1021 525 1065 vivunt,
547 1023 586 1057 et
604 1020 751 1058 habent
770 1020 889 1057 vitam
923 1019 1230 1064 indeficientem,
1250 1023 1289 1056 et
1310 1019 1644 1057 imminorabilem
1665 1019 1712 1057 ab
1729 1020 1815 1057 uni-

190 1077 307 1104 versa
325 1067 591 1113 corruptione,
614 1070 652 1104 et
671 1068 941 1114 generatione,
964 1071 1001 1103 et
1015 1071 1154 1112 morte,
1176 1066 1335 1104 mundae
1351 1067 1579 1112 existentes,
1596 1070 1633 1104 et
1653 1067 1813 1105 elevatae

190 1114 239 1152 ab
257 1114 435 1152 instabili
456 1117 493 1151 et
511 1114 618 1152 fluxa
636 1115 855 1151 variatione
875 1129 910 1151 ».
933 1114 961 1160 (Ι
980 1118 1095 1160 part„
1116 1124 1153 1162 q.
1175 1122 1202 1158 1,
1223 1116 1295 1151 art.
1317 1113 1369 1161 5.)

854 1260 1020 1301 CAPUT
1045 1259 1128 1300 LVI
1133 1289 1144 1301 .

261 1379 336 1408 PER
355 1379 460 1412 QUEM
484 1379 622 1408 MODUM
651 1379 891 1408 SUBSTANTIA
922 1378 1242 1409 INTELLECTUALIS
1273 1379 1406 1408 POSSIT
1431 1379 1593 1409 CORPORI
1619 1380 1740 1410 t‘Nth.

240 1489 335 1525 Cum
357 1491 488 1525 autem
509 1497 630 1534 supra
648 1487 695 1535 (c.
717 1490 762 1525 49
782 1491 820 1524 et
838 1488 897 1534 51)
919 1491 1126 1525 ostensum
1140 1488 1192 1525 sit
1211 1487 1476 1525 substantiam
1504 1488 1814 1527 intellectualem

190 1544 273 1572 11011
297 1544 387 1572 0550
413 1543 558 1581 corpus
578 1544 707 1581 neque
726 1536 910 1572 virtutem
943 1535 1117 1581 aliquam
1138 1545 1161 1572 a
1180 1543 1345 1580 corpore
1367 1535 1667 1581 dependentem,
1690 1540 1816 1574 restat

191 1582 515 1636 inre-stigandum
555 1587 687 1619 utrum
727 1583 862 1630 aliqua
906 1582 1131 1619 substantia
1171 1582 1453 1619 intellectualis
1490 1584 1646 1629 corpori
1682 1584 1814 1630 possit

190 1638 310 1667 uniri.

239 1678 304 1713 Est
324 1679 455 1713 autem
475 1676 604 1723 primo
624 1675 880 1713 manifestum
901 1675 1007 1723 quod
1029 1675 1255 1713 substantia
1274 1676 1558 1714 intellectualis
1580 1686 1660 1714 non
1680 1680 1813 1723 potest

190 1723 348 1769 corpori
366 1724 471 1760 uniri
492 1733 562 1770 per
578 1723 740 1760 modum
774 1723 993 1760 mixtionis.
1016 1724 1110 1767 Quae
1128 1724 1233 1760 enim
1256 1724 1487 1769 miscentur,
1511 1728 1666 1770 oportet
1685 1724 1733 1761 ad
1754 1724 1815 1762 in—

190 1771 317 1807 vicem
336 1770 501 1807 alterata
520 1779 634 1814 esse3
654 1769 760 1816 quod
792 1779 873 1807 non
893 1770 1090 1816 contingit
1107 1770 1185 1807 nisi
1218 1770 1260 1806 in
1280 1771 1343 1807 his
1378 1779 1547 1817 quorum
1569 1775 1630 1808 est
1648 1772 1816 1809 materia

191 1817 343 1861 eadem,
365 1826 452 1863 quae
472 1820 643 1863 possunt
662 1826 750 1854 esse
771 1817 897 1854 activa
917 1821 954 1854 et
976 1817 1136 1863 passiva
1157 1816 1205 1854 ad
1220 1817 1403 1854 invicem.
1426 1818 1663 1854 Substantiae
1682 1821 1814 1856 autem

189 1864 484 1902 intellectuales
504 1872 586 1900 non
615 1864 914 1900 communicant
942 1864 984 1900 in
1005 1864 1170 1901 materia
1191 1873 1280 1900 cum
1303 1864 1563 1910 corporibus3
1590 1869 1684 1901 sunt
1704 1865 1814 1903 enim

189 1910 490 1995 irnjnliateriales,
511 1914 554 1947 ut
574 1919 694 1957 supra
714 1910 763 1957 (c.
781 1911 840 1957 50)
863 1913 1069 1948 ostensum
1091 1914 1163 1948 est.
1185 1912 1271 1948 Non
1293 1915 1386 1948 sunt
1406 1911 1527 1958 igitur
1545 1912 1701 1958 corpori
1722 1912 1815 1951 mis·

190 1968 225 1996 ci
258 1966 346 1995 ies.

237 2005 382 2049 Adhuc,
403 2013 491 2051 quae
511 2004 743 2049 miscentur,
776 2004 967 2041 mixtione
995 2004 1077 2051 jam
1108 2004 1295 2051 perfecta,
1328 2014 1410 2043 11011
1431 2008 1593 2041 manent
1614 2008 1717 2050 actu,
1740 2006 1814 2045 sed

189 2051 335 2088 virtute
355 2055 521 2089 tantum.
557 2053 654 2088 Nam
676 2052 710 2088 si
742 2055 832 2088 actu
859 2056 1078 2096 manerent,
1114 2061 1195 2089 11011
1218 2055 1326 2090 esset
1361 2052 1514 2096 mixtiO,
1535 2052 1605 2089 sed
1626 2053 1814 2092 confusio

190 2102 343 2136 tantum
361 2110 370 2142 ;
391 2098 496 2135 unde
516 2107 662 2144 corpus
675 2098 842 2135 mixtum
861 2108 908 2135 ex
929 2099 1136 2136 elementis
1152 2099 1305 2136 nullum
1324 2109 1462 2137 eorum
1483 2103 1556 2137 est.
1579 2100 1661 2138 Hoc
1679 2104 1813 2139 autem

190 2145 441 2191 impossibile
461 2148 522 2183 est
555 2145 733 2183 accidere
770 2145 1006 2183 substantiis
1032 2146 1369 2184 intellectualibus
1391 2159 1399 2192 ;
1420 2149 1514 2184 sunt
1539 2147 1645 2184 enim
1687 2147 1817 2185 incor-

190 2192 414 2238 ruptibiles,
433 2195 477 2229 ut
507 2201 629 2239 supra
661 2192 709 2239 (c.
744 2193 802 2239 55)
835 2196 1043 2230 ostensum
1072 2197 1145 2231 est.
1178 2195 1265 2231 Non
1286 2194 1407 2241 igitur
1424 2196 1555 2241 potest
1589 2193 1816 2233 substantia.

189 2239 473 2277 intellectualis
492 2240 598 2277 uniri
616 2240 771 2286 corpori
791 2249 862 2285 per
886 2240 1048 2277 modum
1069 2240 1290 2278 mixtionis.

238 2286 429 2323 Similiter
447 2290 579 2324 autem
613 2289 720 2333 patet
745 2287 851 2333 quod
882 2287 1106 2325 substantia
1132 2288 1413 2326 intellectualis
1441 2296 1522 2325 non
1550 2291 1681 2334 potest
1707 2288 1814 2327 uniri

191 2334 348 2380 corpori
379 2343 449 2379 per
477 2333 641 2371 modum
673 2337 881 2371 contactus
919 2335 1078 2381 proprie
1121 2335 1284 2381 sumpti.
1330 2337 1473 2372 Tactus
1508 2335 1615 2372 enim
1649 2336 1815 2375 nonnisi

191 2389 403 2427 corporum
417 2383 478 2418 est
496 2392 506 2426 ;
528 2384 623 2419 sunt
652 2381 758 2418 enim
790 2382 995 2429 tangentia
1014 2390 1182 2429 quorum
1201 2386 1296 2419 sunt
1320 2382 1462 2420 ultima
1482 2381 1617 2426 simul,
1651 2386 1694 2420 ut
1710 2392 1813 2429 pun·

192 2431 267 2472 cta,
290 2431 357 2465 aut
375 2428 505 2467 lineae.
527 2431 595 2466 aut
613 2427 858 2474 superficies,
879 2438 966 2476 quae
982 2432 1075 2466 sunt
1094 2438 1305 2476 corporum
1323 2429 1478 2475 ultima,
1499 2438 1581 2466 11011
1603 2429 1726 2476 igitur
1744 2437 1815 2475 per

191 2474 356 2512 modum
375 2478 607 2513 conctactus
628 2475 854 2514 substantia
872 2475 1158 2514 intellectualis
1177 2477 1335 2524 corpori
1355 2477 1461 2514 uniri
1488 2479 1633 2522 potest.

213 2567 218 2572 ,
240 2523 292 2557 Ex
313 2522 389 2558 hoc
409 2525 539 2559 autem
580 2522 819 2570 relinquitur
854 2523 961 2570 quod
981 2532 1110 2570 neque
1130 2523 1445 2569 continuatione,
1463 2532 1592 2570 neque
1610 2521 1813 2568 composi-

192 2570 315 2619 none,
339 2577 467 2615 neque
486 2569 758 2616 colligatione,
795 2579 842 2607 ex
875 2570 1101 2608 substantia
1130 2570 1390 2608 intellectuali
1422 2574 1461 2607 et
1497 2577 1662 2616 corpore
1682 2577 1808 2606 unum

191 2613 278 2650 fleri
299 2616 453 2660 possit3
476 2617 611 2653 omnia
634 2617 740 2654 enim
761 2617 846 2655 haec
866 2617 953 2655 sine
971 2620 1156 2655 contactu
1176 2627 1266 2656 esse
1289 2627 1371 2655 11011
1389 2619 1573 2664 possunt.

241 2662 308 2712 Est
324 2665 457 2714 autem
483 2663 644 2709 quidam
664 2663 809 2702 modus
839 2668 1047 2702 contactus
1066 2673 1146 2712 quo
1167 2664 1393 2702 substantia
1422 2660 1705 2701 intellectualis
1723 2670 1813 2700 cor·

192 2715 280 2760 pori
300 2716 459 2760 111150011
478 2713 621 2754 potest.
644 2711 817 2757 Corpora
843 2712 949 2749 enim
970 2713 1168 2749 naturalia
1186 2711 1387 2758 tangendo
1417 2719 1463 2747 se
1492 2709 1674 2753 alteram,
1693 2713 1730 2746 et
1752 2709 1814 2749 sic

193 2754 243 2792 ad
262 2762 431 2792 invicem
452 2755 658 2801 uniuntur,
679 2766 761 2795 non
781 2757 914 2796 solum
937 2758 1157 2797 secundum
1177 2759 1318 2797 ultima
1336 2756 1582 2805 quantitatis,
1602 2756 1672 2794 sed
1693 2756 1813 2796 etiam

194 2801 414 2839 secundum
445 2802 748 2841 similitudinem
777 2805 983 2851 qualitatis
1014 2809 1082 2844 aut
1116 2806 1274 2850 formae,
1312 2804 1405 2842 dum
1440 2803 1613 2840 alterans
1643 2803 1814 2843 formam

195 2856 310 2887 suam
326 2847 518 2896 imprimit
536 2849 578 2886 in
610 2850 833 2898 alteratum,
859 2855 911 2899 et,
932 2852 1114 2901 quamvis
1137 2852 1172 2891 si
1192 2851 1495 2891 considerentur
1514 2850 1646 2888 50111111
1670 2850 1812 2890 ultima
