1894 3223
149 159 220 195 390
727 152 815 187 LlB.
843 151 907 195 111,
934 151 1034 188 CAP.
1058 150 1177 188 XCVI.

152 235 403 277 exaudibilis.
423 233 520 269 Hinc
540 235 600 269 est
618 231 724 279 quod
741 231 898 276 dicitur,
915 230 1064 276 iacobi,
1083 240 1139 277 1v,
1160 234 1180 268 3
1203 243 1211 268 ε
1232 233 1371 271 Petitis.
1393 234 1426 267 et
1444 241 1515 266 non
1533 230 1712 276 accipitis,
1735 239 1772 266 eo

179 284 249 321 uod
268 282 360 316 insite
403 281 520 315 etatis.

153 294 177 331 q
203 290 398 366 Similite}J
410 330 541 363 autem
560 334 607 361 ex
624 324 700 362 hoc
720 324 826 371 quod
850 326 954 362 Deus
974 325 1024 362 ad
1046 324 1350 362 desiderandum
1383 328 1529 369 movet,
1565 327 1774 361 ostensum

154 381 216 413 est
238 375 337 421 (cap.
361 372 418 419 95)
440 372 682 409 conveniens
703 380 792 408 esse
813 372 919 418 quod
953 372 1149 409 desideria
1177 372 1351 418 impleat,
1386 371 1527 409 Mobile
1557 374 1703 422 autem·
1725 369 1774 407 ad

153 423 272 460 finem
296 423 428 456 motus
450 428 529 456 non
550 418 779 464 perducitur
798 427 820 454 a
841 423 1036 463 movente,
1057 419 1134 456 nisi
1153 423 1286 456 motus
1307 419 1573 456 continuetur.
1589 418 1629 454 Si
1650 417 1774 464 igitur

154 472 287 505 motus
308 466 493 503 desiderii
511 475 580 511 per
601 465 795 502 orationis
816 465 1046 502 instantiam
1062 475 1143 503 non
1163 466 1429 510 continuetur,
1452 474 1532 502 non
1554 468 1613 501 est
1634 464 1773 500 incon·

154 515 320 552 veniens
342 514 375 550 si
397 512 524 550 oratio
548 511 730 549 effectum
752 511 925 549 debitum
948 521 1026 549 non
1043 513 1245 550 sortiatur.
1269 512 1365 548 Hinc
1386 515 1446 548 est
1461 512 1566 559 quod
1582 511 1775 548 Dominus

152 562 262 605 dicit,
293 562 419 603 Lucae,
458 567 575 603 XVIII,
595 562 616 595 7
640 570 649 595 ε
670 559 846 602 Quoniam
876 562 1013 604 oportet
1043 569 1179 604 semper
1210 569 1325 599 orare,
1347 562 1381 593 et
1398 569 1469 595 non
1499 559 1656 603 deficere.
1687 559 1731 594 Et
1759 558 1776 593 1

156 609 310 651 Thess„
333 616 369 651 V,
395 609 451 651 17,
472 606 566 643 dicit
585 606 799 652 Apostolus
823 617 831 642 :
854 605 940 642 Sine
955 607 1217 641 intermissione
1235 608 1344 641 orate.

204 657 355 698 Rursus,
378 657 585 690 ostensum
606 656 667 690 est
686 652 785 699 (cap.
807 652 867 699 95)
888 652 993 699 quod
1011 654 1114 689 Deus
1136 652 1341 689 rationalis
1374 655 1563 690 creaturae
1593 651 1777 689 decenter

156 701 398 739 desiderium
416 700 566 746 implet,
587 699 629 736 in
649 703 839 746 quantum
859 699 894 736 ei
923 700 1224 746 appropinquat.
1247 699 1543 746 Appropinquat
1574 702 1703 735 autem
1740 698 1776 735 ei

158 748 306 794 aliquis
335 755 404 793 per
438 746 828 792 contemplationem,
859 750 896 783 et
929 747 1108 783 devotam
1137 745 1408 789 affectionem,
1444 750 1481 782 et
1513 745 1717 789 humilem,
1739 748 1777 782 et

155 795 311 833 firmam
330 795 604 830 intentionem.
622 793 695 830 Illa
711 793 832 839 igitur
851 794 977 830 oratio
998 803 1085 840 quae
1107 794 1165 830 sic
1187 795 1265 829 Deo
1286 802 1362 829 non
1377 792 1677 839 appropinquat,
1695 799 1778 828 non

157 845 218 879 est
233 842 312 878 Deo
333 841 583 877 exaudibilis.
606 840 715 877 Unde
737 840 834 876 etin
858 842 921 876 Ps.
943 849 994 884 ci,
1018 843 1060 877 18
1090 840 1234 877 dicitur
1269 852 1277 876 ε
1312 840 1481 885 Respeoeit
1510 840 1550 874 in
1581 840 1778 874 orationem

157 889 363 924 humilium.
388 889 431 924 Et
449 887 598 931 Jacobi‚
614 896 640 932 1,
654 889 675 924 6
697 899 706 923 :
727 888 886 923 Postulet
904 891 1021 923 autem
1040 889 1080 923 in
1099 887 1181 933 fide,
1199 887 1294 922 nihil
1312 887 1494 926 limitans,

204 936 304 979 Item,
326 939 532 971 ostensum
553 937 614 971 est
633 933 734 979 (cap.
755 933 813 980 95)
835 934 942 980 quod
970 935 1121 971 ratione
1142 935 1339 978 amicitiae,
1363 935 1466 970 Deus
1498 937 1590 970 vota
1621 932 1778 978 piorum

158 982 329 1020 exaudit.
352 982 423 1026 Qui
443 982 563 1027 igitur
583 990 606 1018 a
625 982 690 1017 Dei
716 981 891 1018 amicitia
911 981 1082 1018 declinat
1114 990 1195 1018 non
1218 984 1277 1018 cst
1311 981 1457 1028 dignus
1478 983 1521 1017 ut
1540 979 1626 1025 eius
1647 979 1776 1016 oratio

162 1029 408 1065 exaudiatur.
431 1029 528 1065 Hinc
563 1031 624 1065 est
656 1028 761 1075 quod
793 1030 921 1072 prom,
943 1030 1140 1072 xxvi11,9‚
1175 1028 1319 1065 dicitur
1339 1040 1348 1064 :
1369 1028 1437 1071 Qui
1470 1027 1626 1063 declinat
1657 1035 1780 1062 aurem

157 1086 261 1113 suam
280 1085 322 1110 ne
342 1075 471 1110 aucliat
490 1076 611 1119 levem,
632 1077 748 1111 oratio
767 1075 845 1120 ejus
867 1077 935 1111 erit
953 1076 1178 1112 emecrabz'lz's.
1201 1077 1245 1112 Et
1275 1075 1402 1119 Isaiae,
1421 1084 1448 1118 1,
1474 1077 1515 1111 15
1537 1085 1545 1109 ε
1569 1074 1654 1110 Cum
1685 1073 1778 1109 mul-

159 1124 410 1168 tiplicaveritis
430 1124 620 1166 orationes,
635 1132 708 1158 non
722 1123 916 1158 eoea‘udi'am
934 1134 945 1157 .·
964 1133 1092 1158 manus
1112 1123 1208 1158 enim
1220 1125 1347 1158 vestrae
1360 1123 1536 1165 sanquine
1548 1121 1662 1165 plenae
1677 1122 1775 1156 sunt.

211 1171 263 1205 Ex
284 1169 356 1205 hac
378 1168 494 1205 etiam
515 1168 645 1205 radice
665 1169 842 1214 procedit
863 1169 968 1215 quod
992 1168 1229 1215 quandoque
1248 1169 1392 1215 aliquis
1427 1169 1493 1205 Dei
1525 1167 1676 1204 amiciis
1696 1175 1778 1203 non

161 1216 356 1259 audiatur,
379 1215 537 1262 quando
553 1224 624 1261 pro
646 1215 708 1252 his
730 1219 842 1261 rogat
861 1216 928 1262 qui
949 1224 1030 1252 non
1051 1219 1144 1253 sunt
1164 1216 1231 1252 Dei
1264 1216 1395 1259 amici,
1427 1215 1643 1252 secundum
1678 1213 1777 1250 illud

160 1264 285 1299 Jerem
305 1275 312 1305 ;
335 1271 406 1302 Vll,
426 1265 468 1298 16
489 1275 496 1298 ε
522 1264 574 1298 Tu
597 1265 714 1298 autem
733 1264 809 1297 noli
827 1273 930 1298 orare
945 1273 1013 1309 pro
1028 1264 1162 1308 populo
1189 1264 1265 1306 hoc,
1285 1273 1347 1298 nec
1367 1272 1529 1298 assumus
1548 1272 1614 1306 pro
1634 1262 1683 1296 eis
1703 1261 1778 1295 lazi-

156 1310 252 1353 dem,
274 1313 306 1344 et
326 1311 534 1353 orationem,
553 1311 586 1344 et
601 1320 671 1344 non
690 1310 841 1345 obsistas
858 1310 962 1354 mihi,
981 1311 1069 1354 quia
1089 1321 1160 1346 non
1179 1309 1374 1346 emaudiam
1391 1312 1435 1345 te.

208 1356 409 1402 Contingit
427 1360 555 1392 autem
583 1356 820 1402 quandoque
841 1356 946 1402 quod
965 1356 1111 1403 aliquis
1133 1366 1180 1393 ex
1201 1357 1376 1393 amicitia
1396 1356 1564 1402 denegat
1585 1356 1691 1402 quod
1711 1364 1776 1400 pe-

161 1403 255 1438 titur
275 1403 322 1439 ab
346 1403 486 1445 amico,
510 1402 602 1448 quia
627 1403 832 1448 cognoscit
867 1403 941 1439 hoc
973 1403 1006 1439 ei
1042 1412 1130 1440 esse
1160 1403 1360 1446 nocivum,
1388 1402 1448 1439 vel
1481 1402 1721 1439 contrarium
1742 1401 1777 1438 ei

160 1449 288 1495 magis
309 1449 505 1495 expedire,
527 1453 569 1485 ut
588 1449 767 1486 medicus
788 1448 1003 1486 infirmanti
1023 1449 1262 1496 quandoque
1281 1453 1399 1496 negat
1419 1449 1524 1496 quod
1554 1449 1662 1494 petit,
1684 1457 1778 1484 con·

158 1496 342 1534 siderans
363 1495 468 1542 quod
489 1505 567 1532 non
591 1496 746 1542 expedit
766 1497 799 1532 ei
823 1497 870 1533 ad
898 1497 1066 1533 salutem
1099 1497 1277 1542 corporis
1297 1495 1632 1542 consequendam.
1654 1494 1776 1539 Unde,

158 1551 250 1580 cum
272 1547 478 1579 ostensum
496 1543 548 1580 sit
568 1543 673 1589 quod
693 1545 798 1580 Deus
819 1553 865 1580 ex
886 1552 1019 1580 amore
1051 1553 1168 1591 quem
1207 1543 1255 1580 ad
1288 1548 1508 1581 creaturam
1540 1542 1775 1579 rationalem

160 1589 278 1627 habet
315 1589 401 1636 ejus
427 1589 624 1626 desideria
653 1590 814 1636 impleat
847 1600 916 1636 per
944 1590 1164 1628 orationem
1203 1590 1279 1628 sibi
1311 1590 1572 1637 propositam,
1605 1598 1688 1626 non
1717 1592 1778 1626 est

158 1636 384 1673 mirandum
409 1637 442 1674 si
463 1637 700 1684 quandoque
720 1646 856 1674 eorum
877 1637 994 1674 etiam
1016 1647 1118 1684 quos
1145 1638 1341 1685 praecipue
1372 1637 1514 1684 diligit,
1546 1637 1777 1682 petitionem

158 1692 241 1720 non
262 1684 410 1729 implet,
433 1687 475 1720 ut
495 1684 654 1729 impleat
674 1684 776 1731 quod
800 1685 946 1730 petenti
980 1685 1109 1731 magis
1145 1685 1302 1731 expedit
1339 1685 1388 1722 ad
1415 1685 1599 1727 salutem,
1619 1688 1779 1729 propter

155 1730 266 1782 quod
285 1741 308 1767 a
326 1731 449 1767 Paulo
468 1731 672 1767 stimulum
694 1732 826 1768 carnis
848 1740 928 1768 non
949 1732 1109 1776 amovit,
1130 1733 1312 1779 quamvis
1336 1732 1410 1769 lioc
1430 1736 1488 1768 ter
1507 1734 1670 1778 peteret,
1693 1739 1779 1776 pro-

157 1777 298 1814 videns
335 1777 411 1815 hoc
448 1778 483 1814 ei
511 1786 600 1814 esse
635 1778 731 1814 utile
777 1779 826 1815 ad
873 1778 1109 1816 humilitatis
1145 1780 1502 1823 conservationem,
1531 1781 1573 1814 ut
1612 1777 1780 1814 babetur

158 1825 191 1860 II
213 1824 584 1868 Corinth.‚x11‚7-9.
615 1825 722 1862 Unde
757 1828 795 1862 et
822 1826 953 1869 Matth‚
979 1833 1045 1869 xx,
1076 1829 1136 1870 22,
1164 1825 1402 1873 quibusdam
1431 1825 1624 1862 Dominus
1655 1823 1774 1860 dicit:

158 1872 312 1908 Nescitis
333 1871 420 1915 quid
436 1873 583 1916 petatis.
607 1873 649 1907 Et
670 1873 797 1917 Rom„
817 1880 903 1916 vm,
925 1872 1139 1916 26‚dicitur
1160 1884 1169 1909 ε
1187 1874 1281 1912 Nam
1301 1873 1390 1918 quid
1409 1881 1547 1907 oremus
1567 1872 1660 1906 sicut
1678 1881 1779 1916 opor-

159 1919 222 1962 tet,
244 1919 431 1954 nescimus.
457 1919 501 1953 Et
519 1921 678 1964 propter
699 1918 773 1955 hoc
794 1919 1039 1965 Augustinus
1058 1919 1152 1955 dicit
1185 1920 1224 1955 in
1265 1920 1386 1965 Epist.
1409 1919 1457 1956 ad
1495 1917 1705 1955 Paulinum
1740 1921 1778 1954 et

156 1963 384 2002 Therasiam
402 1976 409 2000 ;
429 1978 447 1996 «
463 1966 596 2002 Bonus
608 1965 814 2010 Dominus,
829 1966 896 2013 qui
912 1974 993 2002 non
1006 1965 1143 2002 tribuit
1158 1975 1263 2012 saepe
1278 1965 1384 2013 quod
1399 1965 1596 2010 volumus,
1612 1968 1655 2001 ut
1670 1965 1776 2012 quod

158 2011 369 2047 mallemus
390 2011 576 2048 attribuat
601 2024 637 2048 >›.

207 2059 316 2110 Patet
347 2058 468 2104 igitur
487 2067 534 2110 ex
553 2058 774 2104 praemissis
793 2059 900 2105 quod
920 2059 1146 2107 aliquorum
1166 2069 1254 2108 quae
1273 2059 1372 2097 fiunt
1398 2069 1422 2097 a
1440 2061 1521 2097 Deo
1542 2068 1664 2096 causa
1683 2062 1778 2096 sunt

157 2108 361 2156 orationes
395 2108 433 2156 et
458 2114 523 2150 pia
555 2105 764 2142 desideria.
799 2107 1014 2144 ostensum
1048 2111 1110 2145 est
1138 2111 1268 2145 autem
1301 2117 1421 2154 supra
1450 2106 1553 2154 (cap.
1584 2105 1643 2152 43)
1671 2105 1775 2153 quod

157 2150 291 2188 divina
305 2152 552 2197 providentia
570 2161 714 2190 causas
736 2153 836 2191 alias
857 2162 938 2190 non
966 2153 1151 2199 excludit,
1174 2155 1271 2202 quin
1305 2155 1440 2201 potius
1462 2153 1620 2192 ordinat
1639 2162 1706 2190 eas
1728 2152 1778 2190 ad

157 2197 234 2235 hoc
268 2198 374 2244 quod
405 2198 501 2235 ordo
531 2207 649 2246 quem
681 2199 784 2246 apud
816 2209 860 2237 se
887 2201 1024 2238 statuit
1051 2201 1172 2239 rebus
1214 2202 1460 2248 imponatur;
1493 2204 1531 2238 et
1564 2200 1622 2238 sic
1645 2209 1776 2238 causae

156 2245 342 2282 secundae
363 2254 443 2298 non
464 2250 688 2294 repugnant
705 2247 976 2293 providentiae,
997 2248 1068 2286 sed
1091 2248 1220 2296 magis
1240 2249 1498 2295 providentiae
1528 2251 1777 2295 exequuntur

156 2290 354 2343 effectum.
378 2293 441 2329 Sic
462 2302 556 2345 ergo
577 2294 779 2332 orationes
795 2294 899 2340 apud
919 2296 1041 2332 Deum
1065 2295 1247 2334 efficaces
1268 2299 1374 2342 sunt,
1398 2304 1476 2333 non
1503 2298 1636 2332 tamen
1671 2294 1776 2332 ordi-

157 2346 247 2390 nem
270 2339 558 2392 immutabilem
579 2340 721 2378 divinae
741 2341 998 2387 providentiae
1017 2343 1189 2387 solvunt,
1212 2343 1306 2390 quia
1328 2346 1366 2380 et
1396 2343 1472 2381 hoc
1509 2343 1641 2388 ipsum
1669 2340 1776 2388 quod

154 2384 224 2422 tali
243 2389 390 2438 petenti
409 2386 484 2422 hoc
505 2387 745 2425 concedatur
765 2388 839 2426 sub
869 2389 1007 2427 ordine
1028 2390 1171 2427 divinae
1205 2390 1462 2437 providentiae
1491 2389 1608 2427 cadit.
1639 2388 1775 2426 Simile

155 2435 216 2468 est
235 2441 330 2479 ergo
349 2433 485 2486 (11001οι
499 2442 579 2471 11011
600 2443 690 2473 esse
721 2435 930 2482 orandum,
951 2440 995 2474 ut
1025 2436 1176 2485 aliquid
1207 2446 1501 2485 consequamur
1520 2445 1544 2474 a
1562 2437 1657 2481 Deo,
1683 2435 1775 2482 quia

156 2478 251 2516 ordo
274 2488 356 2517 suae
378 2480 634 2526 providentiae
656 2484 717 2520 est
735 2482 1012 2530 immutabilis,
1032 2493 1078 2521 ac
1098 2484 1133 2522 si
1154 2484 1351 2522 diceretur
1376 2484 1482 2531 quod
1499 2492 1579 2521 non
1606 2486 1666 2520 est
1691 2490 1774 2519 am-

154 2524 385 2579 bulandum,
408 2536 450 2564 ut
466 2529 743 2573 perveniamus
769 2529 818 2567 ad
847 2529 995 2576 locum,
1028 2539 1102 2569 nec
1133 2531 1420 2576 comedendum
1453 2534 1498 2570 ut
1527 2529 1771 2574 nutriamur3

155 2580 240 2616 quae
261 2581 397 2626 omnia
419 2578 524 2620 patet
544 2584 634 2613 esse
655 2576 840 2614 absurda.

202 2619 428 2671 Excluditur
447 2631 541 2668 ergo
573 2632 620 2660 ex
652 2623 872 2670 praemissis
903 2624 1047 2671 duplex
1080 2634 1191 2663 error
1214 2626 1320 2664 circa
1349 2626 1582 2664 orationem.
1604 2621 1771 2667 Quidam

154 2671 263 2716 enim⁸
281 2665 463 2719 dixerunt
494 2668 649 2708 nullum
680 2679 769 2709 esse
798 2672 992 2710 orationis
1026 2673 1218 2719 fructum3
1251 2673 1358 2721 quod
1395 2672 1552 2720 quidem
1588 2669 1772 2708 dicebant

153 2712 234 2747 tam
255 2711 312 2747 illi
334 2723 399 2759 qui
421 2715 620 2768 negabant
639 2716 811 2755 divinam
832 2718 1133 2765 providentiam,
1156 2720 1261 2758 sicut
1278 2719 1470 2766 Epicurei,
1493 2725 1610 2765 quam
1629 2717 1770 2763 illiqui

153 2764 218 2794 res
238 2756 434 2797 humanas
453 2762 596 2816 divinae
611 2764 869 2811 providentiae
907 2766 1194 2804 subtrahebant
1211 2767 1316 2805 sicut
1336 2765 1459 2813 aliqui
1490 2764 1769 2811 Peripatetico·

150 2811 255 2857 rum,
274 2813 347 2842 nec
365 2815 445 2843 non
465 2812 501 2860 et
519 2809 577 2846 illi
599 2811 666 2857 qui
687 2813 823 2849 omnia
847 2822 935 2860 quae
965 2814 1220 2860 providentiae
1251 2813 1435 2856 subsunt,
1457 2821 1505 2850 ex
1532 2812 1769 2850 necessitate

146 2854 381 2905 contingere
400 2853 703 2908 arbitrabantur,
719 2859 825 2897 sicut
841 2860 975 2897 Stoici.
996 2862 1050 2897 Ex
1067 2860 1131 2898 his
1149 2861 1254 2898 enim
1270 2859 1457 2897 omnibus
1470 2859 1652 2906 sequitur
1662 2859 1770 2906 quod

148 2897 285 2936 nullus
305 2903 357 2937 sit
377 2904 570 2939 orationis
590 2903 756 2950 fructus,
777 2908 815 2943 et
833 2915 903 2952 per
921 2914 1173 2954 consequens
1189 2906 1296 2954 quod
1315 2906 1448 2944 omnis
1463 2905 1621 2944 deitatis
1635 2907 1767 2945 cultus
