1894 3223
704 154 791 190 LlB.
821 154 848 196 t,
877 154 977 190 CAP.
1007 153 1182 190 LXXXIII.
1698 157 1744 194 89

126 236 300 284 aliquam
323 235 553 282 potentiam,
575 243 663 272 cum
686 234 725 271 in
748 235 1036 272 inathen-nativis
1059 244 1137 272 non
1169 235 1221 272 sit
1249 235 1426 281 potentia
1446 244 1572 283 neque
1594 241 1740 274 motus.

126 284 311 321 Exclusio
329 283 450 330 igitur
469 282 720 319 necessitatis
741 282 959 327 praedicata>
981 281 1337 318 immutabilitatem
1361 282 1502 320 divinae
1523 283 1739 322 voluntatis

126 339 207 368 non
225 331 340 373 tollit,
362 329 467 376 quod
488 329 605 366 etiarn
627 329 828 374 Scriptura
856 338 968 365 sacra
988 329 1204 375 profitetur,
1234 331 1246 366 l
1279 330 1386 376 Regu,
1407 338 1474 374 xv,
1500 332 1545 367 29
1565 343 1572 367 :
1598 332 1739 368 Trium-

122 378 257 424 phator
274 379 312 412 in
328 377 442 413 Israel
457 376 682 422 poenz'tudinc
703 386 773 411 non
792 377 961 420 flectetur.

174 423 362 468 Quamvis
379 427 508 460 autem
533 423 665 459 divina
684 423 868 459 voluntas
888 423 935 459 ad
958 432 1030 459 sua
1050 427 1212 460 causata
1235 432 1315 461 non
1340 422 1634 469 determinetur,
1658 433 1739 462 non

125 473 256 508 tamen
277 474 431 517 oportet
451 470 594 514 dicere,
617 469 721 516 quod
754 470 852 506 nihil
889 479 1024 506 eorum
1046 470 1151 513 velit,
1174 474 1241 507 aut
1260 469 1364 517 quod
1386 470 1434 506 ad
1454 470 1666 508 volendum
1688 472 1736 510 ab

125 518 260 565 aliquo
292 517 475 554 exteriori
508 517 802 554 determinetur.
826 518 920 554 Cum
942 518 1046 553 enim
1077 517 1224 554 bonum
1247 517 1535 562 apprehensum
1556 519 1738 556 volunta-

123 568 202 602 tem
236 565 339 602 sicut
370 563 573 610 proprium
594 564 790 609 objectum
812 564 1058 607 determinet,
1079 564 1304 601 intellectus
1325 569 1453 600 antem
1477 565 1634 602 divinus
1656 575 1737 603 non

124 612 178 649 sit
195 615 408 649 extraneus
427 611 476 649 ab
496 611 582 658 ejus
601 612 816 655 voluntate,
833 621 921 648 cum
945 615 1153 657 utrumque
1175 612 1228 648 sit
1248 620 1321 647 sua
1341 612 1528 656 essentia,
1547 612 1582 649 si
1604 613 1741 649 volun-

123 662 185 696 tas
208 659 276 696 Dei
297 658 345 696 ad
365 658 416 695 ali
449 658 515 695 uid
541 658 751 696 volendum
779 668 847 704 per
874 659 934 695 sui
968 658 1192 695 intellectus
1212 656 1482 704 cognitionem
1502 659 1736 697 determine-

123 708 200 750 tur,
222 714 303 743 non
324 705 399 743 erit
445 706 693 743 eterminatio
714 706 929 742 voluntatis
951 706 1092 741 divinte
1114 714 1181 750 per
1202 705 1351 751 aliquid
1372 710 1600 743 extraneum
1623 708 1738 744 sacta.

124 752 353 790 Intellectus
373 753 478 790 enim
500 753 672 797 divinus,
695 752 951 798 apprehendit
972 761 1050 788 non
1073 753 1202 788 solum
1225 752 1403 788 divinum
1423 762 1524 797 esse,
1548 753 1653 800 quod
1680 757 1740 791 est

123 798 283 838 bonitas
307 800 407 846 ejus,
429 799 498 837 sed
528 797 745 836 etiammlia
764 801 882 842 bona,
905 803 1085 844 utsupra
1106 799 1203 844 (cap.
1228 799 1286 844 49)
1310 803 1515 836 ostensum
1537 805 1596 838 est
1618 812 1627 837 ε
1650 810 1736 847 quae

124 847 284 900 quidem
304 847 575 893 apprehendit,
597 850 640 883 ut
659 846 944 885 similitudines
961 845 1152 892 quasdam
1173 845 1315 882 divinae
1338 846 1528 883 bonitatis
1548 851 1585 884 et
1606 857 1740 885 essen·

123 896 202 939 tiae,
225 903 306 932 non
326 899 367 931 ut
389 893 474 940 ejus
494 893 688 940 principia
719 905 727 930 :
762 896 799 929 et
828 893 886 929 sic
905 892 1088 929 voluntas
1109 892 1243 929 divina
1272 893 1310 928 in
1348 893 1416 929 illa
1436 894 1573 938 tendit,
1595 899 1638 932 ut
1657 904 1739 932 suae

123 940 291 978 bonitati
312 941 602 984 convenientia,
624 949 703 977 non
730 943 773 977 ut
798 940 844 976 ad
881 948 994 976 suam
1026 939 1239 976 bonitatem
1264 941 1501 977 necessaria.
1524 941 1586 978 Sic
1606 946 1738 978 autem

124 991 163 1025 et
175 988 217 1024 in
232 991 368 1025 nostra
379 987 580 1025 voluntate
595 986 750 1031 accidit,
767 995 866 1033 quae,
886 996 975 1023 cum
994 986 1042 1023 ad
1058 986 1206 1033 aliquid
1227 986 1453 1031 inclinatur,
1470 988 1584 1035 quasi
1604 997 1740 1026 neces-

124 1035 273 1072 sarium
295 1034 527 1080 simplicite-r
553 1033 601 1071 ad
633 1033 765 1074 finem.
787 1033 954 1080 quadam
977 1035 1212 1070 necessitate
1232 1039 1410 1071 movetur
1430 1035 1471 1071 in
1502 1035 1618 1080 illud;
1650 1044 1739 1073 cum

123 1085 254 1118 autem
275 1081 400 1118 tendit
419 1081 461 1117 in
481 1080 631 1127 aliquid
652 1081 782 1117 solum
810 1084 968 1127 propter
988 1081 1327 1125 convenientiam,
1350 1090 1429 1118 non
1450 1083 1678 1120 necessario
1698 1083 1740 1118 in

122 1127 219 1166 illud
242 1128 381 1165 tendit.
404 1127 510 1164 Unde
532 1137 604 1165 nec
625 1127 757 1164 divina
776 1129 959 1164 voluntas
980 1127 1106 1164 tendit
1131 1128 1171 1163 in
1203 1137 1276 1165 sua
1306 1132 1469 1165 causata
1491 1129 1734 1167 necessario.

170 1176 247 1212 Nec
269 1175 385 1212 etiam
408 1178 563 1221 oportet
580 1179 737 1221 propter
756 1176 963 1221 praemissa
983 1175 1206 1212 innaturale
1226 1175 1374 1221 aliquid
1409 1176 1449 1212 in
1477 1177 1557 1212 Deo
1579 1185 1738 1222 ponere.

122 1222 312 1260 Voluntas
346 1231 517 1269 namque
549 1231 623 1259 sua
657 1231 734 1259 uno
764 1225 801 1258 et
832 1222 968 1259 eodem
998 1226 1087 1259 actu
1107 1222 1188 1259 vult
1209 1231 1251 1260 se
1272 1227 1309 1258 et
1331 1222 1429 1266 alia3
1456 1223 1525 1260 sed
1551 1223 1740 1260 habitudo

123 1269 210 1316 ejus
230 1269 277 1307 ad
300 1277 343 1306 se
364 1273 424 1306 cst
444 1269 671 1307 necessaria
698 1273 735 1306 et
767 1269 974 1306 naturalis.
1003 1269 1198 1306 Habitudo
1220 1273 1351 1306 autem
1381 1270 1466 1316 eJus
1493 1269 1542 1307 ad
1571 1271 1650 1307 alia
1681 1274 1741 1307 est

125 1316 345 1354 secundum
367 1317 683 1354 convenientiam
707 1317 932 1363 quamdam,
954 1325 1034 1353 non
1057 1316 1214 1363 quidem
1236 1317 1463 1354 necessaria
1483 1317 1739 1360 etnaturalis,

124 1371 252 1411 neque
272 1363 446 1400 violenta
469 1366 536 1401 aut
562 1363 814 1408 innaturalis,
837 1364 907 1400 sed
939 1364 1176 1401 voluntaria.
1200 1364 1311 1408 Quod
1332 1365 1436 1400 enim
1470 1365 1736 1402 voluntarium

124 1414 185 1449 est
199 1419 326 1458 neque
346 1411 566 1448 violentum
586 1419 714 1459 neque
734 1420 900 1448 neccsse
922 1414 984 1448 est
1001 1419 1106 1448 esse.
1129 1410 1158 1458 (Ι
1175 1415 1290 1457 part„
1313 1421 1350 1458 q.
1372 1419 1456 1456 xix,
1477 1418 1550 1448 art.
1572 1411 1624 1459 3.)

732 1557 900 1599 CAPUT
926 1558 1138 1600 LXXXIII.

243 1675 344 1712 QUOD
361 1675 460 1706 DEUS
482 1675 584 1706 V‘ULT
599 1675 757 1723 ALIQJTID
774 1677 890 1706 ALIUD
919 1677 947 1706 A
973 1677 1018 1706 SE
1041 1677 1299 1708 NECESSITATE
1325 1679 1608 1709 SUPPOSITIONIS

171 1786 224 1823 Ex
244 1785 307 1822 his
327 1788 458 1822 autem
478 1785 612 1822 haberi
648 1788 777 1831 potest
797 1785 916 1832 quod,
935 1786 1027 1823 licet
1046 1787 1150 1824 Deus
1169 1787 1274 1824 circa
1293 1791 1454 1825 causata
1474 1788 1574 1825 nihil
1603 1798 1741 1828 neces-

125 1833 232 1871 sario
250 1832 345 1869 velit
364 1831 559 1876 absolute,
579 1831 663 1869 vult
682 1836 813 1869 tamen
834 1833 984 1880 aliquid
1006 1834 1233 1871 necessario
1255 1844 1301 1870 ex
1319 1835 1547 1872 conditione
1568 1836 1628 1872 vel
1648 1845 1738 1882 sup·

122 1879 337 1926 positione.
360 1880 572 1916 ostensum
588 1879 691 1916 enim
714 1883 774 1916 est
795 1879 893 1925 (cap.
917 1881 976 1926 82)
997 1879 1170 1917 divinam
1188 1882 1430 1919 voluntatem
1451 1882 1738 1920 immutabilem

123 1935 226 1964 esse.
250 1928 293 1963 In
313 1926 486 1973 quolibet
507 1929 637 1963 autem
656 1926 907 1971 immutabili,
929 1927 963 1964 si
984 1928 1107 1964 semel
1129 1931 1188 1965 est
1206 1928 1370 1975 aliquid,
1392 1938 1472 1966 non
1492 1933 1622 1975 potest
1636 1934 1740 1976 post-

122 1974 284 2011 modum
306 1982 386 2010 non
407 1973 554 2011 inesse.
576 1974 656 2010 Hoc
676 1974 780 2009 enim
798 1974 946 2010 moveri
967 1974 1150 2019 dicimus,
1174 1976 1277 2021 quod
1297 1976 1410 2012 aliter
1430 1985 1472 2014 se
1492 1977 1609 2014 habet
1630 1986 1736 2014 nunc

124 2023 161 2058 et
180 2020 305 2066 prius.
325 2020 363 2058 Si
385 2020 506 2067 igitur
525 2020 657 2057 divina
677 2020 863 2057 voluntas
895 2024 955 2058 est
987 2021 1262 2068 immutabilis,
1283 2023 1416 2069 posito
1448 2024 1555 2071 quod
1591 2023 1740 2071 aliquid

121 2066 229 2110 velit,
251 2075 416 2104 necesse
435 2071 494 2104 est
511 2077 559 2103 ex
573 2068 849 2113 suppositione
871 2077 962 2104 eum
978 2068 1056 2105 hoc
1075 2069 1195 2106 velle.

168 2115 269 2157 Item,
292 2123 409 2151 omne
429 2117 618 2151 aeternum
639 2118 698 2152 est
715 2115 1000 2152 necessarium.
1023 2117 1143 2152 Deum
1164 2119 1293 2153 autem
1315 2117 1414 2154 velle
1434 2117 1584 2164 aliquid
1598 2127 1738 2155 causa·-

123 2164 207 2198 tum
242 2169 331 2198 esse
357 2164 417 2198 est
445 2165 657 2206 aeternum3
688 2161 791 2199 sicut
823 2162 928 2198 enim
959 2171 1048 2199 esse
1078 2172 1209 2207 suum,
1241 2164 1295 2200 ita
1326 2167 1364 2200 et
1395 2164 1494 2200 velle
1526 2166 1742 2202 aeternitate

123 2211 388 2245 mensuratur.
408 2209 474 2245 Est
492 2217 587 2255 ergo
607 2208 892 2253 necessarium,
915 2210 984 2246 sed
1005 2217 1085 2246 non
1107 2210 1287 2247 absolute
1308 2211 1622 2252 consideratum,
1645 2212 1738 2259 quia

122 2254 308 2292 voluntas
328 2254 396 2292 Dei
419 2263 500 2292 non
527 2255 645 2293 habet
674 2256 942 2293 necessariam
975 2256 1245 2295 habitudinem
1280 2258 1328 2295 ad
1361 2259 1436 2295 hoc
1466 2259 1644 2296 volitum.
1674 2261 1741 2296 Est

124 2310 219 2346 ergo
234 2302 504 2339 necessarium
525 2311 572 2339 ex
592 2303 882 2349 suppositione.

150 2348 569 2401 ,Praeteremquicquid
589 2350 695 2387 Deus
715 2351 855 2396 potuit,
876 2353 1018 2396 potest.
1040 2350 1171 2388 Virtus
1191 2351 1296 2388 enim
1313 2351 1398 2398 ejus
1419 2361 1500 2388 non
1533 2352 1738 2396 minuitur,

124 2398 229 2447 sicut
248 2403 320 2432 nec
338 2404 424 2441 ejus
444 2396 642 2441 essentia3
665 2397 730 2434 sed
758 2406 837 2433 non
855 2401 986 2443 potest
1004 2407 1109 2434 nunc
1131 2406 1212 2434 non
1238 2399 1337 2434 velle
1370 2399 1475 2444 quod
1508 2399 1743 2444 proponitur

123 2441 315 2482 voluisse,
337 2442 430 2488 quia
450 2451 529 2479 non
549 2447 679 2489 potest
698 2444 841 2480 mutari
864 2453 937 2481 sua
953 2445 1151 2481 voluntas.
1170 2446 1269 2491 Ergo
1285 2453 1486 2490 nunquam
1509 2446 1636 2490 potuit
1658 2454 1740 2483 non

123 2488 224 2526 velle
245 2488 432 2535 quicquid
452 2489 590 2526 voluit.
612 2491 679 2527 Est
698 2499 792 2535 ergo
811 2491 1080 2528 necessarium
1102 2500 1149 2526 ex
1169 2492 1444 2537 suppositione
1460 2501 1548 2528 eum
1564 2493 1740 2529 voluisse

124 2535 314 2583 quicquid
337 2535 473 2580 voluit,
495 2536 597 2573 sicut
624 2540 662 2574 et
689 2538 790 2574 velle
821 2549 830 2574 ε
865 2541 1047 2574 neutrum
1081 2541 1210 2574 autem
1245 2539 1515 2575 necessarium
1544 2539 1738 2585 absolute,

125 2582 196 2620 sed
219 2583 337 2620 modo
358 2583 559 2629 praedicto.

171 2630 352 2675 Amplius,
373 2630 614 2676 quicumque
633 2629 716 2667 vult
746 2630 910 2677 aliquid,
941 2631 1169 2667 necessario
1197 2630 1280 2668 vult
1311 2641 1358 2669 ea
1389 2641 1476 2679 quae
1511 2633 1740 2670 necessario

124 2677 380 2724 requiruntur
397 2677 445 2714 ad
467 2677 578 2720 illud,
598 2676 676 2713 nisi
698 2677 750 2713 sit
769 2687 815 2713 ex
831 2681 938 2722 parte
959 2677 1044 2723 ejus
1066 2677 1255 2723 desectus,
1278 2679 1337 2715 vel
1359 2684 1518 2725 propter
1552 2681 1738 2727 ignoran-

123 2723 232 2764 tiam,
256 2723 317 2760 vel
338 2724 431 2770 quia
450 2733 472 2760 a
492 2727 598 2760 recta
615 2724 806 2760 electione
827 2724 912 2768 ejus
932 2724 1035 2771 quod
1058 2729 1118 2762 est
1138 2725 1185 2761 ad
1206 2724 1338 2770 finem,
1360 2727 1556 2764 interdum
1578 2727 1739 2767 abduci-

123 2773 189 2807 tur
219 2780 288 2817 per
311 2770 483 2818 aliquam
516 2771 743 2816 passionem
767 2782 774 2806 :
798 2780 884 2817 quae
917 2770 963 2807 de
996 2773 1073 2808 Deo
1106 2772 1181 2809 dici
1215 2781 1296 2809 non
1327 2778 1508 2818 possunt.
1532 2774 1570 2810 Si
1603 2774 1737 2820 igitur,

125 2817 294 2854 volendo
315 2826 371 2862 se,
394 2819 476 2854 vult
494 2817 642 2864 aliquid
661 2817 767 2854 aliud
789 2827 811 2853 a
831 2826 886 2860 se,
907 2818 1177 2855 necessarium
1198 2823 1259 2857 est
1281 2829 1369 2857 eum
1392 2821 1489 2857 velle
1509 2830 1625 2857 omne
1641 2820 1738 2857 illud

127 2864 232 2909 quod
252 2864 301 2901 ad
317 2864 482 2902 volitum
501 2864 548 2901 ab
578 2873 624 2901 eo
645 2874 692 2900 ex
721 2864 957 2901 necessitate
990 2866 1213 2912 requiritur,
1245 2866 1349 2904 sicut
1380 2868 1650 2904 necessarium
1680 2869 1741 2903 est

127 2910 250 2948 Deum
267 2911 368 2949 velle
387 2912 559 2949 animam
580 2911 811 2949 rationalem
831 2920 934 2957 esse,
951 2913 1158 2958 supposito
1177 2914 1281 2961 quod
1301 2914 1394 2951 velit
1413 2914 1614 2952 hominem
1636 2922 1737 2950 esse.
