1894 3223
155 152 202 185 70
757 148 843 182 ΠΒ.
874 149 902 191 1,
930 148 1029 183 CAP.
1060 148 1173 184 vat.

791 327 958 367 CAPUT
998 327 1134 368 LXVI.

509 445 609 478 QUOD
645 445 743 474 DEUS
777 445 985 474 COGNOSCIT
1015 446 1068 475 EA
1088 447 1173 480 QUAE
1203 446 1281 475 NON
1307 445 1416 474 SUNT.

205 553 385 592 Secundo
417 552 626 590 ostendum
644 555 717 597 est,
739 552 844 599 quod
867 554 947 590 Deo
968 562 1046 590 non
1074 554 1185 592 deest
1210 554 1351 591 notitia
1380 563 1514 591 eorum
1544 553 1661 591 etiam
1684 563 1770 600 quae

156 610 237 639 non
270 604 376 637 sunt.
400 602 445 636 Ut
476 599 580 636 enim
599 609 645 636 ex
666 599 904 644 supradictis
926 599 1023 646 (cap.
1060 602 1117 642 61)
1139 604 1256 646 patet,
1277 601 1413 637 eadem
1442 606 1502 638 est
1529 601 1771 646 comparatio

157 647 332 685 scientiae
365 647 506 683 divinae
527 646 573 683 ael
596 655 659 683 res
695 646 829 691 scitas,
856 656 942 692 quce
965 646 1162 684 scibilium
1185 648 1232 684 ad
1254 649 1461 684 scientiam
1491 652 1680 685 nostram.
1706 649 1772 684 Est

156 698 288 731 autem
309 693 536 740 hujusmodi
559 693 800 739 comparatio
823 693 975 730 scibilis
990 693 1036 730 ad
1059 699 1232 731 nostram
1256 695 1478 738 scientiam,
1502 695 1607 740 quod
1631 694 1770 731 scibile

155 744 287 788 polest
317 750 420 785 esse,
443 741 592 786 absque
623 750 683 784 ee,
718 741 823 787 quod
854 740 939 784 ejus
974 741 1140 777 scientia
1173 741 1329 778 anobis
1363 741 1565 784 habeatur,
1591 745 1632 777 ut
1661 741 1772 786 ponit

156 788 380 833 exemplum
423 787 689 833 Philosophus
709 787 749 823 in
766 788 1058 823 Praedtcctmentz's
1081 788 1179 833 (cap.
1201 788 1262 823 Ad
1282 788 1436 834 aliquid)
1455 788 1501 823 (le
1523 787 1659 824 circuli
1682 796 1773 834 qua-

157 835 329 874 dratura,
351 843 428 871 non
444 837 574 870 autem
593 844 613 870 e
635 834 957 871 converso.Talis
979 843 1071 880 ergo
1082 836 1153 871 erit
1174 834 1416 880 comparatio
1435 834 1577 871 divinae
1593 834 1771 871 scientiae

156 882 202 919 ad
227 891 290 918 res
311 882 424 925 alias,
446 881 551 926 quod
571 881 687 917 etiam
707 890 787 917 non
809 882 1062 918 existentium
1087 891 1175 918 esse
1195 885 1338 927 potest.

202 931 302 969 Item,
325 927 500 974 cognitio
523 927 643 964 divini
671 928 894 964 intellectus
915 933 1165 973 comparatur
1182 929 1230 965 ad
1247 938 1309 965 res
1331 927 1444 973 alias,
1465 928 1569 965 sicut
1590 927 1766 973 cognitio

157 975 320 1013 artificis
342 975 389 1012 ad
418 974 637 1019 artificiata,
661 984 749 1010 cum
783 985 850 1020 per
870 984 983 1011 suam
1008 976 1214 1012 scientiam
1236 975 1286 1012 sit
1316 984 1437 1012 causa
1457 984 1602 1011 rerum.
1624 975 1773 1011 Artifex

156 1026 288 1060 autem
310 1031 391 1059 suae
413 1022 508 1058 artis
529 1022 756 1067 cognitione
778 1022 893 1058 etiam
915 1031 961 1058 ea
981 1032 1066 1067 quae
1088 1023 1263 1059 nondum
1283 1025 1376 1059 sunt
1396 1021 1604 1058 artificiata
1623 1030 1771 1067 cogno-

157 1070 245 1107 scit.
267 1071 415 1106 Formae
447 1069 553 1105 enim
574 1069 668 1104 artis
687 1078 734 1104 ex
755 1068 839 1114 ejus
861 1069 1028 1106 scientia
1058 1068 1225 1106 effluunt
1245 1070 1286 1105 in
1307 1068 1541 1105 exteriorem
1564 1068 1771 1105 materiam

156 1116 206 1154 ad
227 1115 523 1152 artificiatorum
557 1115 904 1159 constitutionem3
927 1115 1030 1152 unde
1064 1116 1161 1152 nihil
1194 1115 1376 1161 prohibet
1401 1116 1442 1151 in
1477 1116 1645 1152 scientia
1679 1115 1771 1151 arti-

155 1162 245 1200 ficis
264 1172 351 1200 esse
385 1162 532 1198 formas
548 1172 634 1209 quae
670 1163 846 1199 nondum
868 1163 1039 1199 exterius
1059 1162 1302 1208 prodierunt.
1325 1162 1388 1198 Sic
1419 1162 1540 1208 igitur
1561 1162 1660 1198 nihil
1682 1170 1771 1207 pro-

156 1210 266 1248 hibet
289 1211 409 1246 Deum
430 1218 566 1246 eorum
588 1218 674 1255 quae
693 1218 772 1245 non
792 1213 885 1245 sunt
906 1209 1085 1246 notitiam
1107 1210 1264 1247 habere.

202 1258 392 1296 Praeterea,
416 1258 518 1292 Deus
540 1256 746 1302 cognoscit
764 1257 840 1292 alia
861 1266 882 1292 a
900 1265 943 1292 se
965 1266 1032 1300 per
1052 1266 1164 1292 suam
1185 1256 1414 1300 essentiam,
1436 1255 1477 1292 in
1499 1258 1689 1302 quantum
1712 1258 1774 1292 est

157 1303 379 1340 similitudo
408 1311 543 1339 eorum
576 1312 662 1348 quae
684 1303 730 1339 ab
755 1312 801 1339 eo
834 1303 1065 1348 procedunt,
1091 1307 1133 1339 ut
1152 1313 1199 1339 ex
1220 1303 1335 1340 dictis
1353 1303 1452 1348 (cap.
1475 1303 1533 1348 54)
1560 1306 1677 1348 patet.
1697 1302 1773 1339 Sed

157 1359 247 1387 cum
281 1350 456 1386 essentia
484 1349 551 1386 nei
589 1350 641 1386 sit
669 1349 833 1386 infinitae
868 1350 1134 1395 perfeetionis,
1158 1354 1199 1386 ut
1219 1359 1338 1395 snpra
1358 1349 1457 1396 (cap.
1477 1350 1535 1394 45)
1562 1353 1771 1386 ostensum

156 1401 229 1441 est,
250 1396 434 1442 quaelibet
455 1400 585 1432 autem
609 1396 686 1432 alia
707 1405 770 1432 res
793 1396 932 1432 haheat
952 1405 1054 1439 esse,
1069 1400 1106 1433 et
1120 1396 1402 1442 perfectionem
1422 1397 1686 1439 terminatam,
1704 1396 1772 1432 im-

155 1444 350 1490 possibile
370 1443 554 1490 estquod
580 1443 817 1480 universitas
853 1453 983 1479 rerum
1019 1444 1183 1480 aliarum
1215 1444 1394 1490 adaequet
1423 1443 1607 1480 essentiae
1628 1443 1772 1480 divinae

154 1490 453 1536 perfectionem.
476 1490 654 1526 Extendit
674 1490 795 1536 igitur
815 1499 857 1526 se
880 1490 938 1527 vis
958 1499 1039 1527 suae
1059 1489 1422 1535 repraesentationis
1443 1489 1491 1526 ad
1512 1489 1637 1525 multo
1659 1489 1774 1535 plura

155 1547 273 1584 quam
296 1537 344 1573 ad
365 1547 409 1573 ea
430 1547 515 1584 quae
537 1540 641 1573 sunt.
665 1537 703 1572 Si
734 1537 855 1583 igitur
876 1538 979 1574 Deus
1011 1538 1180 1573 totaliter
1201 1537 1384 1573 virtutem
1416 1540 1454 1573 el:
1487 1536 1771 1582 perfectionem

155 1593 239 1621 suae
259 1585 442 1621 essentiae
465 1583 686 1630 cognoscit,
709 1583 881 1620 extendit
901 1593 944 1620 se
964 1583 1048 1630 ejus
1075 1584 1251 1631 cognitio
1272 1593 1354 1621 non
1373 1583 1504 1621 solum
1527 1583 1575 1620 ad
1608 1592 1653 1620 ea
1685 1592 1771 1630 quae

157 1634 264 1675 sunt,
285 1631 355 1667 sed
376 1631 492 1667 etiam
520 1631 568 1667 ad
590 1640 635 1667 ea
654 1640 740 1676 quae
761 1640 841 1667 non
863 1633 970 1667 sunt.

202 1679 383 1724 Amplius,
402 1677 626 1714 intellectus
646 1682 781 1714 noster
802 1678 1021 1714 secundum
1042 1677 1151 1714 illam
1172 1677 1442 1723 operationem
1463 1687 1540 1724 qua
1561 1677 1772 1723 cognoscit.

155 1725 252 1770 quod
282 1725 371 1770 quid
399 1727 460 1765 cst,
484 1725 665 1761 notitiam
696 1724 839 1760 hahere
870 1727 1000 1770 potest
1028 1725 1143 1761 etiam
1178 1734 1315 1761 eorum
1337 1734 1424 1771 quae
1445 1734 1525 1761 non
1550 1729 1644 1761 sunt
1664 1728 1769 1761 actu.

155 1774 290 1808 Potest
311 1772 417 1807 enim
450 1771 578 1808 leonis
609 1771 670 1807 vel
701 1771 790 1817 equi
813 1772 1026 1808 essentiam
1054 1771 1402 1817 comprehendere,
1422 1771 1609 1807 omnibus
1631 1771 1770 1817 hujus-

155 1818 264 1855 modi
296 1818 535 1855 animalibus
568 1818 827 1864 interemptis.
865 1818 1089 1855 lntellcctus
1119 1822 1249 1854 autem
1289 1818 1446 1854 divinus
1485 1818 1692 1864 cognoscit
1722 1818 1771 1854 ad

155 1865 317 1902 modum
339 1865 620 1911 cognoscentis
648 1865 743 1909 quod
772 1865 860 1910 quid
889 1868 951 1906 est,
977 1874 1056 1902 non
1088 1865 1218 1902 solum
1249 1864 1515 1908 definitiones,
1549 1864 1618 1901 sed
1652 1865 1771 1902 etiam

155 1912 430 1955 enuntiabilia,
453 1915 494 1948 ut
512 1921 558 1947 ex
578 1912 816 1957 supradictis
835 1911 933 1958 (cap.
956 1911 1015 1959 59)
1038 1915 1156 1957 patet.
1179 1914 1313 1949 Potest
1341 1911 1462 1958 igitur
1493 1911 1611 1948 etiam
1631 1920 1769 1948 eorum

155 1968 243 2006 quaa
264 1968 342 1996 non
365 1962 471 2003 sunt,
490 1959 670 1995 notitiam
694 1958 850 1995 habere.

201 2006 345 2050 Adhuc,
367 2005 532 2042 effectus
553 2005 697 2052 aliquis
718 2006 756 2041 in
781 2015 854 2042 sua
873 2015 995 2043 causa
1024 2005 1219 2052 praenosci
1244 2008 1387 2052 potest,
1409 2005 1527 2042 eti-am
1558 2009 1771 2052 antequam

154 2052 220 2097 sit,
243 2053 346 2089 sicut
377 2052 590 2098 praenoscit
608 2052 835 2098 astrologus
856 2053 1034 2098 eclipsim
1054 2053 1238 2094 suturam,
1255 2062 1303 2089 ex
1319 2052 1640 2089 consideratione
1662 2052 1768 2090 ordi-

154 2099 218 2136 nis
240 2100 461 2136 coelestium
481 2103 660 2136 motuum
680 2112 688 2136 z
710 2099 779 2136 sed
799 2100 975 2146 cognitio
999 2100 1065 2136 Dei
1086 2104 1146 2137 est
1166 2100 1213 2137 de
1240 2099 1360 2137 rebus
1382 2100 1569 2136 omnibus
1592 2108 1660 2146 per
1676 2109 1768 2137 cau-

156 2155 265 2190 sam3
294 2156 335 2182 se
357 2146 461 2183 euim
493 2147 787 2192 cognoscendo,
810 2148 876 2193 qui
908 2151 968 2183 est
1001 2147 1180 2184 omnium
1207 2156 1342 2191 causa,
1364 2146 1443 2183 alia
1470 2146 1584 2193 quasi
1605 2145 1768 2183 effectus

154 2201 254 2230 suos
289 2193 509 2239 cognoscit,
543 2196 586 2229 ut
616 2202 736 2239 supra
765 2193 864 2240 (cap.
887 2193 946 2240 49)
978 2197 1185 2232 ostensum
1206 2197 1278 2231 est.
1299 2193 1405 2230 Nihil
1437 2193 1558 2240 igitur
1587 2193 1770 2239 prohibet

154 2239 253 2286 quin
274 2240 392 2276 etiam
413 2249 499 2286 quae
524 2240 700 2276 nondum
721 2244 815 2277 sunt
833 2244 1062 2287 cognoscat.

206 2287 389 2331 Amplius,
412 2286 633 2333 intelligere
655 2287 722 2323 Dei
743 2287 1039 2324 successionem
1063 2296 1143 2324 non
1173 2287 1304 2331 habet,
1327 2286 1432 2325 sicut
1458 2296 1530 2324 nec
1557 2286 1643 2333 ejus
1664 2296 1768 2325 esse.

155 2335 224 2370 Est
244 2334 365 2380 igitur
386 2337 510 2370 totum
531 2333 664 2378 simul,
687 2342 843 2379 semper
862 2343 1043 2377 manens,
1065 2334 1171 2380 quod
1200 2334 1247 2371 de
1267 2334 1421 2370 ratione
1441 2334 1672 2371 aeternitatis
1694 2337 1767 2372 est.

152 2380 356 2426 Temporis
388 2383 519 2417 autem
551 2380 707 2417 duratio
737 2381 994 2418 successione
1025 2382 1170 2427 prioris
1205 2384 1243 2417 et
1273 2380 1507 2427 posterioris
1528 2381 1765 2418 extenditur.

155 2428 362 2473 Propertio
384 2427 506 2474 igitur
522 2427 753 2464 aeternitatis
776 2427 825 2464 ad
843 2431 966 2464 totam
987 2428 1176 2473 temporis
1197 2427 1447 2465 durationem
1476 2432 1536 2465 est
1560 2428 1664 2465 sicut
1681 2437 1769 2474 pro-

151 2475 281 2519 portio
303 2474 558 2512 indivisibilis
578 2474 629 2511 ad
655 2474 889 2511 continuum
912 2486 920 2510 :
944 2484 1024 2511 non
1049 2475 1208 2521 quidem
1241 2475 1326 2522 ejus
1356 2475 1628 2519 indivisibilis,
1659 2474 1767 2521 quod

150 2521 348 2557 terminus
367 2521 545 2558 continui
561 2525 635 2566 est,
651 2521 757 2568 quod
772 2530 849 2558 non
867 2521 978 2559 adest
997 2522 1159 2559 cuilibet
1172 2523 1272 2569 parti
1290 2522 1469 2559 continui
1500 2521 1632 2568 (hujus
1660 2521 1765 2558 enim

152 2566 374 2618 similitudo
390 2568 507 2605 habet
524 2569 679 2606 instans
696 2568 921 2615 temporis);
937 2569 1006 2606 sed
1027 2567 1114 2616 ejus
1132 2569 1403 2614 indivisibilis,
1419 2568 1523 2615 quod
1543 2571 1652 2604 extra
1670 2576 1765 2605 con-

150 2615 279 2665 tinum
299 2618 372 2666 est,
394 2615 555 2651 cuilibet
575 2619 707 2652 tamen
726 2616 826 2662 parti
847 2615 1041 2661 continui,
1062 2616 1145 2653 sive
1165 2619 1311 2662 puncto
1331 2616 1371 2652 in
1395 2615 1585 2652 continuo
1606 2614 1764 2661 signato

151 2664 348 2697 coexistit.
373 2662 485 2705 Nam,
507 2671 595 2698 cum
616 2666 773 2708 tempus
792 2667 943 2700 motum
965 2671 1046 2701 non
1066 2663 1241 2708 excedat,
1258 2662 1470 2706 aeternitas,
1491 2670 1579 2708 quae
1598 2661 1762 2699 omnino

151 2710 261 2743 extra
279 2710 428 2744 motum
451 2711 524 2752 est,
547 2708 646 2745 nihil
665 2710 856 2755 temporis
875 2714 948 2748 est.
970 2711 1154 2754 Rursum,
1176 2718 1266 2748 cum
1280 2708 1416 2747 aeterni
1435 2717 1524 2746 esse
1544 2717 1762 2755 numquam

151 2752 320 2806 deficiat,
340 2753 501 2805 cuilibet
519 2756 686 2800 tempori
714 2757 776 2793 vel
803 2756 967 2794 instanti
987 2757 1177 2803 temporis
1195 2755 1497 2802 praesentialiter
1517 2754 1627 2792 adest
1650 2759 1761 2792 aeter-

151 2803 269 2852 p1tas.
293 2802 410 2846 Cujus
441 2802 662 2847 exemplum
695 2806 907 2849 utcumque
937 2803 979 2840 in
1011 2804 1162 2841 circulo
1188 2807 1248 2840 est
1272 2802 1417 2839 videre.
1440 2803 1631 2839 Punctum
1654 2803 1760 2840 enim

150 2855 194 2884 m
228 2847 546 2884 circumferentia
584 2849 797 2894 signatum,
832 2850 906 2887 etsi
943 2850 1185 2888 indivisibile
1221 2849 1286 2894 sit,
1314 2858 1395 2886 non
1431 2853 1563 2886 tamen
1598 2849 1762 2887 cuilibet

149 2897 297 2940 puncto
317 2895 384 2932 alii
407 2895 625 2932 secundum
646 2895 766 2933 situm
784 2896 966 2934 coexistit
993 2897 1126 2934 simul.
1150 2895 1253 2934 Ordo
1273 2896 1379 2933 enim
1399 2895 1500 2933 situs
1521 2896 1759 2934 continuita-
