1894 3223
675 149 762 183 LlB.
793 150 820 191 1,
849 149 948 184 CAP.
977 148 1110 183 van.
1656 150 1699 185 71

81 235 158 271 tem
182 229 510 270 circumferentiae
532 229 637 266 facit.
663 229 844 265 Centrum
868 238 960 265 vero
982 228 1086 276 quod
1118 232 1177 266 est
1198 231 1308 265 extra
1326 227 1685 266 circumferentiam

78 279 127 318 ad
153 277 357 326 quodlibet
385 280 574 322 punctum
598 276 639 312 in
665 276 982 312 circumferentia
1013 276 1212 321 signatum
1233 275 1378 312 directe
1409 276 1702 320 oppositionem

81 325 213 364 habet.
233 324 428 371 Quicquid
448 323 570 370 igitur
588 323 630 359 in
650 332 899 368 quacumque
920 327 1027 368 parte
1048 322 1237 368 temporis
1253 325 1324 366 est,
1341 322 1524 358 coexistit
1540 327 1701 367 aeterno,

79 372 196 420 quasi
232 380 408 418 praesens
440 370 582 412 eidem,
604 370 678 406 etsi
714 373 894 415 respectu
914 370 1078 406 alterius
1099 370 1220 414 partis
1239 368 1430 415 temporis
1451 369 1503 406 sit
1530 371 1701 415 praeteri«

80 423 165 457 tum
181 420 244 456 vel
267 419 457 456 futurum.
478 419 636 454 AEterno
657 421 787 453 autem
809 425 889 452 non
911 420 1039 462 potest
1060 416 1209 463 aliquid
1231 415 1531 462 praesentialiter
1552 418 1703 454 coexis-

82 471 176 510 tere,
199 465 275 503 nisi
307 465 393 509 toti,
418 464 512 511 quia
540 463 812 501 successionis
834 464 1081 500 durationem
1105 473 1184 500 non
1212 463 1342 500 habet.
1365 463 1560 511 Quicquid
1584 464 1705 510 igitur

81 523 152 560 per
171 516 298 550 totum
317 512 529 549 decursum
551 511 742 556 temporis
761 511 903 557 agitur,
922 510 1080 547 divitius
1101 510 1325 547 intellectus
1347 510 1387 546 in
1409 514 1490 547 tota
1505 520 1578 547 sua
1596 516 1704 548 aeter-

82 561 206 597 nitate
228 560 405 596 intuetur
438 558 551 605 quasi
584 567 775 604 praesens‚
808 567 879 594 nec
904 562 1033 594 tamen
1056 557 1162 604 quod
1191 558 1357 604 quadam
1383 561 1490 602 parte
1514 561 1704 604 temporis

79 607 226 655 agitur,
247 615 404 652 semper
423 605 497 642 suit
516 605 705 642 existens.
724 605 975 651 Relinquitur
995 604 1250 651 igitur‚quod
1283 613 1420 641 eorum
1450 614 1535 651 quie
1568 614 1706 643 secun-

84 654 178 692 dum
201 653 412 690 decursum
434 652 624 697 temporis
646 652 823 689 nonduin
845 656 951 694 sunt,
977 654 1080 688 Deus
1102 651 1282 688 notitiam
1306 651 1434 687 habet.

130 702 203 738 Per
223 700 296 737 has
316 700 438 747 igitur
455 700 630 737 rationes
652 703 824 746 apparet,
843 699 948 745 quod
971 701 1073 735 Deus
1096 707 1175 735 non
1191 698 1339 734 entium
1363 699 1542 735 notitiam
1564 699 1700 737 habet:

83 756 164 786 non
183 751 315 785 tamen
336 747 472 784 omnia
492 756 573 783 non
593 747 700 783 entia
720 747 898 783 eamdem
921 746 1066 783 babent
1099 745 1369 782 habitudinem
1388 745 1439 781 <til
1466 745 1550 791 ejus
1572 747 1704 784 scien-

81 795 190 832 tiam.
220 796 273 831 Ea
303 794 409 831 enim
441 803 528 841 quae
557 803 636 830 non
671 797 777 837 sunt,
804 802 876 830 nec
906 796 1034 836 eruut,
1057 801 1128 828 nee
1158 792 1331 836 fuerunt,
1361 804 1382 828 a
1412 794 1489 828 Dee
1524 793 1705 831 sciuntur

83 841 199 894 quasi
220 841 307 888 eJus
326 841 460 878 virtuti
490 840 714 887 possibilia.
737 840 844 877 Unde
866 849 946 876 non
967 838 1175 885 cognoscit
1194 848 1241 875 ea
1260 843 1302 875 ut
1323 839 1532 877 existentia
1553 840 1704 888 aliqua-

82 888 172 926 liter
186 888 227 926 in
243 888 402 934 seipsis,
424 888 494 925 sed
515 892 555 925 ut
576 887 787 925 existentia
806 887 937 924 solum
959 886 997 922 in
1020 885 1195 931 potentia
1215 885 1373 924 divina:
1396 896 1482 932 quae
1502 887 1662 933 quidem
1679 897 1703 925 a

81 935 321 989 quibusdam
343 934 528 972 dicuntur
547 944 570 972 a
589 936 669 971 Deo
688 933 893 980 cognosci,
917 933 1136 970 secundum
1167 933 1347 970 notitiam
1370 933 1564 978 simplicis
1586 934 1702 971 intel-

82 983 270 1030 ligentiae.
295 984 346 1018 Ea
364 991 457 1018 vero
479 991 565 1027 quae
586 984 679 1018 sunt
699 980 923 1026 praesentia,
944 980 1153 1026 praeterita,
1175 980 1236 1017 vel
1258 980 1391 1017 sutura
1412 981 1541 1025 nobis,
1559 990 1705 1028 cogno·

82 1030 159 1067 scit
178 1031 283 1066 Deus
301 1028 521 1073 secundum
542 1028 647 1075 quod
679 1032 774 1064 sunt
802 1028 844 1064 in
871 1037 945 1064 sua
976 1027 1165 1073 potentia,
1190 1027 1284 1063 etin
1307 1027 1476 1073 propriis
1498 1029 1645 1073 causis,
1668 1031 1706 1065 et

80 1076 124 1114 ‘in
152 1075 311 1122 seipsis.
340 1077 385 1112 Et
411 1075 553 1112 horum
584 1075 761 1121 cognitio
794 1074 938 1112 dicitur
966 1074 1108 1111 notitia
1138 1074 1320 1111 visionis.
1343 1076 1430 1111 Non
1463 1075 1567 1111 enim
1599 1077 1705 1113 Deus

80 1131 213 1161 rerum
232 1131 319 1170 quae
339 1122 444 1168 apud
462 1131 537 1159 nos
555 1122 732 1159 nondum
754 1125 861 1167 sunt,
876 1121 981 1158 videt
999 1122 1130 1158 solum
1150 1130 1240 1159 esse
1261 1121 1365 1168 quod
1388 1121 1534 1158 habent
1553 1122 1594 1158 in
1617 1123 1703 1160 suis

80 1169 230 1214 causis,
246 1169 316 1207 sed
336 1169 455 1207 etiam
475 1169 573 1207 illud
595 1169 699 1215 quod
724 1169 871 1206 habent
887 1167 928 1205 i'n
950 1169 1109 1215 seipsis,
1126 1168 1166 1205 in
1188 1172 1378 1216 quantuni
1399 1169 1485 1214 ejus
1505 1170 1704 1207 aeternitas

80 1220 142 1254 est
169 1225 345 1263 praesens
370 1216 411 1253 in
443 1225 518 1254 sua
543 1216 862 1254 ‘indivisibilitate
891 1217 997 1253 omni
1026 1216 1208 1261 tempori.
1232 1218 1276 1252 Et
1301 1220 1432 1252 tamen
1459 1225 1549 1253 esse
1569 1216 1703 1263 eujus-

79 1273 252 1311 cumque
283 1264 339 1301 rei
374 1265 480 1300 Deus
511 1264 719 1310 cognoscit
745 1273 813 1310 per
839 1264 1056 1301 essentiam
1085 1273 1213 1300 suam.
1234 1265 1331 1300 Nam
1353 1272 1425 1299 sua
1446 1264 1622 1300 essentia
1643 1267 1704 1301 est

79 1310 414 1357 repraesentabitis
443 1320 513 1356 per
543 1311 668 1348 multa
702 1321 789 1357 quae
823 1320 904 1347 non
937 1314 1048 1350 sunt,
1076 1320 1147 1346 nee
1168 1314 1302 1354 erunt,
1325 1319 1397 1346 nec
1419 1310 1589 1347 fuerunt.
1615 1312 1705 1356 Ipsa

81 1358 200 1396 etiam
221 1362 281 1395 est
300 1358 521 1395 similitudo
543 1358 700 1395 virtutis
721 1358 931 1404 quuslibet
959 1367 1104 1401 causae,
1127 1357 1347 1395 secundum
1369 1367 1486 1404 quam
1515 1358 1700 1403 praeexis-

79 1407 171 1443 tunt
190 1404 354 1442 effectus
374 1405 416 1442 in
436 1405 584 1442 causis.
618 1407 714 1442 Esse
740 1405 858 1442 etiam
884 1405 1097 1451 cujuslibet
1124 1405 1194 1448 rei,
1217 1405 1322 1451 quod
1343 1404 1460 1441 habet
1487 1404 1527 1441 in
1554 1405 1702 1450 seipsa,

81 1455 144 1490 est
162 1452 210 1490 ab
230 1462 278 1489 ea
297 1452 572 1498 exemplariter
598 1452 823 1489 deductum.
845 1452 906 1490 Sic
933 1452 1054 1498 igitur
1075 1461 1153 1488 non
1182 1452 1288 1488 entia
1308 1452 1517 1498 cognoscit
1537 1453 1641 1489 Deus
1661 1453 1702 1488 in

82 1502 274 1546 quantum
295 1500 429 1546 aliquo
444 1499 562 1536 modo
581 1499 726 1536 habent
747 1508 849 1543 esse,
865 1499 926 1536 vel
947 1499 987 1535 in
1010 1499 1186 1544 potentia
1202 1499 1284 1539 Dei,
1302 1499 1362 1535 vel
1382 1498 1424 1535 in
1441 1498 1576 1536 causis
1598 1499 1699 1543 suis,

80 1545 142 1583 vel
164 1545 205 1582 in
225 1546 385 1591 seipsis,
407 1546 513 1593 quod
533 1546 678 1583 rationi
699 1546 877 1583 scientiae
899 1555 981 1583 non
1008 1546 1181 1583 obsistit.

131 1592 200 1630 His
219 1597 350 1630 autem
369 1602 456 1639 quae
476 1593 683 1639 praemissa
703 1597 797 1630 sunt
817 1593 935 1630 etiam
962 1602 1084 1631 sacrae
1115 1593 1322 1638 Scripturae
1345 1592 1560 1630 auctoritas
1586 1594 1698 1632 testi-

85 1639 267 1677 monium
291 1639 482 1686 perhibet.
505 1640 654 1677 Dicitur
666 1640 932 1685 enim,Eccli.‚
953 1648 1066 1680 xxm,
1086 1642 1131 1677 29
1154 1652 1161 1676 :
1183 1642 1334 1676 Domino
1353 1642 1421 1676 Deo
1440 1643 1574 1684 nostro,
1597 1644 1699 1678 ante-

82 1696 193 1732 quam
211 1690 430 1728 crearentur,
454 1690 541 1722 nota
558 1689 645 1723 sunt
662 1689 795 1728 omnia,
817 1689 911 1723 sicut
930 1690 963 1722 et
978 1690 1061 1732 post
1077 1688 1275 1732 perfectum
1295 1688 1474 1732 cognoscit
1493 1689 1613 1724 omnia
1628 1701 1641 1732 ,·
1663 1692 1702 1725 et

81 1735 240 1777 Jerem.‚
259 1743 288 1778 1,
309 1736 330 1770 5
353 1745 361 1770 :
383 1735 600 1779 Priusquam
620 1737 653 1770 te
668 1735 864 1778 formarem
883 1736 922 1769 in
940 1737 1053 1778 utere,
1075 1735 1159 1769 novi
1177 1737 1222 1770 te.

129 1781 240 1817 Patet
266 1784 398 1817 autem
432 1790 480 1818 ex
510 1781 744 1826 praemissis,
771 1781 877 1828 quod
912 1790 994 1818 non
1025 1781 1204 1828 cogimur
1229 1781 1373 1825 dIcere‚
1396 1781 1499 1818 sicut
1532 1782 1694 1828 quidam

81 1825 277 1871 dixerunt,
301 1828 423 1864 Deum
445 1828 720 1865 universaliter
739 1828 957 1875 singularia
978 1837 1234 1875 cognoscere,
1255 1827 1347 1874 quia
1362 1830 1570 1874 cognoscit
1588 1838 1635 1866 ea
1656 1830 1697 1866 in

79 1873 217 1912 causis
239 1874 532 1912 universalibus
556 1879 722 1919 tantum,
745 1876 850 1912 sicut
878 1875 945 1922 qui
976 1879 1236 1921 cognosceret
1267 1874 1446 1921 eclipsim
1479 1875 1595 1920 lianc,
1618 1884 1700 1913 non

79 1923 200 1967 prout
217 1919 315 1965 haec,
333 1921 402 1958 sed
420 1925 538 1967 prout
557 1923 736 1968 provenit
753 1932 801 1958 ex
821 1922 1086 1968 oppositione,
1105 1931 1196 1959 cum
1215 1925 1422 1959 ostensum
1443 1922 1496 1959 sit
1526 1922 1625 1969 (cap.
1639 1923 1698 1968 55)

73 1970 182 2067 &uod
208 1970 344 2009 divina
371 1971 624 2066 cognitiSfe
654 1974 831 2010 extendit
861 1974 912 2009 ad
941 1974 1162 2019 singularia
1191 1975 1313 2019 prout
1343 1976 1441 2011 sunt
1464 1973 1508 2011 in
1537 1976 1698 2022 seipsis.

126 2022 242 2066 part„
262 2028 302 2066 q.
322 2026 408 2064 xlv,
429 2027 472 2055 ai·
493 2046 501 2055 .
546 2046 555 2055 .

715 2118 883 2161 CAPUT
910 2118 1066 2161 LXVII.

284 2232 386 2266 QUOD
409 2232 508 2262 131¹]th
529 2232 738 2262 COGNOSCIT
763 2233 1001 2264 SINGULARIA
1023 2233 1310 2265 CONTINGENTIA
1331 2235 1499 2266 FUTURA.

124 2324 180 2361 Ex
209 2323 275 2361 his
306 2327 438 2376 autem
466 2323 547 2370 jam
581 2325 806 2371 aliqualiter
836 2328 970 2371 patere
999 2328 1132 2371 potest
1159 2326 1266 2372 quod
1300 2326 1618 2373 contingentium
1651 2326 1700 2365 ab

79 2372 227 2408 aeterno
248 2372 352 2408 Deus
371 2371 621 2408 infallibilem
643 2372 848 2409 scientiam
873 2372 1023 2416 habuit,
1043 2381 1117 2410 nec
1140 2376 1274 2410 tamen
1311 2374 1585 2419 contingentia
1607 2382 1698 2411 esse

79 2417 292 2455 desistunt.
325 2418 463 2454 Contin
495 2427 567 2455 ens
597 2419 704 2456 enim
736 2419 962 2456 certitudini
995 2419 1240 2465 cognitionis
1272 2428 1353 2457 non
1384 2423 1592 2465 repugnat,
1619 2420 1700 2459 nisi

80 2463 302 2502 secundum
331 2464 438 2510 quod
486 2468 644 2502 uturum
674 2469 746 2510 est,
781 2475 862 2503 non
895 2470 1026 2502 autem
1053 2466 1272 2503 secundum
1293 2466 1399 2513 quod
1420 2475 1596 2512 praesens
1623 2470 1698 2505 est.

79 2510 326 2557 Contingens
345 2511 465 2553 enim,
487 2520 576 2547 cum
598 2512 774 2549 futurum
794 2516 867 2556 est,
889 2516 1018 2558 potest
1039 2521 1120 2549 non
1139 2521 1242 2557 esse,
1264 2517 1300 2549 et
1319 2513 1378 2550 sie
1395 2514 1573 2559 cognitio
1594 2515 1697 2552 aesti·

79 2557 228 2596 mantis
245 2557 375 2604 ipsum
401 2558 576 2594 futurum
595 2568 697 2602 esse,
715 2559 797 2596 falli
812 2562 954 2606 potest.
972 2559 1186 2596 Falleretur
1203 2559 1324 2606 enim,
1343 2560 1378 2597 si
1399 2569 1480 2597 non
1496 2561 1569 2598 erit
1592 2561 1698 2609 quod

79 2604 258 2643 futurum
287 2613 376 2642 esse
406 2604 628 2650 aestimavit,
659 2607 712 2642 Ex
741 2615 820 2652 quo
852 2610 983 2643 autem
1011 2615 1188 2651 praesens
1216 2610 1290 2652 est,
1311 2616 1383 2653 pro
1413 2607 1483 2645 illo
1503 2612 1694 2655 tempore,

79 2660 163 2689 non
180 2655 411 2698 potest'non
431 2661 521 2689 esse
543 2663 552 2688 ε
573 2656 703 2698 potest
735 2656 867 2690 autem
899 2653 941 2689 in
973 2653 1148 2690 futurum
1178 2662 1260 2691 non
1289 2663 1392 2692 esse.
1415 2654 1489 2693 Sed
1510 2655 1586 2693 hoe
1616 2665 1699 2694 non

76 2697 160 2746 jam
181 2699 350 2745 pertinet
369 2698 417 2736 ad
441 2699 679 2746 contingens
709 2703 826 2745 prout
855 2708 1034 2746 praesens
1066 2704 1141 2747 est,
1175 2701 1247 2739 sed
1273 2705 1392 2749 proiit
1422 2702 1598 2739 futurum
1623 2707 1698 2749 est,

80 2745 187 2784 unde
208 2745 309 2782 nibil
328 2746 555 2784 certitudini
576 2755 721 2784 sensus
743 2746 906 2792 deperit,
921 2756 1011 2786 cum
1032 2747 1124 2794 quis
1141 2747 1285 2786 viderit
1303 2758 1462 2787 currere
1479 2749 1698 2796 hominem,

81 2792 263 2845 quamvis
295 2793 372 2830 hoc
406 2793 554 2831 dietum
588 2793 640 2830 sit
668 2793 921 2841 contingens.
946 2795 1085 2832 Omnis
1117 2794 1240 2842 igitur
1258 2796 1450 2844 cognitio,
1472 2806 1559 2844 quae
1579 2806 1701 2844 supra

81 2843 321 2892 contingens
351 2840 487 2886 fertur,
523 2844 639 2887 prout
667 2850 844 2887 praesens
875 2845 949 2886 est,
983 2845 1090 2879 certa
1120 2851 1211 2880 esse
1241 2846 1386 2889 potest.
1415 2843 1544 2881 Divini
1568 2848 1700 2882 autem

82 2885 310 2925 intellectus
330 2887 500 2926 intuitus
520 2888 569 2927 ab
589 2892 736 2927 aeterno
759 2887 883 2927 fertur
901 2888 944 2927 in
969 2890 1284 2938 unumquodque
1313 2898 1452 2929 eorum
1483 2899 1572 2938 quae
1602 2893 1700 2930 tem·
