1894 3223
687 108 774 144 Lm.
802 108 850 151 ΙΙ,
877 106 978 143 CAP.
1004 106 1155 142 valll.
1651 105 1714 141 191

101 191 228 229 lectus
262 199 344 228 non
375 192 437 227 est
469 192 581 227 actus
610 188 782 234 alicujus
811 188 935 234 partis
967 187 1160 234 corporis.
1194 185 1436 239 Imaginatio·
1449 188 1581 223 autem
1601 184 1722 238 habet

99 246 295 291 organum
322 236 531 289 corporale·
565 235 883 273 determinatum.
908 237 994 272 Non
1032 238 1094 272 est
1129 234 1251 282 igitur
1286 234 1391 272 idem
1426 235 1662 282 imaginatio
1681 235 1723 269 et

99 284 258 368 1ωὲῗέξέ
263 288 327 368 eus?
344 282 639 377 gggtsilkdlilcist'ur:
659 327 729 373 Qui
748 328 845 364 docet
865 338 927 364 nos
946 338 1056 373 super
1067 328 1235 373 Jumenta
1253 330 1370 373 teme,
1387 331 1422 365 et
1437 334 1543 376 super
1558 329 1718 367 volucres

98 378 177 415 coelz·
207 378 326 413 erudit
347 387 425 413 nos.
445 375 532 421 Job,
549 383 676 419 xxxv,
697 378 736 412 ll
759 386 768 419 ;
786 384 855 420 per
874 375 979 421 quod
1001 375 1115 427 datur
1134 374 1307 427 intelligi
1323 375 1430 422 quod
1458 374 1634 413 hominis
1655 380 1718 414 est

100 424 401 509 {lliitiisugniitlilrfflisb
404 422 692 508 1fsognoscitiva
723 430 845 468 supra
861 430 1026 459 sensum
1047 425 1084 458 et
1104 425 1430 468 imaginationem
1453 432 1540 470 quae
1560 424 1718 462 suntin

730 581 897 623 CAPUT
927 580 1100 622 LXVIII.

200 695 393 732 QUALITER
411 694 650 725 SUBSTANTIA
670 694 993 724 INTELLECTUALIS
1012 693 1146 722 POSSIT
1162 693 1258 722 ESSE
1277 693 1462 723 CORPORIS
1479 695 1625 725 FORMA-

151 799 205 836 Ex
236 797 457 844 praemissis
479 797 600 844 igitur
620 795 843 834 rationibus
863 795 1101 833 concludere
1134 804 1352 841 possumus
1372 797 1478 844 quod
1499 797 1722 836 intellectu·

107 845 184 883 alis
202 844 429 883 substantia
447 848 576 890 potest
598 844 753 889 corpori
773 842 877 894 uniri
899 846 941 879 ut
960 843 1100 894 formae

151 892 190 930 Si
223 892 329 928 enim
358 891 583 928 substantia
612 889 892 926 intellectualis
920 897 1001 925 non
1032 891 1168 925 unitur
1187 890 1342 936 corpori
1365 890 1495 927 solum
1517 895 1559 928 ut
1579 895 1724 937 motor,

102 942 147 976 ut
176 937 286 976 Plato
314 938 474 984 posuit;
504 946 631 983 neque
660 937 915 973 continuatur
941 936 975 971 ei
1003 935 1134 987 solum
1157 945 1225 981 per
1254 937 1544 983 phantasmata,
1568 943 1609 974 ut
1627 939 1726 976 dixit

103 985 338 1028 Averrhoes,
372 983 442 1021 sed
473 987 516 1020 ut
535 984 691 1027 sorma;
724 992 852 1028 neque
872 986 1003 1018 tamen
1024 982 1264 1027 intellectus,
1285 992 1363 1030 quo
1380 984 1500 1021 homo
1523 986 1723 1032 intelligit,

105 1035 166 1070 est
196 1030 430 1077 praeparatio
450 1030 489 1066 in
522 1030 698 1067 humana
718 1033 870 1072 natura,
899 1034 941 1065 ut
960 1028 1057 1066 dixit
1074 1028 1317 1074 Alexander;
1338 1039 1464 1077 neque
1486 1032 1723 1077 complexio,

103 1082 149 1117 ut
181 1077 378 1121 Galenus3
400 1086 528 1123 neque
561 1076 783 1119 harmonia,
813 1079 855 1112 ut
876 1075 1157 1122 Empedocles;
1179 1085 1307 1122 neque
1328 1086 1472 1123 corpus
1496 1079 1557 1114 vel
1576 1087 1722 1116 sensus

103 1124 165 1162 vel
199 1123 448 1171 imaginatio,
471 1127 512 1159 ut
531 1123 683 1169 antiqui
706 1123 888 1159 dixerunt
905 1134 913 1166 ;
933 1123 1169 1169 relinquitur
1188 1123 1292 1169 quod
1314 1124 1448 1160 anima
1477 1123 1652 1162 humana
1671 1125 1726 1162 sit

103 1170 390 1256 {intellectualis
424 1170 648 1207 substantia
670 1169 826 1215 corpori
857 1170 968 1206 unita
988 1174 1030 1206 ut
1050 1170 1175 1206 forma
1193 1181 1202 1214 ;
1225 1170 1330 1216 quod
1345 1171 1504 1217 quidem
1519 1171 1579 1208 sic
1594 1174 1727 1218 potest

134 1217 189 1256 eri
210 1217 317 1255 mani
337 1221 465 1254 estum
483 1229 492 1261 ;

153 1263 209 1301 Ad
240 1264 316 1302 hoc
347 1264 452 1300 enim
481 1264 587 1311 quod
607 1263 756 1310 aliquid
777 1263 828 1300 sit
857 1262 984 1300 forma
1004 1263 1279 1301 substantialis
1298 1264 1475 1311 alterius,
1497 1265 1576 1303 duo
1595 1265 1723 1313 requi-

106 1315 262 1348 runtur.
298 1312 473 1355 Quorum
510 1319 634 1353 unum
668 1314 728 1347 est
756 1314 799 1346 ut
819 1310 945 1346 forma
965 1310 1271 1357 sitprincipium
1300 1313 1459 1348 essendi
1489 1312 1728 1350 substantia-

106 1358 197 1395 liter
219 1358 255 1395 ei
277 1357 392 1404 cujus
423 1362 485 1395 est
516 1357 665 1399 forma:
684 1356 923 1403 principium
945 1361 1075 1394 autem
1097 1358 1186 1394 dico
1207 1367 1287 1394 non
1316 1358 1538 1396 effectivum
1558 1360 1626 1397 sed
1647 1360 1724 1397 for-

107 1404 210 1442 male
259 1413 339 1451 quo
370 1404 520 1452 aliquid
551 1407 612 1441 est
631 1407 670 1441 et
688 1403 968 1440 denominatur
987 1413 1072 1441 ens.
1096 1405 1204 1441 Unde
1225 1406 1411 1451 'sequitur
1430 1405 1552 1450 aliud,
1574 1407 1728 1443 scilicet

99 1449 215 1498 'quod
247 1451 374 1488 forma
399 1454 436 1487 et
469 1451 634 1488 materia
663 1451 901 1502 conveniant
919 1450 960 1486 in
980 1459 1062 1488 uno
1092 1460 1207 1495 esse3
1228 1452 1333 1498 quod
1354 1456 1438 1489 non'
1462 1453 1658 1499 contingit
1677 1453 1726 1490 de

107 1497 304 1544 principio
338 1496 518 1534 effectivo
538 1505 628 1534 cum
651 1505 699 1534 eo
719 1506 784 1534 6111
816 1497 883 1533 dat
902 1505 991 1533 esse
1012 1509 1022 1541 ;
1043 1501 1081 1534 et
1101 1498 1176 1535 hoe
1197 1507 1285 1535 esse
1305 1502 1366 1536 est
1384 1499 1425 1535 in
1446 1508 1524 1546 quo
1543 1499 1727 1536 subsistit

110 1543 335 1582 substantia
364 1543 600 1590 composita,
623 1552 711 1590 quae
740 1546 801 1580 est
831 1552 909 1580 una
941 1544 1158 1582 secundum
1181 1553 1270 1582 esse
1291 1555 1338 1582 ex
1356 1546 1521 1583 materia
1540 1550 1578 1582 et
1597 1546 1726 1583 forma

109 1595 315 1628 constans.
348 1591 434 1627 Non
455 1594 586 1628 autem
619 1589 832 1636 impeditur
862 1589 1086 1627 substantia
1117 1591 1412 1635 intellectualis,
1433 1602 1504 1638 per
1523 1592 1598 1630 hoc
1616 1593 1724 1639 quod

109 1640 170 1675 est
202 1637 441 1681 subsistens,
463 1641 506 1674 ut
521 1635 728 1683 probatum
759 1640 820 1673 est
840 1635 887 1682 (6.
901 1637 982 1688 ι56),
1005 1646 1094 1674 esse
1119 1638 1284 1674 formale
1302 1639 1540 1685 principium
1564 1639 1722 1677 essendi

110 1685 298 1723 materiae,
320 1684 434 1730 quasi
456 1692 545 1720 esse
569 1692 684 1720 suurn
707 1691 1009 1720 commumcans
1041 1685 1213 1721 materiae
1230 1696 1241 1725 ;
1261 1693 1341 1722 non
1373 1690 1434 1723 est
1456 1686 1561 1722 enim
1586 1686 1724 1723 incon-

108 1731 273 1768 veniens
294 1730 400 1776 quod
421 1730 524 1767 idem
550 1730 602 1766 sit
619 1739 708 1767 esse
731 1730 870 1781 inquo
891 1730 1074 1766 subsistit
1100 1732 1379 1777 compositum,
1414 1735 1452 1769 et
1473 1733 1599 1769 forma
1619 1733 1720 1779 ipsa,

109 1786 231 1824 quum
253 1777 519 1822 compositum
540 1785 621 1813 non
645 1777 794 1814 sitnisi
815 1785 884 1822 per
905 1776 1085 1819 sormam,
1108 1786 1182 1815 nec
1201 1786 1383 1816 seorsum
1401 1782 1611 1826 utrumque
1631 1779 1725 1817 sub-

109 1825 239 1862 sistat.

157 1872 292 1908 Potest
319 1873 449 1907 autem
481 1869 598 1916 objici
632 1870 737 1917 quod
758 1869 983 1907 substantia
1000 1870 1283 1909 intellectualis
1304 1881 1393 1910 esse
1415 1882 1532 1910 suum
1553 1873 1726 1910 materiae

109 1916 307 1963 corporali
326 1917 622 1954 communicare
643 1926 723 1954 non
746 1917 886 1963 possit,
910 1920 952 1953 ut
969 1917 1022 1954 sit
1041 1926 1162 1954 unum
1182 1927 1272 1956 esse
1290 1919 1522 1956 substantiae
1548 1920 1726 1956 intellec·

108 1964 230 2001 tualis
251 1968 288 2000 et
302 1964 475 2000 materiae
495 1964 741 2009 corporalis;
764 1964 1009 2000 diversorum
1031 1965 1137 2000 enim
1159 1974 1348 2011 generum
1366 1970 1427 2003 est
1445 1966 1626 2003 diversus
1647 1975 1728 2004 mo-

110 2011 187 2048 dus
208 2010 382 2055 essendi,
403 2013 441 2047 et
461 2010 671 2047 nobilioris
691 2010 924 2047 substantiae
945 2010 1121 2048 nobilius
1142 2020 1246 2049 esse.

159 2058 240 2094 Hoc
271 2060 401 2094 autem
433 2057 714 2094 convenienter
738 2057 947 2101 diceretur,
969 2057 1003 2094 si
1025 2057 1162 2094 eodem
1184 2058 1303 2096 modo
1323 2059 1421 2097 illud
1442 2069 1532 2098 esse
1553 2060 1727 2098 materiae

109 2107 217 2142 esset
249 2104 352 2141 sicut
381 2112 470 2141 esse
491 2103 724 2141 substantiae
756 2104 1048 2141 intellectualis.
1082 2106 1168 2141 Non
1199 2109 1259 2143 est
1279 2110 1409 2143 autem
1429 2107 1508 2151 ita;
1540 2111 1600 2144 est
1620 2107 1744 2148 enimi

110 2150 287 2188 materiae
319 2150 538 2196 corporalis
570 2154 614 2187 ut
647 2150 875 2196 recipientis
901 2154 939 2187 et
971 2150 1137 2196 subjecti
1170 2152 1216 2189 ad
1251 2153 1399 2199 aliquid
1430 2154 1549 2190 altius
1571 2154 1743 2198 elevatis

110 2196 346 2234 substantiae
367 2200 498 2234 autem
519 2197 800 2234 intellectualis
821 2201 864 2233 ut
883 2197 1066 2243 principii
1086 2201 1124 2234 et
1143 2199 1363 2236 secundum
1384 2200 1553 2246 propriae
1576 2204 1727 2237 naturae

111 2243 428 2289 congruentiam.
448 2243 554 2280 Nihil
575 2243 696 2290 igitur
724 2243 906 2290 prohibet
927 2244 1189 2282 substantiam
1210 2245 1518 2284 intellectualem
1538 2256 1628 2284 6386
1648 2247 1728 2283 for-

112 2296 217 2327 mam
240 2290 418 2335 corporis
440 2290 619 2334 humani,
641 2299 728 2335 quae
749 2294 810 2327 est
832 2290 966 2327 anima
986 2291 1174 2328 hnmana.

160 2336 240 2372 Hoc
262 2339 392 2372 autem
413 2336 532 2372 modo
552 2337 747 2373 mirabilis
765 2346 895 2374 rerum
917 2337 1113 2373 connexio
1134 2338 1378 2376 considerari
1400 2343 1543 2384 potest.
1568 2341 1729 2385 Semper

112 2381 220 2419 enim
240 2381 440 2418 invenitur
458 2381 638 2419 infimum
657 2384 831 2428 supremi
852 2384 1011 2429 generis
1031 2384 1259 2431 contingere
1281 2394 1509 2431 supremum
1523 2386 1727 2423 inferioris

111 2427 298 2475 generis;
338 2427 442 2464 sieut
471 2429 651 2474 quaedam
682 2429 819 2466 infima
853 2431 894 2466 in
923 2438 1067 2475 genere
1097 2430 1327 2467 animalium
1360 2440 1497 2477 parum
1531 2432 1726 2468 excedunt

110 2475 232 2511 vitam
245 2474 482 2520 plantarum,
495 2474 598 2511 sicut
614 2478 747 2512 ostrea
764 2485 851 2522 quae
868 2480 961 2513 sunt
977 2476 1198 2513 immobilia
1214 2480 1252 2513 et
1269 2477 1399 2514 solum
1417 2481 1563 2515 tactum
1581 2479 1726 2515 habent

114 2524 153 2558 et
172 2524 286 2558 terrae
307 2521 349 2558 in
363 2520 524 2557 modum
544 2520 767 2566 plantarum
788 2521 1027 2568 affiguntur;
1051 2522 1153 2558 unde
1171 2525 1210 2559 et
1238 2523 1378 2560 beatus
1398 2525 1612 2571 Dionysius
1633 2526 1729 2562 dicit

113 2567 178 2615 (De
204 2568 340 2603 divinis
373 2568 524 2607 nomin„
558 2576 592 2604 c.
624 2567 662 2613 7)
684 2567 789 2614 quod
825 2568 952 2603 divina
970 2569 1154 2612 sapientia
1184 2569 1373 2614 conjzmqit
1396 2573 1484 2616 fines
1502 2573 1728 2617 superiorum

110 2615 306 2660 principiis
325 2615 554 2657 inferiorum.
577 2614 644 2650 Est
664 2613 785 2659 igitur
803 2614 980 2659 accipere
1001 2614 1151 2660 aliquid
1171 2614 1210 2651 in
1242 2625 1385 2662 genere
1406 2627 1631 2664 corporum,
1653 2619 1729 2656 sci-

113 2660 206 2698 licet
227 2669 371 2706 corpus
392 2660 847 2712 humanum,haequaliter
868 2660 1242 2712 complexionatum,
1265 2663 1370 2709 quod
1390 2664 1548 2711 attingit
1568 2665 1616 2701 ad
1629 2664 1727 2702 ,infi-

113 2715 223 2744 mum
255 2706 474 2752 superioris
502 2715 673 2752 generis,
708 2706 861 2742 scilicet
892 2707 938 2742 ad
973 2715 1144 2743 animam
1167 2708 1377 2747 humanam
1399 2720 1487 2757 quae
1508 2715 1615 2748 tenet
1635 2712 1727 2748 ulti-

113 2761 221 2790 mum
243 2753 409 2799 gradum
430 2753 472 2789 in
490 2762 634 2799 genere
655 2752 980 2789 intellectualium
1003 2753 1328 2801 substantiarum,
1347 2760 1390 2793 ut
1408 2767 1455 2794 ex
1470 2758 1589 2795 modo
1611 2759 1727 2795 intel-

114 2798 265 2845 ligendi
297 2799 444 2846 percipi
474 2802 617 2845 potest.
649 2801 693 2835 Et
711 2799 803 2835 inde
820 2803 880 2835 est
898 2799 1003 2846 quod
1023 2800 1452 2841 animaintellectualis
1473 2804 1617 2841 dicitur
1636 2813 1727 2841 esse

116 2845 230 2892 quasi
259 2846 419 2892 quidam
451 2846 615 2883 horizon
646 2849 685 2883 et
712 2845 930 2882 confinium
961 2854 1242 2892 corporeorum
1262 2852 1301 2885 et
1319 2850 1661 2897 incorporeorum,
1683 2851 1727 2887 in
