1894 3223
0 0 343 72 ΜΨ
386 0 401 5 ’ἢ

0 79 10 90 -
144 123 146 128 ’
612 108 701 145 LlB.
724 108 786 147 lv,
812 108 913 144 CAP-
940 107 1100 144 Lxxxu.
1595 107 1668 142 623

53 189 148 238 quia
177 188 323 236 aliquis
340 192 562 236 praeventus
583 193 643 227 est
673 193 798 227 morte
818 192 1027 236 antequam
1048 192 1189 226 natura
1216 197 1348 234 ipsum
1380 187 1429 225 ad
1448 186 1662 234 perfectam

81 235 310 274 uamitatem
345 235 566 277 deduceret,
586 236 646 273 vel
682 236 776 283 quia
809 237 908 272 forte
947 236 1092 281 aliquis
1128 236 1334 272 mutilatus
1365 237 1426 271 est
1455 234 1661 279 membro,

54 291 77 320 a
95 282 214 320 iunde
242 281 318 319 hoc
343 283 474 319 divina
506 282 704 329 supplebit
735 283 923 329 potentia.
960 284 1038 318 Nec
1070 286 1200 319 tamen
1221 282 1297 319 hoc
1317 280 1502 327 impediet
1531 289 1663 318 resur-

52 329 186 414 ffintis
217 329 393 375 corporis
423 330 608 366 unitatem
627 342 635 374 ;
657 329 750 376 quia
779 330 896 366 etiam
922 337 1047 375 opere
1068 333 1217 366 naturae
1237 338 1357 374 super
1382 328 1419 364 id
1441 327 1547 374 quod
1567 337 1665 373 puer

107 376 185 420 bet,
205 375 351 422 aliquid
386 376 541 413 additur
573 376 743 418 aliunde,
765 380 808 412 ut
838 376 885 412 ad
917 376 1126 421 perfectam
1148 376 1348 421 perveniat
1378 375 1695 421 quantitatem30

55 422 239 507 necgallis
256 422 402 460 additio
427 423 513 459 facit
529 423 647 460 alium
669 431 849 466 numero,
868 422 970 459 idem
990 423 1095 458 enim
1113 431 1278 458 numero
1293 422 1491 459 esthemo
1514 425 1553 460 et
1570 431 1666 468 puer

55 473 95 507 et
112 479 135 506 a
165 479 187 506 u
206 472 285 507 tus.

103 518 158 553 Ex
185 525 262 563 quo
291 517 405 552 etiam
439 521 544 562 patet
581 517 686 564 quod
718 526 790 553 nec
823 516 1125 553 resurrectionis
1158 515 1275 552 tidem
1307 516 1495 560 impedire
1522 518 1664 561 potest,

55 564 211 601 etiamsi
244 563 365 610 aliqui
393 564 579 601 carnibus
611 563 794 600 humanis
811 566 1034 606 vescantur,
1056 567 1099 599 ut
1126 563 1264 609 quinto
1290 562 1560 606 objiciebatur.
1583 564 1667 599 Non

55 610 162 648 enim
189 614 250 647 est
282 611 564 654 necessarium,
585 613 629 647 ut
656 615 861 648 ostensum
896 613 969 653 est,
990 609 1097 656 quod
1120 609 1304 656 quiequid
1334 609 1407 646 ruit
1438 610 1476 645 in
1508 609 1666 646 homine

56 657 311 694 materialiter
338 661 518 705 resurgat
549 658 588 707 ip
621 666 668 694 eo
690 667 700 692 :
723 657 932 701 etiterum,
955 656 989 693 si
1022 656 1171 702 aliquid
1193 656 1316 699 deest,
1336 657 1510 701 suppleri
1538 659 1668 702 potest

55 713 126 750 per
145 705 359 750 potentiam
383 705 461 740 Dei.
484 705 582 742 Caro
603 704 722 751 igitur
742 708 916 741 comesta
951 707 1130 749 resurget
1149 704 1189 740 in
1209 712 1256 740 eo
1278 703 1319 739 in
1338 712 1416 749 quo
1451 703 1573 748 primo
1596 703 1667 739 suit

57 751 191 788 anima
227 751 431 788 rationalis
472 752 644 797 perfecta
667 763 676 795 ;
717 752 756 787 in
794 750 969 787 secundo
1007 759 1099 786 vero
1116 778 1125 794 ‚
1167 750 1200 786 si
1238 759 1319 786 non
1349 750 1448 786 solis
1480 749 1667 787 carnibus

56 798 242 835 humanis
279 802 338 835 est
359 801 509 843 pastus,
543 798 612 835 sed
637 801 674 834 et
693 798 782 835 aliis
802 797 915 840 cibis,
937 806 1143 843 resurgere
1163 798 1304 843 poterit
1341 800 1492 832 tantum
1521 797 1567 833 de
1588 796 1668 834 alio

59 845 163 892 quod
194 845 226 881 ci
265 845 517 882 materialiter
549 844 703 881 advenit
735 845 840 891 quod
864 844 935 880 erit
964 844 1232 881 necessarium
1254 844 1302 881 ad
1323 843 1492 880 debitam
1515 843 1668 890 quanti-

57 894 176 928 tatem
197 892 376 937 corporis
394 892 705 929 restaurandam.
728 891 765 928 Si
786 900 877 928 vero
899 891 996 928 solis
1027 891 1212 928 humanis
1235 891 1420 928 carnibus
1442 891 1491 927 sit
1515 895 1666 935 pastus,

57 942 239 984 resurget
263 939 302 975 in
325 947 370 976 eo
401 939 505 985 quod
528 948 551 975 a
571 938 852 986 generantibus
878 938 1015 981 traxit3
1043 942 1081 974 et
1098 938 1202 984 quod
1224 938 1402 981 defuerit,
1424 938 1669 984 supplebitur

59 985 344 1031 omnipotentia
364 986 570 1023 creatoris.
593 985 705 1029 Quod
737 989 775 1022 et
805 986 839 1022 si
872 988 1055 1030 parentes
1075 994 1123 1021 ex
1142 985 1241 1022 solis
1276 985 1462 1021 humanis
1483 985 1668 1021 carnibus

57 1032 159 1078 pasti
193 1033 349 1076 fuerint,
372 1035 414 1068 ut
440 1033 498 1070 sic
531 1037 568 1069 et
600 1041 736 1069 eorum
757 1041 906 1075 semen,
929 1031 1034 1077 quod
1055 1036 1113 1068 est
1135 1031 1378 1077 superfluum
1412 1031 1602 1076 alimenti,
1621 1041 1669 1068 ex

59 1079 244 1116 carnibus
277 1079 415 1116 alienis
445 1082 673 1126 generatum
705 1079 768 1122 sit,
791 1082 970 1125 resurget
1001 1078 1158 1124 quidem
1189 1087 1326 1115 semen
1359 1079 1398 1114 in
1432 1087 1478 1115 eo
1504 1078 1571 1124 qui
1606 1082 1668 1115 est

59 1130 178 1163 natus
198 1134 247 1163 ex
276 1126 440 1170 semine,
461 1127 549 1163 loco
579 1126 693 1171 cujus
713 1125 748 1162 ci
770 1126 884 1171 cujus
918 1134 1058 1161 carnes
1086 1128 1270 1162 comestae
1303 1129 1395 1161 sunt
1423 1125 1671 1170 supplebitur

59 1172 234 1209 aliunde.
254 1174 334 1215 Hoc
348 1173 453 1209 enim
474 1173 514 1208 in
534 1172 821 1215 resurrectione
837 1172 1189 1218 servabitur-quod,
1209 1172 1241 1208 si
1258 1172 1406 1218 aliquid
1418 1171 1671 1208 materialiter

61 1218 134 1256 fuit
152 1219 190 1255 in
212 1219 391 1264 pluribus
423 1219 666 1264 hominibus,
687 1221 867 1265 resurget
886 1219 926 1254 in
948 1228 994 1254 eo
1015 1218 1061 1254 ad
1087 1219 1200 1264 cujus
1232 1218 1513 1264 perfectionem
1542 1218 1670 1265 magis

59 1266 280 1311 pertinebat
300 1276 308 1300 :
330 1265 448 1310 unde,
470 1266 503 1303 si
522 1266 595 1302 fuit
615 1266 655 1302 in
676 1275 756 1302 uno
777 1270 820 1302 ut
836 1264 1004 1302 radicale
1026 1274 1175 1308 semen,
1195 1275 1241 1302 ex
1261 1275 1339 1312 quo
1363 1269 1424 1302 est
1442 1269 1668 1312 generatus,

58 1313 102 1349 in
131 1313 210 1350 alio
242 1321 334 1349 vero
368 1313 470 1350 sicut
505 1313 789 1359 superveniens
810 1312 1107 1355 nutrimentum,
1129 1317 1307 1358 resurget
1327 1313 1367 1349 in
1389 1321 1435 1349 eo
1456 1313 1524 1359 qui
1551 1321 1669 1359 gene-

59 1362 169 1397 ratus
199 1370 246 1396 ex
275 1360 352 1397 hoc
383 1360 486 1397 sicut
516 1369 564 1397 ex
593 1360 760 1397 semine.
780 1359 818 1396 Si
839 1359 990 1396 veroin
1023 1368 1102 1395 uno
1124 1359 1195 1396 suit
1215 1365 1258 1396 ut
1283 1359 1485 1405 pertinens
1505 1359 1554 1396 ad
1587 1369 1669 1405 per-

60 1406 272 1444 fectionem
289 1406 497 1450 individui,
518 1407 558 1443 in
580 1407 659 1443 alio
678 1411 807 1443 autem
829 1409 871 1443 ut
891 1406 1117 1451 deputatum
1138 1406 1185 1443 ad
1209 1406 1490 1452 perfectionem
1511 1406 1668 1452 speciei,

60 1457 242 1501 resurget
271 1453 310 1490 in
346 1462 393 1490 eo
423 1453 470 1490 ad
503 1462 620 1500 quem
650 1453 868 1500 pertinebat
901 1453 1119 1490 secundum
1146 1453 1428 1499 perfectionem
1449 1453 1670 1490 individui:

59 1500 166 1538 unde
199 1509 335 1537 semen
368 1503 549 1547 resurget
576 1500 615 1537 in
652 1501 800 1547 genito,
840 1503 877 1537 et
905 1509 985 1536 non
1020 1500 1061 1536 in
1100 1504 1326 1546 generante,
1365 1503 1403 1537 et
1439 1504 1551 1537 costa
1579 1500 1670 1538 Adae

59 1551 242 1594 resurget
270 1547 311 1584 in
341 1549 430 1591 Eva,
452 1556 532 1584 non
563 1547 602 1583 in
633 1547 768 1591 Adam,
795 1547 836 1582 in
858 1556 935 1592 quo
957 1546 1031 1583 fuit
1054 1547 1158 1583 sicut
1176 1547 1217 1583 in
1235 1551 1384 1584 naturae
1403 1547 1609 1593 principio.
1630 1547 1670 1584 Si

60 1597 191 1631 autem
213 1594 431 1631 secundum
453 1594 635 1631 eumdem
655 1594 907 1640 perfectionis
928 1594 1088 1630 modum
1112 1593 1184 1630 fuit
1215 1593 1256 1631 in
1283 1598 1464 1641 utroque,
1491 1597 1670 1642 resurget

59 1640 104 1678 in
121 1649 168 1678 eo
188 1641 229 1677 in
250 1650 328 1688 quo
348 1641 530 1687 primitus
551 1641 636 1678 suit.

106 1688 162 1725 Ad
181 1688 219 1724 id
239 1697 332 1724 vero
353 1688 458 1734 quod
493 1692 604 1725 sexto
626 1688 820 1734 obJectum
842 1691 913 1732 est,
947 1698 995 1724 ex
1017 1688 1080 1724 his
1100 1697 1186 1734 quae
1208 1688 1311 1724 dicta
1331 1691 1437 1731 sunt,
1455 1688 1536 1734 jam
1565 1691 1671 1734 patet

61 1735 223 1773 solutio.
245 1735 492 1772 Resurrectio
513 1735 616 1772 enim
634 1739 784 1772 tantum
805 1735 853 1772 ad
874 1734 989 1771 finem
1010 1735 1202 1772 naturalis
1220 1739 1293 1783 cst,
1308 1735 1542 1781 inquantum
1562 1738 1672 1771 natu-

59 1781 142 1818 rale
161 1784 222 1819 est
235 1781 376 1819 animae
397 1791 486 1819 esse
506 1782 658 1828 corpori
678 1782 827 1824 unitam
844 1794 853 1826 ;
876 1782 944 1819 sed
963 1781 1198 1828 principium
1218 1782 1304 1828 ejus
1324 1783 1494 1819 activum
1509 1790 1590 1819 non
1611 1785 1671 1818 est

62 1829 256 1870 naturale,
278 1829 348 1866 sed
372 1829 458 1866 sola
477 1828 617 1866 virtute
638 1829 770 1865 divina
789 1833 987 1866 causatur.
1637 1873 1640 1876 ¹

108 1877 186 1912 Nec
223 1875 340 1912 etiam
381 1875 606 1923 negandum
656 1880 716 1912 est
751 1876 928 1912 omnium
977 1875 1307 1913 resurrectionem
1351 1885 1439 1913 esse
1483 1876 1669 1921 futuram,

60 1922 240 1968 quamvis
261 1931 339 1959 non
361 1931 500 1959 omnes
520 1932 589 1968 per
608 1921 724 1959 fidem
746 1922 898 1959 Christo
919 1923 1157 1967 adhaereant,
1178 1922 1353 1969 neceJuS
1374 1923 1572 1969 mysteriis
1591 1924 1671 1959 sint·

58 1968 215 2006 imbuti.
238 1969 360 2006 Filius
378 1969 483 2006 enim
504 1969 571 2006 Dei
585 1972 742 2015 propter
760 1968 836 2006 hoc
855 1972 1034 2006 naturam
1056 1969 1269 2007 humanam
1291 1970 1507 2015 assumpsit
1527 1974 1569 2006 ut
1583 1979 1670 2006 eam

58 2018 270 2061 repararet.
293 2016 334 2052 ld
354 2016 475 2063 igitur
506 2016 612 2063 quod
644 2020 703 2053 est
724 2016 900 2053 defectus
921 2020 1070 2053 naturae
1097 2017 1138 2052 in
1171 2016 1357 2053 omnibus
1395 2016 1668 2062 reparabitur:
1694 2049 1696 2052 ,

59 2062 164 2098 unde
185 2071 326 2100 omnes
344 2072 366 2099 a
397 2066 522 2100 morte
543 2062 727 2100 redibunt
745 2063 792 2100 ad
809 2064 944 2107 vitam,
967 2063 1037 2100 sed
1070 2063 1246 2100 defectus
1269 2064 1438 2109 perfecte
1459 2072 1539 2100 non
1560 2072 1670 2108 repa-

59 2108 210 2145 rabitur
247 2109 326 2146 nisi
353 2109 394 2144 in
422 2109 501 2146 illis
530 2110 596 2155 qui
630 2110 784 2146 Christo
817 2110 1081 2153 adhaeserunt,
1117 2110 1175 2145 vel
1208 2119 1276 2154 per
1306 2111 1506 2156 proprium
1538 2114 1669 2147 actum

61 2155 259 2192 credendo
273 2155 315 2192 in
331 2155 476 2201 ipsum,
499 2156 561 2192 vel
583 2156 722 2196 saltem
737 2165 806 2202 per
824 2155 914 2192 fidei
937 2161 1240 2193 sacramentum.

676 2300 842 2342 CAPUT
871 2301 1063 2342 LXXXII.

451 2421 552 2455 QUOD
577 2420 748 2449 HOMINES
775 2420 997 2449 RESURGENT
1023 2421 1283 2451 IMMORTALES.

110 2531 164 2567 Ex
202 2539 281 2577 quo
317 2530 432 2566 etiam
458 2532 564 2575 patet
593 2528 770 2581 quodin
799 2529 931 2566 futura
964 2530 1252 2567 resurreetione
1276 2531 1460 2569 homines
1492 2541 1571 2569 non
1613 2531 1672 2570 sic

63 2580 274 2624 resurgent
290 2580 332 2612 ut
351 2577 432 2613 sint
451 2576 591 2612 iterum
614 2575 807 2612 morituri.

111 2623 336 2660 Necessitas
365 2623 470 2658 enim
503 2622 695 2659 moriendi
716 2625 774 2659 cst
805 2622 980 2660 defectus
998 2623 1040 2660 in
1069 2626 1209 2660 natura
1242 2623 1415 2662 humana
1443 2635 1491 2661 ex
1511 2629 1671 2671 peccato

63 2670 316 2717 proveniens.
337 2669 514 2706 Christus
535 2671 664 2705 autem
684 2669 822 2705 merito
843 2678 924 2705 suae
951 2669 1150 2715 passionis
1183 2674 1332 2708 naturae
1352 2671 1528 2709 desectus
1560 2681 1670 2718 repa-

6 2761 12 2764 *
34 2739 38 2744 -
64 2716 176 2762 ravit,
197 2717 264 2764 qui
288 2716 329 2752 in
363 2716 493 2761 ipsum
522 2725 570 2752 ex
596 2719 757 2761 peccato
787 2720 1053 2761 provenerunt
1078 2728 1085 2752 :
1121 2720 1165 2753 ut
1191 2717 1295 2754 enim
1322 2717 1414 2754 dicit
1444 2719 1670 2763 Apostolus,

32 2770 36 2779 ²
64 2765 192 2811 Rom„
213 2772 255 2807 V,
284 2765 326 2799 15
349 2774 369 2798 ε-
385 2763 464 2799 Non
481 2764 574 2798 sicut
593 2763 773 2805 delictum,
794 2764 848 2797 z'tct
867 2765 899 2797 et
924 2762 1077 2805 donum3
1098 2765 1132 2798 si
1163 2765 1257 2799 enim
1287 2766 1396 2800 unius
1424 2764 1549 2801 delicto
1568 2767 1674 2801 mztltz'

3 2812 14 2859 ἀ
65 2811 199 2846 mortui
216 2813 312 2850 sunt,
333 2810 443 2844 multo
462 2810 578 2853 magis
598 2810 720 2853 qratia
738 2810 815 2853 Dei,
835 2810 874 2844 in
906 2811 1028 2852 qratia
1056 2812 1165 2845 unius
1185 2810 1337 2846 hominis
1355 2812 1438 2847 Jesu
1469 2812 1603 2848 Christi
1632 2815 1671 2848 in

0 2861 24 2903 {5²
61 2857 186 2903 plures
214 2856 427 2892 abundavit.
457 2857 509 2891 Ex
528 2864 606 2902 quo
639 2854 804 2892 habetur
823 2856 928 2902 quod
948 2855 1147 2894 efficacius
1170 2861 1231 2894 est
1259 2857 1442 2896 meritum
1461 2858 1601 2896 Christi
1621 2858 1672 2897 ad

6 2915 18 2936 ’ὁ

0 2934 23 2990 ᾗ·

0 3055 46 3105 la

11 2986 19 3000 A

0 3122 45 3223 li

12 2933 29 2956 ἔγ

17 2975 21 2983 ,

12 2987 27 3012 ξ.

14 3015 29 3045 ξ

16 3051 23 3062 f
