1894 3223
655 63 742 100 LIB.
774 65 837 108 III,
865 64 966 101 CAP.
994 65 1143 103 XXXIII.
1643 71 1710 108 297

87 142 290 190 subjaceat
310 143 486 181 hominis
506 143 714 187 voluntati,
731 147 775 196 ,et
793 144 1038 196 *plerumque
1060 146 1176 184 malis
1195 147 1405 194 adveniam
1433 157 1521 197 quae
1555 159 1713 190 summo

87 190 193 229 bono
214 194 452 237 repugnant,
476 194 517 228 ut
537 200 585 228 ex
604 199 824 236 praemissis
842 192 890 237 (c.
912 195 956 229 29
979 197 1015 229 et
1036 194 1093 239 30)
1113 198 1231 240 patet.

134 239 234 281 Item,
256 238 375 274 homo
391 237 562 274 maxime
583 238 728 274 dicitur
747 237 878 275 bonus
901 240 1119 277 secundum
1139 241 1244 288 quod
1268 242 1316 279 ad
1338 251 1539 280 summum
1563 243 1715 282 bouum

88 285 259 331 attingit.
282 284 507 322 Secundum
529 288 661 322 autem
682 284 788 332 quod
805 285 919 322 babet
937 289 1165 331 potentiam,
1184 297 1262 325 non
1281 290 1424 327 dicitur
1442 291 1572 328 bonus
1587 301 1714 339 neque

87 331 243 376 malus;
265 340 344 368 non
367 331 472 369 enim
494 335 554 369 est
572 331 704 369 bonus
726 333 857 370 omnis
879 335 945 380 qui
979 338 1105 379 potest
1138 335 1243 373 bona
1265 336 1406 380 facere,
1429 347 1557 385 neque
1584 341 1715 377 malus

88 383 146 416 est
168 378 314 425 aliquis
331 388 378 415 ex
400 378 475 416 hoc
493 379 600 426 quod
620 382 751 425 potest
769 380 872 416 mala
895 383 1035 418 tacere.
1058 383 1264 419 Summum
1298 384 1419 430 igitur
1451 385 1599 423 bonum
1632 394 1713 424 non

89 425 276 463 consistit
297 425 339 462 in
354 425 431 463 hoc
450 426 556 473 quod
576 430 635 463 est
661 435 750 463 esse
770 430 985 473 potentem.

132 472 278 518 Adhuc,
299 472 432 510 omnis
451 473 629 520 potentia
646 473 694 511 ad
714 473 878 511 alterum
902 479 973 512 est.
996 476 1200 513 Summum
1221 480 1350 514 autem
1383 478 1532 516 bonum
1554 488 1635 516 non
1656 483 1717 517 est

92 519 140 557 ad
160 519 343 557 alterum.
363 521 450 558 Non
471 524 533 558 est
553 521 677 567 igitur
696 522 873 568 potentia
893 531 1093 560 summum
1116 523 1292 561 hominis
1313 524 1462 563 bonum

132 567 315 612 Amplius.
341 566 439 604 illud
461 576 540 614 quo
561 568 652 615 quis
673 572 802 615 potest
824 573 861 605 et
880 569 978 606 bene
997 573 1034 606 et
1054 570 1156 607 male
1175 571 1231 607 uti
1254 579 1334 607 non
1356 576 1486 618 potest
1506 582 1595 610 csse
1611 583 1717 612 sum·

88 622 197 652 mum
220 614 396 652 hominis
415 615 593 659 bonum;
616 615 761 653 melius
781 616 886 652 enim
906 620 963 653 est
986 626 1064 664 quo
1088 617 1223 655 nullus
1253 619 1356 654 male
1392 620 1447 656 uti
1479 624 1621 665 potest.
1641 623 1716 659 Po·

90 661 215 698 tentia
251 664 382 698 autem
416 662 562 709 aliquis
599 662 698 700 bene
731 667 768 700 et
798 663 900 700 male
934 664 989 701 uti
1023 668 1154 710 potest
1173 676 1182 708 ;
1216 673 1307 702 nam
1342 670 1559 712 potestates
1596 668 1715 706 ratio-

87 707 203 793 {iales
219 708 267 745 ad
288 710 472 755 opposita
492 713 598 747 sunt.
618 711 703 747 Non
725 714 785 747 cst
806 710 926 758 igitur
945 714 1120 757 potestas
1136 711 1309 749 humana
1322 721 1522 751 summurn
1537 714 1716 753 hominis

115 764 252 793 onum.

133 803 324 848 Praeterea,
347 802 381 840 si
405 803 539 849 aliqua
572 807 748 850 potestas
787 806 848 842 est
879 812 1078 842 summum
1112 804 1277 851 bonum,
1299 811 1453 853 oportet
1487 807 1596 845 illam
1624 818 1713 848 esse

85 849 432 896 perfectissimam.
471 852 651 888 Potestas
685 854 814 888 autem
846 851 1022 889 humana
1051 855 1111 888 est
1131 853 1492 900 imperfectissima3
1515 856 1716 894 radicatur

86 896 192 933 enim
223 897 264 933 in
286 897 494 934 hominum
527 897 800 935 voluntatibus
831 902 868 935 et
899 899 1172 945 opinionibus,
1193 900 1232 936 in
1265 901 1410 947 quibus
1443 906 1503 939 est
1542 904 1716 942 maxima

85 943 382 989 inconstantia;
404 948 440 981 et
461 948 609 991 quanto
623 945 752 991 magis
772 948 976 991 reputatur
999 950 1188 992 potestas,
1205 950 1315 985 tanto
1333 958 1355 985 a
1369 949 1551 995 pluribus
1572 950 1715 997 depen-

85 989 149 1027 det
169 1002 177 1034 ;
199 990 304 1037 quod
328 991 443 1028 etiam
464 991 512 1028 ad
533 991 620 1044 ejus
638 992 880 1029 debilitatem
901 993 1082 1039 pertinet,
1102 1003 1223 1040 quum
1244 995 1347 1041 quod
1371 1006 1393 1032 a
1416 997 1552 1034 multis
1571 997 1715 1043 depen-

85 1036 151 1074 det
170 1036 319 1074 destrui
358 1037 630 1084 multipliciter
646 1039 789 1085 possit.
810 1041 895 1077 Non
911 1043 970 1078 est
989 1040 1112 1087 igitur
1131 1041 1171 1076 in
1192 1045 1386 1086 potestate
1409 1043 1583 1081 humana
1604 1054 1712 1082 sum-

84 1092 192 1121 mum
215 1083 391 1122 hominis
410 1085 574 1122 bonum.

132 1130 316 1170 Felicitas
336 1131 459 1178 igitur
474 1131 651 1169 hominis
673 1132 710 1169 in
735 1132 844 1170 nullo
865 1132 972 1170 bono
995 1134 1180 1172 exteriori
1205 1135 1404 1180 consistit,
1426 1146 1548 1183 quum
1578 1138 1714 1176 omn-ia

84 1177 282 1271 foIriora
300 1177 421 1224 bona,
440 1187 527 1272 quae
558 1178 745 1217 dicuntur
763 1180 869 1218 bona
900 1181 1083 1228 fortunae,
1104 1181 1179 1220 sub
1197 1183 1397 1229 praedictis
1418 1185 1711 1223 contineantur.

99 1232 129 1262 1-
172 1252 181 1269 ,
203 1234 240 1272 q.
261 1233 317 1271 x1,
339 1229 411 1263 art.
433 1229 470 1263 4.

714 1373 881 1415 CAPUT
915 1374 1078 1417 XXXII.

363 1490 463 1526 QUOD
486 1492 684 1522 FELICITAS
709 1492 789 1523 NON
813 1494 1013 1524 CONSISTIT
1034 1494 1075 1524 IN
1094 1494 1207 1525 BONIS
1234 1493 1432 1528 CORPORIS.

132 1599 245 1645 Quod
266 1603 396 1638 autem
427 1609 500 1638 nec
521 1601 563 1638 in
598 1601 778 1649 corporis
807 1601 940 1647 bonis,
963 1602 1186 1650 cujusmodi
1223 1608 1318 1642 sunt
1347 1605 1513 1651 sanitas,
1535 1605 1709 1652 pulchri·

82 1647 178 1686 tudo
199 1651 237 1685 et
251 1647 386 1694 robur,
409 1648 461 1686 sit
482 1647 660 1686 hominis
686 1658 887 1687 summum
914 1650 1078 1696 bonum,
1101 1660 1171 1697 per
1188 1651 1337 1690 similia
1357 1654 1566 1691 manifeste
1591 1663 1709 1702 appa-

130 1742 220 1780 Haec
237 1741 343 1780 enim
377 1742 496 1780 etiam
523 1742 642 1781 bonis
663 1746 700 1780 et
719 1743 836 1781 malis
865 1744 1094 1783 communia
1114 1749 1221 1792 sunt,
1240 1750 1278 1784 et
1308 1746 1514 1785 instabilia
1541 1750 1647 1794 sunt,
1672 1751 1709 1785 et

81 1788 277 1827 voluntati
295 1797 376 1827 non
398 1789 618 1838 subjacent.

126 1837 317 1878 Praeterea,
339 1837 473 1875 anima
490 1841 551 1874 est
569 1836 712 1875 melior
739 1847 919 1885 corpore,
939 1839 1043 1886 quod
1064 1848 1147 1877 non
1174 1839 1270 1877 vivit
1289 1849 1362 1878 nec
1397 1841 1586 1887 praedicta
1602 1842 1709 1880 bona

79 1882 200 1921 habet
228 1883 306 1921 nisi
337 1893 408 1931 per
438 1885 627 1922 animam.
649 1886 802 1922 Bonum
832 1886 954 1932 igitur
985 1887 1143 1931 animae,
1178 1887 1284 1925 sicut
1314 1888 1538 1936 intelligere
1573 1893 1610 1926 et
1630 1890 1708 1928 alia

79 1929 325 1977 hujusmodi,
347 1934 409 1969 est
427 1931 572 1970 melius
593 1940 711 1979 quam
730 1932 881 1970 bonum
902 1934 1095 1980 corporis.
1116 1936 1203 1972 Non
1219 1938 1279 1972 est
1299 1935 1422 1982 igitur
1439 1937 1620 1983 corporis
1636 1937 1707 1974 bo-

79 1985 175 2015 num
198 1986 400 2016 summum
420 1978 597 2016 hominis
616 1979 782 2017 honum.

126 2024 271 2069 Adhuc,
294 2025 377 2063 haec
395 2025 502 2064 bona
519 2029 614 2064 sunt
642 2026 794 2064 homini
814 2029 852 2064 et
871 2027 961 2064 aliis
984 2028 1225 2066 animalibus
1256 2030 1498 2067 communia.
1522 2030 1707 2069 Felicitas

79 2074 211 2155 {utem
226 2075 299 2155 ‚estt
317 2073 520 2154 proprium
540 2073 716 2111 hominis
740 2074 910 2112 bonum.
928 2076 1014 2112 Non
1032 2079 1092 2112 est
1129 2076 1251 2123 igitur
1280 2076 1321 2113 in
1348 2078 1567 2124 praemissis
1587 2078 1708 2121 bonis

110 2125 258 2156 ominis
296 2128 316 2155 e
334 2123 464 2157 icitas.

125 2165 310 2210 Amplius,
331 2166 458 2204 multa
487 2166 689 2213 animalia,
722 2171 913 2216 quantum
942 2168 991 2206 ad
1022 2168 1128 2207 bona
1168 2170 1349 2218 corporis
1368 2199 1379 2217 ‚
1417 2174 1513 2209 sunt
1543 2171 1706 2209 homine

77 2211 458 2265 potiora;quaedam
491 2214 596 2251 enim
629 2218 724 2252 sunt
754 2215 954 2253 velociora
982 2216 1158 2262 homine,
1190 2218 1371 2264 quaedam
1405 2218 1646 2263 robustiora,
1668 2222 1706 2255 et

78 2258 138 2302 sic
156 2259 204 2296 de
235 2258 340 2296 alus.
359 2259 396 2298 Si
416 2260 539 2307 igitur
567 2261 608 2298 in
637 2261 702 2299 his
734 2266 841 2300 esset
863 2271 1065 2300 summum
1097 2263 1274 2302 hominis
1312 2265 1476 2309 bonum,
1497 2273 1577 2301 non
1599 2267 1706 2302 esset

77 2304 200 2343 homo
218 2305 411 2352 optimum
441 2307 700 2353 animalium;
722 2310 829 2355 quod
858 2313 964 2355 patet
992 2318 1084 2348 esse
1105 2311 1266 2349 salsum.
1284 2312 1371 2349 Non
1391 2315 1452 2348 est
1471 2311 1592 2358 igitur
1611 2311 1704 2349 seli-

78 2352 178 2390 citas
196 2352 371 2391 humana
389 2354 430 2391 in
449 2353 568 2392 bonis
589 2357 771 2402 corporis
792 2357 1034 2395 consistens.
1059 2357 1154 2404 (1·II,
1175 2367 1214 2405 q.
1234 2366 1288 2399 XI,
1309 2361 1381 2395 art.
1405 2358 1455 2404 5.)

691 2500 860 2543 CAPUT
916 2500 1097 2543 XXXIII.

339 2619 440 2655 QUOD
465 2618 667 2650 FELICITAS
688 2618 768 2650 NON
789 2619 986 2651 CONSISTIT
1007 2619 1050 2650 IN
1073 2620 1199 2651 PARTE
1224 2621 1441 2654 SENSITIVA.

119 2727 197 2764 Per
216 2727 353 2766 eadem
371 2727 489 2767 etiam
510 2731 672 2776 apparet
700 2727 807 2776 quod
826 2736 955 2776 neque
986 2737 1188 2768 summum
1209 2729 1386 2770 hominis
1413 2731 1564 2770 bonum
1582 2730 1703 2771 estin

76 2773 195 2812 bonis
215 2775 416 2813 sensitivae
436 2776 575 2823 partis.

124 2820 220 2858 Nam
241 2821 325 2861 haec
345 2823 464 2862 etiam
484 2823 590 2862 bona
611 2826 705 2862 sunt
724 2823 878 2863 homini
899 2827 937 2862 et
954 2822 1046 2862 aliis
1066 2824 1307 2864 animalibus
1328 2827 1568 2865 communia.
