1894 3223
154 172 222 207 ¹98
741 165 827 200 LIB.
858 165 903 207 11,
931 164 1031 199 CAP.
1060 163 1208 199 LXXIII.

154 250 339 288 animalis
363 246 604 289 intellectivi,
623 245 729 291 quod
749 249 808 281 est
827 245 928 281 ratio
949 244 1151 288 hominis;
1173 248 1210 280 et
1233 244 1291 280 sic
1311 242 1530 279 remanebit
1545 243 1644 279 illud
1666 244 1773 290 quod

154 297 327 343 speciem
348 295 561 330 humanam
586 292 651 329 dat
672 301 752 328 non
767 301 855 328 esse
878 295 1127 328 numeratum
1148 291 1190 327 in
1211 290 1392 327 diversis.

201 343 344 380 Adhuc,
378 339 475 376 illud
498 348 567 385 per
587 339 693 385 quod
725 339 897 384 speciem
931 339 1094 375 sortitur
1110 337 1421 384 unumquodque
1442 336 1592 380 vivens,
1613 340 1674 373 est
1693 346 1778 382 per-

155 389 272 427 fectio
310 387 449 434 prima,
487 390 525 422 et
563 395 645 422 non
676 386 864 432 perfectio
901 385 1089 427 secunda,
1128 389 1168 422 ut
1206 388 1312 430 patet
1341 394 1409 430 per
1444 383 1693 420 Aristotelem
1712 384 1778 430 (De

152 438 291 478 anima,
313 444 355 477 11,
374 437 466 470 text.
491 442 634 470 comm.
657 436 676 469 5
698 436 734 469 et
754 433 802 479 6).
826 433 1066 469 Phantasma
1086 436 1217 469 autem
1238 440 1320 468 non
1342 435 1402 468 est
1425 430 1613 476 perfectio
1634 430 1776 477 prima,

154 483 223 520 sed
246 481 434 528 perfectio
460 480 636 517 secunda
657 491 666 516 ε
690 483 751 516 οεῖ
778 480 882 516 enim
914 479 1126 525 phantasia
1145 482 1278 516 motus
1298 479 1426 515 factus
1449 488 1470 514 a
1491 486 1613 514 sensu
1633 486 1775 515 seeun-

154 530 247 567 dum
271 533 416 569 actum,
439 531 479 564 ut
500 527 644 564 dIcitur
663 527 705 563 in
724 527 900 563 secundo
918 529 968 562 De
985 528 1109 562 anima
1129 526 1235 572 (text.
1270 535 1414 563 comm.
1439 525 1535 571 168).
1557 526 1643 561 Non
1657 525 1779 571 igitur

154 581 215 614 est
235 576 368 622 ipsum
386 576 624 621 phantasma
644 573 750 620 quod
768 578 999 610 numeratur
1018 583 1040 610 a
1056 582 1134 619 quo
1154 573 1273 610 homo
1295 573 1468 618 speciem
1488 571 1618 609 habet.

201 624 386 668 Amplius,
422 622 702 668 phantasmata
735 630 823 667 quae
855 624 949 657 sunt
981 620 1182 657 intellecta
1205 620 1247 656 in
1267 619 1457 666 potentia,
1494 619 1649 656 diversa
1670 623 1776 656 sunt.

154 670 255 707 Illud
275 674 403 706 autem
421 679 498 716 quo
521 668 671 715 aliquid
692 668 863 713 speciem
886 667 1051 704 sortitur
1068 671 1249 712 opportet
1272 676 1360 704 esse
1391 675 1541 710 unum;
1566 676 1656 703 nam
1688 675 1778 712 spe·

154 718 237 754 cies
252 726 331 753 una
350 720 409 753 est
430 717 563 752 unius.
596 717 681 752 Non
715 715 837 761 igitur
870 724 940 760 per
971 714 1260 759 phantasmata,
1282 717 1399 759 prout
1418 717 1621 759 ponuntur
1643 722 1776 750 nume-

155 765 233 801 rari
246 765 288 800 in
311 764 479 800 diversis
500 767 542 799 ut
559 767 651 799 sunt
672 762 873 799 intellecta
893 762 935 797 in
954 762 1144 807 potentia,
1162 761 1280 797 homo
1303 761 1476 806 speeiem
1503 762 1681 796 sortitur.

202 813 302 850 Item,
332 811 432 846 Illud
451 820 471 846 a
493 819 571 856 quo
593 810 713 846 homo
748 809 913 846 sortitur
949 809 1121 854 speciem
1144 810 1298 853 oportet
1317 816 1473 852 semper
1495 816 1584 843 esse
1607 815 1777 843 manens

155 858 198 895 in
214 858 354 895 eodem
374 857 577 893 individuo
604 857 696 893 dum
715 856 847 900 durat3
873 855 973 892 alias
998 855 1245 892 individuum
1266 863 1346 891 non
1365 864 1521 900 semper
1532 858 1638 891 esset
1658 855 1778 891 unius

157 910 194 942 et
209 905 387 951 ejusdem
410 905 572 950 speciei,
592 904 662 940 sed
681 903 919 950 quandoque
941 903 1073 949 huJus‚
1097 903 1334 950 quandoque
1356 901 1480 938 illius.
1497 901 1780 938 Phantasmata

157 957 288 989 autem
310 961 388 988 11011
412 961 568 997 semper
589 951 723 987 eadem
747 953 907 986 manent
927 950 969 986 111
1005 959 1084 987 11110
1119 950 1292 993 homine,
1315 949 1384 986 sed
1405 948 1587 995 quaedam
1607 948 1654 985 de
1673 957 1776 985 novo

159 999 385 1038 adveniunt,
408 1003 445 1035 et
462 998 640 1045 quaedam
659 998 975 1043 praeexsistentia
1001 997 1224 1034 abolentur.
1239 996 1489 1033 Individuum
1508 996 1631 1042 igitur
1651 995 1779 1032 homi·

159 1047 223 1083 nis
245 1056 371 1093 neque
398 1055 467 1091 per
500 1046 735 1091 phantasma
761 1045 924 1081 sortitur
950 1045 1136 1090 speciem,
1176 1053 1303 1090 neque
1325 1053 1394 1089 per
1413 1043 1545 1088 ipsum
1571 1042 1778 1079 continua-

159 1097 222 1131 tur
239 1094 434 1140 principio
456 1102 538 1129 suae
555 1092 715 1138 speciei,
735 1092 841 1139 quod
861 1095 920 1128 est
940 1092 1167 1129 intellectus
1188 1090 1412 1137 possibilis.

205 1141 243 1177 Si
264 1145 394 1177 autem
414 1139 566 1176 dicatur
588 1139 693 1186 quod
709 1139 773 1175 hic
788 1139 907 1175 homo
928 1148 1009 1175 non
1031 1139 1194 1175 sortitur
1225 1138 1396 1183 speciem
1422 1137 1470 1174 ab
1498 1137 1596 1183 ipsis
1617 1137 1781 1182 phanta-

159 1187 369 1228 smatibus,
384 1187 452 1224 sed
467 1196 490 1223 a
502 1186 714 1223 virtutibus
729 1186 768 1222 in
785 1186 929 1232 quibus
943 1189 1036 1223 sunt
1047 1186 1336 1231 phantasmata,
1348 1184 1777 1231 scilicetimaginativa3

158 1235 430 1278 memorativa,
453 1237 490 1270 et
510 1234 722 1280 cogitativa
739 1243 825 1280 quae
847 1238 907 1269 est
926 1233 1085 1278 propria
1106 1232 1274 1275 homini,
1301 1241 1419 1278 quam
1451 1231 1683 1268 Aristoteles
1717 1230 1780 1276 (De

159 1283 294 1322 anima,
320 1290 377 1325 111,
402 1284 492 1317 tect.
515 1290 658 1318 comm.
684 1280 742 1325 20)
761 1280 965 1326 passivum
985 1280 1231 1317 intellectum
1250 1282 1376 1321 vocat,
1399 1278 1528 1315 adhuc
1559 1282 1781 1325 sequuntur

157 1329 297 1365 eadem
318 1328 642 1365 inconvenientia
663 1339 672 1363 ε

207 1376 320 1420 Quia,
342 1385 462 1422 quum
483 1375 608 1411 virtus
632 1374 844 1420 cogitativa
861 1373 1003 1411 habeat
1017 1374 1290 1419 operationem
1310 1373 1442 1410 solum
1471 1373 1577 1409 circa
1608 1372 1779 1418 particu-

157 1422 258 1460 laria
278 1432 445 1469 quorum
468 1422 712 1458 intentiones
733 1421 872 1457 dividit
891 1426 928 1457 et
949 1421 1165 1467 componit,
1189 1424 1225 1457 et
1261 1420 1404 1457 habeat
1424 1428 1620 1466 organum
1640 1428 1779 1465 corpo—

158 1470 237 1506 rale
259 1480 327 1515 per
346 1469 451 1516 quod
470 1469 563 1515 agit,
586 1477 667 1504 non
686 1468 932 1504 transcendit
952 1477 1079 1514 genus
1101 1468 1243 1504 animae
1263 1467 1480 1504 sensitivae.
1502 1468 1628 1503 Homo
1649 1470 1781 1503 autem

155 1526 205 1553 ex
225 1517 358 1553 anima
374 1517 565 1553 sensitiva
581 1524 662 1552 non
683 1515 799 1552 habet
818 1515 924 1561 quod
945 1516 997 1551 sit
1019 1515 1153 1559 homo,
1176 1514 1246 1552 sed
1265 1514 1372 1562 quod
1393 1514 1446 1551 sit
1462 1513 1624 1551 animal.
1643 1512 1781 1550 Adhuc

157 1564 279 1610 igitur
299 1564 536 1610 relinquitur
556 1562 661 1609 quod
683 1566 913 1599 numeretur
933 1562 974 1599 in
998 1562 1115 1599 nobis
1134 1562 1266 1600 solum
1285 1561 1327 1599 id
1356 1561 1464 1609 quod
1492 1561 1681 1607 competit
1709 1560 1781 1597 ho-

156 1611 256 1647 mini
278 1611 319 1647 111
341 1614 531 1658 quantum
553 1613 613 1646 est
633 1610 794 1646 animal.

202 1660 393 1698 Praeterea,
413 1658 538 1694 virtus
559 1657 782 1703 cogitativa,
805 1666 927 1703 quum
951 1660 1134 1703 operetur
1152 1666 1222 1702 per
1239 1665 1450 1703 organum,
1472 1665 1554 1693 non
1571 1658 1631 1693 est
1646 1655 1687 1693 id
1701 1663 1782 1702 quo

156 1705 434 1751 intelligimus,
457 1714 579 1752 quum
601 1704 822 1750 intelligere
844 1713 926 1741 non
947 1705 997 1741 sit
1019 1705 1195 1750 operatio
1214 1704 1384 1750 alicujus
1405 1703 1560 1750 organi.
1584 1702 1626 1740 ld
1647 1707 1780 1740 autem

158 1762 235 1798 quo
255 1753 516 1799 intelligimus
537 1755 597 1789 est
614 1751 655 1788 id
677 1761 755 1798 quo
777 1752 895 1788 homo
915 1755 975 1788 est
992 1752 1126 1796 homo,
1151 1760 1274 1798 quum
1290 1751 1514 1797 intelligere
1534 1750 1588 1787 sit
1621 1749 1783 1796 propria

156 1801 333 1845 operatio
354 1799 544 1843 hominis,
567 1807 820 1845 consequens
845 1799 930 1844 ejus
952 1799 1143 1844 speciem.
1165 1801 1252 1835 Non
1285 1802 1345 1835 est
1376 1798 1498 1846 igitur
1527 1798 1603 1835 hoc
1638 1797 1781 1834 indivi-

157 1846 279 1882 duum
301 1847 420 1882 homo
442 1855 510 1892 per
529 1846 713 1882 virtutem
730 1845 998 1892 cogitativam,
1020 1855 1148 1892 neque
1172 1846 1256 1883 haec
1271 1846 1399 1883 virtus
1419 1849 1480 1882 est
1511 1845 1551 1882 id
1582 1854 1652 1891 per
1672 1843 1782 1891 quod

158 1893 279 1930 homo
301 1892 616 1930 substantialiter
639 1891 769 1928 differt
789 1902 812 1929 a
839 1892 982 1937 brutis,
1012 1896 1055 1929 ut
1087 1894 1380 1929 commentator
1416 1892 1631 1938 praedictus
1668 1891 1783 1938 fingit

158 1939 223 1986 (De
243 1942 381 1984 anima,
404 1950 464 1984 ΙΙΙ,
486 1943 578 1976 text.
602 1948 746 1976 comm.
769 1940 818 1985 8).

202 1987 347 2031 Adhuc,
369 1988 495 2023 virtus
516 1986 728 2032 cogitativa
748 1994 828 2022 11011
850 1985 967 2023 habet
987 1985 1167 2023 ordinem
1189 1986 1237 2023 ad
1265 1985 1510 2022 intellectum
1542 1985 1780 2031 possibilem

156 2043 235 2081 quo
254 2034 442 2081 intelligit
462 2034 596 2077 1101110,
618 2033 697 2070 nisi
720 2042 788 2078 per
809 2042 925 2070 suum
947 2037 1078 2070 actum
1100 2042 1178 2080 quo
1199 2036 1471 2079 praeparantur
1484 2032 1782 2078 phantasmata,

157 2085 199 2118 ut
215 2090 284 2127 per
303 2082 547 2118 intellectum
568 2084 750 2127 agentem
765 2079 861 2116 fiant
877 2080 1147 2127 intelligibilia
1167 2084 1257 2117 actu
1278 2084 1316 2116 et
1334 2079 1581 2126 perficientia
1600 2079 1782 2116 intellec·

154 2131 239 2165 tum
258 2129 505 2174 possibilem.
529 2128 710 2173 Operatio
732 2132 864 2164 autem
884 2127 961 2164 ista
981 2136 1063 2165 non
1084 2137 1240 2174 semper
1257 2127 1396 2164 eadem
1414 2129 1549 2164 manet
1567 2126 1611 2163 in
1643 2126 1775 2164 nobis.

155 2176 407 2221 Impossibile
429 2180 488 2212 est
504 2175 626 2221 igitur
644 2175 750 2221 quod
771 2175 890 2212 homo
910 2183 980 2221 per
998 2184 1084 2211 eam
1105 2176 1166 2212 vel
1197 2175 1452 2212 continuetur
1474 2173 1671 2221 principio
1692 2181 1779 2219 spe-

154 2223 230 2259 ciei
250 2223 434 2260 humanae
454 2223 516 2259 vel
536 2232 605 2269 per
625 2231 711 2258 eam
731 2221 875 2259 habeat
895 2222 1084 2268 speciem.

202 2270 266 2307 Sic
285 2270 407 2316 igitur
427 2274 532 2316 patet
551 2269 657 2316 quod
675 2269 862 2315 praedicta
884 2270 1095 2315 responsio
1115 2269 1281 2307 omnino
1301 2268 1545 2307 confutanda
1563 2270 1637 2306 est.

199 2318 299 2358 Item,
319 2317 359 2354 id
379 2326 458 2365 quo
480 2316 629 2364 aliquid
649 2321 834 2362 operatur
848 2320 916 2353 aut
935 2317 1018 2363 agit
1033 2321 1094 2355 est
1110 2317 1350 2363 principium
1371 2316 1417 2353 ad
1452 2315 1559 2363 quod
1593 2314 1776 2361 sequitur

155 2365 345 2410 operatio,
368 2373 450 2401 non
470 2364 601 2402 solum
636 2367 828 2410 quantum
858 2364 906 2400 ad
940 2373 1030 2401 esse
1063 2364 1206 2410 ipsius,
1238 2364 1309 2401 sed
1343 2364 1462 2401 etiam
1495 2366 1688 2410 quantum
1725 2361 1777 2400 ad

152 2411 446 2448 multitudinem
469 2410 767 2454 autunitatem;
790 2410 837 2447 ab
857 2411 996 2448 eodem
1024 2412 1131 2448 enim
1163 2411 1295 2448 calore
1328 2419 1409 2448 non
1443 2414 1503 2447 est
1535 2409 1615 2447 nisi
1649 2417 1775 2447 unum

153 2459 369 2496 calefacere
390 2459 473 2496 sive
493 2467 573 2495 una
592 2457 797 2496 calefactio
813 2458 953 2503 activa,
976 2459 1157 2506 quamvis
1176 2458 1307 2505 possit
1326 2467 1418 2496 esse
1436 2457 1645 2504 multiplex
1674 2455 1776 2493 cale-

152 2504 252 2546 fieri,
272 2506 353 2543 sive
375 2506 508 2543 multae
528 2505 809 2543 calefactiones
829 2506 998 2551 passivae
1019 2506 1239 2544 secundum
1268 2505 1537 2543 diversitatem
1558 2502 1772 2541 calefacto-

152 2561 240 2604 rum
260 2553 379 2590 simul
402 2563 469 2599 per
487 2562 611 2590 unum
631 2552 818 2590 calorem.
840 2552 1067 2591 Intellectus
1088 2557 1220 2591 autem
1240 2552 1449 2600 possibilis
1469 2555 1530 2590 est
1548 2559 1628 2599 quo
1653 2549 1774 2602 intel=

151 2599 238 2644 ligit
258 2601 403 2645 anima,
422 2604 465 2637 ut
483 2600 578 2637 dicit
595 2600 828 2638 Aristoteles
849 2599 913 2684 §De
931 2602 1068 2645 anima,
1089 2609 1148 2642 111,
1186 2604 1281 2638 text.
1312 2609 1458 2638 comm.
1489 2598 1540 2646 5).
1574 2597 1615 2634 Si
1649 2596 1773 2643 igitur

150 2645 377 2684 intellectus
395 2647 602 2693 possibilis
621 2647 741 2694 hujus
761 2650 799 2684 et
817 2646 846 2684 il
865 2647 928 2684 ius
949 2647 1125 2685 hominis
1154 2647 1208 2703 sit
1242 2656 1348 2685 unus
1376 2650 1416 2684 et
1443 2645 1549 2683 idem
1586 2652 1771 2686 numero.

151 2700 316 2745 necesse
337 2694 411 2730 erit
432 2695 549 2732 etiam
563 2694 786 2741 intelligere
806 2694 1014 2742 utriusque
1043 2704 1133 2733 esse
1156 2703 1281 2733 unum
1301 2697 1340 2731 et
1369 2693 1497 2736 idem;
1529 2690 1636 2739 quod
1665 2694 1772 2738 patet

149 2747 240 2776 esse
275 2741 542 2792 1mpossibile;
575 2750 668 2778 nam
700 2742 944 2779 diversorum
979 2742 1276 2780 individuorum
1306 2738 1556 2787 impossibile
1586 2741 1648 2775 est
1679 2747 1771 2776 essue

148 2788 420 2869 operatllonem
443 2796 576 2870 utnam
609 2788 861 2835 Impossibile
895 2792 955 2826 est
983 2789 1106 2836 igitur
1133 2788 1377 2826 intellectum
1406 2785 1642 2833 possibilem
1675 2794 1767 2824 esse

150 2841 276 2870 unum
327 2842 416 2879 ujus
435 2843 455 2870 e
492 2844 504 2870 1
539 2844 616 2872 ius.

176 2880 237 2932 'Si
260 2884 392 2917 autem
410 2880 563 2918 dicatur
579 2883 685 2928 quod
703 2883 834 2928 ipsum
855 2882 1078 2929 intelligere
1098 2882 1383 2929 multiplicatur
1399 2880 1620 2919 secundum
1640 2880 1770 2918 diver-

149 2930 309 2966 sitatem
329 2927 667 2974 phantasmatum,
688 2929 765 2967 hoc
785 2934 889 2967 stare
909 2938 991 2966 non
1008 2932 1154 2978 potest.
