1894 3223
743 173 868 209 ORDO
898 172 1067 208 RERUM.

96 273 157 297 non
185 263 312 306 incipiat
349 271 416 294 cum
452 271 592 304 corpore,
623 263 676 294 scil
713 263 802 294 suerit
835 263 870 293 il)

97 315 224 344 aeterno.
813 311 870 341 224

137 359 218 391 ΟΑΡ.
240 365 382 390 Lxxxiv.
399 375 435 380 —-
458 357 575 389 Solutio
596 358 747 388 rationum
768 359 871 388 contin

97 403 284 446 superiorem
306 403 546 436 conclusionem.
813 403 872 434 229

137 451 218 484 ΟΑΡ.
241 458 368 484 Lxxxv.
398 468 437 474 —
459 449 544 488 Quod
565 450 665 483 anima
688 459 749 491 non
770 452 816 482 est
836 449 872 481 de

97 498 267 531 substantia
288 498 354 530 Dei.
814 498 872 530 230

138 545 218 578 CAP.
235 552 377 578 Lxxxw.
392 564 429 569 —
444 545 529 583 Quod
547 544 645 576 anima
664 544 795 575 lininana
815 551 874 575 uon

96 592 273 626 traducatur
293 601 360 624 emn
382 593 509 625 semine.
814 592 873 622 232

139 640 221 672 CAP.
252 647 406 672 Lxxxvn.
441 657 478 662 —
499 638 583 676 Quod
617 638 715 670 anima
744 638 875 669 humana

98 687 283 729 producatur
295 687 324 718 in
337 695 404 719 esse
420 695 435 718 a
452 687 513 718 Deo
528 694 581 726 per
602 686 798 717 creationem.
816 687 874 716 233

139 735 218 767 Car.
242 741 411 766 cxxxviii.
437 750 473 755 —
495 732 640 765 Rationes
660 734 763 764 contra
779 731 877 763 deter-

100 783 244 814 minatam
265 780 437 812 veritatem.
817 779 874 810 234

140 830 221 861 Cur.
247 834 387 859 Lxxxix.
420 844 457 849 —
486 826 710 867 ltesponsioncs
736 826 771 857 ad
799 834 876 866 prze-

99 877 189 909 dicta.
817 874 876 904 235

140 924 221 955 CM».
251 930 304 954 xc.
333 939 370 944 —
400 921 484 959 Quod
510 920 585 951 nulli
607 920 658 951 alii
680 921 800 960 corpori
818 920 876 951 nisi

101 971 232 1002 humano
262 969 364 1000 unitur
396 967 565 999 substantia
597 966 814 998 intellectualis
846 970 877 997 ut

101 1018 208 1049 forma.
817 1014 876 1045 240

140 1063 222 1095 CAP.
247 1069 316 1094 xci.
338 1079 375 1084 —
395 1061 480 1098 Quod
504 1063 574 1091 sunt
599 1060 709 1100 aliqum
736 1059 878 1091 substan-

100 1110 151 1143 tim
170 1108 394 1142 intellectuales
414 1107 594 1149 corporibus
616 1115 675 1138 nou
697 1107 801 1138 unitio.
818 1107 877 1138 242

141 1156 221 1188 ΟΛΡ.
259 1163 344 1188 xcu.
377 1172 415 1177 —
445 1154 485 1185 De
509 1153 704 1184 multitudine
736 1153 877 1184 substan-

101 1204 210 1235 tiarum
230 1203 450 1243 separatarum.
818 1199 876 1230 244

141 1250 222 1282 CAP.
247 1256 348 1280 xcm.
370 1266 408 1271 —
426 1247 512 1286 Quod
531 1246 710 1279 substantiae
732 1250 878 1286 separata:

102 1305 161 1330 non
182 1298 254 1329 sunt
271 1295 374 1328 multa}
394 1295 484 1327 unius
503 1293 630 1335 speciei.
819 1294 878 1325 246

142 1345 223 1377 Car.
251 1350 343 1375 xciv.
375 1360 412 1365 —
434 1342 519 1379 Quod
548 1341 718 1373 substantia
739 1343 877 1382 separata

101 1394 132 1424 et
151 1391 251 1423 anima
271 1398 330 1422 non
349 1392 421 1421 sunt
440 1388 530 1420 unius
553 1388 679 1430 speciei.
820 1390 876 1420 247

143 1439 224 1471 ΕΛΡ.
245 1443 324 1469 xcv,
350 1453 388 1458 -—
407 1434 565 1473 Quomodo
592 1434 760 1475 accipiatur
784 1443 879 1474 genus

102 1490 131 1518 ct
151 1484 272 1527 species
295 1484 325 1515 in
345 1482 526 1515 substantiis
550 1482 711 1523 separatis.
820 1483 877 1513 248

144 1534 226 1565 Car.
248 1538 342 1563 xcvi.
365 1548 402 1553 —
425 1529 509 1567 Quod
529 1528 706 1561 substantiae
732 1532 879 1569 separatae

101 1589 161 1612 non
171 1579 326 1620 accipiunt
340 1577 547 1618 cognitionem
560 1585 595 1609 ex
608 1576 879 1608 sensibilibusesio

143 1627 224 1658 CAP.
248 1633 354 1658 xcvu.
377 1642 414 1647 -
435 1623 519 1661 Quod
539 1623 714 1656 intellectus
735 1623 877 1654 substau-

105 1673 154 1705 tiae
193 1674 341 1714 separatae
374 1679 495 1712 semper
522 1673 591 1702 actu
622 1669 776 1709 intelligit.
822 1671 879 1700 ⁶2:30

143 1720 223 1752 Car.
246 1725 368 1752 xcvnl.
386 1735 425 1741 —
451 1717 537 1754 Quod
559 1724 616 1748 una
637 1715 806 1748 substantia
827 1725 878 1748 sc-

105 1770 210 1809 parata
230 1765 376 1805 intelligit
396 1763 495 1796 aliam.
821 1765 876 1796 2351

143 1814 225 1847 CAP.
246 1819 338 1844 xctx.
360 1829 398 1835 —
424 1810 510 1849 Quod
529 1809 708 1842 substantiae
732 1815 880 1851 separata:

105 1859 271 1894 materialia
290 1862 490 1900 cognoscunt.
821 1859 880 1890 255

144 1908 225 1941 CAP.
251 1913 281 1938 c.
317 1923 355 1929 -
387 1905 474 1943 Quod
511 1905 691 1937 substantiae
734 1907 881 1946 separalae

104 1956 294 1996 cognoscunt
310 1951 487 1994 singularia.
822 1954 880 1985 255

144 2003 224 2035 Cap,
255 2008 301 2034 cr.
332 2017 371 2023 -
397 1999 503 2032 Utrum
527 1998 706 2032 substantia:
735 2001 881 2040 seper-alze

106 2048 238 2082 naturali
267 2045 444 2088 cognitione
477 2047 665 2086 cognoscant
702 2045 803 2077 omnia
838 2045 880 2077 si-

107 2096 180 2129 mul.
821 2094 878 2124 257

337 2163 448 2193 LIBER
474 2148 645 2191 manus.

146 2239 264 2271 Carna-
294 2242 444 2268 rnilitum.
476 2253 514 2257 —
542 2233 727 2267 Prooemium
759 2234 795 2265 ad
830 2244 880 2267 se—

107 2284 242 2328 quentia.
821 2282 880 2314 258

147 2331 230 2364 CAP.
253 2339 294 2363 11.
325 2347 363 2353 —
386 2328 472 2367 Quod
493 2336 582 2361 omne
608 2336 700 2368 agens
723 2327 786 2368 agit
809 2337 880 2368 pro-

104 2381 171 2420 pter
189 2379 293 2411 finem.
821 2376 880 2408 259

148 2426 228 2459 CAP.
252 2431 306 2457 111.
329 2441 366 2447 -
387 2422 473 2460 Quod
494 2430 584 2454 omne
605 2429 698 2461 agens
722 2421 785 2462 agit
803 2430 879 2463 pro-

103 2477 172 2516 pter
191 2473 317 2506 honum.
819 2471 876 2502 261

145 2521 226 2553 CAP.
254 2526 303 2551 1v.
325 2536 362 2542 -
389 2517 476 2555 Quod
499 2516 610 2549 malum
643 2518 689 2548 est
708 2519 818 2556 praeter
835 2516 880 2548 in-

104 2568 271 2601 tentionem
291 2566 323 2598 in
344 2565 446 2598 rebus.
820 2565 880 2597 262

145 2614 225 2646 CAP.
248 2620 282 2644 v.
304 2629 343 2635 —-
360 2610 506 2643 Rationes
523 2612 627 2642 contra
648 2609 879 2642 determinatam

104 2661 275 2694 veritatem.
820 2658 879 2690 263

145 2709 225 2740 Car.
254 2714 301 2738 vr.
331 2724 368 2728 -—
395 2704 512 2737 Solutio
532 2704 682 2735 rationum
708 2704 879 2745 praemissa-

103 2763 181 2788 rum.
820 2752 878 2783 264

144 2802 311 2834 CAP.v11.
340 2818 374 2822 ψ
395 2798 480 2836 Quod
498 2798 608 2830 malum
630 2806 690 2830 uon
710 2799 758 2830 est
778 2798 878 2839 aliqua

104 2852 221 2883 natura.
820 2848 877 2879 265

145 2897 225 2928 (ΖΛΡ
249 2904 324 2927 vm.
345 2914 380 2917 —
403 2893 550 2927 Rationes
565 2895 669 2925 contra
690 2893 879 2934 praemissam

104 2943 344 2976 conclusionem.
820 2941 879 2972 266

1643 173 1712 205 649

987 262 1066 292 Car.
1098 268 1143 291 ix.
1170 278 1207 282 —
1235 259 1405 300 Responsio
1427 258 1462 289 ad
1483 257 1643 299 praedictas
1666 257 1721 289 ob-

942 308 1104 348 jectiones.
1658 306 1716 335 267

986 355 1064 386 Car.
1078 361 1153 385 x.—
1169 353 1252 390 Quod
1268 361 1359 384 eausa
1376 351 1445 382 mali
1461 354 1506 381 est
1521 351 1643 382 bonum.
1661 351 1720 381 269

986 403 1064 434 CAP.
1086 410 1134 434 xi.
1163 419 1200 424 —-
1227 400 1310 438 Quod
1331 400 1443 430 malum
1464 398 1493 429 iu
1518 398 1621 439 aliquo
1640 398 1720 431 bono

947 449 1100 481 fundatur.
1557 465 1561 467 >
1661 447 1718 477 271

987 498 1066 528 (JAP.
1101 503 1161 527 xii.
1189 512 1227 516 —
1251 493 1338 530 Quod.
1361 492 1471 523 malum
1502 500 1561 524 non
1588 492 1720 524 totaliter

947 542 1098 575 consumit
1119 542 1243 573 bouum.
1662 540 1721 570 272

989 592 1067 621 (Lar.
1096 597 1171 620 x111.
1193 606 1232 610 —
1261 586 1345 624 Quod
1372 585 1483 617 malum
1505 584 1597 617 habet
1618 585 1719 625 aliquo

948 638 1036 669 modo
1057 644 1190 668 eausam.
1659 634 1717 665 273

989 685 1069 716 Ciu).
1094 691 1167 715 xiv.
1191 701 1227 705 —
1252 681 1336 719 Quod
1357 680 1468 712 malum
1487 682 1534 712 est
1552 688 1643 712 causa
1670 688 1722 720 per

949 732 1100 764 accidens.
1661 727 1721 759 274

989 780 1068 810 CAP.
1095 785 1151 809 xv.
1174 795 1211 800 -·
1236 776 1319 814 Quod
1341 785 1401 808 non
1421 778 1468 807 est
1488 783 1638 807 summum
1659 783 1722 806 ma-

950 827 1009 858 lnin
1051 825 1129 866 quod
1169 825 1208 855 sit
1246 824 1378 855 omnium
1422 823 1568 855 malorum
1608 820 1723 862 princi-

949 874 1043 915 pium.
1663 870 1722 901 274

991 922 1071 951 (ῚΛΡ.
1086 927 1158 950 xv1.
1182 937 1218 941 —
1240 919 1323 955 Quod
1347 920 1415 950 linis
1430 918 1594 959 cujuslibet
1614 917 1657 948 rei
1677 920 1724 948 est

951 968 1073 999 bouum.
1664 965 1723 996 275

991 1014 1071 1046 Car.
1092 1022 1178 1045 xvii.
1205 1033 1240 1037 -
1261 1013 1346 1050 Quod
1373 1012 1474 1045 omnia
1495 1011 1674 1043 ordinantur
1693 1011 1723 1042 in

951 1071 1042 1093 unum
1067 1061 1154 1093 tinem
1176 1062 1226 1102 qui
1247 1064 1293 1093 est
1318 1062 1405 1092 Deus.
1663 1059 1722 1089 276

991 1108 1069 1140 Cap,
1097 1115 1198 1140 xviii.
1228 1125 1266 1131 —-
1293 1106 1448 1145 Quomodo
1472 1106 1549 1137 Dens
1582 1105 1623 1137 sit
1656 1104 1725 1136 sinis

924 1143 928 1153 ⁵
951 1155 1098 1187 omnium.
1666 1153 1723 1184 277

991 1203 1068 1234 Car.
1092 1209 1162 1233 xix.
1184 1220 1222 1224 —
1244 1202 1328 1239 Quod
1349 1200 1448 1233 omnia
1466 1198 1627 1231 intendunt
1647 1199 1724 1231 assi-

951 1249 1049 1281 milari
1073 1249 1146 1281 Deo.
1664 1248 1724 1279 278

991 1297 1072 1329 CAP.
1094 1304 1150 1328 xx.
1177 1314 1215 1318 —
1236 1295 1392 1333 Quomodo
1415 1304 1463 1328 ies
1483 1295 1614 1328 divinam
1635 1294 1725 1327 boni-

952 1346 1042 1376 tatem
1055 1344 1225 1383 imitentur.
1666 1341 1724 1374 218

991 1392 1071 1423 ΕΛΡ.
1093 1398 1164 1423 xxx.
1188 1367 1334 1431 -fQuod
1357 1399 1405 1423 res
1419 1372 1587 1422 intendunt
1604 1389 1724 1421 assimi-

952 1437 1006 1469 lari
1027 1438 1086 1469 Deo
1107 1437 1137 1468 in
1162 1438 1219 1469 lioc
1239 1437 1318 1478 quod
1340 1439 1410 1469 sunt
1429 1445 1537 1469 causas.
1666 1437 1724 1467 280

992 1485 1073 1516 ΟΛΡ.
1100 1491 1184 1516 xx11.
1205 1502 1244 1506 —
1267 1483 1423 1521 Quomodo
1447 1492 1494 1516 res
1524 1483 1725 1515 diversimode

953 1531 982 1563 in
1003 1540 1074 1564 suos
1095 1532 1169 1564 sines
1191 1532 1380 1564 ordinantur.
1665 1532 1723 1563 281

993 1578 1073 1610 Car.
1100 1585 1200 1610 xxm.
1229 1596 1266 1602 -
1295 1577 1380 1616 Quod
1401 1577 1510 1610 coelnm
1531 1579 1670 1610 movetur
1689 1586 1725 1609 ex

954 1626 1053 1666 aliqua
1075 1625 1274 1657 intellectuali
1295 1625 1475 1657 substantia.
1664 1625 1724 1656 283

993 1673 1072 1705 Car.
1096 1680 1190 1704 xxiv.
1213 1691 1251 1696 —
1271 1672 1355 1710 Quod
1375 1672 1476 1704 omnia
1499 1673 1648 1712 appetunt
1670 1671 1724 1703 bo-

952 1728 1037 1759 nnm,
1057 1719 1149 1752 etiam
1170 1728 1236 1761 quae
1247 1719 1422 1759 cognitione
1442 1722 1557 1750 carent.
1664 1719 1724 1749 286

993 1767 1085 1799 Cir.
1083 1774 1174 1798 xxv.
1204 1782 1243 1790 --
1265 1765 1348 1804 Quod
1374 1765 1546 1806 intelligere
1566 1765 1657 1796 Deum
1679 1767 1726 1797 est

953 1815 1020 1846 linis
1039 1814 1139 1846 omnis
1158 1813 1375 1846 intellectualis
1390 1812 1579 1845 snbstantiae.
1666 1813 1724 1844 287

993 1862 1073 1894 CAP.
1093 1869 1190 1894 XXV1.
1210 1878 1250 1884 —
1272 1860 1359 1899 Quod
1378 1860 1510 1892 felicitas
1528 1860 1560 1895 iu
1579 1861 1648 1891 actu
1670 1867 1725 1891 vo-

952 1908 1078 1940 luntatis
1100 1917 1158 1941 non
1180 1908 1333 1940 consistit.
1666 1908 1724 1939 290

993 1956 1074 1987 CAr.
1091 1963 1197 1987 xxvii.
1215 1973 1253 1978 —-
1273 1955 1357 1992 Quod
1373 1954 1504 1986 felicitas
1523 1953 1654 1986 humana
1665 1962 1726 1985 non

953 2002 1134 2034 consistitin
1156 2002 1410 2034 delectationibus
1430 2001 1651 2041 corporalibus.
1665 2002 1724 2033 293

993 2050 1072 2081 CAP.
1094 2056 1218 2081 xxvnr.
1244 2066 1282 2072 -
1308 2048 1393 2086 Quod
1414 2047 1546 2080 felicitas
1567 2055 1627 2079 non
1651 2055 1724 2079 con-

954 2097 1035 2128 sistit
1054 2096 1083 2128 in
1104 2096 1282 2128 honoribus.
1665 2096 1723 2127 295

993 2143 1073 2175 CAP.
1102 2150 1193 2175 xxix.
1216 2160 1254 2165 —-
1275 2142 1361 2180 Quod
1380 2140 1510 2173 felicitas
1537 2149 1596 2172 non
1625 2141 1724 2173 consi-

952 2190 1005 2222 stit
1026 2190 1056 2221 in
1077 2189 1174 2230 gloria
1195 2189 1337 2221 humana.
1665 2189 1724 2220 295

993 2235 1073 2267 CAP.
1105 2243 1185 2267 xxx.
1214 2235 1300 2272 Quod
1332 2235 1462 2267 felicitas
1495 2234 1626 2268 hominis
1664 2242 1724 2266 non

953 2282 1094 2315 consistit
1113 2282 1142 2314 in
1164 2282 1289 2314 divitiis.
1665 2282 1724 2314 296

971 2330 1072 2361 acar.
1094 2336 1192 2361 xxxi.
1214 2347 1252 2354 —
1275 2329 1362 2367 Quod
1389 2329 1521 2363 felicitas
1542 2336 1601 2362 non
1621 2328 1722 2361 consi-

953 2378 1006 2410 stit
1026 2378 1056 2408 in
1077 2377 1214 2418 potentia
1234 2377 1396 2409 mundana.
1665 2378 1724 2409 296

992 2424 1074 2456 CAP.
1097 2432 1204 2456 xxxu.
1230 2442 1269 2447 —-
1288 2424 1374 2462 Quod
1394 2423 1525 2457 felicitas
1545 2432 1604 2456 non
1626 2425 1725 2457 consi-

953 2471 988 2503 tit
1005 2472 1035 2503 in
1054 2471 1144 2504 bonis
1166 2471 1315 2512 corporis.
1660 2472 1719 2504 297

993 2518 1071 2551 CAP.
1100 2525 1223 2550 xxxm.
1251 2536 1289 2542 —
1309 2518 1394 2556 Quod
1419 2518 1550 2551 felicitas
1574 2527 1633 2550 non
1655 2526 1725 2549 con-

952 2564 1033 2597 sistit
1052 2564 1081 2597 in
1106 2567 1191 2605 parte
1211 2565 1370 2597 sensitiva.
1665 2567 1724 2598 297

992 2611 1072 2643 CAP.
1093 2618 1211 2643 xxxw.
1234 2630 1273 2635 —
1310 2612 1395 2649 Quod
1432 2613 1539 2646 ultima
1591 2613 1725 2645 hominis

952 2657 1084 2690 felicitas
1114 2666 1176 2690 non
1211 2659 1351 2690 consistit
1367 2659 1398 2690 in
1424 2659 1543 2692 actibus
1578 2659 1724 2692 virtutum

952 2704 1123 2737 moralium.
1665 2709 1723 2739 298

992 2752 1072 2784 CAP.
1092 2759 1198 2784 xxxv.
1219 2769 1258 2776 ——
1278 2753 1362 2790 Quod
1383 2753 1489 2785 ultima
1510 2753 1643 2786 hominis
1660 2753 1725 2785 fcli-

951 2799 1028 2830 citas
1047 2806 1107 2830 non
1129 2799 1271 2831 consistit
1289 2800 1320 2831 in
1341 2802 1409 2831 actu
1429 2800 1610 2840 prudentiae.
1665 2803 1723 2833 299

992 2846 1070 2878 CAP.
1098 2853 1216 2878 xxxvl.
1245 2865 1283 2869 —
1306 2847 1391 2884 Quod
1416 2847 1547 2880 felicitas
1573 2855 1632 2879 non
1654 2857 1724 2879 cou-

952 2893 1033 2926 sistit
1050 2893 1080 2924 in
1096 2893 1273 2933 operatione
1294 2894 1378 2926 artis.
1663 2896 1723 2925 299

992 2940 1227 2973 CAP.xxxv11.
1255 2959 1293 2963 —
1333 2941 1420 2979 Quod
1454 2941 1558 2973 ultima
1591 2941 1722 2972 hominis
