1894 3223
103 136 148 171 24
731 129 819 166 Liss.
845 130 877 175 1,
903 129 1004 165 CAP.
1032 129 1099 165 xx.

150 216 277 252 Tertia
294 215 463 261 objectio
484 217 572 251 est:
595 211 721 256 Quod,
743 210 778 248 si
805 211 1014 257 cujuslibet
1038 220 1217 257 corporis
1237 212 1414 258 potentia
1438 211 1549 249 finita
1569 215 1643 256 est,
1674 217 1717 249 ut

103 264 145 301 in
162 263 348 309 praedicto
369 270 559 307 processu
580 258 804 295 ostenditur
825 258 907 304 (per
926 259 1142 304 potentiam
1162 262 1291 295 autem
1313 259 1464 296 finitam
1486 269 1565 296 non
1585 263 1717 305 potest

104 310 253 357 aliquid
274 309 414 346 durare
444 312 619 351 tempore
647 304 834 357 infinito),
872 306 1051 352 sequitur
1084 306 1190 352 quod
1223 306 1377 343 nullum
1410 315 1554 352 corpus
1588 307 1718 351 possit

104 358 245 395 durare
266 360 439 401 tempore
460 352 616 390 infinito
634 363 643 396 ;
666 356 704 388 et
723 361 782 388 sic
801 361 947 398 corpus
970 353 1133 390 coeleste
1153 353 1200 389 de
1221 354 1457 392 necessitate
1488 362 1714 399 corrumpe-

102 408 180 441 tur.

150 451 206 487 Ad
226 450 301 486 1100
321 452 449 486 autem
487 457 512 484 a
539 446 776 493 quibusdam
799 447 1061 492 respondetur
1097 459 1105 484 :
1133 447 1246 491 Quod
1268 456 1413 492 corpus
1447 447 1619 491 coeleste,
1653 456 1715 484 se-

103 497 275 534 eundum
299 495 512 541 potentiam
534 503 661 537 suam,
686 496 817 539 potest
839 493 1004 530 deficere
1027 505 1034 537 ;
1058 494 1127 530 sed
1160 495 1460 539 perpetuitatem
1491 494 1715 531 durationis

103 543 271 590 acquirit
287 543 335 578 ab
367 541 460 582 alio,
495 540 600 587 quod
627 544 686 576 est
715 540 899 586 potentiae
935 540 1112 578 infinitae.
1145 542 1188 576 Et
1217 541 1308 578 111110
1341 541 1533 578 solutioni
1562 541 1717 578 videtur

104 589 278 627 attestari
300 589 424 633 Plato,
448 589 515 635 qui
534 588 581 624 de
602 587 837 632 corporibus
857 586 1086 624 coelestibus
1108 589 1229 624 Deum
1250 588 1476 634 loquentem
1498 588 1651 625 inducit
1673 587 1716 624 in

103 638 208 673 hunc
229 635 390 672 modum
411 647 420 671 :
445 648 464 667 «
484 637 628 671 Natura
645 637 775 671 vestra
807 634 903 670 estis
935 633 1200 674 dissolubilia,
1231 635 1432 671 voluntate
1464 639 1594 671 autem
1628 643 1717 671 mea

103 682 400 719 indissolubilia
421 693 429 718 :
451 682 544 728 quia
563 681 748 718 voluntas
766 690 853 716 mea
880 680 1006 726 maj0r
1025 685 1085 717 est
1106 690 1207 717 nexu
1227 685 1358 718 vestro
1379 696 1413 718 ».
1445 684 1550 719 Hane
1584 686 1715 719 autem

104 730 344 767 solutionem
361 729 558 774 improbat
578 729 870 765 commentator
890 727 1133 773 metaphys„
1154 736 1224 772 xii,
1246 737 1389 764 comm.
1405 731 1463 772 41,
1487 733 1524 765 01
1542 729 1715 775 Physic„

101 785 190 821 vni,
211 785 354 814 comm.
374 777 450 817 79).
472 777 567 812 Nam
588 774 837 820 impossibile
859 778 931 818 est,
954 774 1173 811 secundum
1193 784 1297 819 eum,
1319 775 1424 821 quod
1445 775 1498 820 id,
1522 776 1627 822 quod
1657 779 1717 813 est

103 824 150 860 de
172 833 214 860 se
233 823 426 869 possibile
447 832 528 859 non
549 831 651 866 esse,
671 821 847 868 acquirat
870 821 1166 866 perpetuitatem
1186 821 1344 858 essendi
1359 822 1406 858 ab
1425 822 1517 859 alio.
1532 822 1717 869 Sequitur

103 870 208 907 enim
224 870 330 917 quod
349 869 605 916 corruptibile
626 872 843 906 mutaretur
864 869 903 904 in
921 869 1232 913 incorruptibile,
1256 869 1362 915 quod
1383 872 1443 906 est
1467 869 1716 915 impossibile

103 917 322 954 secundum
338 917 483 962 ipsum.
507 918 550 952 Et
569 916 659 952 ideo
679 916 818 961 ipsein
843 915 947 952 hune
968 915 1128 951 modum
1158 916 1370 961 respondet
1392 928 1401 952 ε
1422 917 1527 962 quod
1558 917 1600 953 in
1629 925 1715 953 eor-

102 974 198 1010 11010
219 965 384 1008 00010311,
401 963 532 1001 01111113
552 963 728 1009 potentia
747 972 834 1009 quae
858 965 930 1005 est,
953 961 1064 998 finita
1083 966 1155 998 est.
1178 964 1263 999 Non
1285 967 1416 999 tamen
1439 967 1593 1008 oportet
1610 963 1716 1010 quod

103 1011 245 1048 habeat
263 1020 421 1048 omnem
441 1011 657 1057 potentiam
681 1021 689 1053 ;
712 1014 772 1046 est
792 1009 897 1045 enim
918 1010 959 1045 in
980 1018 1144 1054 corpore
1161 1010 1326 1054 coelesti,
1357 1011 1575 1048 secundum
1608 1011 1715 1048 Aris-

103 1059 278 1103 totelem,
300 1058 342 1094 in
361 1061 500 1095 octavo
518 1057 843 1102 Metaphystcorum
863 1056 969 1101 (text.
992 1065 1134 1092 comm.
1159 1057 1230 1102 12),
1254 1058 1430 1102 potentia
1462 1058 1510 1094 ad
1539 1058 1614 1103 ubi,
1645 1058 1716 1094 sed

103 1114 185 1142 non
206 1106 253 1142 ad
275 1115 360 1150 esse,
383 1108 420 1142 et
439 1104 497 1142 310
516 1113 596 1141 11011
617 1107 770 1149 oportet
785 1103 891 1150 quod
912 1103 1008 1139 insit
1030 1104 1065 1139 ei
1087 1104 1262 1148 potentia
1283 1104 1330 1140 ad
1353 1113 1432 1141 non
1454 1114 1557 1142 esse.

151 1152 360 1189 Sciendum
380 1156 509 1188 tamen
532 1151 637 1197 quod
660 1151 742 1187 haec
763 1151 972 1195 responsio
985 1150 1313 1187 commentatoris
1326 1160 1404 1187 non
1421 1155 1480 1189 est
1495 1151 1714 1196 sufficiens,

104 1199 212 1245 quia,
229 1199 262 1236 si
279 1199 392 1235 detur
411 1198 515 1245 quod
537 1199 577 1234 in
599 1207 762 1243 corpore
783 1197 934 1234 eoelesti
956 1206 1036 1233 non
1057 1197 1109 1233 sit
1131 1197 1306 1243 potentia
1331 1199 1443 1244 quasi
1477 1200 1636 1245 passiva
1666 1201 1715 1237 ad

105 1255 208 1290 esse,
231 1255 317 1292 quae
335 1249 395 1282 est
414 1246 590 1291 potentia
609 1245 795 1288 materiae,
818 1247 878 1280 est
897 1247 1028 1280 tamen
1052 1244 1093 1280 in
1114 1253 1160 1281 eo
1183 1245 1358 1290 potentia
1376 1246 1514 1289 activa,
1536 1256 1622 1292 quae
1655 1251 1716 1284 est

103 1293 227 1329 virtus
247 1293 419 1335 essendi,
441 1301 530 1329 cum
551 1301 735 1337 expresse
757 1291 988 1328 Aristoteles
1006 1290 1110 1327 dicat
1125 1291 1166 1327 in
1183 1291 1309 1337 primo
1325 1293 1592 1329 Coelz'etmzmdz'
1606 1294 1713 1340 (text.

102 1339 243 1386 20-23),
261 1340 365 1385 quod
386 1339 529 1376 coelum
547 1339 663 1375 habet
680 1339 862 1374 virtutem
878 1341 921 1374 ut
934 1338 986 1374 sit
1003 1347 1171 1383 semper,
1190 1342 1227 1374 et
1240 1338 1329 1375 ideo
1345 1339 1488 1377 111011113
1504 1341 1713 1378 dicendum

105 1387 303 1432 estquod,
326 1396 447 1433 quum
468 1386 644 1431 potentia
669 1385 821 1421 dicatur
840 1384 888 1421 ad
910 1388 1055 1428 actum,
1076 1388 1229 1430 oportet
1256 1386 1434 1430 judicare
1463 1387 1510 1424 de
1540 1389 1716 1433 potentia

105 1433 324 1470 secundum
357 1434 516 1470 modum
546 1437 670 1469 actus.
692 1433 819 1468 Motus
840 1435 985 1476 autem,
1013 1432 1230 1468 secundum
1253 1432 1316 1469 sui
1353 1434 1561 1479 rationem,
1596 1445 1717 1481 quan-

103 1480 256 1516 titatem
273 1480 387 1516 habet
409 1484 446 1516 et
463 1480 742 1519 extentionem,
767 1478 870 1515 unde
888 1478 1042 1515 duratio
1063 1478 1148 1524 ejus
1168 1479 1322 1516 infinita
1342 1481 1506 1527 requirit
1525 1482 1630 1528 quod
1650 1491 1716 1528 po-

102 1529 228 1564 tentia
248 1536 413 1564 movens
434 1527 485 1563 sit
505 1526 673 1562 infinita.
694 1528 788 1563 Esse
808 1529 936 1562 autem
969 1534 1047 1562 non
1091 1525 1207 1562 habet
1239 1526 1412 1573 aliquam
1449 1529 1713 1566 extentionem

105 1574 356 1620 quantitatis,
379 1574 574 1619 praecipue
604 1573 642 1609 in
677 1582 717 1609 re
748 1572 861 1618 qu'us
883 1581 971 1609 esse
992 1575 1051 1608 est
1071 1572 1316 1617 invariabile,
1339 1575 1443 1610 sieut
1461 1576 1603 1612 coelum
1628 1588 1637 1620 ;
1678 1581 1716 1613 et

103 1621 193 1657 ideo
215 1630 295 1658 non
313 1624 469 1666 oportet
488 1620 594 1667 quod
608 1620 732 1656 virtus
749 1619 908 1656 essendi
927 1619 980 1655 sit
1000 1619 1154 1655 infinita
1175 1620 1215 1655 111
1231 1629 1395 1666 corpore
1414 1621 1540 1666 finito,
1563 1623 1655 1660 lieet
1673 1624 1715 1660 111

103 1667 302 1704 infinitum
335 1668 460 1711 duret,
493 1668 586 1714 quia
608 1675 687 1703 non
720 1666 850 1703 differt
870 1666 975 1712 quod
992 1675 1061 1712 per
1082 1666 1189 1702 illam
1213 1667 1392 1704 virtutem
1423 1669 1572 1716 aliquid
1603 1670 1716 1708 duret

102 1715 142 1751 in
167 1724 244 1751 uno
258 1715 420 1751 instanti
431 1715 491 1751 vel
512 1718 686 1759 tempore
701 1712 871 1758 infinito,
887 1722 1008 1760 quum
1031 1721 1118 1749 esse
1139 1713 1237 1750 illud
1252 1714 1483 1752 invariabile
1502 1725 1582 1753 non
1597 1718 1713 1754 attin-

104 1765 218 1807 gatur
235 1771 258 1798 a
273 1765 449 1806 tempore
468 1761 545 1798 nisi
568 1771 636 1807 per
656 1760 855 1797 accidens.

151 1809 296 1852 Quarta
315 1808 483 1853 objectio
506 1812 564 1844 est
585 1808 631 1844 de
653 1808 754 1844 hoc:
778 1807 889 1851 Quod
911 1816 991 1844 non
1010 1807 1165 1844 videtur
1181 1817 1270 1845 esse
1291 1810 1576 1856 necessarium,
1607 1812 1712 1859 quod

103 1854 215 1896 illud,
238 1855 343 1901 quod
364 1859 493 1891 movet
512 1859 687 1899 tempore
707 1853 877 1897 1111111110,
913 1854 1054 1890 habeat
1083 1855 1298 1899 potentiam
1332 1856 1527 1894 infinitam
1559 1860 1600 1895 in
1633 1860 1714 1896 illis

103 1902 367 1946 moventibus,
387 1912 473 1948 quae
494 1901 688 1938 movendo
710 1910 790 1937 non
812 1901 1027 1937 alterantur
1049 1913 1057 1944 ;
1079 1902 1172 1947 quia
1198 1903 1289 1939 talis
1325 1908 1459 1941 motus
1490 1906 1590 1942 nihil
1619 1916 1714 1943 con-

103 1949 225 1986 sumit
257 1949 304 1985 de
322 1949 498 1994 potentia
517 1957 684 1992 eorum3
720 1948 823 1984 unde
856 1957 935 1984 11011
957 1948 1100 1984 minori
1135 1953 1311 1994 tempore
1342 1960 1499 1988 movere
1530 1959 1713 1998 possunt,

102 1999 311 2042 postquam
335 1996 468 2042 aliquo
488 1999 664 2040 tempore
685 1999 907 2035 moverunt,
929 2004 1046 2041 quam
1069 1999 1158 2032 ante
1178 2008 1186 2039 ;
1209 1997 1312 2033 sicut
1333 1998 1431 2035 solis
1452 2000 1576 2036 virtus
1604 2000 1715 2038 finita

104 2046 177 2086 est,
199 2047 250 2088 et,
270 2043 363 2089 quia
382 2043 424 2078 in
444 2043 597 2089 agendo
618 2042 703 2088 eJus
723 2042 848 2078 virtus
868 2043 993 2078 activa
1022 2051 1102 2078 non
1130 2043 1334 2089 minuitur,
1356 2044 1512 2083 infinito
1538 2051 1714 2094 tempore

104 2093 236 2135 potest
257 2099 372 2135 agere
394 2090 433 2125 in
456 2089 538 2126 haee
558 2089 749 2125 inferiora
767 2089 986 2125 secundum
1006 2093 1201 2127 naturam.

149 2138 194 2172 Et
213 2137 262 2173 ad
286 2137 360 2173 hoc
381 2136 573 2181 dicemus,
594 2136 700 2182 quod
720 2144 864 2181 corpus
884 2144 964 2173 non
985 2140 1128 2181 movet,
1153 2138 1230 2174 nisi
1253 2142 1416 2183 motum,
1438 2144 1480 2177 ut
1506 2141 1713 2187 probatum

104 2187 165 2220 est
185 2183 233 2230 (0.
257 2184 314 2229 13)
337 2195 346 2228 ;
369 2186 407 2220 et
425 2183 528 2228 ideo,
563 2183 596 2220 si
629 2183 832 2229 contingat
864 2191 1008 2228 corpus
1037 2183 1197 2230 aliquod
1229 2194 1309 2222 11011
1341 2188 1503 2231 moveri,
1535 2191 1715 2235 sequitur

102 2230 232 2275 ipsum
254 2239 335 2267 non
355 2239 524 2267 movere.
548 2231 590 2266 In
611 2230 720 2266 omni
739 2234 869 2266 autem
889 2230 994 2275 quod
1016 2234 1207 2275 movetur,
1229 2236 1290 2269 est
1308 2234 1483 2278 potentia
1513 2235 1561 2272 ad
1592 2245 1713 2282 oppo-

103 2278 192 2317 sita,
215 2277 308 2324 quia
326 2277 484 2313 termini
506 2281 638 2313 motus
660 2281 752 2313 sunt
773 2277 945 2322 oppositi
968 2281 1026 2319 ;et
1046 2277 1148 2321 ideo,
1168 2283 1357 2325 quantum
1371 2285 1431 2317 est
1450 2282 1497 2318 de
1517 2291 1574 2326 se,
1596 2292 1714 2320 omne

102 2333 247 2370 corpus
267 2324 373 2370 quod
395 2327 573 2360 movetur
592 2323 782 2369 possibile
804 2328 863 2360 est
884 2333 963 2361 non
984 2325 1202 2368 moveri;et
1222 2327 1327 2373 quod
1347 2329 1540 2373 possibile
1558 2334 1714 2368 estnon

101 2371 265 2415 moveri,
285 2371 500 2408 nonhabet
519 2371 565 2407 de
586 2380 629 2408 se
650 2374 692 2407 ut
711 2374 900 2417 perpetuo
921 2375 1096 2416 tempore
1115 2378 1332 2418 moveatur,
1355 2379 1393 2411 et
1419 2376 1477 2412 310
1509 2385 1580 2413 1100
1607 2379 1713 2424 quod

99 2418 140 2454 in
161 2421 348 2464 perpetuo
368 2421 543 2463 tempore
561 2421 730 2455 moveat.
754 2418 934 2455 Procedit
953 2427 1047 2464 ergo
1068 2420 1253 2464 praedicta
1273 2421 1559 2460 demonstratio
1581 2424 1628 2461 de
1649 2434 1716 2470 po-

103 2465 224 2501 tentia
242 2464 354 2502 finita
372 2465 550 2510 corporis
570 2464 684 2509 finiti,
701 2474 788 2511 quae
801 2474 878 2502 non
899 2469 1028 2510 potest
1041 2465 1087 2502 de
1103 2475 1145 2504 se
1161 2476 1317 2504 movere
1349 2473 1521 2515 tempore
1541 2470 1711 2508 infinito.

101 2511 176 2547 Sed
197 2521 341 2557 cerpus
358 2512 464 2558 quod
485 2512 532 2548 de
552 2521 595 2549 30
615 2512 807 2557 possibile
828 2516 888 2549 est
902 2513 1047 2549 moveri
1070 2517 1108 2550 et
1128 2522 1208 2551 non
1224 2516 1386 2561 moveri,
1402 2526 1558 2553 movere
1577 2522 1614 2553 et
1632 2527 1713 2555 non

103 2566 274 2601 movere,
310 2559 513 2604 acquirere
545 2563 675 2604 potest
699 2559 999 2605 perpetuitatem
1019 2564 1153 2598 motus
1173 2561 1221 2598 ab
1253 2563 1401 2609 aliquo,
1435 2564 1539 2610 quod
1560 2569 1714 2610 oportet

101 2613 190 2640 esse
212 2605 489 2650 incorporeum
510 2617 519 2649 ;
542 2609 580 2642 et
598 2606 686 2642 ideo
707 2609 861 2651 oportet
880 2607 1049 2652 primum
1082 2617 1247 2646 movens
1278 2619 1366 2647 esse
1401 2610 1678 2656 incorporeum
1701 2623 1710 2655 ;

101 2654 139 2686 et
160 2651 219 2702 sie
235 2651 335 2687 1111111
351 2651 546 2696 prohibet,
566 2653 782 2688 seeundum
807 2657 1002 2698 naturam,
1023 2663 1167 2700 corpus
1200 2656 1368 2699 finitum,
1406 2657 1511 2702 quod
1543 2659 1713 2702 acquirit

100 2697 149 2734 ab
170 2698 248 2734 alio
269 2698 568 2749 perpetuitatem
592 2699 632 2734 in
654 2700 816 2744 moveri,
839 2700 981 2737 habere
1002 2701 1117 2738 etiam
1140 2703 1436 2748 perpetuitatem
1465 2704 1504 2739 in
1539 2713 1710 2742 movere.

100 2746 197 2780 Nam
219 2747 256 2780 et
275 2753 406 2790 ipsum
427 2753 597 2789 primum
617 2754 762 2790 corpus
783 2747 955 2792 00010310,
987 2750 1206 2786 seeundum
1240 2756 1434 2793 naturum,
1466 2754 1595 2796 potest
1627 2761 1710 2797 per-

100 2795 219 2837 petuo
239 2795 348 2827 motu
369 2791 558 2828 interiora
576 2800 743 2837 corpora
759 2794 937 2830 coelestia
954 2796 1166 2840 revolvere,
1189 2796 1407 2832 seeundum
1428 2797 1534 2843 quod
1555 2798 1713 2843 sph-‹era

100 2841 230 2874 movet
251 2838 458 2883 sphaeram.
482 2839 558 2874 Nec
574 2842 633 2874 est
653 2839 952 2884 inconveniens,
975 2842 1192 2879 secuudum
1210 2843 1566 2880 commentatorem
1583 2844 1712 2891 (Meta—

101 2885 231 2930 phys„
251 2893 322 2931 x11,
341 2888 435 2922 text.
455 2884 530 2931 41),
551 2885 658 2932 quod
678 2885 790 2931 illud,
812 2887 916 2932 quod
938 2888 985 2924 de
1005 2898 1049 2926 30
1082 2893 1143 2925 est
1171 2889 1212 2926 in
1235 2890 1414 2937 potentia
1433 2891 1481 2927 ad
1502 2893 1651 2929 moveri
1673 2896 1712 2930 et
