1838 3227
16 140 43 150 aa·

358 177 498 213 BERN.
525 176 683 212 MARtAE
708 176 770 212 DE
796 175 962 212 RUBElS
989 175 1302 213 DlSSERTATlO.
1531 178 1639 213 xxm

16 277 200 319 veritatis
213 274 541 328 profunditatem
555 290 574 313 »
585 279 692 325 ,tum
709 279 878 326 propter
890 275 1170 316 necessarium
1187 276 1485 327 multiplicium
1501 279 1638 331 cogni-

15 342 182 384 tionum
198 341 400 393 praevium
421 344 686 392 apparatum,
705 343 798 379 tum
817 354 834 377 α
851 341 1273 391 propterpassionum
1287 345 1455 381 motus»
1468 373 1476 391 ,
1489 343 1641 393 quibus

17 407 156 447 anima
171 410 385 447 commota
403 421 421 443 «
433 417 516 445 non
533 409 597 445 est
609 408 704 456 apta
717 406 767 444 ad
783 408 870 444 tam
885 406 978 445 alta}
993 406 1175 445 veritatis
1190 406 1474 459 cognitionem
1491 421 1508 443 »
1521 407 1639 453 ‚Quid

25 483 123 525 ergo
138 472 158 511 ?
181 487 201 508 «
221 472 472 512 Remaneret
490 471 723 510 humanum
742 481 871 522 genus
892 470 934 508 in
958 470 1147 510 maximis
1161 470 1408 523 ignorantiae
1424 472 1612 521 >tenebris
1630 486 1639 521 ;

20 546 120 576 cum
141 536 214 575 Dei
236 535 436 588 cognitio,
456 547 551 586 quae
571 535 762 574 homines
782 535 988 585 perfectos
1009 539 1050 574 et
1070 534 1201 575 bonos
1221 536 1336 585 facit,
1357 536 1522 576 nonnisi
1545 538 1637 587 qui-

21 600 201 640 busdam
223 601 381 651 paucis,
407 603 449 639 et
469 599 532 639 his
552 600 697 650 paucis
727 600 854 639 etiam
876 603 968 650 post
990 600 1191 649 temporis
1214 601 1520 652 longitudinem
1545 613 1641 652 pro-

21 666 238 705 veniret».

72 731 215 781 Neque
244 733 468 780 praetereas
492 744 510 766 «
532 730 644 780 quod
681 729 985 781 investigationi
1017 729 1188 768 rationis
1215 730 1412 771 humanm
1454 733 1640 782 plerum-

18 807 101 847 que
123 795 278 834 salsitas
309 795 563 834 admiscetur
587 798 756 845 propter
789 794 1047 833 debilitatem
1081 794 1317 834 intellectus
1336 796 1640 848 injudicando,

21 864 62 900 et
95 860 436 911 phantasmatum
470 859 790 909 permixtionem
830 873 868 896 n.
893 858 996 897 Hinc
1030 858 1227 898 facillime
1265 860 1473 899 accideret
1508 862 1642 911 primo

32 939 52 962 ιι
71 925 183 975 quod
205 925 313 974 apud
350 925 504 963 multos
532 924 574 962 in
595 923 855 962 dubitatione
877 927 1141 962 remanerent
1162 935 1224 972 ea,
1248 936 1342 974 quae
1366 929 1462 964 sunt
1482 927 1641 966 verissi-

26 1001 94 1029 me
115 990 415 1036 demonstrata,
440 989 539 1027 dum
560 987 643 1025 vim
665 987 1033 1026 demonstrationis
1064 988 1259 1039 ignorant
1282 1002 1290 1028 :
1313 991 1525 1040 praecipue
1546 1003 1642 1031 cum

25 1054 208 1101 videant,
222 1066 244 1092 a
261 1053 430 1092 diversis
446 1053 516 1102 qui
537 1052 742 1102 sapientes
758 1052 968 1099 dicuntur,
985 1053 1141 1103 diversa
1160 1053 1355 1094 doceri».
1376 1056 1644 1108 Contingeret

22 1118 150 1157 etiam
176 1132 194 1153 «
216 1117 326 1157 inter
349 1117 481 1156 multa
504 1131 541 1165 »,
565 1116 724 1155 scilicet
742 1128 854 1164 vera,
880 1131 898 1153 «
918 1128 1011 1166 quae
1028 1118 1388 1168 demonstrantur,
1410 1120 1637 1161 immisceri

24 1182 250 1232 aliquando
288 1182 435 1220 falsum
457 1213 465 1229 ,
505 1182 616 1231 quod
658 1181 853 1231 equidem
886 1193 971 1220 non
1016 1174 1327 1222 demonstratur
1349 1215 1357 1233 ,
1399 1187 1468 1224 sed
1505 1186 1644 1237 aliqua

18 1246 225 1298 probabili
264 1247 327 1286 vel
351 1246 589 1296 ,sophistica
625 1247 785 1285 ratione
821 1247 1033 1295 asseritur,
1056 1260 1150 1297 quae
1191 1249 1403 1288 interdum
1444 1249 1636 1292 demons-

19 1312 147 1351 tratio
185 1314 404 1362 reputatur
424 1326 461 1350 ».
485 1312 604 1350 Hisce
636 1311 745 1349 vitiis
765 1314 806 1350 et
840 1311 1029 1350 absurdis
1050 1316 1136 1351 tota
1169 1317 1300 1353 scatet
1322 1320 1506 1356 veterum
1529 1320 1634 1359 Gen-

19 1376 160 1415 tilium
190 1375 468 1427 philosophia,
487 1387 581 1427 quae
614 1376 771 1414 divinas
801 1376 1010 1425 veritates,
1034 1378 1261 1429 caeteroqui
1291 1381 1450 1429 pervias
1487 1383 1634 1424 lumini

22 1441 222 1490 naturali,
241 1445 314 1480 aut
343 1441 514 1480 minime
552 1444 739 1480 assecuta
775 1444 850 1488 est,
874 1445 944 1480 aut
966 1442 1174 1481 erroribus
1207 1447 1248 1482 et
1274 1448 1522 1486 commentis
1544 1453 1632 1488 tur-

21 1505 199 1555 pissimis
230 1505 441 1545 immixtas
472 1506 684 1556 proponit.
712 1506 803 1544 «Et
834 1506 927 1544 ideo
961 1508 1162 1555 oportuit,
1186 1520 1258 1557 per
1284 1497 1391 1549 viam
1424 1512 1534 1561 fidei,
1557 1515 1635 1554 fixa

20 1570 288 1618 certitudine,
312 1570 444 1620 ipsam
473 1570 688 1608 veritatem
714 1571 763 1608 de
795 1569 916 1608 rebus
951 1571 1095 1609 divinis
1129 1571 1312 1610 exhiberi
1333 1573 1574 1615 hominibus
1595 1593 1635 1626 »‚

19 1638 66 1672 ut
91 1635 189 1674 «sic
226 1646 370 1674 omnes
404 1635 454 1674 de
487 1635 597 1673 facili
631 1637 798 1684 possent
820 1633 968 1671 divinae
1003 1635 1253 1685 cognitionis
1285 1638 1508 1689 participes
1529 1642 1634 1691 fieri,

19 1698 175 1750 absque
197 1699 456 1739 dubitatione
478 1703 519 1739 et
541 1710 679 1738 errore
698 1713 736 1738 ».

71 1763 162 1802 Jam
185 1763 332 1814 collige
353 1751 651 1814 z'ntellz'yz'bz‘l'mm
671 1763 888 1802 divinorum
908 1764 987 1803 alia
1008 1764 1204 1816 distingui
1226 1770 1435 1817 oportere,
1452 1781 1546 1819 quae
1567 1782 1637 1810 na—

16 1827 152 1867 tivum
172 1827 344 1866 rationis
362 1831 513 1866 creata}
536 1828 678 1867 lumen
714 1841 786 1878 per
805 1841 892 1868 sese
923 1832 1155 1879 spectatum
1191 1843 1276 1870 non
1298 1835 1530 1880 excedunt;
1555 1836 1636 1875 alia

17 1903 131 1939 vero,
166 1902 260 1941 quae
290 1891 454 1929 nonnisi
486 1892 667 1942 gratuito
702 1893 851 1932 divinae
886 1894 1149 1933 revelationis
1194 1896 1332 1936 favore
1370 1898 1635 1940 innotescere

16 1959 206 2008 possunt.
223 1955 327 2001 Quia
346 1956 387 1993 in
409 1967 451 1994 re
472 1955 552 1994 labi
566 1958 792 1997 nonnullos
812 1958 1097 1998 animadverto
1114 1960 1221 1999 inter
1242 1961 1520 2004 heterodoxos
1539 1966 1632 2005 reli-

17 2019 151 2071 gionis
170 2019 362 2059 revelatae
392 2019 589 2067 vindices,
610 2021 696 2070 qui,
713 2022 991 2061 necessariam
1015 2035 1062 2062 ac
1084 2024 1230 2064 utilem
1259 2026 1500 2068 hominibus
1519 2042 1635 2070 reve-

16 2084 217 2124 lationem
257 2084 438 2123 divinam
473 2085 745 2134 vindicantes,
769 2091 1066 2137 argumentum
1107 2095 1281 2129 sumunt
1319 2093 1447 2132 veluti
1484 2095 1633 2144 praeci-

16 2159 161 2202 puum⁴
183 2159 233 2189 ex
252 2159 302 2188 eo
330 2149 612 2199 corruptionis
641 2153 684 2190 et
715 2151 962 2202 ignorantiae
983 2156 1109 2202 statii,
1132 2154 1177 2193 in
1197 2167 1281 2205 quo
1311 2158 1425 2196 nasci
1445 2159 1637 2199 homines

17 2211 269 2263 experimur.
290 2216 344 2252 At
362 2213 643 2263 splendidum,
659 2226 708 2254 ac
728 2220 937 2267 vegetum,
955 2223 996 2257 et
1018 2219 1163 2257 efficax
1177 2219 1303 2259 fuerit
1318 2222 1508 2262 nativum
1525 2236 1635 2263 crea-

15 2279 71 2317 tae
105 2270 256 2316 mentis
284 2278 444 2327 lumen,
465 2282 562 2318 sunt
593 2279 748 2330 absque
777 2280 903 2320 dubio
939 2282 1150 2329 veritates,
1173 2285 1224 2322 ad
1254 2286 1388 2325 Deum
1418 2288 1631 2336 pertinen-

13 2344 95 2390 tes,
116 2353 211 2393 quae
230 2342 333 2381 illud
355 2343 527 2382 omnino
548 2345 770 2384 excedunt.

67 2405 137 2445 III.
158 2406 317 2446 Divinae
351 2408 628 2457 revelationis,
650 2421 744 2459 quae
787 2411 1006 2462 utriusque
1039 2414 1200 2464 generis
1251 2415 1446 2455 veritates
1479 2417 1637 2458 divinas

16 2469 256 2520 patefaciat,
296 2471 546 2520 possibilitas
576 2473 817 2523 innotescit,
851 2476 1055 2524 decentia,
1092 2477 1263 2516 utilitas.
1286 2480 1348 2517 An
1384 2492 1427 2518 se
1457 2492 1633 2532 suaque,

17 2533 101 2574 sive
121 2533 318 2573 humanae
340 2535 492 2574 rationi
512 2538 652 2586 pervia
669 2550 744 2589 per
765 2551 811 2578 ea
824 2552 918 2590 quae
935 2541 1045 2578 sacta
1065 2545 1176 2590 sunt,
1192 2542 1275 2582 sive
1294 2544 1468 2584 rationis
1482 2545 1634 2585 huma-

10 2608 79 2638 nae
99 2598 446 2649 perquisitionem
478 2611 647 2640 omnem
679 2603 936 2650 excedentia,
960 2604 1153 2656 detegere
1174 2617 1221 2645 ac
1252 2608 1435 2648 revelare
1453 2609 1634 2649 voluerit

11 2673 257 2713 supremum
278 2664 458 2712 Numen,
480 2665 658 2715 quaestio
676 2667 776 2705 faeti
797 2671 873 2706 est.
895 2667 1078 2719 Hujusee
1098 2671 1364 2711 revelationis
1383 2675 1633 2714 exstantiam

11 2729 290 2780 revelataeque
321 2730 533 2781 religionis
554 2731 773 2770 veritatem
794 2736 982 2772 asserunt
995 2733 1157 2773 Hebraei
1184 2739 1226 2774 et
1240 2736 1475 2787 Christiani,
1491 2738 1634 2778 libros-

11 2803 95 2844 que
135 2794 355 2844 proferunt
387 2806 436 2833 ex
475 2795 633 2844 divina,
674 2799 721 2835 ut
759 2796 896 2846 aiunt,
934 2797 1206 2848 inspiratione
1241 2803 1520 2852 conscriptos,
1562 2804 1633 2853 qui

12 2856 195 2898 divinam
233 2859 575 2909 complectuntur
605 2859 902 2901 revelationem
925 2861 1113 2901 :divinas
1145 2875 1297 2915 nempe
1327 2866 1521 2905 veritates
1553 2868 1632 2906 fide

11 2921 235 2971 tenendas,
270 2922 433 2962 cultum
464 2923 721 2973 peculiarem
743 2924 1022 2965 exhibendum
1044 2928 1143 2976 Deo,
1169 2940 1390 2980 moresque
1410 2927 1630 2971 hominum
