1894 3223
677 65 765 100 ΗΒ.
793 64 858 108 ΙΙΙ,
887 63 986 99 CAP.
1014 63 1082 99 XX.
1623 59 1693 93 ‘273

73 153 118 190 ln
136 149 228 188 aliis
247 151 379 186 autem
410 146 529 183 rebus
561 145 635 182 hoc
665 144 844 181 accidere
870 153 950 181 non
972 147 1126 190 potest;
1149 146 1356 180 ostensum
1378 143 1439 178 est
1458 139 1562 177 enim
1581 139 1620 186 (l.
1648 147 1690 183 11,

71 207 108 236 c.
128 196 188 244 52)
206 194 312 243 quod
332 193 444 232 nulla
463 193 688 231 substantia
708 195 839 228 creata
856 195 915 228 cst
935 192 1066 236 ipsum
1085 199 1200 229 suum
1224 199 1314 227 esse
1331 200 1339 233 ;
1361 187 1480 232 unde,
1502 187 1537 224 si
1554 194 1694 224 secun-

71 244 168 283 dum
187 242 293 291 quod
308 250 372 280 res
388 239 574 289 quaelibet
592 239 698 277 bona
717 242 790 283 est,
813 247 892 275 non
914 243 972 275 est
994 248 1129 276 earum
1165 237 1298 284 aliqua
1319 244 1436 288 suum
1457 243 1560 287 ess-e,
1583 232 1694 287 nulla

71 299 210 328 earum
247 292 310 328 est
343 298 418 326 sua
453 287 638 330 bonitas3
661 285 728 323 sed
764 295 897 322 earum
939 286 1124 332 quaelibet
1162 284 1353 322 bonitatis
1390 284 1695 329 partlcipatione

71 338 182 378 bona.
200 340 275 383 est,
295 336 401 374 sicut
420 338 459 373 et
477 334 608 381 Ipsius
628 333 929 379 participatione
947 337 1005 370 est
1025 342 1111 369 ens.
1547 362 1551 363 γ

121 386 275 425 Rursus.
295 391 376 421 non
397 390 537 420 omnes
551 384 740 419 creaturae
758 380 798 416 in
821 389 900 417 uno
918 380 1042 426 gradu
1060 379 1250 416 bonitatis
1267 377 1577 416 constituuntur.
1599 377 1695 413 Nam

73 430 335 480 quarumdam
353 428 578 468 substantia
598 428 726 466 forma
741 431 777 464 et
801 431 913 464 actus
934 431 1008 469 est,
1028 427 1182 464 scilicet
1201 425 1264 463 cui
1287 424 1507 463 secundum
1528 423 1567 460 id
1588 421 1695 470 quod

72 482 150 523 est,
169 477 358 525 competit
383 485 474 515 esse
511 479 601 513 actu
631 479 668 512 et
700 475 849 512 bonum
871 483 973 512 esse.
994 473 1260 518 Quorumdam
1287 481 1380 509 vero
1403 470 1628 508 substantia
1647 479 1695 507 ex

72 525 242 565 materia
261 528 300 562 et
321 525 447 562 forma
468 523 692 569 composita
711 526 784 566 est,
807 521 869 558 cui
903 522 1091 567 competit
1122 524 1212 558 actu
1236 529 1325 557 esse
1347 523 1383 555 et
1408 519 1556 556 bonum
1591 525 1694 562 esse,

74 572 146 612 sed
168 572 389 611 secundum
410 571 560 618 aliquid
581 570 658 615 sui,
673 569 826 607 scilicet
847 569 1066 606 secundum
1086 568 1267 605 sormam.
1285 566 1425 603 Divina
1444 566 1565 611 igitur
1585 563 1698 617 subs-

74 620 203 658 tantia
233 628 308 658 sua
338 618 500 656 bonitas
536 621 622 663 est;
657 616 882 655 substantia
912 624 1005 653 vero
1042 615 1210 661 simplex
1241 614 1458 651 bonitatem
1490 612 1699 658 participat

76 666 297 706 secundum
321 665 358 703 id
395 665 500 713 quod
534 669 617 709 cst;
641 663 864 702 substantia
893 668 1022 700 autem
1044 661 1279 709 composita,
1298 660 1517 698 secundum
1547 658 1698 711 aliquid

77 715 157 753 sui.
180 716 222 751 ln
244 715 319 752 hoc
339 717 470 751 autem
491 713 607 749 tertio
628 711 752 759 gradu
770 710 1083 749 substantiarum
1103 710 1246 746 iterum
1267 707 1478 746 diversitas
1497 707 1697 743 invenitur

77 765 271 809 quantum
292 760 341 798 ad
362 761 491 806 ipsum
515 769 617 797 osse.
639 761 735 796 Nam
770 758 1031 806 quorumdam
1053 768 1098 793 ex
1120 756 1284 793 materia
1303 758 1342 792 et
1359 755 1487 792 forma
1502 752 1697 799 composi‘

77 813 210 846 torum
231 811 353 846 totam
374 807 547 844 materiae
575 806 789 853 potentiam
812 806 938 843 forma
957 805 1157 850 adimplet,
1175 804 1229 841 ita
1248 803 1354 851 quod
1370 811 1452 840 non
1469 804 1646 838 remanet
1656 800 1699 853 in

77 855 244 894 materia
258 855 435 902 potentia
453 854 501 892 ad
524 854 641 891 aliam
664 853 844 898 sormam,
867 857 905 889 et
924 862 992 898 per
1011 860 1264 898 consequens
1300 859 1374 887 nec
1400 849 1442 887 in
1469 849 1602 895 aliqua
1622 847 1700 884 alia

78 903 246 941 materia
258 902 434 949 potentia
446 901 495 939 ad
509 901 611 938 hanc
627 901 795 937 sormam
812 911 822 944 ;
844 903 882 936 et
896 899 1090 945 ejusmodi
1107 903 1201 936 sunt
1220 907 1388 945 corpora
1402 896 1592 940 coelestia,
1612 903 1700 942 quae

80 960 128 988 ex
146 953 230 988 tota
249 949 414 987 materia
431 958 505 986 sua
532 951 730 985 constant.
756 947 1025 991 Quorumdam
1043 955 1134 984 vero
1168 946 1296 983 forma
1321 954 1402 982 non
1435 944 1558 990 replet
1576 947 1699 980 totam

79 997 254 1035 materiae
273 995 516 1044 potentiam3
542 995 646 1032 unde
678 994 807 1031 adhuc
839 994 880 1031 in
914 994 1078 1031 materia
1107 996 1283 1031 remanet
1308 992 1486 1038 potentia
1505 991 1553 1027 ad
1581 990 1700 1027 aliam

80 1046 248 1083 formam
268 1071 278 1088 ,
307 1047 346 1081 et
384 1042 426 1079 in
458 1042 592 1089 aliqua
628 1041 802 1078 materiae
834 1044 943 1086 parte
971 1044 1148 1077 remanet
1184 1039 1361 1085 potentia
1394 1038 1444 1076 ad
1483 1038 1586 1074 hanc
1622 1038 1699 1074 sor-

79 1101 200 1135 mam,
221 1091 326 1128 sicut
356 1092 462 1136 patet
493 1089 534 1126 in
571 1088 778 1126 elementis
810 1091 849 1124 et
879 1087 1140 1125 elementatis.
1174 1087 1275 1131 Quia
1303 1094 1397 1123 vero
1434 1085 1601 1131 privatio
1640 1085 1702 1121 est

79 1138 255 1186 negatio,
276 1137 317 1174 in
336 1136 573 1180 substantia,
605 1136 692 1182 ejus
717 1135 823 1183 quod
849 1134 1083 1172 substantiae
1109 1138 1241 1180 potest
1270 1134 1417 1177 inesse,
1444 1132 1702 1168 manifestum

80 1191 140 1224 est
161 1184 267 1232 quod
286 1193 376 1222 cum
394 1184 469 1221 hac
491 1183 618 1221 forma
638 1192 726 1229 quae
743 1191 826 1220 non
844 1182 982 1228 implet
1001 1186 1124 1219 totam
1143 1181 1318 1219 materiae
1333 1180 1550 1227 potentiam
1565 1178 1703 1225 adjtm-

111 1234 188 1270 itur
204 1231 371 1279 privatio
395 1231 557 1275 formae3
580 1240 667 1277 quae
693 1228 853 1277 quidem
887 1229 1048 1276 adjungi
1070 1238 1151 1266 non
1171 1232 1302 1275 potest
1331 1227 1566 1265 substantiae
1586 1224 1702 1272 cujus

99 1279 365 1325 ormaimplet
381 1281 505 1316 totam
537 1277 711 1315 materiae
742 1277 975 1324 potentiam,
1002 1286 1131 1324 neque
1160 1277 1218 1313 illi
1249 1285 1337 1323 quae
1369 1278 1430 1312 cst
1468 1274 1596 1311 foi-ma
1634 1281 1705 1320 per

82 1336 198 1365 suam
218 1325 451 1372 essentiam,
472 1329 511 1363 et
527 1325 652 1363 multo
676 1324 811 1362 minus
831 1324 890 1362 illi
909 1324 1023 1371 cujus
1039 1324 1215 1361 essentia
1229 1327 1289 1360 est
1307 1323 1439 1369 ipsum
1457 1330 1573 1359 suum
1597 1329 1701 1358 esse.

53 1401 56 1403 »
84 1376 212 1419 Quum
233 1377 364 1411 autem
387 1372 644 1410 manifestum
665 1372 719 1409 sit
742 1371 849 1419 quod
879 1375 1012 1409 motus
1041 1381 1122 1409 non
1153 1374 1284 1417 potest
1313 1379 1403 1408 esse
1435 1369 1502 1407 ubi
1533 1377 1615 1405 non
1645 1370 1706 1405 est

82 1421 262 1468 potentia
281 1420 330 1458 ad
350 1419 472 1465 aliud,
492 1419 587 1467 quia
617 1423 750 1457 motus
771 1422 831 1456 est
857 1422 969 1456 actus
992 1418 1201 1456 existentis
1229 1417 1270 1455 in
1305 1417 1499 1464 potentia,
1531 1416 1705 1462 itemque

84 1468 341 1506 manifestum
361 1467 414 1504 sit
434 1466 540 1513 quod
557 1466 706 1503 malum
724 1469 785 1503 est
804 1466 892 1512 ipsa
911 1466 1077 1512 privatio
1097 1465 1207 1509 honi,
1233 1465 1394 1511 planum
1425 1469 1485 1501 est
1513 1462 1633 1509 quod,
1663 1462 1706 1499 in

85 1516 163 1553 hoc
190 1515 331 1552 ultimo
351 1513 665 1551 substantiarum
685 1513 838 1558 ordine,
861 1517 921 1550 est
940 1513 1089 1550 bonum
1117 1512 1306 1550 mutabile
1328 1521 1417 1548 cum
1441 1510 1705 1557 permixtione

84 1563 179 1600 mali
201 1560 375 1608 oppositi
395 1570 438 1598 se
458 1560 628 1604 habens3
652 1560 756 1607 quod
786 1560 828 1597 in
848 1560 1122 1606 superioribus
1154 1558 1469 1597 substantiarum
1496 1556 1705 1594 ordinibus

85 1610 264 1648 accidere
284 1617 365 1646 non
385 1611 527 1655 potest.
550 1605 732 1645 Possidet
752 1607 873 1655 igitur
893 1608 976 1644 haec
1004 1607 1228 1644 substantia
1261 1606 1401 1643 ultimo
1434 1605 1553 1643 modo
1587 1604 1704 1649 dicta,

87 1657 192 1696 sicut
211 1656 394 1693 ultimum
413 1654 577 1707 gradum
600 1655 639 1691 in
661 1664 762 1694 esse,
782 1655 838 1691 ita
857 1655 1040 1692 ultimum
1060 1654 1225 1701 gradum
1246 1654 1289 1691 in
1308 1653 1498 1691 bonitate.

133 1705 240 1741 Inter
258 1706 389 1750 partes
409 1706 527 1739 etiam
547 1702 666 1748 hujus
691 1702 925 1739 substantiae
957 1711 1005 1738 ex
1033 1702 1198 1739 materia
1229 1704 1268 1738 et
1297 1701 1426 1738 forma
1459 1699 1705 1746 compositae,

84 1751 278 1790 honitatis
293 1749 392 1787 ordo
408 1749 621 1786 invenitur.
640 1750 768 1793 Quum
790 1749 895 1785 enim
917 1750 1083 1786 materia
1101 1749 1155 1786 sit
1177 1757 1249 1786 ens
1280 1749 1320 1785 in
1352 1747 1530 1795 potentia
1564 1756 1706 1783 secun-

87 1798 182 1836 dum
200 1806 244 1836 se
263 1796 528 1841 considerata,
551 1796 678 1833 forma
697 1805 788 1833 vero
805 1797 856 1833 sit
870 1799 982 1833 actus
1004 1796 1104 1842 ejus,
1119 1795 1345 1833 substantia
1370 1803 1463 1832 vero
1485 1794 1709 1840 composita

87 1846 141 1884 sit
157 1848 246 1882 actu
264 1844 462 1882 exsistens
482 1853 552 1890 per
572 1843 753 1884 formam,
784 1843 911 1880 soi-ma
945 1844 1106 1890 quidem
1140 1843 1214 1880 erit
1251 1842 1472 1880 secundum
1511 1851 1553 1878 se
1587 1841 1705 1886 hona,

87 1891 314 1931 substantia
327 1900 421 1929 vero
442 1891 665 1938 composita
681 1894 799 1937 prout
818 1894 906 1928 actu
929 1890 1046 1928 habet
1066 1891 1247 1935 formam,
1267 1890 1431 1927 materia
1451 1898 1544 1926 vero
1565 1897 1707 1925 secun-

88 1940 182 1993 dum
201 1938 310 1987 quod
329 1942 390 1976 est
408 1938 451 1975 in
470 1938 648 1985 potentia
666 1938 715 1975 ad
736 1938 917 1975 sormam.
940 1939 984 1974 Et
1006 1938 1097 1975 licet
1129 1937 1441 1985 unumquodque
1474 1936 1526 1974 sit
1557 1935 1708 1973 bonum

86 1996 131 2024 m
152 1989 344 2034 quantum
365 1989 425 2023 est
444 1994 530 2030 ens,
549 1994 630 2023 non
650 1988 783 2022 tamen
805 1988 958 2032 oportet
978 1985 1084 2032 quod
1105 1985 1283 2030 materia,
1305 1994 1393 2032 quae
1410 1987 1469 2022 est
1483 1993 1554 2021 ens
1577 1983 1710 2021 solum

86 2034 131 2072 in
147 2032 338 2080 potentia,
360 2033 413 2070 sit
431 2032 538 2070 bona
551 2032 682 2070 solum
703 2032 744 2070 in
756 2032 950 2079 potentia;
973 2041 1045 2070 ens
1065 2033 1171 2069 enim
1186 2032 1368 2070 absolute
1384 2031 1540 2076 dicitur,
1559 2031 1710 2067 bonum

87 2084 279 2133 autem-et
295 2080 339 2117 in
358 2079 498 2117 ordine
518 2080 724 2124 consistit3
746 2089 827 2117 non
849 2079 954 2117 enim
970 2079 1100 2117 solum
1122 2079 1273 2127 aliquid
1289 2079 1439 2117 bonum
1459 2078 1603 2116 dicitur
1617 2077 1709 2124 quia

89 2131 151 2165 est
172 2127 264 2165 finis
282 2126 344 2164 vel
364 2127 457 2174 quia
477 2130 538 2164 est
556 2127 742 2165 obtinens
763 2126 897 2172 finem,
919 2127 989 2164 sed
1010 2127 1166 2164 etiamsi
1188 2127 1366 2164 nondum
1391 2126 1440 2164 ad
1475 2125 1596 2162 finem
1622 2134 1710 2171 per*

87 2174 255 2227 venerit,
275 2173 491 2212 dummodo
511 2174 564 2211 sit
583 2173 809 2211 ordinatum
830 2173 872 2211 in
893 2173 1026 2218 finem,
1059 2184 1108 2211 ex
1143 2174 1220 2212 hoc
1249 2174 1339 2221 ipso
1371 2173 1516 2211 dicitur
1544 2172 1705 2209 bonum.

88 2223 361 2274 Materia-ergo
379 2229 460 2258 non
480 2224 611 2267 potest
631 2220 865 2267 simpliciter
882 2220 960 2258 dici
980 2230 1053 2258 ens
1068 2231 1116 2258 ex
1127 2221 1204 2259 hoc
1224 2221 1332 2269 quod
1346 2225 1408 2258 est
1429 2220 1606 2267 potentia
1621 2228 1707 2260 ens,

89 2277 133 2305 111
152 2276 231 2316 quo
251 2270 486 2320 importatur
506 2268 603 2305 ordo
624 2268 673 2305 ad
694 2277 803 2313 esse;
831 2271 963 2314 potest
999 2271 1131 2306 autem
1164 2278 1212 2306 ex
1249 2269 1326 2305 hoc
1360 2267 1594 2314 simpliciter
1632 2266 1710 2303 dici

88 2315 373 2368 bonahpropter
387 2314 566 2352 ordinem
590 2315 736 2361 ipsum.
753 2317 795 2352 ln
815 2324 895 2362 quo
916 2318 1076 2362 apparet
1092 2315 1198 2362 quod
1211 2314 1362 2353 bonum
1374 2313 1711 2362 quodammmodo

89 2362 298 2409 amplioris
336 2365 397 2399 est
430 2361 604 2399 ambitus
624 2371 743 2409 quam
764 2370 850 2399 ens.
884 2363 1047 2408 Propter
1081 2363 1187 2409 quod
1229 2362 1446 2409 Dionysius
1479 2361 1574 2398 dicit
1603 2359 1712 2408 quod

50 2446 57 2452 ,
90 2410 222 2446 bonum
240 2419 277 2446 se
295 2408 457 2445 extendit
476 2408 525 2445 ad
543 2410 736 2445 existentia
753 2412 788 2445 et
802 2419 873 2445 non
891 2411 1085 2446 emistentta
1098 2409 1163 2455 (De
1179 2409 1296 2446 divin.
1311 2410 1464 2449 nomin„
1486 2418 1520 2445 c.
1545 2408 1596 2455 4);
1618 2416 1711 2444 nam

90 2461 129 2510 et
147 2456 236 2510 ipsa
255 2465 336 2509 non
357 2455 580 2508 existentia,
602 2456 754 2493 scilicet
773 2456 951 2501 materia,
974 2455 1311 2504 secundumquod
1330 2455 1455 2493 intelli
1489 2455 1567 2492 itur
1586 2455 1712 2501 priva-

88 2507 191 2541 tiom
212 2503 404 2550 subjecta,
422 2506 570 2549 appetlt
588 2502 738 2540 bonum
759 2502 912 2540 scilicet
933 2512 1041 2548 esse;
1062 2512 1111 2541 ex
1138 2511 1218 2551 quo
1237 2505 1344 2550 patet
1374 2511 1453 2551 quo
1509 2501 1628 2539 etiam
1660 2501 1713 2539 sit

88 2549 221 2596 bona3
250 2550 351 2587 nihil
371 2550 477 2587 enim
498 2549 807 2597 appetitbonum
823 2549 902 2587 nisi
920 2549 1084 2587 bonum.

139 2599 206 2635 Est
227 2601 360 2635 autem
379 2600 419 2634 et
437 2597 515 2634 alio
536 2596 655 2634 modo
675 2601 864 2634 creaturae
895 2596 1054 2634 bonitas
1086 2606 1110 2634 a
1141 2597 1318 2634 bonitate
1341 2596 1476 2634 divina
1505 2596 1708 2635 deficiens.

89 2643 204 2691 Nam,
224 2645 330 2682 sicut
347 2643 497 2682 dictum
535 2646 609 2689 est,
651 2645 756 2681 Deus
794 2644 944 2690 inipso
972 2653 1046 2680 suo
1078 2653 1168 2681 esse
1196 2653 1395 2683 summam
1427 2644 1712 2691 perfectionem

92 2691 245 2744 obtinet
277 2692 489 2737 bonitatis;
526 2700 590 2729 res
629 2694 760 2728 autem
792 2695 923 2728 creata
951 2700 1064 2728 suam
1096 2691 1379 2737 perfectionem
1410 2701 1493 2729 non
1531 2693 1711 2738 possidet

91 2747 135 2774 1n
169 2747 265 2792 uno,
306 2738 377 2776 sed
409 2740 451 2776 in
486 2738 640 2776 multis.
685 2738 798 2782 Quod
835 2738 941 2775 enim
973 2743 1033 2775 est
1068 2738 1107 2774 in
1150 2747 1337 2784 supremo
1370 2739 1541 2785 unitum,
1577 2740 1711 2778 multi-

91 2784 242 2830 plexm
261 2786 411 2824 infimis
433 2786 652 2831 invenitur3
671 2785 776 2822 unde
808 2786 911 2822 Deus
941 2785 1162 2823 secundum
1195 2786 1302 2824 idem
1340 2785 1485 2824 dicitur
1513 2796 1601 2824 esse
1635 2787 1711 2824 vir-

93 2834 250 2878 tuosus,
272 2833 433 2880 sapiens
453 2836 491 2871 et
505 2842 694 2880 operans;
720 2836 901 2870 creatura
925 2841 1035 2879 vero,
1068 2832 1289 2872 secundum
1316 2833 1495 2880 diversa3
1522 2838 1711 2881 tantoque
