1894 3223
158 136 226 171 446
716 130 804 165 Liss.
831 130 895 172 111,
923 129 1024 165 CAP.
1053 121 1229 166 cxxxiii.

159 214 350 252 mittenda
371 215 431 249 est
459 209 687 248 sollicitudo
708 218 846 247 eorum
877 219 964 256 quae
997 213 1091 247 sunt
1121 211 1351 248 necessaria
1381 210 1431 248 ad
1466 211 1585 247 vitam
1623 215 1784 258 propter

161 261 489 305 impedimentum
510 257 874 302 contemplationis.

207 307 392 351 Sequitur
410 305 527 340 etiam
550 304 649 340 mira
670 302 909 340 absurditas.
933 303 1019 340 Pari
1040 303 1147 341 enim
1165 304 1320 341 ratione
1339 308 1471 350 potest
1489 303 1634 344 dicere.
1670 303 1777 350 quod

161 362 241 389 non
262 352 356 387 velit
395 351 611 394 ambulare,
633 354 701 387 aut
737 350 890 395 aperire
925 358 972 387 os
1009 350 1058 388 ad
1095 351 1308 395 edendum,
1343 354 1411 387 aut
1447 351 1583 398 fugere
1612 351 1783 396 lapidem

159 399 378 441 cadentem,
403 402 468 433 aut
489 397 665 443 gladium
697 397 910 433 irruentem
930 408 939 439 ;
960 397 1031 434 sed
1067 401 1271 443 expectare
1303 398 1408 444 quod
1443 399 1547 434 Deus
1579 401 1780 443 operetur,

159 445 264 492 quod
289 448 348 481 est
386 445 508 480 Deum
547 447 711 480 tentare.
733 445 819 480 Non
851 447 912 480 est
935 444 1055 491 igitur
1085 443 1315 481 sollicitudo
1334 445 1463 483 victus
1488 444 1662 482 totaliter
1690 443 1785 491 abji-

159 492 313 529 cienda.

771 595 940 638 CAPUT
969 595 1182 639 CXXXIII.

638 706 822 746 QUOMODO
846 709 1073 739 PAUPERTAS
1100 709 1162 739 SIT
1185 709 1304 740 BONA.

210 821 257 858 Ut
277 823 407 857 autem
427 819 724 865 praemissorum
747 818 893 855 veritas
913 817 1203 862 manifestetur,
1224 817 1321 865 quid
1350 817 1399 855 de
1429 822 1658 864 paupertate
1692 827 1783 856 sen-

164 867 343 904 tiendum
377 867 429 903 sit
459 875 507 902 ex
537 866 686 902 divitiis
724 865 1040 902 consideremus.
1063 865 1285 902 Exteriores
1318 865 1478 912 quidem
1512 865 1657 902 divitiae
1689 869 1785 902 sunt

162 913 400 951 necessariae
422 912 470 950 ad
490 913 638 949 bonum
659 912 830 956 virtutis,
851 921 940 949 cum
960 921 1030 958 per
1067 921 1135 948 eas
1155 915 1427 949 sustentemus
1461 921 1608 958 corpus
1628 915 1666 949 et
1695 913 1786 950 aliis

162 961 461 998 subveniamus.
484 960 645 1006 Oportet
664 963 794 996 autem
827 959 932 1005 quod
951 969 997 995 ea
1016 968 1102 1005 quae
1124 962 1217 996 sunt
1243 959 1291 996 ad
1323 958 1442 996 finem
1480 969 1524 996 ex
1560 958 1639 996 fine
1669 958 1785 996 boni·

161 1011 279 1044 tatem
303 1007 511 1052 accipiant.
533 1008 704 1043 Necesse
722 1015 816 1052 ergo
845 1010 905 1043 est
936 1006 1041 1052 quod
1075 1006 1289 1043 exteriores
1325 1006 1470 1043 divitiae
1505 1006 1586 1043 sint
1621 1006 1783 1052 aliquod

162 1054 311 1091 bonum
339 1053 529 1096 hominis,
562 1062 642 1090 non
678 1058 810 1090 tamen
840 1053 1058 1099 principale
1094 1053 1163 1089 sed
1195 1053 1310 1100 quasi
1344 1053 1622 1090 secundarium
1649 1065 1656 1096 ;
1692 1062 1783 1089 nam

164 1101 256 1138 finis
278 1100 547 1146 principaliter
566 1100 714 1137 bonum
738 1104 810 1143 est,
851 1100 929 1136 alia
959 1109 1051 1136 vero
1083 1100 1301 1136 secundum
1335 1100 1440 1147 quod
1475 1100 1709 1137 ordinantur
1743 1100 1783 1136 in

163 1148 298 1184 finem.
320 1149 480 1193 Propter
500 1147 575 1184 1100
595 1147 830 1193 quibusdam
853 1147 982 1183 visum
1005 1150 1065 1183 est
1084 1146 1189 1192 quod
1209 1147 1374 1183 virtutes
1392 1147 1473 1184 sint
1492 1147 1664 1183 maxima
1676 1146 1782 1183 bona

163 1194 352 1237 hominis,
376 1192 590 1230 exteriores
611 1197 740 1230 autem
763 1193 908 1230 divitiae
928 1194 1106 1240 quaedam
1128 1193 1294 1230 minima
1314 1194 1432 1230 bona.

212 1242 372 1286 Oportet
393 1245 522 1277 autem
544 1240 648 1286 quod
671 1250 717 1277 ea
737 1249 824 1286 quae
846 1245 938 1276 sunt
959 1240 1004 1276 ad
1028 1240 1159 1280 finem,
1174 1241 1334 1277 modum
1349 1239 1543 1286 accipiant
1559 1239 1783 1277 secundum

166 1288 403 1333 exigentiam
424 1287 529 1324 finis.
552 1289 595 1323 In
616 1292 768 1323 tantum
791 1287 912 1333 igitur
932 1287 1077 1323 divitiae
1100 1287 1203 1323 bona
1237 1291 1330 1324 sunt
1361 1288 1402 1324 in
1435 1292 1626 1334 quantum
1659 1286 1783 1332 profi-

167 1336 277 1370 ciunt
298 1334 344 1370 ad
368 1343 484 1370 usum
506 1333 676 1371 virtutis.
696 1334 734 1370 Si
757 1343 848 1370 vero
874 1334 948 1370 iste
977 1334 1121 1371 modus
1148 1334 1361 1371 excedatur
1387 1338 1430 1371 ut
1463 1343 1534 1380 per
1561 1343 1629 1371 eas
1661 1335 1786 1379 impe·

167 1381 297 1417 diatur
318 1389 417 1417 usus
438 1380 608 1424 virtutis,
643 1389 722 1417 non
750 1380 832 1426 jam
867 1380 969 1416 inter
1003 1381 1107 1417 bona
1135 1385 1229 1417 sunt
1255 1381 1545 1426 computandae,
1575 1380 1646 1418 sed
1682 1381 1787 1417 inter

165 1429 282 1463 mala.
304 1427 412 1463 Unde
433 1426 576 1463 accidit
595 1427 833 1472 quibusdam
856 1427 1002 1463 bonum
1023 1436 1111 1464 esse
1133 1427 1278 1464 habere
1305 1427 1461 1468 divitas,
1484 1428 1550 1474 qui
1587 1427 1646 1464 eis
1666 1431 1785 1464 utun-

163 1478 228 1509 tur
249 1474 294 1509 ad
313 1474 496 1510 virtutem
516 1484 526 1517 ;
548 1473 784 1520 quibusdam
804 1483 897 1510 vero
919 1474 1066 1510 malum
1089 1483 1178 1510 esse
1201 1483 1268 1511 eas
1288 1474 1447 1519 babere,
1470 1474 1536 1520 qui
1557 1482 1627 1520 per
1660 1483 1728 1513 cas
1762 1483 1787 1511 3

160 1522 304 1556 virtute
326 1520 580 1556 retrahuntur
598 1520 658 1556 vel
679 1521 803 1556 nimia
822 1520 1093 1557 sollicitudine
1113 1521 1173 1557 vel
1212 1521 1336 1557 nimia
1357 1520 1566 1558 affectione
1586 1521 1633 1557 ad
1675 1521 1784 1566 ipsas

162 1568 223 1603 vel
244 1568 361 1603 etiam
385 1567 530 1604 mentis
551 1567 721 1605 elatione
743 1577 789 1603 ex
810 1568 867 1604 eis
882 1572 1162 1614 consurgente.

211 1613 297 1657 Sed,
317 1623 406 1650 cum
428 1614 687 1651 sintvirtutes
708 1614 843 1651 activae
864 1615 952 1651 vitae
974 1620 1009 1651 et
1029 1614 1481 1660 contemplativae,aliter
1496 1618 1673 1661 utraeque
1691 1614 1786 1651 divi·

161 1661 228 1697 tiis
251 1660 513 1698 exterioribus
535 1661 728 1707 indigent.
748 1663 843 1698 Nam
864 1662 1029 1698 virtutes
1051 1661 1366 1708 contemplativae
1387 1661 1567 1708 indigent
1587 1661 1635 1698 ad
1653 1662 1783 1698 solam

164 1708 496 1744 sustentationem
519 1711 695 1752 naturae3
725 1708 891 1745 virtutes
924 1713 1054 1745 autem
1082 1709 1218 1746 activae
1250 1709 1430 1755 indigent
1464 1709 1512 1745 ad
1544 1709 1621 1746 hoc
1659 1712 1696 1744 et
1733 1708 1784 1746 ad

161 1754 477 1791 subveniendum
499 1754 590 1791 aliis
611 1764 699 1791 cum
719 1754 864 1801 quibus
882 1755 1170 1792 convivendum
1191 1759 1264 1793 est.
1285 1756 1393 1793 Unde
1411 1759 1449 1792 et
1478 1755 1785 1801 contemplativa

159 1802 240 1837 vita
259 1802 374 1837 etiam
398 1801 439 1836 in
461 1801 536 1838 hoc
556 1801 767 1847 perfectior
785 1806 845 1839 est
881 1802 985 1848 quod
1010 1803 1267 1848 paucioribus
1299 1803 1464 1849 indiget.
1484 1803 1538 1839 Ad
1562 1811 1678 1849 quam
1701 1802 1785 1848 qui-

161 1848 250 1884 dem
271 1848 390 1884 vitam
412 1848 608 1893 pertinere
627 1848 783 1885 videtur
810 1849 914 1894 quod
941 1850 1114 1886 totaliter
1148 1850 1269 1886 homo
1303 1849 1450 1886 divinis
1486 1849 1604 1886 rebus
1638 1852 1780 1886 vacet:

160 1903 279 1940 quam
301 1894 459 1940 quidem
487 1895 767 1940 perfectionem
803 1896 981 1932 doctrina
1017 1896 1160 1933 Christi
1190 1896 1344 1933 bomini
1365 1895 1518 1933 suadet.
1541 1895 1648 1932 Unde
1679 1896 1783 1933 hanc

158 1941 442 1986 perfectionem
464 1942 709 1978 sectantibus
730 1942 938 1978 minimum
961 1943 1007 1978 de
1027 1943 1289 1980 exterioribus
1311 1942 1460 1980 divitiis
1479 1942 1643 1986 sufficit,
1660 1951 1783 1988 quan-

159 1991 241 2023 tum
266 1988 419 2024 scilicet
438 1996 603 2024 necesse
624 1988 753 2025 estad
774 1989 1105 2026 sustentationem
1132 1992 1283 2026 naturae
1318 2001 1327 2025 :
1360 1989 1466 2026 unde
1498 1992 1536 2026 et
1567 1989 1782 2035 Apostolus

159 2033 267 2078 dicit,
293 2036 301 2069 l
325 2034 436 2078 Tim.‚
458 2043 514 2078 VI,
534 2036 554 2071 8
577 2046 585 2070 :
606 2035 781 2070 Habentes
802 2036 984 2076 alimenta,
998 2039 1031 2071 et
1051 2036 1181 2081 quibus
1198 2039 1378 2080 teqamur,
1397 2037 1454 2072 his
1474 2037 1630 2072 contenti
1641 2046 1779 2074 sumus.

209 2082 424 2126 Paupertas
446 2081 567 2127 igitur
587 2081 798 2118 laudabilis
827 2086 899 2126 est,
921 2083 961 2118 in
991 2086 1183 2129 quantum
1213 2083 1416 2120 hominem
1447 2082 1590 2120 liberat
1627 2082 1675 2120 ab
1714 2083 1781 2121 his

156 2127 265 2164 vitiis
286 2127 430 2174 quibus
449 2127 570 2174 aliqui
592 2137 660 2174 per
679 2128 836 2166 divitias
854 2129 1108 2175 implicantur
1128 2141 1137 2166 :
1155 2129 1198 2166 in
1218 2133 1408 2177 quantum
1430 2133 1560 2167 autem
1582 2129 1781 2168 sollicitu-

158 2173 290 2210 dinem
313 2175 415 2210 tollit
434 2184 520 2221 quae
540 2184 587 2212 ex
606 2175 756 2213 divitiis
777 2177 997 2223 consurgit,
1017 2180 1076 2213 est
1094 2176 1206 2214 utilis
1238 2177 1493 2224 quibusdam,
1524 2177 1593 2224 qui
1626 2177 1781 2215 scilicet

158 2225 253 2258 sunt
273 2221 325 2257 ita
347 2221 545 2267 dispositi,
567 2225 611 2258 ut
630 2222 736 2259 eirca
765 2223 930 2260 meliora
946 2227 1214 2269 occupentur;
1248 2224 1487 2272 quibusdam
1505 2232 1600 2262 vero
1619 2223 1779 2269 nociva,

157 2268 240 2313 qui,
264 2268 310 2304 ab
332 2268 405 2304 hac
424 2268 694 2306 sollicitudine
713 2269 882 2315 liberati,
915 2270 957 2307 in
987 2271 1143 2317 pejores
1170 2271 1454 2317 occupationes
1486 2271 1645 2309 cadunt.
1668 2271 1779 2308 Unde

157 2315 370 2361 Gregorius
391 2315 486 2351 dicit
505 2315 546 2352 in
564 2319 677 2353 sexto
697 2317 827 2354 Μοναι.
849 2329 859 2353 :
879 2318 987 2363 Saepe
1004 2318 1071 2365 qui
1101 2320 1282 2363 occupati
1303 2318 1405 2355 bene
1425 2318 1613 2356 humanis
1632 2317 1779 2356 usibus

155 2362 345 2407 viverent,
367 2362 501 2409 gladio
522 2371 606 2401 suae
624 2364 769 2410 quietis
800 2365 983 2401 exstincti
1014 2367 1185 2402 sunt.1n
1216 2369 1407 2411 quantum
1437 2374 1532 2402 vero
1564 2369 1778 2412 paupertas

157 2408 284 2445 aufert
303 2409 451 2445 bonum
473 2409 578 2456 quod
599 2419 646 2446 ex
675 2410 823 2448 divitiis
855 2412 1049 2456 provenit,
1071 2411 1224 2448 scilicet
1256 2412 1558 2449 subventionem
1591 2412 1775 2456 aliorum,

157 2459 192 2490 et
217 2456 507 2492 sustentionem
526 2457 724 2503 propriam
747 2458 924 2504 impedit,
947 2458 1181 2504 simpliciter
1196 2459 1345 2496 malum
1366 2463 1426 2497 est
1442 2471 1452 2503 ;
1471 2459 1550 2497 nisi
1578 2459 1620 2496 in
1652 2468 1777 2506 quan-

155 2505 236 2537 tum
280 2502 489 2540 subventio
525 2513 605 2551 qua
644 2504 686 2540 in
718 2505 1003 2550 temporalibus
1036 2505 1231 2552 proximis
1261 2506 1508 2550 subvenitur,
1543 2515 1614 2552 per
1647 2505 1775 2551 maJ’us

158 2548 307 2601 bonum
329 2553 459 2595 potest
479 2552 788 2597 recompensari,
810 2551 964 2588 scilicet
997 2561 1066 2598 per
1088 2553 1165 2589 hoc
1185 2553 1290 2599 quod
1313 2553 1433 2590 homo
1453 2552 1604 2590 divitiis
1634 2560 1776 2589 carens

155 2594 320 2645 liberius
342 2600 473 2648 potest
493 2597 638 2634 divinis
657 2601 694 2634 et
715 2598 989 2644 spiritualibus
1009 2608 1161 2636 vacare.
1184 2601 1337 2637 Bonum
1358 2604 1489 2637 autem
1521 2599 1776 2637 sustentatio-

159 2648 223 2676 nis
241 2651 409 2687 propriae
430 2643 529 2681 adeo
550 2646 821 2682 necessarium
843 2650 917 2691 est,
949 2646 1055 2692 quod
1086 2646 1198 2683 nullo
1227 2647 1307 2684 alio
1340 2647 1448 2684 bono
1479 2645 1774 2690 recompensari

153 2691 283 2731 potest
306 2700 312 2723 :
336 2690 485 2727 nullius
507 2691 612 2727 enim
629 2691 724 2728 boni
746 2692 907 2729 obtentu
930 2692 1044 2729 debet
1065 2692 1187 2731 homo
1210 2693 1286 2731 sibi
1321 2693 1650 2731 sustentationem
1682 2692 1772 2729 vitae

155 2732 639 2786 subtrahere.-Paupertas
659 2738 781 2785 igitur
799 2739 892 2776 talis
924 2739 1135 2777 laudabilis
1165 2744 1225 2777 est
1256 2749 1347 2778 cum
1382 2741 1501 2777 bomo
1529 2747 1598 2785 per
1627 2747 1712 2775 eam
1749 2748 1774 2776 a

155 2779 495 2831 sollicitudinibus
516 2785 684 2823 terrenis
703 2785 906 2827 liberatus,
928 2786 1093 2824 liberius
1112 2787 1258 2824 divinis
1277 2790 1317 2824 et
1340 2785 1613 2832 spiritualibus
1633 2789 1771 2831 vacat;

157 2829 214 2862 ita
233 2829 364 2862 tamen
387 2829 491 2880 quod
521 2839 610 2867 cum
630 2841 677 2869 ea
711 2837 913 2869 remaneat
944 2833 1112 2870 facultas
1141 2833 1294 2870 homini
1321 2842 1392 2879 per
1421 2832 1572 2869 licitum
1607 2832 1770 2870 modum

155 2873 405 2910 sustentandi
436 2883 628 2922 seipsum,
659 2878 707 2916 ad
745 2880 851 2926 quod
889 2880 1014 2917 multa
1050 2881 1327 2927 requiruntur;
1366 2883 1404 2916 et
1436 2883 1586 2926 quanto
1622 2879 1767 2917 modus
