1838 3227
331 0 438 35 ’,Ὺ-Σ*
456 0 470 21 t

369 110 506 149 BERN.
531 110 690 148 uARlAE
716 110 776 146 DE
800 107 966 145 RUBEIS
992 107 1305 144 DISSERTATIO.
1566 109 1650 144 xm

36 212 160 255 verba
176 210 336 254 suntin
350 209 487 262 elogio
508 208 666 250 laudati
690 208 875 248 Silvestri
897 220 907 248 ε
934 222 954 246 α
974 207 1228 248 Prodierunt
1246 205 1574 259 (Commentario)
1592 205 1646 247 ab

37 276 127 329 ejus
145 277 280 317 morte
297 273 410 326 (quae
428 272 582 313 accidit
601 284 712 313 anno
735 273 868 324 1528),
890 273 1079 322 seorsim,
1099 275 1144 313 et
1164 272 1253 312 sine
1273 274 1390 311 textu
1422 272 1464 311 S.
1486 273 1645 312 Docto·

36 341 109 391 ris,
122 339 287 381 Parisiis
302 339 428 387 1552;
444 337 488 376 in
500 337 575 377 fol.
588 337 920 390 Lugduni1567,
936 340 979 376 et
995 337 1230 388 Antverpiae
1246 336 1370 384 1568ς
1387 338 1532 387 postea
1547 347 1646 376 cum

36 405 77 445 S.
97 403 270 446 Thomae
290 403 472 453 Operum
495 401 752 442 editionibus
770 402 1032 452 generalibus
1048 405 1165 442 tomo
1202 402 1269 450 IX,
1292 411 1391 441 cum
1414 401 1502 451 ipsa
1532 400 1651 441 Sum-

35 481 100 508 ma
117 472 252 508 contra
274 464 423 507 Gentes.
445 467 491 506 In
511 466 670 507 Veneta
688 467 859 506 laudata
878 466 1079 515 editione,
1113 469 1206 517 post
1233 466 1507 506 Ferrariensis
1532 478 1643 511 nun-

36 532 311 584 cupatoriam,
331 534 494 583 prostat.
507 531 659 572 Joann.
679 530 875 581 Baptistae
897 530 1060 583 Egnatii
1078 529 1263 583 Epistola
1279 530 1334 571 ad
1350 530 1529 572 lectorem
1542 561 1554 581 ,
1571 531 1646 571 ubi

36 597 87 638 de
103 596 320 648 Aquinatis
346 607 474 647 opere
505 595 563 636 sic
592 595 839 647 pronuntiat
857 595 918 634 vir
937 594 1200 635 doctissimus
1221 607 1231 634 ε
1256 609 1277 631 «
1300 594 1419 642 Quod
1441 607 1565 647 opus,
1587 596 1641 636 ad

35 661 265 702 multorum
286 663 476 700 veterum
495 661 736 710 exemplum
757 659 1058 710 conscriptum,
1075 658 1134 697 sic
1154 658 1274 698 facile
1296 659 1477 710 excellit,
1500 662 1549 699 ut
1567 670 1646 700 nec

0 774 1 783 ἵ
35 725 182 774 Graeci,
202 736 281 765 nec
301 725 447 773 nostri,
464 724 722 776 quicumque
752 724 796 763 in
815 724 898 763 hoc
938 722 1148 762 curriculo
1181 724 1439 774 desudarint,
1461 724 1643 764 conferri

35 801 133 830 cum
153 789 246 829 divo
267 789 429 829 Thoma
443 789 617 840 possint.

709 938 875 979 CAPUT
905 938 973 978 111.

34 1064 236 1095 nmmum
254 1062 432 1092 LUGARINI
452 1060 749 1098 CORRECTIONES,
766 1061 843 1090 CUM
862 1060 1282 1091 ANIMADVERSIONIBUS.
1295 1063 1489 1092 HEBRAIGA
1507 1063 1648 1093 VERSIO

86 1130 114 1158 A
145 1127 308 1158 JOSEPHO
344 1127 472 1156 MARIA
508 1126 667 1155 GIANTES
703 1125 947 1163 ELABORATA,
985 1126 1122 1155 GRAEGA
1155 1128 1184 1155 A
1219 1128 1413 1157 DEMETRIO
1445 1128 1607 1158 GYDONIO
1635 1131 1645 1156 t

88 1193 257 1226 ITEMQUE
275 1190 656 1221 ANIMADVERSIONES.

58 1355 61 1357 ,
86 1305 117 1345 1.
141 1304 285 1356 Operis
304 1303 506 1344 editiones
523 1303 637 1352 alias,
660 1315 756 1354 quae
784 1307 982 1356 typorum
1015 1304 1216 1345 beneficio
1250 1309 1408 1346 curatae
1439 1310 1551 1356 sunt,
1569 1318 1647 1347 nec

36 1380 255 1411 recensere
274 1373 348 1408 aut
367 1356 529 1418 omnes,
551 1372 625 1408 aut
644 1368 878 1419 praecipuas
897 1369 1011 1418 licet,
1032 1380 1111 1409 nec
1127 1373 1262 1410 vacat.
1285 1369 1524 1410 Echardum
1546 1382 1648 1410 con-

32 1433 138 1474 sule.
169 1432 485 1485 Typograpbica
519 1432 687 1482 menda,
723 1443 819 1485 quae
849 1433 1082 1484 praesertim
1100 1433 1144 1473 in
1163 1434 1383 1483 Venetam,
1407 1434 1503 1473 anni
1527 1435 1646 1484 1593,

34 1498 265 1538 editionem
297 1496 506 1537 Dominici
534 1496 712 1537 Nicolini
738 1497 1014 1548 irrepserunt,
1037 1498 1282 1550 corrigenda
1307 1498 1505 1549 proponit
1531 1498 1649 1551 Regi-

31 1562 183 1602 ualdus
202 1562 433 1602 Lucarinus
459 1562 504 1600 in
523 1561 606 1601 suis
636 1561 681 1599 in
698 1563 863 1600 textum
882 1561 965 1601 divi
996 1561 1168 1601 Thomae
1187 1562 1643 1604 Animadversionibus.

31 1626 174 1667 Laude
194 1626 367 1678 dignum
388 1625 615 1666 concilium
629 1625 665 1677 ej
675 1638 736 1674 us,
754 1629 802 1665 ut
820 1626 967 1666 eadem
981 1627 1195 1666 utentibus
1207 1626 1478 1678 impressione
1493 1631 1653 1678 praesto

32 1691 174 1731 forent
191 1689 446 1730 mendorum
467 1689 748 1735 correctiones
768 1702 780 1729 :
803 1692 846 1729 at
864 1701 968 1740 pace
987 1691 1063 1729 viri
1089 1690 1307 1731 clarissimi
1339 1691 1640 1741 adnotaverim,

33 1755 174 1806 aliqua
190 1754 343 1795 menda
366 1765 452 1794 non
487 1765 589 1803 esse,
612 1753 692 1793 alia
725 1757 915 1794 correcta
947 1758 1137 1805 prostare
1169 1755 1213 1795 in
1239 1755 1405 1807 adjecto
1436 1756 1644 1797 Francisci

32 1819 306 1860 Ferrariensis
325 1819 650 1868 Commentario,
673 1819 795 1859 aliter
815 1819 967 1871 corrigi
986 1831 1104 1869 posse
1125 1820 1220 1860 alia.

85 1883 293 1925 Nonnulla
311 1883 478 1934 profero
507 1883 700 1933 exempla
721 1895 732 1923 :
752 1883 875 1934 Apud
902 1884 1174 1934 Lucerinum,
1207 1885 1315 1926 libro
1347 1897 1376 1933 1,
1411 1886 1547 1936 capite
1576 1888 1642 1934 85,

32 1949 76 1988 in
97 1950 176 1988 fine
193 1960 203 1987 τ
218 1947 312 1988 Haec
331 1954 458 1988 autem
472 1947 643 1987 excludit
654 1947 973 2000 continyentiam.
986 1950 1095 2001 Lege
1106 1949 1201 1989 Haec
1213 1956 1341 1990 autem
1360 1950 1442 1990 sola
1457 1950 1640 1991 excludit.

33 2013 186 2053 Textus
205 2012 266 2052 sic
283 2011 410 2052 habet
430 2025 440 2052 ε
467 2026 486 2050 ι(
506 2013 566 2051 Ex
584 2012 801 2052 voluntate
830 2012 959 2064 igitur
991 2013 1129 2054 divina
1159 2026 1246 2054 non
1276 2017 1415 2066 potest
1446 2014 1641 2055 concludi

33 2077 78 2116 in
95 2076 221 2117 rebus
241 2076 389 2117 creatis
406 2077 630 2116 necessitas
651 2076 856 2116 absoluta.
878 2078 978 2117 Haec
997 2081 1140 2118 autem
1173 2079 1360 2120 excludit
1392 2079 1641 2131 contingen-

32 2141 136 2181 tiam
155 2155 175 2179 n
186 2171 195 2180 .
217 2139 402 2191 Scilicet,
427 2155 447 2179 α
466 2141 559 2181 beec
572 2141 795 2181 necessitas
806 2141 1047 2183 absoluta».
1065 2142 1171 2189 Quid
1185 2156 1291 2194 opus
1305 2147 1394 2184 erat
1407 2154 1509 2184 voce
1525 2144 1608 2182 sola
1621 2142 1653 2183 Ρ·

31 2206 156 2246 Libro
175 2217 219 2254 ιι,
241 2205 377 2256 capite
395 2207 436 2255 2,
460 2206 595 2256 primo
614 2206 786 2257 quidem
806 2206 850 2245 in
868 2207 949 2246 fine
966 2219 976 2246 ε
999 2206 1092 2246 Sua?
1109 2207 1370 2248 similitudinis
1389 2209 1613 2261 impressam
1626 2219 1644 2256 ‚·

31 2269 140 2311 Alibi
160 2283 170 2309 :
191 2281 383 2322 sparsam.
395 2271 550 2312 Textus
568 2283 578 2310 ε
605 2284 625 2308 α
640 2271 701 2310 Ex
717 2270 926 2311 factorum
943 2272 1276 2312 consideratione
1290 2273 1470 2313 divinam
1486 2273 1644 2323 sapien-

30 2334 136 2374 tiam
156 2334 352 2386 colligere
372 2345 606 2385 possumus,
626 2334 790 2375 sicutin
804 2334 928 2375 rebus
941 2336 1062 2375 factis
1079 2348 1152 2386 per
1166 2339 1393 2387 quamdam
1408 2336 1643 2377 communi-

34 2398 245 2438 <sationem
260 2408 346 2437 suae
360 2397 644 2438 similitudinis
657 2398 902 2449 impressam
917 2413 955 2438 ».
972 2400 1018 2438 In
1037 2400 1222 2451 margine
1239 2413 1248 2439 ε
1268 2401 1400 2439 «alias
1415 2412 1639 2451 sparsam».

31 2461 197 2502 Inutilis
229 2472 328 2512 ergo
356 2462 552 2500 Lucerini
585 2463 903 2502 animadversio.
941 2463 1065 2503 Libro
1098 2465 1138 2511 2,
1175 2464 1310 2514 capite
1344 2464 1410 2503 59.
1445 2464 1550 2504 Hinc
1581 2466 1643 2504 est

33 2526 148 2578 quod
166 2525 334 2574 dicitur,
354 2525 376 2564 J
380 2523 447 2573 ob,
464 2535 494 2564 11
516 2537 526 2564 :
547 2523 617 2564 Sic
634 2525 756 2577 τρίταν
774 2525 915 2578 aliquis
933 2537 1061 2565 omnes
1081 2526 1250 2567 rationes
1268 2539 1400 2567 rerum
1418 2532 1643 2567 creatarum

32 2594 287 2642 coqnosceret,
303 2589 337 2628 si
347 2594 587 2641 coynosceret
600 2590 728 2628 omnia
740 2589 839 2628 bona
851 2601 869 2638 ,·
885 2588 983 2630 alibi
1004 2603 1014 2629 z
1036 2589 1088 2630 Si
1095 2590 1218 2643 zyitur
1230 2591 1372 2645 aliquis
1384 2604 1511 2632 omnes
1523 2592 1644 2632 ratio·

31 2666 98 2695 nes
112 2665 244 2694 rerum
259 2659 513 2706 coynosceret,
527 2659 767 2705 coynosceret
779 2653 909 2693 omnia
923 2652 1036 2693 bona.
1054 2655 1232 2695 Felicius
1245 2655 1420 2696 fortasse
1441 2656 1642 2697 mendum

32 2717 92 2759 sic
101 2718 282 2770 corriges
297 2731 305 2757 :
321 2719 391 2758 «Si
409 2718 535 2770 igitur
555 2717 703 2766 aliquis
715 2728 860 2757 omnes
872 2717 1054 2759 rationes
1067 2730 1209 2760 rerum
1218 2723 1453 2761 creatarum
1469 2730 1642 2772 cognos-

33 2784 148 2822 ceret
156 2782 214 2822 sic
226 2785 510 2834 cognosceret,
528 2781 669 2821 omnia
688 2780 813 2830 bona,
823 2793 918 2832 quae
932 2782 976 2821 in
990 2782 1113 2823 rebus
1126 2784 1275 2824 creatis
1287 2785 1520 2825 secundum
1534 2784 1647 2824 ordi-

31 2856 133 2897 nem
145 2846 294 2886 divinae
308 2846 522 2897 sapientiae
531 2845 749 2897 provenire
763 2849 936 2896 possunt
949 2859 959 2886 :
972 2848 1086 2898 quod
1095 2851 1202 2889 esset
1211 2848 1394 2890 divinam
1406 2849 1637 2890 bonitatem
