1894 3223
116 132 188 169 460
694 124 782 160 LIB.
809 123 874 164 ΙΙΙ,
903 123 1004 159 CAP.
1032 122 1164 159 CXLII.

123 214 253 250 autem
294 207 443 245 malum
481 204 685 242 hominem
724 203 988 241 exterioribus
1004 249 1011 256 1
1026 206 1064 240 et
1097 203 1373 250 corporalibus
1409 203 1528 242 bonis
1563 203 1709 250 privari
1730 232 1742 251 ‚

122 255 342 297 secundum
364 251 470 300 quod
490 251 648 297 expedit
666 250 714 288 ad
736 251 956 296 profectum
975 250 1149 295 virtutis,
1171 260 1252 288 non
1273 252 1348 288 erit
1377 251 1455 289 hoc
1487 251 1641 288 homini
1663 251 1742 289 vir-

119 309 239 342 tuoso
269 309 387 346 poena
418 299 452 336 si
485 300 661 345 privetur
692 297 955 334 exterioribus
984 297 1103 349 bonis
1138 298 1178 334 in
1219 298 1488 344 adjumentum
1518 298 1744 344 virtutis3e

119 347 318 388 contrario
345 348 476 382 autem
497 345 572 382 erit
590 344 708 382 malis
729 344 771 380 in
790 353 948 390 poenam
971 353 1005 381 51
1024 344 1083 381 eis
1103 345 1300 382 exteriora
1318 345 1425 382 bona
1453 345 1744 391 conceduntur,

120 395 265 442 quibus
285 395 553 440 provocantur
572 392 618 428 ad
642 392 804 428 malum.
829 391 937 427 Unde
959 391 1104 427 dicitur
1138 391 1243 437 quod
1277 395 1450 428 creaturae
1466 394 1532 429 Dei
1550 394 1591 428 in
1622 392 1746 429 odium

118 445 227 487 snctae
248 443 344 485 sunt,
367 443 400 475 et
422 441 462 474 z'n
492 441 723 475 tentationem
753 437 944 473 animabus
972 439 1169 478 hominum,
1201 442 1234 474 et
1260 440 1301 474 in
1326 440 1568 485 muscipulam
1587 439 1746 485 pedibus

117 489 383 534 insipientium.
406 486 524 532 (Sap,
546 494 629 531 XIV,
654 486 726 532 11.)

168 535 269 579 Quia
284 543 378 571 vero
401 534 447 570 de
467 533 620 569 ratione
640 541 767 579 poenae
788 535 849 569 est
878 541 959 569 non
977 531 1106 570 solum
1131 531 1237 584 quod
1257 531 1311 569 sit
1341 533 1504 578 malum,
1524 533 1593 570 sed
1624 533 1744 571 etiam

119 582 225 630 quod
244 581 297 618 sit
316 580 561 618 contrarium
582 580 792 624 voluntati,
814 580 983 617 amissio
1004 579 1273 624 corporallum
1293 581 1331 616 et
1348 581 1586 617 exteriorum
1619 580 1744 618 bono-

119 638 223 672 rum,
245 628 363 665 etiam
382 627 541 674 quando
563 630 624 664 est
653 626 807 664 homini
833 627 874 662 in
895 626 1116 672 profectum
1135 625 1292 663 virtutis
1321 630 1359 662 et
1390 635 1470 664 non
1504 627 1546 664 in
1578 628 1745 673 malum,

119 677 264 713 dicitur
282 683 413 721 poena,
436 674 614 718 abusive,
638 683 685 710 ex
705 683 752 710 eo
775 673 880 720 quod
917 677 977 710 est
1012 677 1151 709 contra
1177 673 1436 711 voluntatem.
1466 675 1521 710 Ex
1540 674 1745 711 inordina·

118 723 230 760 tione
251 726 381 759 autem
402 721 577 758 hominis
595 720 792 767 contingit
813 720 918 767 quod
953 720 1073 757 homo
1108 728 1189 756 non
1222 720 1393 757 aestimet
1424 729 1489 758 res
1523 721 1746 758 secundum

119 769 224 817 quod
248 772 353 812 sunt,
376 768 445 805 sed
468 768 693 814 corporalia
712 767 990 814 spiritualibus
1010 766 1204 812 praeferat.
1230 767 1476 804 Inordinatio
1495 771 1625 804 autem
1651 767 1744 805 talis

121 820 188 854 aut
209 820 268 853 est
286 816 402 860 culpa
433 818 500 852 aut
530 825 577 852 ex
608 815 742 862 aliqua
774 815 890 860 culpa
922 813 1168 860 praecedente
1203 814 1438 859 procedens.
1464 814 1572 851 Unde
1602 823 1744 851 conse·

120 866 286 911 quanter
305 865 411 908 patet
429 862 534 908 quod
552 871 670 908 poena
689 871 770 898 non
801 862 853 898 sit
882 862 923 897 in
953 862 1129 905 homine,
1151 860 1270 898 etiam
1301 860 1520 898 secundum
1553 860 1657 908 quod
1686 864 1748 899 est

120 914 258 947 contra
276 909 534 953 voluntatem,
557 909 635 945 nisi
657 909 774 955 culpa
799 908 1060 955 praecedente.

169 959 248 994 Hoc
271 957 388 993 etiam
411 966 458 992 ex
477 956 556 993 alio
577 959 696 1003 patet,
718 956 813 1002 quia
831 965 877 993 ea
897 965 984 1002 quae
1009 958 1103 993 sunt
1122 954 1342 992 secundum
1361 964 1404 992 se
1423 954 1530 992 bona
1559 964 1640 992 non
1659 964 1747 992 ver-

120 1006 296 1041 terentur
331 1003 484 1040 homini
521 1003 562 1040 in
595 1003 742 1040 malum
773 1012 843 1049 per
879 1003 1064 1047 abusum,
1099 1002 1178 1040 nisi
1212 1002 1347 1049 aliqua
1375 1002 1672 1040 inordinatione
1704 1001 1747 1039 in

119 1051 282 1090 homine
303 1051 510 1087 existente.

167 1100 267 1138 Item,
291 1098 394 1144 quod
418 1101 596 1143 oporteat
617 1107 662 1134 ea
683 1107 769 1144 quae
787 1097 974 1134 voluntas
995 1100 1186 1143 acceptat,
1207 1106 1253 1134 eo
1272 1097 1377 1143 quod
1399 1100 1491 1134 sunt
1513 1095 1748 1133 naturaliter

119 1145 239 1187 bona,
263 1145 415 1181 homini
438 1144 616 1181 subtrahi
644 1145 692 1181 ad
714 1145 931 1190 profectum
955 1144 1126 1188 virtutis,
1144 1144 1328 1190 provenit
1348 1154 1395 1180 ex
1416 1144 1549 1190 aliqua
1568 1143 1747 1180 bominis

121 1191 437 1235 deordinatione,
470 1201 556 1238 quae
579 1191 640 1227 vel
668 1196 730 1228 est
758 1192 874 1236 culpa
891 1191 952 1228 vel
986 1192 1167 1238 sequitur
1199 1191 1370 1237 culpam.
1401 1190 1653 1227 Manifestum
1685 1193 1748 1226 est

121 1239 228 1275 enim
265 1238 370 1285 quod
390 1247 458 1284 per
476 1241 681 1283 peccatum
703 1238 931 1284 praecedens
952 1237 995 1274 fit
1016 1238 1196 1285 quaedam
1238 1238 1482 1275 inordinatio
1519 1237 1560 1273 in
1599 1236 1747 1274 affectu

121 1286 312 1330 humano,
335 1289 377 1322 ut
399 1285 556 1321 facilius
590 1285 845 1330 postmodum
880 1286 926 1322 ad
958 1289 1163 1330 peccatum
1196 1285 1422 1322 inclinetur.
1455 1286 1539 1321 Non
1568 1293 1663 1330 ergo
1685 1286 1749 1321 est

121 1333 272 1379 absque
294 1332 412 1377 culpa
431 1332 549 1368 etiam
568 1331 673 1378 quod
701 1336 854 1378 oportet
888 1333 1091 1369 hominem
1123 1332 1300 1378 adjuvari
1333 1332 1381 1368 ad
1407 1332 1556 1368 bonum
1587 1331 1747 1368 virtutis

119 1389 189 1426 per
208 1379 246 1416 id
268 1380 374 1426 quod
394 1382 455 1415 est
475 1379 511 1415 ei
532 1379 828 1425 quodammodo
860 1379 1030 1425 poenale,
1054 1379 1093 1416 id
1116 1383 1176 1416 est
1196 1379 1237 1415 in
1259 1382 1450 1425 quantum
1470 1382 1529 1415 est
1563 1377 1749 1415 absolute

121 1430 260 1463 contra
279 1426 521 1462 voluntatem
544 1426 687 1471 ipsius,
710 1426 802 1462 licet
823 1426 1063 1473 quandoque
1099 1426 1152 1463 sit
1182 1425 1349 1462 volitum
1382 1425 1602 1462 secundum
1639 1424 1747 1471 quod

119 1473 220 1510 ratio
241 1473 403 1518 respicit
429 1471 562 1509 finem.

169 1519 243 1556 Sed
281 1519 328 1556 de
360 1519 434 1556 1130
470 1519 787 1564 inordinatione,
821 1520 862 1556 in
892 1523 1035 1557 natura
1054 1519 1229 1557 humana
1247 1519 1463 1557 exsistente
1502 1529 1549 1556 ex
1582 1521 1746 1564 peccato

120 1566 321 1613 originali,
341 1566 542 1612 posterius
563 1566 735 1612 dicetur3
761 1576 868 1604 nunc
885 1571 1015 1604 autem
1036 1566 1075 1604 id
1096 1570 1250 1604 tantum
1271 1566 1528 1604 manifestum
1555 1567 1609 1603 sit
1640 1565 1748 1614 quod

119 1614 224 1650 Deus
242 1613 356 1659 punit
376 1613 561 1651 homines
580 1622 652 1660 pro
673 1614 847 1660 peccatis
868 1618 906 1651 et
929 1614 1033 1661 quod
1056 1623 1137 1652 non
1155 1614 1270 1661 punit
1284 1614 1434 1661 absque
1449 1613 1579 1660 culpa.

759 1763 927 1806 CAPUT
952 1763 1105 1806 CXLII.

283 1883 383 1917 QUOD
415 1884 488 1913 NEC
514 1883 643 1913 OMNES
676 1883 802 1913 POENAE
823 1883 897 1912 NEC
924 1883 1049 1913 OMNIA
1073 1883 1234 1912 PRAEMIA
1260 1883 1356 1912 SUNT
1380 1883 1576 1917 AEQUALIA.

167 1991 295 2035 Quum
317 1994 448 2028 autem
475 1990 609 2028 divina
633 1991 789 2037 justitia
819 1991 858 2028 id
891 1991 1022 2038 exigat
1055 1991 1176 2039 quod,
1203 1991 1252 2028 ad
1273 1992 1538 2039 aequalitatem
1559 1992 1600 2029 in
1621 1992 1743 2032 rebus

116 2038 367 2083 servandam,
386 2046 457 2084 pro
478 2038 608 2084 culpis
640 2047 766 2084 poenae
795 2038 1010 2076 reddantur
1041 2043 1078 2075 et
1111 2048 1182 2085 pro
1218 2039 1337 2076 bonis
1370 2039 1525 2077 actibus
1557 2041 1743 2085 praemia,

117 2088 284 2131 oportet,
306 2085 340 2121 si
362 2089 423 2122 est
442 2085 590 2131 gradus
610 2084 652 2121 in
671 2085 862 2123 virtuosis
884 2086 1038 2123 actibus
1059 2088 1096 2122 et
1116 2087 1157 2122 in
1182 2087 1368 2131 peccatis,
1396 2089 1438 2122 nt
1458 2090 1666 2124 ostensum
1681 2092 1743 2125 est

117 2132 165 2179 (c.
191 2132 286 2179 139),
308 2132 414 2178 quod
433 2132 485 2169 sit
501 2132 619 2169 etiam
641 2132 787 2179 gradus
809 2134 1063 2179 praemiorum
1085 2137 1123 2169 et
1138 2142 1359 2179 poenarum.
1377 2133 1499 2170 Aliter
1526 2134 1632 2171 enim
1659 2143 1743 2172 non

117 2182 342 2216 servaretur
356 2179 579 2226 aequalitas,
600 2179 634 2216 si
657 2189 737 2216 non
757 2180 847 2226 plus
865 2181 1044 2226 peccanti
1067 2180 1194 2226 major
1212 2189 1330 2226 poena
1351 2184 1419 2217 aut
1444 2181 1590 2218 melius
1607 2182 1741 2229 agenti

115 2226 245 2263 ma'us
277 2227 482 2272 praemium
509 2225 749 2263 redderetur.
779 2227 962 2273 Ejtisdem
984 2228 1090 2264 enim
1128 2227 1296 2264 rationis
1323 2236 1413 2264 esse
1445 2228 1601 2265 videtur
1635 2229 1743 2275 quod

117 2273 153 2310 di
190 2277 345 2315 erenter
364 2273 605 2311 retribuatur
622 2273 843 2311 secundum
865 2274 1130 2311 differentiam
1151 2275 1248 2312 boni
1269 2277 1308 2311 et
1327 2274 1437 2320 mali,
1459 2278 1496 2311 et
1518 2275 1741 2313 secundum

115 2316 382 2357 differentiam
402 2320 497 2358 boni
520 2324 558 2357 et
576 2321 755 2358 melioris
773 2322 835 2358 vel
857 2322 950 2358 mali
970 2325 1007 2358 et
1029 2321 1193 2368 pejoris.

135 2369 350 2419 ,Praeter-ea,
372 2367 465 2405 talis
481 2371 542 2405 est
558 2368 765 2415 aequalitas
785 2368 1047 2406 distributivae
1060 2368 1227 2415 justitiae
1257 2372 1299 2406 ut
1326 2369 1542 2416 inaequalia
1570 2369 1745 2416 inaequa-

114 2414 222 2466 libus
244 2414 473 2452 reddantur.
493 2416 578 2452 Non
601 2425 696 2462 ergo
715 2420 823 2453 esset
840 2415 952 2463 justa
971 2416 1291 2462 recompensatio
1311 2425 1381 2463 per
1412 2425 1552 2463 poenas
1573 2420 1612 2453 et
1642 2426 1741 2463 prae-

112 2470 206 2506 11113,
227 2462 261 2498 51
283 2462 419 2499 omnia
438 2462 605 2508 praemia
623 2467 661 2499 et
680 2471 822 2500 omnes
842 2472 970 2510 poenae
990 2467 1126 2501 essent
1145 2464 1334 2510 aequales.

160 2508 306 2554 Adhuc,
327 2509 491 2555 praemia
511 2513 550 2546 et
567 2518 696 2556 poenae
715 2520 739 2546 a
758 2510 988 2558 legislatore
1007 2514 1287 2558 proponuntur
1305 2514 1349 2548 ut
1377 2511 1563 2549 homines
1581 2520 1604 2548 a
1620 2511 1739 2548 malis

113 2554 160 2591 ad
182 2555 288 2593 bona
307 2556 528 2602 trahantur,
550 2560 593 2594 ut
611 2567 659 2594 ex
688 2557 928 2603 supradictis
946 2561 1066 2604 patet.
1093 2558 1256 2605 Oportet
1287 2561 1418 2595 autem
1450 2558 1636 2595 homines
1656 2566 1739 2595 non

113 2602 245 2638 solum
265 2603 369 2640 trahi
391 2603 439 2641 ad
458 2603 566 2641 bona
586 2608 624 2641 et
642 2605 788 2641 retrahi
810 2614 833 2642 a
851 2605 983 2650 malis,
1004 2604 1075 2642 sed
1095 2605 1214 2643 etiam
1234 2604 1365 2643 bonos
1385 2604 1491 2642 allici
1507 2604 1556 2642 ad
1570 2604 1739 2642 meliora

112 2651 149 2683 et
168 2649 295 2701 malos
316 2650 463 2688 retrahi
482 2660 506 2688 a
524 2651 752 2698 pejoribus;
781 2652 888 2699 quod
907 2661 989 2690 non
1011 2651 1137 2698 fieret,
1159 2652 1194 2690 si
1214 2652 1379 2699 praemia
1395 2656 1433 2689 et
1456 2660 1584 2698 poenae
1601 2655 1737 2689 essent

111 2695 294 2740 aequaha.
315 2697 476 2743 Oportet
494 2698 617 2745 igitur
636 2703 827 2745 etpoenas
849 2703 887 2737 et
906 2700 1071 2746 praemia
1089 2699 1166 2737 inae
1197 2699 1304 2737 ualia.
1323 2708 1426 2737 esse.

157 2743 340 2794 Amplius,
363 2744 468 2781 sicut
494 2754 565 2791 per
597 2745 886 2792 dispositiones
921 2747 1125 2784 naturales
1154 2756 1177 2784 a
1195 2746 1302 2794 iquis
1326 2745 1553 2792 disponitur
1572 2744 1621 2782 ad
1654 2745 1735 2783 sor·

110 2796 231 2833 mam,
251 2792 307 2826 lta
325 2799 395 2835 per
414 2799 534 2837 opera
551 2792 659 2830 bona
681 2798 720 2830 et
739 2793 844 2831 mala
863 2793 1011 2841 aliquis
1032 2794 1259 2841 disponitur
1272 2793 1320 2831 ad
1338 2801 1477 2839 poenas
1498 2795 1536 2828 et
1553 2793 1732 2838 praemia.

111 2834 186 2887 Sed
209 2835 284 2888 hoc
302 2836 421 2873 babet
440 2838 537 2889 ordo
558 2849 676 2886 quem
697 2840 833 2877 divina
852 2841 1103 2887 providentia
1123 2841 1261 2878 statuit
1275 2840 1315 2877 in
1337 2839 1457 2876 rebus
1474 2838 1581 2885 quod
1602 2840 1734 2886 magis

111 2881 308 2929 disposita
327 2884 604 2930 perfectiorem
622 2886 791 2925 formam
813 2891 1126 2935 consequuntur.
1145 2889 1262 2935 Ergo,
1283 2885 1503 2925 secundum
1525 2885 1732 2925 diversita-
