1894 3223
149 141 216 177 322
752 133 840 169 Lm.
869 133 933 177 111,
961 133 1062 170 cAP.
1091 133 1165 170 Lu.

148 220 248 258 facie
283 220 402 254 Deum
424 215 643 258 videamus,
666 223 754 251 cum
781 215 892 252 visus
925 215 1144 260 corporalis
1178 215 1244 262 qui
1265 215 1307 252 in
1328 214 1428 252 facie
1445 218 1582 251 nostra
1601 214 1762 259 residet,

148 264 311 304 nonnisi
343 271 473 299 rerum
500 260 767 306 corporalium
790 270 880 299 esse
899 262 1041 308 possit.
1064 262 1128 299 Sic
1146 262 1268 308 igitur
1296 262 1395 299 facie
1416 261 1464 298 ad
1485 261 1626 298 faciem
1645 262 1768 298 Deum

147 311 384 353 videbimus,
407 308 500 354 quia
527 307 753 345 immediate
786 317 876 346 eum
910 308 1130 346 videbimus
1157 308 1275 346 sicuti
1305 307 1509 345 hominem
1530 317 1647 355 quem
1666 308 1768 346 facie

148 358 196 396 ad
218 357 360 393 faciem
371 355 566 392 videmus.

194 403 416 441 Secundum
436 405 565 438 autem
587 401 689 438 hanc
708 401 906 439 visionem
925 403 1097 439 maxime
1117 403 1197 438 Deo
1220 401 1504 443 assimilamur,
1525 405 1563 439 ct
1575 402 1660 447 ejus
1681 400 1770 438 bea-

148 450 330 487 titudinis
362 449 575 495 participes
613 457 767 486 sumus.
789 449 886 485 Nam
924 448 1010 501 ipse
1039 451 1143 486 Deus
1173 457 1242 494 per
1273 457 1387 486 suam
1415 449 1630 486 essentiam
1654 457 1767 485 suam

148 496 413 535 substantiam
436 495 635 542 intelligit,
658 498 695 532 et
722 495 807 533 haec
830 498 891 533 est
922 505 1008 543 eJus
1038 495 1219 533 felicitas.
1257 495 1363 532 Unde
1394 495 1550 541 dicitur,
1587 498 1602 532 Ι
1640 497 1768 539 Joan„

145 553 206 589 111,
225 547 247 580 2
269 555 278 580 ε
300 544 387 580 Cum
407 545 525 579 autem
550 544 774 588 apparuerit,
797 542 931 579 similes
963 544 996 578 ez·
1029 544 1173 582 erimus,
1194 545 1228 577 et
1245 541 1444 578 videbimus
1461 553 1540 578 eum
1570 544 1679 578 sicuti
1704 545 1767 582 est,

149 594 187 628 et
207 592 333 634 Lucae,
346 598 443 635 xxii,
457 592 516 634 29,
534 589 727 626 Dominus
748 589 846 626 dixit
867 591 968 633 :qu
987 588 1138 634 dispono
1151 589 1251 625 vobis
1266 590 1360 625 sicut
1375 588 1773 634 disposzeitmz'ht'Pater

146 648 245 675 meus
275 648 448 681 mensam,
469 640 510 672 ut
543 636 658 672 edatis
679 639 712 672 et
743 636 874 672 bibatis
902 646 1010 682 super
1041 646 1200 672 mensam
1227 646 1342 672 meam
1360 637 1400 672 in
1423 646 1532 680 reptio
1548 646 1635 672 meo.
1659 635 1772 679 Quod

148 684 308 731 quidem
330 684 377 720 de
405 683 600 730 corporali
621 682 708 720 cibo
729 683 789 720 vel
825 686 921 730 potu
941 692 1022 720 non
1043 682 1213 728 intelligi
1246 685 1389 728 potest,
1412 683 1482 719 sed
1508 683 1555 719 de
1575 691 1622 719 eo
1643 682 1709 729 qui
1731 682 1773 718 in

147 740 290 768 mensa
327 731 536 777 Sapientiae
575 730 758 775 sumitur,
775 730 822 767 de
858 738 936 777 quo
972 740 995 767 a
1031 729 1232 776 Sapientia
1269 729 1426 774 dicitur,
1443 737 1498 773 ix,
1515 732 1534 766 5
1566 741 1575 766 ε
1597 729 1773 766 Con-cedite

144 789 258 825 panes
274 788 379 819 meos,
402 781 435 813 et
457 779 563 813 bibite
581 779 706 814 vinum
725 777 821 823 quod
836 778 966 813 miscui
984 777 1097 814 vobis.
1121 778 1245 822 Super
1259 785 1440 813 mensam
1460 784 1555 822 ergo
1572 776 1639 811 Dei
1661 784 1772 811 man-

149 825 294 863 ducant
313 829 350 861 et
371 825 524 868 bibunt,
546 825 614 872 qui
636 824 771 862 eadem
797 824 983 861 felicitate
1005 824 1190 860 fruuntur
1211 833 1288 870 qua
1308 824 1413 860 Deus
1434 822 1529 859 felix
1547 827 1621 866 est,
1639 821 1772 858 viden-

148 876 209 911 tes
231 881 320 910 eum
345 872 415 909 illo
436 872 555 910 modo
576 881 654 920 quo
675 872 760 918 ipse
781 871 886 908 videt
910 871 1102 918 seipsum.
1126 870 1156 918 (1
1177 874 1289 917 part,
1310 880 1348 917 q.
1371 878 1442 915 ΧΠ,
1465 873 1537 906 art.
1560 869 1611 916 4.)

818 1016 986 1058 CAPUT
1020 1016 1104 1058 LII.

152 1131 251 1166 QUOD
277 1131 402 1160 M'LLA
428 1131 582 1160 CREATA
607 1130 848 1160 SUBSTANTIA
871 1130 1016 1163 POTEST
1036 1131 1112 1159 SUA
1136 1129 1332 1159 NATURALI
1358 1129 1527 1158 VIRTUTE
1553 1126 1773 1156 PERVENIRE

572 1183 624 1212 AD
650 1182 857 1212 VIDENDUM
879 1183 987 1212 DEUM
1017 1183 1091 1212 PER
1112 1183 1343 1211 ESSENTIAM.

197 1293 283 1328 Non
302 1295 362 1328 est
380 1294 510 1327 autem
530 1290 722 1336 possibile
744 1290 850 1337 quod
883 1289 932 1327 ad
948 1290 1070 1327 istum
1099 1290 1269 1327 visionis
1291 1289 1434 1326 divinae
1454 1288 1618 1325 modum
1639 1288 1774 1334 aliqua

151 1342 280 1375 creata
303 1337 527 1375 substantia
547 1347 595 1373 ex
612 1337 755 1374 virtute
771 1337 929 1382 propria
948 1337 1078 1382 possit
1095 1337 1302 1383 attingere.
1319 1335 1432 1380 Quod
1450 1336 1557 1372 enim
1578 1339 1638 1373 est
1656 1344 1772 1381 supe·

151 1385 270 1422 rioris
303 1388 453 1421 naturae.
484 1383 701 1430 proprium,
724 1392 805 1420 non
834 1387 965 1429 potest
994 1383 1187 1430 consequi
1221 1387 1362 1420 natura
1393 1382 1574 1426 inferior,
1595 1382 1674 1419 nisi
1705 1391 1774 1427 per

152 1432 349 1468 actionem
377 1431 595 1476 superioris
628 1433 777 1467 naturae
809 1430 922 1476 cujus
944 1434 1005 1467 est
1035 1430 1239 1477 proprium
1261 1442 1270 1466 ε
1294 1430 1398 1467 sicut
1418 1438 1522 1475 aqua
1541 1437 1623 1465 non
1643 1431 1775 1475 potest

152 1487 241 1515 esse
262 1478 390 1515 calida
410 1478 487 1514 nisi
503 1487 571 1523 per
591 1477 786 1514 actionem
809 1477 930 1524 ignis.
946 1477 1084 1514 Videre
1104 1480 1235 1514 autem
1256 1478 1379 1514 Deum
1399 1485 1468 1522 per
1488 1476 1614 1521 ipsam
1635 1484 1774 1513 essen-

151 1525 247 1562 tiam
272 1525 444 1561 divinam
466 1528 525 1561 est
559 1524 761 1570 proprium
796 1527 946 1561 naturae
977 1524 1134 1561 divinae.
1157 1524 1317 1569 Operari
1356 1523 1463 1560 enim
1484 1532 1554 1569 per
1572 1522 1773 1569 propriam

151 1572 319 1609 formam
353 1576 413 1609 est
444 1571 644 1619 proprium
691 1571 902 1618 cujuslibet
937 1572 1152 1617 operantis.
1185 1571 1301 1608 Nulla
1333 1570 1456 1617 igitur
1489 1569 1772 1607 intellectualis

150 1619 375 1703 lslubs1tantia
395 1623 524 1665 potest
554 1618 687 1655 videre
720 1620 842 1656 Deum
863 1627 932 1664 per
963 1619 1089 1664 ipsam
1125 1618 1299 1655 divinam
1330 1617 1562 1662 essentiam,
1591 1616 1668 1654 nisi
1691 1618 1771 1654 Deo

181 1675 228 1703 oc
263 1670 426 1702 acrenie.

197 1714 379 1759 Amplius,
404 1713 531 1749 forma
551 1712 720 1759 alicujus
751 1712 910 1758 propria
927 1721 1008 1749 non
1039 1711 1083 1749 fit
1102 1712 1266 1750 alterius
1287 1711 1366 1749 nisi
1393 1721 1441 1749 eo
1462 1714 1617 1758 agente.
1639 1714 1772 1756 Agens

151 1760 258 1797 enim
276 1760 370 1797 facit
387 1759 462 1796 sibi
484 1759 615 1796 simile
635 1760 676 1797 in
697 1763 888 1806 quantum
907 1759 1074 1796 formam
1095 1769 1210 1797 suam
1230 1759 1342 1796 alteri
1357 1757 1639 1796 communicat.
1659 1757 1772 1794 Vide·

149 1817 193 1843 re
215 1810 345 1843 autem
368 1807 632 1843 substantiam
659 1806 728 1843 Dei
757 1806 1007 1852 impossibile
1038 1809 1110 1850 est,
1132 1806 1211 1843 nisi
1241 1808 1328 1852 ipsa
1360 1806 1494 1842 divina
1524 1804 1699 1842 essentia
1720 1804 1774 1840 sit

151 1853 281 1891 forma
301 1854 524 1890 intellectus
548 1863 627 1900 quo
658 1853 858 1900 intelligit,
882 1857 924 1890 ut
954 1853 1162 1898 probatum
1189 1857 1262 1890 est.
1283 1851 1535 1898 Impossibile
1567 1854 1628 1888 est
1651 1851 1774 1897 igitur

151 1900 405 1983 quodgtliqua
423 1900 647 1937 substantia
667 1903 798 1937 creata
817 1900 865 1936 ad
885 1900 993 1936 illam
1014 1899 1211 1937 visionem
1231 1899 1446 1946 perveniat,
1465 1897 1544 1936 nisi
1561 1906 1631 1944 per
1648 1897 1770 1936 actio·

150 1956 240 1984 nem
293 1956 453 1983 ivmam.

197 1994 341 2035 Adhuc,
365 1993 399 2030 si
422 1994 554 2040 aliqua
585 1993 664 2030 duo
686 1992 854 2030 debeant
887 1992 936 2030 ad
957 1993 1125 2030 invicem
1158 1993 1350 2039 copulari,
1372 2002 1541 2040 quorum
1574 2001 1699 2029 unum
1721 1992 1773 2028 sit

150 2040 331 2085 formale,
355 2044 391 2077 et
421 2041 527 2077 aliud
559 2040 775 2084 materiale,
798 2043 952 2086 oportet
983 2040 1090 2087 quod
1119 2040 1319 2086 copulatio
1355 2049 1493 2077 eorum
1525 2040 1772 2085 compleatur

148 2097 220 2134 per
240 2087 553 2134 actionem‚quae
585 2091 644 2124 est
675 2097 723 2123 ex
754 2091 864 2133 parte
896 2086 981 2133 eJus
1003 2087 1108 2134 quod
1129 2092 1190 2124 est
1224 2087 1403 2131 formale,
1425 2095 1507 2124 non
1539 2090 1670 2123 autem
1704 2095 1773 2131 per

151 2134 348 2171 actionem
379 2134 464 2180 eJus
500 2134 604 2180 quod
634 2137 694 2170 est
728 2134 1091 2171 materiale.Forma
1123 2134 1229 2170 enim
1263 2137 1323 2171 est
1352 2133 1591 2180 principium
1613 2132 1771 2180 agendi,

148 2181 316 2221 materia
332 2190 424 2218 vero
446 2181 683 2227 principium
704 2181 894 2227 patiendi.
914 2181 971 2218 Ad
989 2181 1066 2218 hoc
1088 2185 1219 2218 autem
1243 2180 1350 2228 quod
1370 2181 1596 2218 intellectus
1614 2183 1771 2217 creatus

148 2225 279 2265 v'ideat
317 2228 385 2264 Dei
422 2228 700 2270 substantiam,
717 2231 872 2274 oportet
908 2228 1014 2275 quod
1053 2228 1140 2274 ipsa
1174 2228 1307 2265 divina
1348 2228 1524 2265 essentia
1561 2227 1771 2272 copuletur

148 2275 369 2312 intellectui
405 2279 447 2312 ut
465 2275 592 2312 forma
621 2274 902 2321 intelligibilis,
921 2275 1024 2312 sicut
1054 2275 1263 2321 probatum
1295 2278 1356 2312 est
1377 2275 1476 2322 (cap.
1498 2274 1573 2321 5¹).
1595 2275 1682 2311 Non
1713 2277 1774 2310 est

150 2322 271 2369 igitur
303 2322 495 2368 possibile
516 2322 562 2359 ad
597 2322 699 2358 hanc
720 2322 916 2359 visionem
946 2322 1143 2368 perveniri
1165 2322 1213 2359 ab
1234 2321 1368 2370 aliquo
1396 2321 1600 2359 intellectu
1624 2324 1771 2365 creato,

149 2369 228 2406 nisi
250 2379 319 2415 per
338 2369 535 2406 actionem
553 2368 741 2406 divinam.

195 2418 295 2456 Item,
317 2416 422 2462 quod
454 2420 513 2452 est
542 2425 612 2462 per
642 2425 700 2460 se,
722 2424 844 2453 causa
876 2419 936 2452 cst
968 2415 1054 2462 eJus
1085 2415 1191 2462 quod
1212 2419 1273 2452 est
1299 2424 1369 2462 per
1399 2415 1520 2452 aliud.
1543 2414 1771 2451 Intellectus

149 2467 280 2499 autem
302 2463 460 2500 divinus
478 2472 547 2509 per
573 2462 749 2509 seipsum
780 2462 954 2499 divinam
991 2463 1257 2499 substantiam
1285 2463 1404 2499 videt.
1425 2464 1522 2498 Nam
1544 2461 1770 2512 intellectus

148 2509 308 2546 divinus
329 2514 389 2546 est
413 2510 500 2555 ipsa
520 2509 653 2546 divina
688 2510 877 2555 essentia,
898 2519 977 2556 qua
996 2510 1064 2546 Dei
1088 2509 1314 2547 substantia
1330 2509 1497 2553 videtur,
1522 2512 1564 2545 ut
1582 2509 1624 2544 in
1641 2515 1769 2553 primo

147 2556 197 2601 (c.
218 2556 276 2603 45)
298 2557 506 2602 probatum
527 2560 599 2593 est.
618 2556 847 2593 Intellectus
865 2560 997 2593 autem
1015 2560 1170 2593 creatus
1190 2556 1297 2593 videt
1311 2556 1486 2593 divinam
1503 2553 1769 2592 substantiam

146 2611 217 2653 per
236 2604 450 2654 essentiam
471 2603 538 2640 Dei
563 2603 677 2650 quasi
699 2613 768 2649 per
787 2603 895 2641 aliud
915 2613 937 2640 a
958 2612 1015 2640 se.
1034 2605 1123 2641 Haec
1143 2603 1266 2651 igitur
1282 2603 1386 2641 visio
1405 2611 1487 2640 non
1505 2604 1636 2647 potest
1654 2600 1770 2637 adve-

148 2656 233 2684 nire
254 2650 470 2686 1ntellectui
492 2654 638 2694 creato,
661 2650 740 2687 nisi
760 2659 828 2696 per
849 2650 1046 2687 actionem
1068 2650 1150 2687 Dei.

180 2696 383 2746 ‘Praeterjem
401 2697 589 2743 quicquid
610 2696 763 2733 excedit
784 2697 930 2734 limites
951 2697 1119 2743 alicujus
1137 2700 1302 2740 naturae,
1317 2705 1399 2733 non
1418 2698 1549 2741 potest
1567 2693 1644 2731 sibi
1659 2693 1773 2731 adve-

146 2749 233 2777 mre
251 2750 328 2777 nisi
347 2751 417 2786 per
446 2745 643 2780 actionem
674 2743 862 2784 alterius;
886 2744 989 2781 sicut
1021 2753 1124 2790 aqua
1153 2752 1235 2780 non
1268 2742 1394 2780 tendit
1423 2750 1584 2778 sursum
1613 2741 1691 2778 nisi
1722 2740 1771 2778 ab

146 2787 281 2834 aliquo
321 2788 398 2824 alio
438 2793 557 2825 mota.
577 2790 713 2827 Videre
755 2795 887 2827 autem
923 2791 990 2827 Dei
1031 2790 1297 2828 substantiam
1339 2787 1585 2824 transcendit
1623 2787 1771 2825 limites

146 2834 278 2886 omnis
299 2837 448 2871 naturae
478 2839 629 2886 creatae.
653 2838 750 2873 Nam
783 2836 998 2883 quuslibet
1026 2841 1177 2873 naturae
1211 2834 1493 2873 intellectualis
1513 2838 1656 2871 creatae
1679 2843 1770 2880 pro-

145 2889 275 2927 prium
306 2884 379 2924 est,
402 2884 445 2919 ut
474 2882 671 2929 intelligat
703 2884 924 2921 secundum
954 2883 1118 2921 modum
1150 2891 1234 2920 suae
1265 2881 1513 2920 substantiae.
1542 2880 1773 2918 Substantia
