1894 3223
127 161 198 195 420
638 205 645 212 .
693 152 781 188 LIB.
809 152 873 195 ΙΙΙ,
901 151 1003 188 CAP.
1029 150 1181 188 CXVIII.

129 236 367 276 communis.
385 232 686 271 communicant
705 234 837 268 autem
858 230 1044 269 homines
1058 230 1100 268 in
1120 239 1202 269 uno
1220 230 1360 269 ultimo
1380 230 1459 268 fine
1475 228 1749 274 beatitudinis,

129 285 176 322 ad
197 291 310 329 quem
334 280 524 317 divinitus
557 278 805 315 ordinantur.
821 278 983 324 Oportet
1008 277 1130 325 igitur
1152 277 1259 325 quod
1282 277 1471 316 uniantur
1496 277 1680 315 homines
1700 276 1750 314 ad

128 331 296 368 invicem
319 330 455 363 mutua
473 325 702 362 dilectione.

173 375 318 418 Adhuc,
340 373 582 420 quicumque
616 370 748 418 diligit
770 370 973 423 aliquem,
995 379 1248 418 consequens
1286 375 1348 408 est
1386 375 1430 409 ut
1458 371 1576 408 etiam
1609 370 1751 417 diligat

127 422 294 460 dilectos
315 420 364 456 ab
384 428 431 456 eo
452 422 490 455 et
509 427 580 455 eos
601 418 669 465 qui
689 417 892 463 conjuncti
914 421 1008 455 sunt
1033 417 1084 455 ei.
1103 417 1293 455 Homines
1310 421 1441 455 autem
1461 417 1593 454 dilecti
1613 420 1708 454 sunt
1727 424 1753 454 a

126 471 222 512 Deo,
260 467 406 513 quibus
434 465 631 511 suiipsius
666 464 896 516 fruitionem
927 464 1044 511 quasi
1081 463 1266 502 ultimum
1301 464 1421 501 finem
1452 463 1749 511 praedisposuit.

127 517 294 566 Oportet·
322 513 444 560 igitur
479 516 535 557 ut,
557 511 664 550 sicut
699 511 845 558 aliquis
873 509 916 547 fit
949 511 1116 548 dilector
1146 510 1302 556 Dei,ita
1330 512 1450 548 etiam
1481 510 1549 548 fiat
1583 511 1752 548 dilector

154 569 313 598 roximi.

126 570 150 610 p
172 608 355 653 Amplius,
377 614 501 653 quum
530 605 651 643 homo
685 604 738 642 sit
770 604 1002 642 naturaliter
1037 603 1186 642 animal
1215 603 1379 649 sociale,
1400 603 1553 651 indiget
1571 603 1620 641 ab
1658 603 1751 642 aliis

126 654 358 696 hominibus
379 653 556 699 adjuvari
575 652 626 691 ad
645 651 973 698 consequendum
992 651 1197 697 proprium
1217 650 1360 695 finem;
1380 651 1486 697 quod
1508 651 1751 688 convenien-

125 701 281 739 tissime
302 700 345 737 fit
362 699 575 737 dilectione
605 702 744 736 mutua
772 699 876 734 inter
906 698 1091 734 homines
1121 698 1328 735 existente.
1346 699 1400 734 Ex
1419 698 1505 743 lege
1523 698 1644 744 igitur
1664 698 1750 742 Dei,

127 758 213 796 quae
227 747 411 784 homines
431 747 472 783 in
487 746 670 783 ultimum
685 745 803 782 finem
819 744 967 791 dirigit,
982 744 1209 791 praecipitur
1225 744 1267 781 in
1283 744 1400 782 nobis
1421 747 1559 780 mutua
1574 744 1749 781 dilectio.

172 797 272 835 Item,
297 793 346 831 ad
380 794 455 830 hoc
475 793 582 840 quod
603 793 723 829 homo
756 791 902 829 divinis
924 794 1049 836 vacet,
1070 791 1223 838 indiget
1251 790 1538 837 tranquillitate
1573 794 1611 827 et
1638 800 1750 835 pace.

127 844 179 879 Ea
198 851 291 878 vero
305 850 393 887 quae
408 849 544 886 pacem
561 839 790 885 perturbare
805 841 989 884 possunt,
1005 838 1202 884 praecipue
1217 847 1286 883 per
1300 837 1555 875 dilectionem
1571 842 1753 874 mutuam

125 888 333 926 tolluntur.
357 888 486 931 Quum
522 886 645 933 igitur
682 886 746 923 lex
780 885 916 923 divina
951 885 999 921 ad
1020 885 1096 922 hoc
1125 885 1283 922 ordinet
1312 884 1510 925 homines,
1528 887 1571 920 ut
1604 883 1753 921 divinis

126 940 278 1018 vacencti,
301 933 574 972 necessarium
595 936 656 970 est
670 932 776 980 quod
791 941 839 969 ex
858 933 945 979 lege
965 931 1100 970 divina
1118 932 1161 969 in
1179 931 1412 969 hominibus
1432 934 1572 968 mutua
1590 930 1752 968 dilectio

125 992 244 1029 proce
276 985 327 1018 at.

173 1031 363 1068 Praeterea,
387 1028 450 1065 lex
476 1027 610 1064 divina
628 1027 826 1073 profertur
854 1025 1007 1063 homini
1038 1026 1078 1063 in
1110 1025 1303 1063 auxilium
1330 1025 1432 1072 legis
1460 1024 1666 1062 naturalis.
1687 1025 1756 1061 Est

127 1080 258 1114 autem
279 1075 466 1112 omnibus
487 1074 718 1112 hominibus
740 1073 918 1110 naturale
938 1077 979 1109 ut
998 1082 1041 1109 se
1061 1073 1232 1110 invicem
1251 1072 1419 1118 diligant
1435 1084 1443 1115 3
1462 1071 1575 1117 cujus
1592 1071 1754 1117 signum

130 1127 189 1160 est
209 1122 328 1169 quod,
350 1121 521 1168 quodam
547 1121 716 1158 naturali
747 1120 953 1161 instinctu,
977 1119 1097 1157 homo
1117 1119 1281 1156 cuilibet
1297 1119 1451 1156 homini
1475 1119 1593 1155 etiam
1613 1118 1754 1164 ignoto

128 1169 314 1206 subvenit
332 1169 374 1205 in
394 1168 645 1211 necessitate,
666 1171 760 1212 puta
775 1166 998 1204 revocando
1019 1167 1067 1203 ab
1089 1175 1221 1203 errore
1240 1166 1324 1210 viae,
1347 1165 1539 1211 erigendo
1560 1174 1584 1201 a
1603 1173 1699 1201 casu
1714 1166 1755 1201 et

127 1216 220 1253 aliis
241 1215 485 1262 hujusmodi,
508 1224 553 1251 ac
574 1214 608 1250 si
630 1214 761 1251 omnis
784 1214 904 1251 homo
933 1213 1044 1250 omni
1068 1212 1220 1250 bomini
1241 1215 1348 1250 esset
1365 1212 1575 1249 familiaris
1596 1215 1634 1248 et
1653 1210 1754 1248 ami·

128 1272 213 1300 cus.
237 1263 359 1309 Igitur
376 1272 424 1299 ex
444 1262 577 1298 divina
600 1260 686 1307 lege
706 1264 844 1297 mutua
862 1259 1023 1297 dilectio
1044 1259 1276 1297 hominibus
1296 1259 1535 1306 praecipitur.

177 1310 274 1346 Hinc
305 1312 366 1346 est
403 1308 508 1354 quod
530 1307 704 1344 dicitur:
728 1309 802 1343 Hoc
839 1310 891 1343 est
917 1309 1138 1352 praeceptum
1171 1316 1288 1342 meum
1320 1308 1362 1341 ut
1398 1306 1563 1349 diltqatis
1598 1306 1753 1340 invicem

128 1356 273 1401 (Joann.
295 1364 362 1400 XV,
387 1355 443 1400 12)
459 1367 467 1399 ς
485 1356 558 1390 Ηο6
587 1354 801 1389 mandatum
832 1353 1001 1389 habemus
1033 1364 1056 1389 a
1074 1355 1159 1397 Deo,
1178 1356 1220 1388 ut
1240 1354 1304 1399 qui
1323 1353 1447 1396 dilicit
1471 1355 1594 1391 Deum,
1618 1351 1753 1395 diligat

125 1406 161 1439 et
177 1404 332 1446 fratrem
356 1412 461 1437 suum
482 1401 514 1446 (I
529 1402 675 1444 Joann„
704 1409 761 1444 1v,
781 1400 862 1446 21);
884 1403 923 1436 et
954 1399 1098 1436 dicitur
1129 1399 1236 1446 quod
1268 1399 1489 1436 secundum
1521 1398 1753 1436 mandatum

127 1453 190 1487 est
209 1461 218 1486 ε
239 1449 376 1493 Βῑίῑῃθε
391 1450 601 1494 proximum
617 1450 718 1483 tuum
736 1448 830 1483 sicut
848 1448 1015 1492 teipsum.
1035 1446 1196 1492 (matth,
1217 1453 1319 1490 xxu,
1341 1447 1416 1491 39.)

752 1592 922 1634 CAPUT
951 1592 1125 1633 CXVIII.

222 1715 323 1750 QUOD
351 1714 425 1743 PER
450 1713 621 1743 DIVINAM
645 1712 774 1742 LEGEM
797 1711 971 1742 HOMINES
996 1711 1049 1741 AD
1074 1711 1231 1742 REGTAM
1254 1712 1374 1741 FIDEM
1398 1712 1655 1742 OBLIGANTUR.

127 1825 227 1909 fidEx
249 1823 484 1906 hoffl'auoem
515 1824 676 1868 apparet
713 1820 820 1868 quod
850 1830 920 1867 per
954 1820 1129 1857 divinam
1158 1819 1287 1866 legem
1309 1820 1492 1857 homines
1515 1820 1563 1856 ad
1602 1823 1749 1858 rectam

186 1880 247 1906 em
269 1879 292 1906 0
340 1873 512 1916 igantur.

176 1917 285 1953 Sicut
318 1916 424 1952 enim
456 1914 670 1952 amationis
702 1913 922 1960 corporalis
958 1913 1198 1959 principium
1230 1917 1291 1950 est
1320 1914 1436 1957 visio,
1459 1923 1546 1960 quae
1588 1917 1648 1951 est
1681 1923 1752 1960 per

127 1963 289 2001 oculum
309 1962 571 2008 corporalem,
586 1961 641 1998 ita
668 1961 786 1998 etiam
816 1960 1043 1997 dilectionis
1064 1959 1285 2005 spiritualis
1305 1960 1463 1997 initium
1486 1969 1575 1997 esse
1596 1964 1752 2006 oportet

125 2010 324 2047 visionem
346 2008 638 2055 intelligibilem
659 2007 867 2053 diligibilis
889 2006 1122 2054 spiritualis.
1145 2006 1253 2043 Visio
1278 2011 1410 2044 autem
1430 2007 1539 2044 illius
1564 2007 1752 2054 intelligi-

125 2056 220 2094 bilis
256 2056 489 2102 spiritualis,
508 2054 614 2102 quod
649 2058 710 2091 est
730 2056 848 2099 Deus,
870 2054 912 2090 in
950 2053 1135 2099 praesenti
1170 2053 1306 2091 haberi
1335 2062 1415 2091 non
1438 2057 1569 2100 potest
1589 2064 1612 2091 a
1632 2054 1750 2092 nobis

125 2103 206 2140 nisi
227 2113 296 2149 per
313 2102 443 2147 fidem,
467 2111 514 2139 eo
535 2100 641 2149 quod
670 2101 891 2138 naturalem
909 2101 1102 2137 rationem
1125 2100 1297 2145 excedit3
1319 2104 1358 2137 et
1389 2101 1586 2147 praecipue
1607 2110 1750 2138 secun·

125 2150 222 2188 dum
250 2150 355 2197 quod
378 2150 415 2185 in
456 2149 542 2196 eJus
575 2148 762 2185 fruitione
794 2152 933 2185 nostra
968 2147 1171 2185 beatitudo
1209 2147 1408 2185 consistit.
1431 2148 1554 2194 Igitur
1585 2157 1633 2184 ex
1664 2148 1752 2195 lege

127 2196 262 2235 divina
278 2197 320 2234 111
341 2196 458 2232 fidem
479 2199 626 2233 rectam
648 2195 888 2232 inducimur.

172 2245 273 2284 Item,
295 2243 358 2280 lex
381 2243 514 2279 divina
533 2242 582 2279 ad
603 2242 679 2279 hoc
703 2242 861 2279 ordinat
880 2241 1097 2286 hominem,
1116 2246 1158 2278 ut
1175 2242 1228 2279 sit
1249 2242 1422 2279 totaliter
1439 2241 1624 2280 subditus
1651 2243 1746 2280 Deo.

125 2290 216 2335 Sed,
238 2290 343 2328 sicut
363 2289 483 2327 homo
505 2289 687 2327 subditur
708 2291 788 2326 Deo
806 2289 990 2332 amando,
1011 2293 1203 2335 quantum
1221 2289 1270 2326 ad
1287 2289 1546 2333 voluntatem,
1569 2289 1623 2325 ita
1653 2289 1747 2326 sub-

124 2336 233 2375 ditur
266 2339 346 2375 Deo
378 2336 589 2381 credendo,
611 2340 803 2383 quantum
824 2336 874 2373 ad
892 2335 1162 2380 intellectum;
1185 2344 1266 2372 non
1295 2340 1427 2373 autem
1459 2335 1656 2373 credendo
1677 2336 1751 2373 ali-

125 2384 222 2431 quid
246 2384 404 2428 salsum,
427 2384 521 2431 quia
540 2393 564 2420 a
586 2385 680 2428 Deo,
702 2384 769 2430 qui
793 2386 854 2420 est
874 2383 1033 2427 veritas,
1059 2383 1215 2420 nullum
1236 2383 1383 2420 salsum
1404 2383 1557 2420 homini
1580 2382 1749 2429 proponi

124 2431 403 2477 potest3uiide
441 2431 508 2477 qui
546 2430 670 2467 credit
703 2430 863 2477 aliquod
898 2430 1043 2466 falsum
1079 2438 1162 2467 non
1189 2429 1313 2469 credit
1335 2431 1429 2467 Deo.
1453 2429 1607 2477 Exlege
1628 2430 1747 2477 igitur

125 2477 260 2515 divina
280 2478 516 2514 ordinantur
531 2477 715 2515 homines
736 2478 783 2514 ad
805 2476 922 2514 fidem
944 2480 1105 2514 rectam.

172 2525 314 2569 Adhuc,
337 2525 577 2572 quicumque
614 2528 717 2561 errat
749 2524 856 2561 circa
875 2524 1037 2570 aliquod
1066 2522 1173 2570 quod
1210 2527 1272 2561 est
1291 2523 1340 2562 de
1370 2523 1548 2562 essentia
1575 2523 1646 2567 rei,
1668 2530 1749 2560 non

125 2572 334 2622 cognoscit
363 2572 472 2608 illam
493 2581 589 2616 rem,
612 2571 714 2608 sicut
742 2571 777 2608 si
816 2571 963 2618 aliquis
985 2569 1297 2616 apprehenderet
1334 2571 1483 2608 animal
1503 2568 1746 2613 irrationale,

126 2621 329 2655 aestimans
367 2618 442 2655 hoc
472 2627 562 2655 esse
590 2618 808 2662 hominem,
824 2627 906 2655 non
931 2621 1193 2664 cognosceret
1219 2617 1448 2662 hominem;
1472 2625 1590 2654 secus
1615 2619 1747 2652 autem

126 2668 246 2707 esset,
267 2665 300 2715 si
328 2668 475 2702 erraret
502 2665 610 2702 circa
641 2665 803 2712 aliquod
833 2664 1099 2702 accidentium
1117 2663 1217 2710 ejus.
1238 2664 1327 2709 Sed,
1346 2665 1387 2701 in
1408 2662 1656 2709 compositis,
1679 2662 1746 2708 qui

126 2714 230 2761 errat
250 2720 355 2761 circa
387 2711 549 2758 aliquod
578 2712 865 2758 principiorum
907 2711 1198 2756 essentialium,
1219 2711 1295 2749 etsi
1322 2719 1404 2748 non
1427 2712 1644 2756 cognoscat
1664 2717 1747 2746 rem

125 2756 372 2808 simp-lieiter,
395 2760 526 2794 tamen
557 2759 768 2805 cognoscit
797 2767 884 2795 eam
915 2757 1136 2795 secundum
1167 2757 1277 2805 qnid,
1309 2758 1414 2794 sicut
1449 2755 1516 2803 qui
1547 2755 1748 2792 existimat

124 2801 329 2855 bominem
350 2811 438 2854 esse
460 2805 606 2841 animal
628 2805 857 2842 irrationale
877 2805 1087 2851 cognoscit
1106 2813 1197 2841 eum
1217 2803 1437 2841 secundum
1454 2810 1582 2849 genus
1605 2811 1746 2846 suum;

122 2858 166 2886 111
188 2849 437 2900 simplicibus
457 2854 606 2900 autem,
622 2851 698 2888 1106
716 2861 797 2888 11011
818 2855 949 2897 potest
965 2851 1158 2894 accidere,
1180 2851 1251 2888 sed
1264 2849 1430 2897 quilibet
1449 2857 1560 2886 error
1573 2848 1749 2886 totaliter

125 2896 296 2934 excludit
314 2899 586 2943 cognitionem
605 2897 675 2935 rei.
696 2900 801 2936 Deus
820 2902 952 2936 autem
972 2901 1034 2936 est
1049 2897 1220 2935 maxime
1239 2896 1422 2944 simplex.
1440 2897 1542 2943 Ergo
1562 2896 1747 2943 quicum·
