1894 3223
613 143 701 180 Llll.
729 143 794 185 lli,
821 141 922 179 CAP.
946 141 1077 178 cxxix
1100 140 1206 186 (Bis).
1647 139 1719 177 439

146 229 254 266 Patet
280 229 412 264 autem
451 232 500 262 ex
535 222 749 275 praedictis.
789 222 897 306 (1¹qu
931 221 1093 260 dilectio
1128 219 1279 274 sufficit
1311 219 1361 260 ad
1401 228 1527 274 opera
1552 219 1719 272 justitiae

98 273 294 313 facienda.
313 272 422 309 Unde
441 279 577 309 omnia
595 273 789 316 praecepta
824 278 924 316 egis,
953 279 1042 316 quae
1069 268 1306 306 ordinantur
1334 267 1596 313 adjustitiam
1613 267 1719 305 ordi·

103 323 253 359 uantur
282 319 401 357 etiam
433 317 481 356 ad
513 317 792 362 dilectionem,
823 319 982 364 propter
1012 315 1120 364 quod
1151 315 1310 361 dicitur,
1341 316 1358 353 l
1388 314 1574 360 Timotli.,
1604 321 1635 356 1.
1661 316 1718 351 5:

98 369 202 407 Finis
216 367 389 412 praecepti
409 366 545 402 caritas
565 367 630 401 est.

149 413 255 451 Facit
274 416 406 450 autem
426 410 576 458 aliquid
597 410 768 457 amplius
788 408 948 447 dilectio
975 418 1093 456 quam
1115 408 1280 456 justitiae
1306 406 1498 452 debitum,
1531 411 1569 445 ct
1600 416 1723 454 quan-

97 462 184 498 tum
207 459 255 498 ad
282 460 358 497 hoc
377 458 483 506 quod
505 458 669 504 instigat
684 457 733 494 ad
751 457 971 503 promptius
991 456 1249 502 operandum,
1275 458 1314 491 et
1344 459 1536 501 quantum
1572 455 1620 491 ad
1642 455 1720 493 hoc

97 506 209 554 quod
228 506 380 544 inducit
400 505 449 543 ab
466 504 781 544 subveniendum
807 503 889 541 illis
910 503 1054 549 quibus
1081 511 1162 541 non
1190 505 1372 539 tenemur
1402 501 1631 548 exjustitire
1659 501 1723 540 de·

99 553 185 593 bito
202 565 210 597 ;
227 557 266 591 et
284 553 402 590 etiam
423 553 464 590 in
485 551 632 599 quibus
651 551 711 589 eis
734 559 815 588 non
839 553 1033 594 tenemur,
1054 549 1146 587 lieet
1178 549 1232 587 sit
1260 548 1378 586 nobis
1407 549 1455 586 ad
1482 558 1552 585 eos
1585 548 1720 596 aliqua

98 600 357 647 conjunctim
379 602 417 637 et
435 599 603 637 ulterius
623 599 665 635 in
685 601 876 644 quantum
894 596 943 634 ad
965 597 1039 634 hoc
1058 595 1164 643 quod
1185 604 1229 633 se
1246 595 1419 632 extendit
1440 595 1489 632 ad
1510 595 1602 633 illos
1630 603 1722 634 cum

99 648 249 695 quibus
270 646 383 685 nulla
401 650 463 684 est
482 646 600 684 nobis
626 645 668 682 in
688 645 768 682 vita
786 644 1015 690 conjunctio
1033 655 1042 686 ς
1063 644 1145 682 imo
1162 643 1279 679 etiam
1301 641 1350 679 ad
1367 641 1459 680 iilos
1480 642 1547 690 qui
1568 645 1721 680 contra·

101 695 151 780 {lii
173 693 290 747 nobis
310 697 419 740 sunt,
439 693 482 732 in
500 696 694 741 quantum
720 691 912 730 fundatur
927 690 970 728 in
989 690 1201 728 dilectione
1229 688 1377 731 divina,
1398 698 1486 737 quae
1512 688 1562 727 ad
1581 697 1722 727 omnes

134 749 290 779 omines
309 744 383 778 est.

150 790 197 825 Et
215 787 306 826 inde
323 786 508 834 estquod
529 786 687 829 dicitur,
709 786 838 828 Rom..
859 792 946 829 xm,
970 787 1028 828 lo,
1043 783 1150 831 quod
1166 782 1357 829 plenitudo
1375 782 1462 828 leqis
1483 785 1536 819 est
1553 783 1721 827 dileetio,-

104 835 154 873 ad
176 843 295 882 quam
313 834 600 882 plenitudinem
615 832 897 870 insinuandam
917 831 1061 868 dantur
1079 831 1196 868 nobis
1217 840 1240 868 a
1260 832 1338 867 Deo
1359 833 1555 876 praecepta
1574 833 1614 867 et
1629 838 1723 868 con·

104 882 199 920 sitia
217 881 266 920 de
284 881 473 929 operibus
494 879 793 924 miscricordiae,
814 878 863 917 de
888 877 1102 915 dilectione
1123 878 1379 915 inimicorum
1399 881 1438 914 et
1457 876 1721 915 subventione

103 937 258 974 eorum,
278 933 315 966 et
334 928 382 966 de
401 927 494 966 aliis
514 926 743 973 hujusmodi
763 935 852 974 quae
869 934 991 971 supra
1006 925 1202 971 justitiam
1223 924 1440 962 abundant.

152 976 254 1021 Quia
271 984 364 1013 vero
385 977 580 1021 praeeepta
596 973 761 1020 justitiae
774 981 862 1020 quae
881 976 975 1010 sunt
993 981 1114 1018 supra
1126 971 1271 1018 posita,
1285 971 1539 1009 dilectionem
1553 970 1724 1017 proximi

104 1023 324 1070 requirunt,
343 1031 431 1069 quae
451 1030 500 1058 ex
510 1021 724 1058 dilectione
739 1020 807 1057 Dei
828 1018 1035 1065 dependet,
1052 1019 1140 1056 sine
1154 1028 1245 1066 qua,
1264 1018 1473 1056 recedente
1490 1017 1565 1055 fide
1586 1021 1622 1055 et
1637 1026 1723 1065 spe,

105 1077 187 1107 non
204 1072 335 1115 potest
353 1076 467 1105 mens
488 1068 663 1105 bumana
685 1066 818 1104 debito
839 1065 959 1103 modo
979 1065 1019 1102 in
1039 1067 1161 1102 Deum
1181 1065 1366 1109 tendere;
1388 1065 1644 1103 manifestum
1666 1067 1726 1102 est

104 1116 212 1163 quod
232 1115 440 1161 praemissa
457 1113 506 1151 de
532 1113 770 1151 necessitate
790 1112 838 1150 ab
859 1112 1021 1150 bomine
1041 1112 1296 1158 requiruntur
1317 1111 1373 1149 ita
1400 1111 1522 1158 quod,
1550 1112 1609 1149 eis
1627 1119 1726 1157 prae·

103 1162 321 1207 termissis,
335 1162 456 1199 homo
469 1160 518 1198 ab
538 1160 677 1198 ordine
696 1159 764 1206 qui
784 1163 843 1197 est
864 1158 913 1196 ad
928 1161 1051 1197 Deum
1070 1159 1244 1196 totaliter
1259 1162 1479 1204 separetur.
1494 1158 1580 1195 Vita
1594 1161 1726 1195 autem

105 1209 284 1248 hominis
303 1208 449 1246 dicitur
466 1216 557 1245 esse
577 1207 798 1245 secundum
815 1206 935 1243 tinem
955 1205 1004 1243 ad
1024 1214 1143 1253 quem
1158 1205 1377 1243 ordinatur.
1396 1206 1494 1243 Nam
1513 1204 1581 1252 qui
1601 1204 1722 1243 finem

103 1256 196 1294 vitae
214 1264 299 1295 suae
318 1255 361 1293 in
377 1254 648 1301 voluptatibus
669 1253 919 1291 constituunt
934 1252 1120 1290 dicuntur
1136 1261 1253 1300 agere
1267 1252 1386 1289 vitam
1414 1252 1693 1298 voluptuosam
1714 1263 1725 1296 ;

105 1303 175 1350 qui
206 1306 340 1341 autem
367 1301 488 1340 finem
508 1301 683 1339 suumin
703 1300 1038 1346 contemplatione
1055 1299 1233 1337 veritatis
1252 1299 1518 1343 constituunt,
1540 1298 1728 1337 dicuntur

105 1350 222 1398 sequi
241 1351 362 1388 vitam
381 1348 729 1395 contemplativam
749 1359 758 1384 ε
779 1347 884 1385 unde
905 1347 1027 1393 etqui
1047 1346 1166 1384 finem
1185 1355 1304 1385 suum
1324 1346 1366 1383 in
1387 1345 1576 1383 fruitione
1594 1345 1729 1384 divina

105 1397 369 1442 constituunt,
383 1396 465 1435 vita
484 1404 623 1434 eorum
638 1398 699 1434 est
727 1396 809 1432 Deo
828 1394 1042 1432 adhaerere.
1059 1395 1148 1431 Haec
1167 1397 1298 1431 autem
1318 1396 1380 1430 est
1396 1392 1630 1439 simpliciter
1648 1392 1729 1430 vita

106 1444 285 1483 hominis
317 1455 330 1482 t
362 1452 455 1481 nam
484 1443 532 1481 ad
567 1443 674 1480 hunc
700 1440 821 1479 finem
853 1441 973 1479 homo
1004 1440 1237 1479 naturaliter
1266 1440 1497 1485 ordinatur,
1530 1442 1574 1477 ut
1605 1448 1727 1485 supra

101 1491 193 1536 (lib.
225 1500 286 1529 111.
321 1500 407 1537 cap.
441 1490 501 1535 37)
536 1493 742 1527 ostensum
772 1491 849 1526 est.
881 1489 936 1525 Ex
970 1487 1061 1524 aliis
1092 1490 1225 1526 autem
1255 1486 1405 1524 finibus
1434 1485 1629 1532 dependet
1649 1486 1730 1524 vita

109 1537 287 1576 hominis
307 1536 527 1576 secundum
547 1536 663 1588 quid,
678 1536 720 1573 in
740 1538 932 1586 quantum
950 1535 1017 1586 alii
1038 1533 1139 1572 siries
1159 1537 1354 1586 non-sunt
1372 1533 1526 1571 homini
1548 1533 1726 1579 impositi

107 1593 157 1622 ex
192 1588 334 1622 natura
368 1583 439 1622 sed
470 1593 518 1621 ex
551 1583 759 1621 electione.
794 1582 890 1620 Cum
922 1585 1045 1628 igitur
1080 1589 1189 1619 mors
1223 1584 1313 1618 vitae
1346 1583 1584 1626 opponatur,
1619 1588 1728 1618 mors

107 1632 290 1679 quaedam
310 1631 488 1669 bominis
506 1634 581 1675 est,
601 1638 693 1668 cum
713 1629 761 1667 ab
781 1628 921 1666 ordine
941 1629 1008 1675 qui
1030 1628 1158 1666 estad
1175 1629 1298 1665 Deum
1319 1630 1539 1674 separatur.
1562 1626 1669 1665 Unde
1689 1630 1729 1665 et

108 1681 269 1724 peccata
297 1678 444 1726 quibus
474 1677 594 1715 homo
623 1687 647 1714 a
665 1676 735 1725 tali
754 1676 894 1713 ordine
914 1674 1045 1712 deficit
1081 1674 1269 1712 dicuntur
1288 1678 1448 1720 peccata
1468 1673 1665 1717 mortalia;
1690 1678 1730 1711 et

108 1725 181 1764 illa
207 1725 310 1772 legis
337 1725 577 1763 documenta
602 1723 748 1770 quibus
771 1723 820 1761 ad
849 1722 1050 1768 promissa
1077 1722 1242 1768 justitiae
1262 1721 1452 1767 caritatis,
1475 1721 1560 1766 spei
1580 1724 1618 1757 et
1636 1719 1728 1759 fidei

109 1771 305 1810 homines·
327 1771 556 1818 obligantur
587 1771 772 1809 dicuntur
800 1773 998 1816 praecepta
1021 1769 1082 1807 vel
1108 1769 1401 1816 prohibitiones
1422 1779 1433 1806 :
1455 1768 1549 1815 quia
1567 1771 1660 1805 sunt
1681 1767 1729 1806 de

110 1819 350 1857 necessitate
369 1817 631 1856 observanda.

155 1866 265 1904 Sicut
283 1868 415 1903 autem
430 1864 480 1902 ad
502 1865 578 1902 hoc
596 1864 702 1912 quod
723 1872 837 1901 mens
859 1863 1007 1900 feratur
1021 1863 1063 1899 in
1083 1864 1206 1900 Deum
1227 1862 1456 1900 necessaria
1473 1865 1534 1900 cst
1548 1871 1624 1909 pax
1641 1872 1729 1911 quae

107 1917 170 1950 est
199 1913 248 1950 ad
278 1912 483 1959 proximos
515 1920 607 1950 cum
627 1910 773 1958 quibus
794 1911 914 1947 homo
935 1909 1050 1947 debet
1069 1910 1283 1948 convivere
1303 1914 1343 1947 et
1360 1909 1409 1947 ab
1429 1909 1488 1946 eis
1506 1909 1652 1956 juvari,
1675 1910 1731 1949 ita

108 1960 338 1998 necessaria
363 1963 424 1997 est
454 1958 505 1997 ad
535 1958 612 1996 hoc
639 1967 716 2004 pax
744 1957 899 1995 bomini
930 1961 1123 2003 quantum
1152 1956 1203 1994 ad
1230 1966 1277 1994 ea
1294 1966 1382 2004 quae
1403 1957 1559 1994 suntin
1580 1957 1729 2003 seipso.

109 2006 218 2044 Unde
237 2009 530 2053 consequenter
556 2004 892 2043 considerandum
923 2003 1076 2040 videtur
1093 2003 1246 2041 homini
1261 2003 1431 2050 qualiter
1444 2003 1594 2040 mentis
1617 2004 1732 2049 quies

108 2061 182 2137 serti
198 2053 467 2103 tranquillitas
485 2052 724 2099 impediatur
743 2055 781 2089 et
798 2050 968 2099 qualiter
985 2050 1120 2089 divina
1138 2050 1226 2099 lege
1251 2050 1537 2099 impedimenta
1553 2059 1732 2090 remove·

109 2109 161 2139 an
182 2110 240 2137 ur.

158 2148 226 2184 Est
243 2149 376 2183 autem
403 2144 739 2183 considerandum
759 2144 864 2192 quod
885 2153 998 2182 mens
1019 2143 1234 2191 impeditur
1248 2144 1466 2192 quominus
1487 2144 1611 2182 libere
1631 2144 1732 2183 sera-

113 2197 178 2245 tur
196 2193 241 2244 in
259 2194 381 2245 Deum
397 2192 619 2244 dupliciter.
643 2193 727 2228 Uno
747 2191 881 2236 modo,
903 2200 973 2237 per
992 2192 1068 2229 hoc
1083 2192 1189 2238 quod
1206 2192 1294 2230 aliae
1314 2192 1500 2238 potentiae
1520 2192 1733 2230 inferiores

111 2249 154 2277 in
180 2248 266 2278 suis
289 2239 444 2277 actibus
463 2238 735 2276 intenduntur.
757 2239 854 2276 Cum
876 2238 984 2275 enim
1003 2247 1085 2276 una
1102 2239 1281 2283 potentia
1299 2239 1342 2275 in
1362 2247 1436 2276 suo
1454 2242 1543 2275 actu
1568 2238 1729 2276 robore·

110 2290 188 2331 tur,
221 2286 343 2324 trabit
370 2286 419 2323 ad
452 2294 497 2323 se
524 2285 785 2322 intentionem
817 2284 1007 2325 hominis,
1042 2293 1130 2331 quae
1156 2293 1236 2322 non
1257 2288 1388 2330 potest
1405 2285 1527 2322 simul
1548 2285 1596 2322 ad
1618 2285 1734 2330 plura

111 2333 287 2380 dispergi
316 2344 328 2371 ε
357 2331 463 2371 unde
493 2340 659 2384 necesse
689 2335 750 2369 est
779 2331 886 2378 quod
911 2331 990 2369 alia
1008 2331 1185 2376 potentia
1205 2332 1266 2369 vel
1292 2332 1468 2369 totaliter
1492 2331 1731 2377 impediatur

114 2381 159 2418 in
181 2389 256 2418 suo
274 2382 379 2424 actu,
395 2379 457 2417 vel
475 2378 582 2427 quod
601 2387 688 2425 eJus
705 2381 817 2416 actus
837 2378 1096 2416 diminuatur.
1118 2378 1330 2416 inferiores
1351 2381 1484 2416 autem
1503 2378 1621 2421 vires,
1638 2378 1727 2416 dico

110 2427 218 2464 vires
250 2426 481 2470 sensitivas‚
507 2429 589 2463 tam
621 2425 944 2472 apprehensivas,
965 2427 1009 2463 ut
1032 2433 1307 2472 quoscumque
1326 2433 1472 2462 sensus
1513 2425 1729 2463 exteriores

111 2477 152 2513 et
181 2473 408 2517 interiores,
439 2476 484 2510 ut
512 2472 764 2518 phantasiam
794 2476 834 2509 et
863 2472 964 2509 alias
994 2471 1099 2508 vires
1129 2475 1436 2518 consequentes,
1466 2480 1585 2517 quarn
1615 2472 1733 2510 etiam

111 2521 362 2567 appetitivas,
395 2522 439 2557 ut
472 2519 715 2556 irascibilem
747 2522 786 2556 et
818 2517 1187 2565 concupiscibilem.
1220 2518 1343 2563 Unde,
1356 2526 1446 2556 cum
1480 2518 1598 2555 fuerit
1618 2518 1733 2557 fortis

111 2567 321 2606 delectatio
341 2567 383 2603 in
405 2574 530 2603 sensu
549 2569 618 2604 aut
636 2565 749 2603 multi
769 2569 903 2602 motus
922 2564 963 2602 in
983 2565 1209 2611 phantasia,
1228 2564 1292 2602 vel
1310 2565 1354 2601 in
1368 2564 1549 2602 venereis
1565 2564 1733 2603 inclina-

110 2615 169 2652 tio
188 2613 529 2660 concupiscibilis,
549 2616 618 2650 aut
636 2611 851 2650 irascibilis
870 2612 913 2649 in
932 2611 1055 2656 aliud,
1076 2620 1242 2650 necesse
1258 2614 1319 2649 est
1339 2611 1446 2658 quod
1463 2619 1577 2649 mens
1597 2612 1636 2649 in
1655 2621 1730 2651 suo

112 2664 205 2700 actu
234 2660 473 2708 impediatur
497 2659 714 2707 quominus
745 2659 894 2711 feratur
917 2658 960 2710 in
986 2660 1124 2703 Deum;
1145 2658 1225 2696 alio
1244 2657 1380 2703 modo,
1399 2667 1448 2695 ex
1468 2661 1578 2704 parte
1602 2658 1731 2705 ipsius

118 2707 274 2756 mentis,
293 2717 364 2755 per
383 2707 460 2745 hoc
479 2706 585 2754 quod
604 2706 711 2744 circa
729 2705 864 2752 aliqua
882 2704 962 2743 alia
980 2708 1209 2750 occupetur.
1227 2705 1316 2743 Non
1334 2705 1443 2743 enim
1456 2713 1537 2743 una
1553 2707 1734 2751 potentia

120 2761 157 2793 m
172 2755 289 2800 plura
306 2754 461 2803 objecta
479 2757 611 2800 potest
627 2752 747 2791 simul
767 2752 937 2798 perfecte
956 2752 1120 2789 moveri.

147 2801 358 2849 =Sed,quia
386 2809 501 2839 mens
532 2800 656 2837 utitur
683 2798 941 2838 inferioribus
968 2798 1120 2836 viribus
1136 2799 1251 2847 quasi
1271 2799 1566 2845 instrumentis,
1585 2809 1676 2839 cum
1696 2801 1734 2839 ei

122 2847 305 2886 onediunt
329 2851 369 2886 et
397 2848 504 2885 circa
533 2847 691 2884 diversa
721 2845 906 2892 occupari
937 2849 1070 2892 potest
1099 2845 1143 2883 in
1176 2845 1316 2884 ordine
1334 2846 1384 2884 ad
1400 2855 1526 2884 unum
1547 2847 1596 2884 ad
1617 2848 1733 2893 cujus

123 2894 471 2942 apprehensionem
491 2903 561 2943 per
590 2894 660 2934 illa
672 2893 832 2942 juvatur
850 2904 861 2940 ;
881 2892 1185 2941 intelligendum
1202 2896 1264 2934 est
1282 2896 1449 2934 eatenus
1468 2897 1642 2933 mentem
1661 2903 1733 2942 per
