1894 3223
194 98 262 133 144
763 91 852 126 LIB.
880 90 928 133 ii,
955 90 1059 126 cAP.
1085 90 1229 126 xxxvi.

191 176 300 220 bant,
324 174 556 211 deciderunt
575 172 617 208 in
636 180 825 214 errorem,
846 174 890 207 ut
908 174 1102 216 ponerent
1118 170 1318 208 infinitum
1338 171 1380 208 in
1409 170 1664 217 corporibus;
1700 174 1739 208 et
1757 171 1811 209 si-

191 222 395 260 militerin
414 219 676 266 productione
695 217 819 254 totius
838 223 1043 262 creaturae,
1075 221 1184 255 extra
1213 227 1334 265 quam
1367 226 1449 254 non
1484 221 1545 254 est
1577 221 1747 264 tempus,
1771 222 1810 255 et

192 278 282 306 cum
304 277 382 313 qua
396 266 516 303 simul
536 269 693 310 tempus
713 263 959 310 producitur,
980 273 1061 301 non
1082 269 1141 302 est
1162 264 1400 301 attendenda
1419 264 1520 301 ratio
1541 274 1662 311 quare
1684 274 1809 310 nunc,

190 320 229 352 et
249 323 329 350 non
349 313 474 358 prius,
494 315 536 348 ut
557 320 627 357 per
645 311 720 347 1100
741 310 933 347 ducamur
951 311 1000 348 ad
1018 311 1313 348 concedendam
1334 311 1525 356 temporis
1556 310 1808 356 infinitatem,

189 361 260 399 sed
281 360 412 412 solum
433 368 554 406 quare
572 366 653 395 non
671 366 841 404 semper,
864 358 924 394 vel
955 367 1077 405 quare
1107 362 1199 404 post
1231 368 1312 396 non
1343 367 1432 395 esse
1452 358 1514 395 vel
1543 367 1635 395 cum
1671 358 1807 405 aliquo

202 416 317 445 1111101
349 416 401 443 io.

190 418 202 454 1
234 453 291 490 Ad
312 416 387 490 ffoc
403 455 534 489 autem
554 450 837 497 inquirendum
858 454 970 489 sexta
988 452 1089 488 ratio
1112 451 1374 489 inducebatur
1392 462 1439 488 ex
1476 454 1586 498 parte
1613 451 1720 495 finis,
1740 452 1808 498 qui

191 501 303 538 solus
323 500 511 536 inducere
531 501 662 544 potest
683 497 960 534 necessitatem
979 498 1021 534 in
1042 499 1105 535 his
1125 508 1213 545 quae
1245 499 1447 536 voluntate
1477 501 1661 545 aguntur.
1697 499 1805 535 Finis

190 552 324 585 autem
346 546 488 583 divinae
508 545 724 582 voluntatis
742 553 824 581 non
851 548 983 590 potest
1012 554 1102 582 esse
1134 545 1213 582 nisi
1247 545 1333 591 ejus
1362 545 1534 583 bonitas.
1556 547 1642 582 Non
1674 550 1805 582 autem

189 594 271 640 agit
292 596 452 639 propter
471 593 578 630 hunc
597 590 1034 643 finemproducendum
1056 592 1221 643 inesse,
1243 594 1347 629 sicut
1365 593 1506 629 artifex
1530 593 1612 639 agit
1647 596 1807 638 propter

187 640 517 677 constitutionem
538 638 861 682 artificiat1,cum
890 638 1050 675 bonitas
1083 647 1168 684 ejus
1198 639 1250 675 sit
1282 643 1430 676 aeterna
1458 643 1497 676 et
1528 639 1804 684 immutabilis,

188 688 324 733 itaque
344 691 382 724 et
401 687 502 723 nihil
523 694 751 722 accrescere
770 688 913 731 potest.
937 686 1015 722 Nec
1033 685 1152 722 etiam
1167 689 1298 731 potest
1311 686 1402 730 dici,
1419 686 1524 733 quod
1544 690 1703 732 propter
1717 686 1805 731 ejus

187 734 508 771 meliorationem
529 735 633 770 Deus
654 735 757 778 agat.
780 733 859 769 Nec
877 731 996 769 etiam
1014 732 1096 779 agit
1123 735 1281 778 propter
1307 732 1413 769 hunc
1445 732 1564 769 finem
1597 733 1805 779 acquiren-

189 782 283 818 dum
297 781 388 825 sibi,
404 780 508 817 sicut
526 789 595 816 rex
610 782 772 825 pugnat,
795 783 838 816 ut
856 779 1034 825 acquirat
1054 779 1265 816 civitatem.
1289 781 1376 825 Ipse
1398 780 1503 816 enim
1525 782 1584 816 est
1602 788 1676 816 sua
1695 779 1807 816 boni·

189 832 264 865 tas.
288 829 422 865 Restat
441 827 563 873 igitur
583 826 687 873 quod
706 829 796 872 agat
815 830 974 872 propter
991 826 1124 870 finem,
1146 826 1187 863 in
1220 830 1412 872 quantum
1445 825 1629 863 effectum
1659 826 1806 872 produ-

187 875 242 912 cit
263 875 309 911 ad
331 874 673 920 participationem
694 872 800 909 finis.
822 875 865 910 In
886 873 1142 918 producendo
1163 873 1284 920 igitur
1314 882 1377 910 res
1409 873 1468 910 sic
1493 877 1651 920 propter
1670 873 1802 913 finem,

189 921 403 958 uniformis
424 920 614 957 habitudo
633 920 726 957 finis
750 920 796 957 ad
819 923 1002 966 agentem
1023 929 1104 958 non
1126 923 1186 957 est
1204 920 1495 957 consideranda
1515 924 1558 957 ut
1592 920 1693 957 ratio
1712 929 1805 966 ope-

187 969 244 1005 ris
264 968 508 1014 sempiterni,
528 967 598 1004 sed
618 967 747 1014 magis
769 970 828 1003 est
848 967 1027 1004 addenda
1048 967 1239 1004 habitudo
1260 967 1352 1004 finis
1373 967 1421 1004 ad
1447 966 1646 1012 eflectum,
1666 967 1734 1014 qui
1753 967 1807 1004 sit

187 1020 347 1061 propter
364 1015 497 1059 finem,
521 1017 562 1051 ut
581 1014 713 1051 taliter
731 1013 973 1060 producatur
997 1013 1176 1057 effectus,
1216 1014 1387 1061 qualiter
1418 1014 1724 1051 convenientius
1744 1022 1805 1051 or-

189 1063 348 1099 dinetur
367 1062 417 1099 ad
436 1061 556 1098 finem
579 1073 586 1097 :
610 1060 714 1098 unde
735 1070 804 1107 per
824 1061 900 1098 1100
949 1061 1026 1098 uod
1047 1060 1138 1098 finis
1160 1061 1412 1098 uniformiter
1431 1071 1474 1098 se
1490 1061 1606 1098 habet
1626 1061 1675 1098 ad
1689 1069 1807 1107 agen-

187 1113 281 1153 tem,
304 1118 384 1146 non
406 1111 535 1155 potest
553 1107 752 1152 concludi,
772 1108 877 1154 quod
898 1118 917 1144 e
952 1112 1062 1145 ectus
1081 1109 1133 1145 sit
1153 1109 1435 1154 sempiternus.

235 1158 314 1192 Nec
346 1159 406 1192 est
437 1155 709 1192 necessarium
745 1154 928 1191 effectum
962 1155 1139 1192 divinum
1169 1164 1327 1201 semper
1363 1155 1502 1196 fuisse,
1541 1158 1701 1201 propter
1728 1154 1805 1191 1100

187 1203 295 1249 quod
318 1202 376 1239 sic
395 1202 697 1239 convenientius
718 1201 923 1238 ordinetur
958 1202 1006 1238 ad
1035 1202 1155 1238 finem
1186 1206 1227 1238 ut
1260 1202 1429 1248 septima
1458 1201 1558 1239 ratio
1591 1201 1805 1247 procedere

186 1249 409 1291 videbatur,
431 1249 500 1285 sed
521 1248 824 1285 convenientius
842 1248 1049 1286 ordinatur
1074 1249 1122 1285 ad
1153 1248 1271 1285 finem
1302 1258 1371 1294 per
1401 1249 1477 1286 hoc
1503 1249 1609 1295 quod
1643 1252 1701 1285 est
1724 1256 1806 1284 non

188 1305 347 1342 semper
366 1296 506 1333 fuisse.
530 1297 653 1332 Omne
675 1295 780 1332 enim
802 1305 926 1341 agens
945 1296 1169 1341 producens
1190 1295 1374 1332 effectum
1394 1296 1435 1331 in
1461 1295 1805 1341 participationem

188 1352 272 1380 suae
288 1344 438 1385 formae,
456 1342 627 1378 intendit
646 1342 687 1378 in
710 1351 756 1378 eo
778 1342 966 1379 inducere
987 1352 1100 1379 suam
1123 1343 1442 1379 similitudinem.
1463 1342 1500 1379 Si
1519 1342 1641 1388 igitur
1661 1342 1805 1379 divinae

185 1390 382 1438 voluntati
410 1389 662 1440 conveniens¹
685 1388 760 1440 fuit
789 1389 839 1440 in·
863 1398 946 1426 suae
981 1389 1172 1426 bonitatis
1206 1389 1549 1436 participationem
1581 1392 1805 1426 creaturam

185 1436 419 1483 producere,
464 1440 505 1472 ut
535 1445 608 1473 sua
632 1435 894 1472 similitudine
927 1435 1101 1472 divinam
1132 1436 1350 1473 bonitatem
1382 1439 1696 1481 repraesentaret.
1718 1437 1807 1472 Non

185 1487 319 1520 autem
349 1487 479 1528 potest
507 1491 597 1519 esse
629 1482 720 1519 talis
764 1484 1063 1528 repraesentatio
1107 1492 1178 1529 per
1219 1483 1382 1520 modum
1411 1482 1665 1529 aequalitatis,
1700 1483 1806 1519 sicut

187 1529 351 1566 effectus
374 1530 567 1567 univocus
589 1538 701 1566 suam
720 1538 882 1566 causam
910 1533 1179 1576 repraesentat,
1200 1534 1243 1567 ut
1261 1530 1320 1567 sic
1352 1533 1531 1576 oporteat
1565 1529 1614 1566 ab
1649 1528 1808 1566 infinita

184 1577 362 1614 bonitate
392 1581 561 1613 aeternos
581 1576 745 1613 effectus
764 1576 943 1622 produci,
966 1577 1036 1614 sed
1056 1577 1160 1614 sicut
1189 1577 1384 1614 excedens
1417 1579 1723 1623 repraesentatur
1756 1576 1805 1613 ab

185 1633 233 1661 eo
253 1624 359 1671 quod
379 1623 604 1667 exceditur3
627 1632 816 1660 excessus
835 1627 964 1660 autem
987 1624 1130 1661 divinae
1147 1624 1337 1661 bonitatis
1358 1633 1479 1669 supra
1497 1627 1717 1660 creaturam
1738 1631 1809 1668 per

185 1671 261 1707 1100
279 1671 449 1707 maxime
469 1670 700 1716 exprimitur
717 1671 822 1717 quod
843 1675 1031 1708 creaturae
1052 1680 1132 1708 non
1154 1680 1311 1716 semper
1331 1671 1515 1714 suerunt3
1537 1680 1585 1707 ex
1603 1670 1679 1707 hoc
1699 1670 1806 1707 enim

185 1722 348 1764 apparet
372 1726 557 1763 expresse
577 1717 684 1764 quod
723 1717 858 1755 omnia
877 1718 968 1762 alia,
989 1722 1130 1763 praeter
1156 1718 1302 1763 ipsum,
1323 1727 1414 1754 eum
1445 1717 1592 1754 habent
1623 1717 1686 1754 sui
1716 1725 1807 1754 esse

185 1768 400 1808 auctorem,
423 1768 459 1800 et
479 1764 584 1810 quod
604 1765 728 1801 virtus
747 1764 832 1810 ejiis
853 1773 934 1801 11011
954 1765 1153 1811 obligatur
1175 1765 1223 1801 ad
1253 1765 1483 1811 hujusmodi
1517 1764 1682 1801 effectus
1711 1772 1803 1810 pro·

185 1811 389 1848 ducendos
407 1811 511 1847 sicut
530 1814 672 1847 natura
690 1811 739 1847 ad
759 1810 922 1848 effectus
944 1812 1170 1856 naturales;
1193 1815 1230 1848 et
1244 1821 1313 1857 per
1332 1820 1584 1857 consequens
1608 1810 1713 1857 quod
1746 1813 1808 1847 est

182 1858 385 1909 voluntate
407 1866 530 1903 agens
543 1861 580 1894 et
601 1858 843 1904 intelligens.
867 1859 1042 1902 Quorum
1060 1858 1260 1896 contraria
1275 1858 1435 1905 quidam
1448 1862 1681 1904 posuerunt,
1696 1861 1804 1894 eeter-

184 1908 347 1941 nitatem
368 1908 636 1941 creaturarum
656 1908 940 1950 supponentes.

232 1951 295 1988 Sic
315 1951 437 1999 igitur
451 1961 503 2034 {ax
522 1954 632 1998 parte
652 1952 808 1999 agentis
828 1952 929 1988 nihil
950 1954 1010 1989 est
1029 1952 1134 1999 quod
1156 1952 1413 1989 aeternitatem
1434 1955 1704 1989 creaturarum
1729 1958 1805 1988 nos

182 2007 331 2044 ponere
349 2007 449 2045 coga
470 2026 478 2035 .

811 2110 979 2152 CAPUT
1004 2110 1182 2153 XXXVI.

366 2225 523 2254 SOLUTIO
540 2225 742 2254 RATIONUM
766 2225 1004 2254 SUMPTARUM
1018 2225 1073 2254 EX
1097 2225 1224 2254 PARTE
1242 2225 1375 2255 RERUM
1399 2225 1620 2255 FACTARUM.

229 2314 418 2352 Similiter
434 2315 553 2351 etiam
573 2324 647 2352 nec
667 2325 714 2352 ex
732 2319 841 2361 parte
859 2319 1050 2353 creaturae
1069 2319 1130 2353 est
1149 2316 1300 2363 aliquid
1319 2317 1427 2364 quod
1445 2326 1522 2355 nos
1542 2318 1590 2355 ad
1601 2317 1686 2365 ejus
1698 2321 1807 2356 aeter·

181 2361 346 2399 nitatem
368 2362 594 2408 ponendam
611 2362 660 2399 de
679 2362 916 2400 necessitate
937 2363 1112 2399 inducat.

228 2409 455 2446 Necessitas
474 2409 579 2446 enim
601 2409 761 2446 essendi
783 2419 870 2456 quae
888 2409 930 2446 in
949 2409 1142 2447 creaturis
1161 2410 1374 2455 invenitur,
1395 2420 1444 2448 ex
1463 2420 1542 2458 qua
1556 2411 1686 2457 prima
1704 2411 1805 2448 ratio

181 2456 364 2496 sumitur,
385 2460 445 2492 est
464 2456 685 2493 necessitas
703 2456 871 2500 ordinis,
891 2460 934 2493 ut
954 2456 995 2493 in
1015 2457 1331 2502 praecedentibus
1353 2458 1401 2504 (0.
1421 2458 1480 2504 30)
1502 2461 1563 2495 est
1581 2462 1803 2495 ostensum.

180 2503 406 2540 Necessitas
426 2506 556 2539 autem
573 2503 727 2541 ordinis
747 2512 830 2541 non
842 2503 949 2550 cogit
968 2503 1115 2550 ipsum,
1136 2504 1201 2541 cui
1220 2505 1311 2542 talis
1328 2505 1432 2542 inest
1448 2505 1683 2548 necessitas,
1699 2513 1805 2541 sem-

180 2558 250 2594 per
270 2550 408 2593 fuisse,
432 2553 474 2586 ut
493 2554 700 2587 ostensum
719 2554 780 2588 est
799 2559 921 2596 supra
940 2549 988 2597 (c.
1010 2553 1055 2588 30
1081 2551 1188 2597 0131)
1208 2563 1216 2595 ;
1234 2552 1326 2590 licet
1339 2551 1446 2589 enim
1461 2551 1684 2588 substantia
1697 2550 1803 2596 coeli,

180 2604 251 2640 per
274 2595 348 2631 1100
370 2596 475 2641 quod
495 2601 602 2633 caret
622 2597 799 2642 potentia
819 2598 867 2634 ad
898 2606 979 2634 non
1001 2606 1106 2643 esse,
1134 2597 1277 2635 habeat
1309 2598 1587 2635 necessitatem
1621 2597 1671 2633 ad
1697 2606 1803 2643 esse,

181 2642 265 2692 liaec
286 2645 417 2693 tame-n
438 2644 659 2681 necessitas
681 2653 762 2681 non
781 2644 964 2691 sequitur
995 2644 1082 2690 ejus
1109 2645 1388 2683 substantiam.
1427 2644 1547 2687 Unde,
1579 2644 1806 2681 substantia

181 2696 266 2739 ejus
285 2697 366 2739 Jam
385 2697 426 2723 in
447 2698 534 2725 esse
555 2690 753 2736 instituta,
776 2691 870 2728 talis
890 2691 1112 2729 necessitas
1132 2691 1515 2738 impotentialitatem
1537 2698 1619 2727 non
1643 2691 1804 2727 essendi

180 2734 346 2786 1111111011,
366 2740 596 2787 11011011ῑο11]
618 2737 712 2774 facit
731 2746 820 2775 esse
841 2738 1093 2784 impossibile
1113 2739 1256 2776 coelum
1278 2746 1360 2774 non
1379 2746 1483 2782 esse,
1504 2737 1546 2773 111
1575 2737 1804 2776 considera-

180 2784 289 2832 tione
307 2790 384 2833 qua
401 2785 532 2834 agitur
552 2783 598 2818 de
619 2784 881 2828 productione
902 2785 1136 2822 substantiae
1160 2785 1303 2831 ipsius.

229 2828 418 2865 Similiter
436 2831 555 2866 etiam
573 2829 700 2868 virtus
720 2831 881 2868 essendi
902 2840 1073 2878 semper,
1091 2841 1226 2879 exqua
1244 2829 1482 2878 procedebat
1496 2831 1673 2869 secunda
1686 2831 1803 2876 ratio,
