1894 3223
709 114 797 151 LlB.
826 115 874 159 ΙΙ,
899 114 1000 151 CAP.
1029 115 1115 151 LIX.
1644 118 1710 153 179

85 195 236 236 formas
272 197 427 278 utssilint
446 193 731 239 individuales,
752 198 791 231 et
813 195 872 233 sic
897 204 978 232 non
1010 199 1272 243 cognosceret
1313 195 1583 242 universalia;
1604 198 1710 244 quod

113 246 193 281 atet
212 250 302 279 csse
339 251 361 278 a
380 250 483 278 sum.

86 251 110 288 ρ
132 291 325 333 Praeterea,
344 288 512 325 materia
528 287 657 334 prima
674 296 754 325 non
777 291 838 325 est
868 289 1142 334 cognoscitiva
1175 289 1390 327 formarum
1422 299 1521 337 quas
1555 291 1708 337 recipit.

85 335 126 374 Si
165 345 261 382 ergo
292 335 429 372 eadem
463 338 572 372 esset
608 335 782 380 receptio
813 335 1040 373 intellectus
1067 336 1275 382 possibilis
1296 341 1334 374 et
1363 338 1537 374 materiae
1558 339 1709 383 primae,

85 392 160 421 nec
178 382 404 420 intellectus
424 381 632 428 possibilis
653 386 913 428 cognosceret
936 382 1084 420 formas
1106 388 1308 429 receplas3
1331 384 1435 431 quod
1461 388 1521 421 est
1548 385 1707 422 salsum.

131 430 316 475 Amplius,
339 428 588 475 impossibile
609 431 670 465 est
691 428 729 465 in
752 437 917 474 corpore
938 439 1027 467 esse
1048 430 1231 467 virtutem
1263 432 1475 476 inlinitum,
1498 435 1540 468 ut
1567 432 1711 478 probe-

84 479 150 514 tur
174 476 222 513 ab
255 476 466 514 Aristotele
502 476 542 512 in
565 479 703 513 octavo
722 476 865 520 Physic.
888 477 996 522 (text.
1030 486 1174 514 comm.
1197 478 1272 523 79).
1311 479 1539 515 Intellectus
1579 483 1710 516 aulem

84 523 294 577 possibilis
315 522 678 570 estquodammodo
693 523 851 559 virtutis
867 523 1045 561 inlinitae.
1059 525 1289 562 Judicamus
1302 525 1407 561 enini
1425 535 1492 571 per
1504 525 1633 571 ipsum
1646 535 1709 564 res

85 569 265 608 tufinitas
306 569 526 608 secundum
567 578 793 613 numerum,
825 570 863 605 in
912 575 1103 617 quantum
1143 581 1211 618 per
1252 573 1381 617 ipsum
1421 574 1709 618 cognoscimus

85 617 344 662 universalia,
366 617 441 654 sub
480 616 626 664 quibus
645 617 1038 663 comprehenduntur
1060 619 1313 664 particularia
1332 618 1488 656 infinita
1508 619 1547 656 in
1569 624 1707 666 poten-

83 664 155 702 tia.
177 665 263 701 Nou
283 667 344 702 est
363 664 486 711 igitur
505 664 730 701 intellectus
750 665 959 709 possibilis
980 666 1106 702 virtus
1128 666 1167 701 in
1189 674 1369 711 corpore.

134 713 188 748 Ex
209 711 273 748 his
308 715 439 748 autem
472 715 605 748 motus
627 715 687 748 est
724 711 945 748 Averrhoes
982 714 1032 748 De
1062 714 1198 752 anima,
1234 721 1294 756 111,
1316 715 1408 749 text.
1433 722 1576 749 comm.
1601 715 1649 761 5),
1673 717 1712 752 et

86 758 249 806 quidam
271 758 439 805 antiqui,
460 762 503 795 ut
521 758 606 804 ipse
627 758 735 802 dicit,
759 758 804 795 ad
828 767 957 804 ponen
992 768 1056 795 um
1091 759 1336 796 intellectum
1357 759 1606 805 possibilem,
1629 769 1708 807 quo

86 805 277 890 {ntelligit
297 806 444 858 anima,
465 814 556 843 esse
578 809 802 852 separatum
824 805 1043 842 secundum
1077 815 1166 843 esse
1188 815 1212 843 a
1241 814 1406 852 corpore
1445 810 1482 843 et
1517 816 1596 844 non
1619 817 1708 845 esse

105 860 255 890 ormam
278 861 347 890 cor
376 861 473 893 oris.

136 899 225 944 Sed,
248 863 423 946 quiaque
440 899 667 936 intellectus
687 898 787 935 nihil
803 898 850 936 ad
871 908 945 936 nos
960 899 1258 945 pertineretnec
1277 910 1346 946 per
1367 900 1497 946 ipsum
1515 901 1710 948 intellige-

88 955 236 987 remus,
255 947 334 984 nisi
366 946 575 983 nobiscum
591 946 725 992 aliquo
739 946 857 983 modo
890 947 1210 993 conjungeretur,
1234 948 1469 984 determinat
1490 949 1606 985 etiam
1623 958 1708 986 mo-

88 993 182 1031 dum
204 1002 283 1040 quo
304 994 559 1030 continuatur
578 993 802 1037 nobiscum,
821 992 971 1037 dicens,
992 994 1097 1040 quod
1128 994 1283 1040 species
1313 995 1514 1032 intellecta
1543 996 1584 1031 in
1618 1001 1708 1033 actu

88 1044 149 1078 est
167 1041 294 1078 forma
316 1040 541 1077 intellectus
571 1040 792 1086 possibilis,
821 1040 924 1077 sicut
953 1040 1110 1078 visibi-le
1134 1042 1173 1077 in
1210 1045 1298 1078 actu
1338 1045 1398 1078 est
1424 1042 1550 1079 forma
1570 1047 1708 1088 polen-

86 1087 152 1125 tiae
183 1088 342 1132 visivae3
365 1087 482 1127 unde,
505 1097 553 1124 ex
584 1087 785 1123 intellectu
827 1087 1009 1133 possibili
1033 1091 1071 1124 et
1101 1088 1228 1126 forma
1257 1089 1456 1125 intellecta
1478 1089 1519 1125 in
1540 1093 1643 1133 actu,
1667 1089 1709 1125 tit

87 1143 227 1173 unum.
250 1134 492 1181 Cuicumque
523 1133 645 1181 igitur
673 1133 930 1180 conJ‘ungitur
956 1135 1298 1172 sormaintellccta
1317 1135 1518 1181 praedicta,
1539 1136 1705 1181 conjUn-

86 1182 195 1229 gitur
214 1181 439 1218 intellectus
462 1180 683 1227 possibilis.
701 1180 964 1228 conjungitur
997 1186 1128 1220 autem
1162 1183 1279 1220 nobis
1300 1183 1497 1219 mediante
1518 1183 1705 1228 phantas-

87 1232 206 1274 mate,
226 1228 333 1276 quod
366 1232 427 1266 est
458 1228 679 1275 subjectum
703 1228 900 1275 quoddam
943 1228 1054 1266 illius
1084 1230 1220 1267 formae
1255 1230 1477 1266 intellectae.
1503 1231 1576 1266 Per
1601 1230 1706 1267 liunc

87 1275 213 1323 igitur
232 1275 392 1313 modum
414 1275 641 1312 intellectus
661 1275 869 1321 possibilis
890 1276 1098 1313 nobiscum
1119 1277 1387 1314 continuatur.

135 1323 249 1367 Quod
270 1326 400 1360 autem
428 1322 511 1365 haec
531 1322 673 1360 frivola
710 1322 790 1359 sint
811 1326 847 1359 et
870 1322 1150 1369 impossibilia,
1174 1324 1288 1361 facile
1305 1327 1365 1361 est
1382 1324 1527 1361 videre.
1550 1323 1706 1362 Habens

89 1370 197 1407 enim
217 1370 461 1407 intellectum
482 1373 543 1407 est
569 1369 812 1416 intelligens.
828 1370 1069 1418 Intelligitur
1100 1375 1230 1408 autem
1266 1371 1305 1408 id
1332 1371 1446 1417 cujus
1467 1372 1621 1417 species
1646 1372 1706 1407 in·

89 1416 311 1463 telligibilis
343 1417 559 1454 intellectui
594 1417 743 1454 unitur.
766 1418 838 1454 Per
871 1417 946 1454 hoc
976 1418 1082 1455 enim
1114 1418 1219 1465 quod
1252 1418 1407 1464 species
1440 1418 1706 1465 intelligibilis

89 1463 310 1500 intellectui
331 1464 444 1501 unita
471 1468 531 1501 est
562 1463 604 1500 in
637 1464 799 1501 homine
820 1473 889 1509 per
909 1464 1082 1512 aliquem
1102 1465 1279 1510 modum,
1303 1475 1383 1502 non
1405 1465 1564 1502 habebit
1585 1466 1705 1502 homo

91 1510 197 1558 quod
218 1510 271 1548 sit
290 1510 533 1556 intelligens,
553 1509 622 1547 sed
655 1510 786 1547 solum
817 1511 922 1557 quod
949 1511 1196 1558 intelligatur
1215 1512 1263 1550 ab
1283 1512 1486 1548 intellectu
1507 1517 1705 1557 separato.

137 1559 326 1598 Praeterea,
349 1557 382 1594 si
416 1557 572 1603 species
600 1557 802 1594 intellecta
827 1559 868 1594 in
892 1562 981 1596 actu
1002 1562 1062 1596 est
1082 1560 1209 1596 forma
1242 1559 1467 1596 intellectus
1485 1559 1705 1605 possibilis,

90 1604 195 1642 sicut
215 1605 369 1651 species
388 1604 559 1642 visibilis
580 1604 620 1640 in
638 1607 727 1641 actu
748 1608 808 1642 est
822 1605 948 1642 forma
978 1606 1164 1652 potentiae
1178 1606 1313 1643 visivae
1341 1606 1424 1643 sive
1456 1606 1583 1651 ipsius
1602 1606 1707 1643 oculi

89 1670 137 1679 —
156 1652 312 1698 species
332 1655 462 1688 autem
483 1651 683 1688 intellecta
694 1655 945 1698 comparatur
959 1652 1006 1690 ad
1029 1653 1305 1699 phantasmata
1318 1653 1421 1690 sicut
1435 1653 1589 1699 species
1611 1653 1707 1690 visi-

88 1696 184 1736 bilis
203 1699 244 1736 in
275 1702 364 1736 actu
397 1698 446 1735 ad
475 1698 710 1743 coloratum,
733 1699 837 1746 quod
860 1703 920 1736 est
938 1703 1112 1737 extrema
1151 1701 1350 1745 animam;
1375 1704 1413 1737 et
1433 1701 1506 1737 hac
1525 1700 1708 1737 similitu-

91 1745 182 1783 dine
200 1746 286 1792 ipse
306 1745 624 1789 utitur,uteliam
637 1745 940 1790 Aristoteles,—
960 1747 1106 1784 similis
1119 1747 1239 1794 igitur
1256 1747 1502 1784 continuatio
1516 1750 1576 1785 est
1596 1747 1709 1784 intei-

91 1791 219 1831 lectus
239 1791 447 1839 possibilis
466 1801 537 1838 per
568 1792 735 1829 sormam
765 1792 1056 1840 intelligibilem
1078 1794 1125 1831 ad
1147 1795 1384 1840 phantasma
1402 1794 1507 1841 quod
1526 1794 1567 1831 in
1590 1794 1707 1832 nobis

90 1842 166 1886 est,
183 1839 418 1886 etpotentiae
434 1839 570 1877 visivae
583 1839 631 1876 ad
652 1840 824 1876 colorem
842 1841 908 1887 qui
930 1844 991 1877 est
1010 1841 1050 1879 in
1072 1841 1213 1887 lapide.
1237 1843 1326 1878 Haec
1346 1845 1476 1878 autem
1499 1841 1707 1878 continua-

88 1887 146 1924 tio
177 1895 260 1925 non
295 1886 389 1924 facit
416 1886 588 1933 lapidem
618 1886 764 1931 videre,
785 1887 854 1924 sed
876 1888 1006 1925 solum
1036 1887 1174 1925 videri.
1197 1890 1298 1935 Ergo
1319 1892 1356 1925 et
1376 1888 1561 1934 praedicta
1581 1888 1708 1925 conti·

88 1934 227 1972 nuatio
248 1933 475 1971 intellectus
486 1932 693 1980 possibilis
714 1933 921 1972 nobiscum
935 1963 944 1979 ,
967 1944 1045 1972 non
1066 1935 1158 1972 facit
1186 1944 1261 1972 nos
1293 1936 1527 1982 intelligere,
1556 1936 1625 1972 sed
1646 1936 1706 1972 in-

87 1981 170 2018 telli
202 1981 214 2017 i
236 1981 382 2018 solum.
402 1980 565 2018 Planum
589 1984 719 2018 autem
747 1985 807 2018 est
827 1982 931 2028 quod
954 1982 1109 2028 proprie
1124 1986 1161 2019 et
1183 1992 1273 2019 vere
1294 1982 1439 2019 dicitur
1458 1983 1562 2029 quod
1586 1983 1705 2019 homo

87 1990 395 2080 inteffiigiuNon
413 2028 519 2065 enim
540 2027 766 2081 intellectus
786 2032 967 2081 naturam
989 2029 1411 2082 investigaremus—nisi
1428 2030 1585 2082 perhoc
1601 2029 1708 2076 quod

89 2082 166 2112 nos
180 2074 456 2120 intelligimus.
472 2076 557 2112 Non
569 2079 692 2121 igitur
707 2074 913 2113 sufficiens
927 2079 988 2113 est
998 2076 1209 2122 praedlctus
1222 2080 1535 2113 continuatioms
1545 2077 1706 2114 modus.

135 2120 281 2173 ᾼάὴιιο,
319 2129 438 2158 omne
492 2130 743 2169 cognoscens
780 2131 851 2168 per
885 2123 1068 2160 virtutem
1107 2124 1420 2170 cognoscitivam
1451 2123 1708 2171 conjungitur

90 2166 258 2214 objecto,
280 2170 319 2204 et
338 2176 419 2205 non
440 2177 461 2205 e
480 2176 688 2213 converso,
708 2169 811 2206 sicut
843 2173 882 2207 et
900 2179 1072 2216 operans
1102 2179 1219 2208 omne
1240 2180 1310 2217 per
1333 2171 1515 2207 virtutem
1534 2171 1704 2216 operati-

87 2223 178 2252 vam
210 2214 466 2261 conjungitur
494 2218 669 2262 operato.
705 2216 831 2253 Homo
861 2221 992 2254 autem
1024 2220 1085 2254 est
1121 2217 1352 2263 intelligens
1373 2227 1441 2263 per
1461 2218 1705 2254 intellectum

89 2261 194 2299 sicut
224 2270 294 2307 per
321 2261 506 2298 virtutem
541 2263 867 2315 cognoscitivam.
897 2265 983 2301 Non
1019 2264 1142 2311 igitur
1171 2264 1427 2310 conjungitur
1447 2274 1516 2310 per
1537 2264 1706 2301 formam

88 2307 367 2355 inteligibilem
387 2308 620 2353 intellectui,
642 2309 711 2347 sed
730 2310 859 2356 magis
880 2319 949 2356 per
967 2311 1210 2348 intellectum
1231 2311 1473 2357 inteligibili.

134 2355 319 2401 Amplius,
349 2354 389 2391 id
417 2355 523 2402 quod
552 2355 701 2403 aliquid
728 2361 927 2403 operatur,
958 2361 1113 2404 oportet
1142 2367 1231 2395 esse
1264 2357 1430 2394 sormam
1464 2357 1563 2403 ejus.
1599 2356 1707 2393 Nihil

88 2401 196 2439 enim
218 2401 301 2448 agit
319 2401 399 2438 nisi
417 2402 636 2439 secundum
657 2404 764 2449 quod
780 2407 841 2441 est
860 2408 965 2449 actu,
985 2408 1076 2441 actu
1104 2407 1235 2441 autem
1256 2413 1335 2440 non
1358 2408 1418 2440 est
1441 2402 1603 2450 aliquid,
1626 2403 1705 2440 nisi

87 2456 159 2496 per
192 2447 232 2485 id
267 2447 374 2495 quod
406 2451 467 2485 est
497 2447 626 2485 forma
656 2449 756 2496 ejus.
787 2450 895 2487 Unde
927 2454 966 2486 et
991 2451 1223 2488 Aristoteles
1255 2449 1319 2496 (De
1345 2452 1480 2493 anima,
1518 2459 1562 2493 11,
1602 2453 1700 2486 text.

87 2503 234 2532 comm.
266 2495 304 2541 4)
334 2493 476 2541 probat
503 2495 677 2532 animam
704 2504 795 2533 esse
822 2497 1004 2540 formam,
1032 2506 1103 2543 per
1131 2497 1207 2533 hoc
1227 2496 1333 2542 quod
1363 2497 1510 2534 animal
1529 2496 1637 2541 vivit,
1667 2499 1708 2533 et

87 2542 223 2580 sentit.
257 2542 384 2579 Homo
417 2545 548 2579 autem
579 2542 780 2589 intelligit,
802 2546 840 2580 et
876 2544 1038 2580 nonnisi
1066 2552 1135 2588 per
1154 2543 1411 2580 intellectum.
1438 2543 1544 2580 Unde
1565 2547 1603 2579 et
1621 2543 1706 2580 Ari-

87 2588 253 2626 stoteles
285 2588 494 2636 inquirens
524 2588 573 2626 de
603 2589 799 2635 principio
822 2599 901 2642 quo
932 2590 1207 2636 intelligimus,
1239 2590 1358 2626 tradit
1386 2589 1504 2627 nobis
1522 2594 1704 2627 naturam

87 2634 316 2674 intellectus
349 2634 571 2682 possibilis.
603 2636 764 2681 Oportet
794 2636 917 2682 igitur
947 2636 1192 2674 intellectum
1219 2637 1454 2683 possibilem
1487 2637 1706 2674 formaliter

88 2682 195 2721 uniri
215 2683 349 2728 nobis,
370 2685 408 2720 et
425 2691 504 2720 non
527 2682 659 2719 solum
681 2691 751 2728 per
771 2690 888 2719 suum
911 2682 1122 2729 objectum.

134 2730 326 2775 Praeterea‚
346 2729 573 2767 intellectus
600 2729 643 2766 in
675 2733 764 2766 actu
785 2732 821 2766 et
858 2728 1107 2776 intelligibile
1126 2729 1169 2768 in
1187 2734 1277 2768 actu
1317 2734 1411 2768 sunt
1441 2740 1578 2776 unum,
1601 2732 1706 2769 sicut

89 2782 236 2814 sensus
255 2777 295 2813 in
315 2779 406 2814 actu
426 2779 465 2814 et
484 2775 675 2814 sensibile
695 2777 737 2812 in
758 2779 846 2813 actu
865 2787 874 2820 ;
896 2785 977 2813 non
995 2780 1125 2814 autem
1141 2777 1367 2816 intellectus
1387 2778 1429 2815 in
1466 2779 1643 2824 potentia
1663 2781 1706 2815 et

89 2821 340 2869 intelligibile
364 2823 407 2860 in
455 2823 647 2870 potentia,
678 2823 783 2860 sicut
813 2831 887 2860 nec
919 2831 1064 2861 sensus
1095 2824 1137 2860 in
1168 2825 1344 2870 potentia
1376 2829 1413 2862 et
1445 2825 1635 2862 sensibile
1657 2826 1699 2861 in

89 2870 279 2916 potentia.
300 2869 460 2917 Species
488 2870 611 2918 igitur
628 2869 701 2915 rei,
721 2869 940 2908 secundum
960 2870 1066 2917 quod
1089 2873 1150 2909 est
1170 2871 1213 2908 in
1244 2872 1602 2919 phantasmatibus,
1618 2881 1699 2910 non
