<?xml version="1.0" encoding="UTF-8"?>
<!DOCTYPE html PUBLIC "-//W3C//DTD XHTML 1.0 Transitional//EN"
    "http://www.w3.org/TR/xhtml1/DTD/xhtml1-transitional.dtd">
<html xmlns="http://www.w3.org/1999/xhtml" xml:lang="en" lang="en">
 <head>
  <title>
</title>
<meta http-equiv="Content-Type" content="text/html;charset=utf-8" />
  <meta name='ocr-system' content='tesseract 3.04.00' />
  <meta name='ocr-capabilities' content='ocr_page ocr_carea ocr_par ocr_line ocrx_word'/>
</head>
<body>
  <div class='ocr_page' id='page_1' title='image "./deveritatecathol00thomuoft_0262.png"; bbox 0 0 1894 3223; ppageno 0'>
   <div class='ocr_carea' id='block_1_1' title="bbox 149 170 1207 213">
    <p class='ocr_par' dir='ltr' id='par_1_1' title="bbox 149 170 1207 213">
     <span class='ocr_line' id='line_1_1' title="bbox 149 170 1207 213; baseline -0.008 0"><span class='ocrx_word' id='word_1_1' title='bbox 149 179 218 213; x_wconf 77' lang='lat'>222</span> <span class='ocrx_word' id='word_1_2' title='bbox 727 173 815 208; x_wconf 87' lang='lat' dir='ltr'>LlB.</span> <span class='ocrx_word' id='word_1_3' title='bbox 843 172 888 210; x_wconf 85' lang='lat'>11,</span> <span class='ocrx_word' id='word_1_4' title='bbox 918 171 1020 206; x_wconf 76' lang='lat' dir='ltr'>GAP.</span> <span class='ocrx_word' id='word_1_5' title='bbox 1047 170 1207 207; x_wconf 82' lang='lat' dir='ltr'>Lxxxu.</span> 
     </span>
    </p>
   </div>
   <div class='ocr_carea' id='block_1_2' title="bbox 146 250 1772 2080">
    <p class='ocr_par' dir='ltr' id='par_1_2' title="bbox 148 250 1770 582">
     <span class='ocr_line' id='line_1_2' title="bbox 151 250 1766 304; baseline -0.002 -11"><span class='ocrx_word' id='word_1_6' title='bbox 151 256 432 304; x_wconf 75' lang='lat' dir='ltr'>perpetuentur</span> <span class='ocrx_word' id='word_1_7' title='bbox 453 251 674 290; x_wconf 90' lang='lat' dir='ltr'>secundum</span> <span class='ocrx_word' id='word_1_8' title='bbox 701 251 889 297; x_wconf 89' lang='lat' dir='ltr'>speciem,</span> <span class='ocrx_word' id='word_1_9' title='bbox 910 250 951 287; x_wconf 89' lang='lat' dir='ltr'>in</span> <span class='ocrx_word' id='word_1_10' title='bbox 981 254 1173 298; x_wconf 89' lang='lat' dir='ltr'>quantum</span> <span class='ocrx_word' id='word_1_11' title='bbox 1194 251 1235 288; x_wconf 92' lang='lat' dir='ltr'>in</span> <span class='ocrx_word' id='word_1_12' title='bbox 1256 250 1316 289; x_wconf 91' lang='lat' dir='ltr'>eis</span> <span class='ocrx_word' id='word_1_13' title='bbox 1347 250 1549 288; x_wconf 90' lang='lat' dir='ltr'>invenitur</span> <span class='ocrx_word' id='word_1_14' title='bbox 1569 251 1766 298; x_wconf 88' lang='lat' dir='ltr'>appetitus</span> 
     </span>
     <span class='ocr_line' id='line_1_3' title="bbox 151 297 1767 350; baseline -0.002 -11"><span class='ocrx_word' id='word_1_15' title='bbox 151 300 420 350; x_wconf 77' lang='lat' dir='ltr'>generationis</span> <span class='ocrx_word' id='word_1_16' title='bbox 440 308 510 345; x_wconf 89' lang='lat' dir='ltr'>per</span> <span class='ocrx_word' id='word_1_17' title='bbox 529 308 647 346; x_wconf 87' lang='lat' dir='ltr'>quam</span> <span class='ocrx_word' id='word_1_18' title='bbox 680 298 834 344; x_wconf 89' lang='lat' dir='ltr'>species</span> <span class='ocrx_word' id='word_1_19' title='bbox 852 301 1106 344; x_wconf 73' lang='lat' dir='ltr'>perpetuatur</span> <span class='ocrx_word' id='word_1_20' title='bbox 1123 297 1244 345; x_wconf 92' lang='lat' dir='ltr'>(quod</span> <span class='ocrx_word' id='word_1_21' title='bbox 1263 297 1423 345; x_wconf 90' lang='lat' dir='ltr'>quidem</span> <span class='ocrx_word' id='word_1_22' title='bbox 1443 298 1643 335; x_wconf 90' lang='lat' dir='ltr'>invenitur</span> <span class='ocrx_word' id='word_1_23' title='bbox 1669 302 1708 335; x_wconf 91' lang='lat' dir='ltr'>et</span> <span class='ocrx_word' id='word_1_24' title='bbox 1725 299 1767 335; x_wconf 90' lang='lat' dir='ltr'>in</span> 
     </span>
     <span class='ocr_line' id='line_1_4' title="bbox 148 344 1767 396; baseline -0.002 -11"><span class='ocrx_word' id='word_1_25' title='bbox 148 348 295 396; x_wconf 87' lang='lat' dir='ltr'>plantis</span> <span class='ocrx_word' id='word_1_26' title='bbox 315 347 410 383; x_wconf 88' lang='lat' dir='ltr'>etin</span> <span class='ocrx_word' id='word_1_27' title='bbox 438 346 558 383; x_wconf 89' lang='lat' dir='ltr'>rebus</span> <span class='ocrx_word' id='word_1_28' title='bbox 577 344 837 391; x_wconf 90' lang='lat' dir='ltr'>inanimatis),</span> <span class='ocrx_word' id='word_1_29' title='bbox 860 353 941 381; x_wconf 92' lang='lat' dir='ltr'>non</span> <span class='ocrx_word' id='word_1_30' title='bbox 976 348 1108 382; x_wconf 89' lang='lat' dir='ltr'>autem</span> <span class='ocrx_word' id='word_1_31' title='bbox 1131 348 1323 392; x_wconf 89' lang='lat' dir='ltr'>quantum</span> <span class='ocrx_word' id='word_1_32' title='bbox 1348 344 1396 381; x_wconf 90' lang='lat' dir='ltr'>ad</span> <span class='ocrx_word' id='word_1_33' title='bbox 1422 345 1627 391; x_wconf 91' lang='lat' dir='ltr'>proprium</span> <span class='ocrx_word' id='word_1_34' title='bbox 1649 354 1767 392; x_wconf 87' lang='lat' dir='ltr'>appe-</span> 
     </span>
     <span class='ocr_line' id='line_1_5' title="bbox 149 391 1767 439; baseline -0.002 -7"><span class='ocrx_word' id='word_1_35' title='bbox 149 396 263 432; x_wconf 88' lang='lat' dir='ltr'>titum</span> <span class='ocrx_word' id='word_1_36' title='bbox 285 393 470 430; x_wconf 85' lang='lat' dir='ltr'>animalis</span> <span class='ocrx_word' id='word_1_37' title='bbox 491 393 533 429; x_wconf 91' lang='lat' dir='ltr'>in</span> <span class='ocrx_word' id='word_1_38' title='bbox 553 395 744 439; x_wconf 89' lang='lat' dir='ltr'>quantum</span> <span class='ocrx_word' id='word_1_39' title='bbox 766 395 826 429; x_wconf 86' lang='lat' dir='ltr'>est</span> <span class='ocrx_word' id='word_1_40' title='bbox 845 392 1006 435; x_wconf 88' lang='lat' dir='ltr'>animal,</span> <span class='ocrx_word' id='word_1_41' title='bbox 1028 391 1095 438; x_wconf 91' lang='lat' dir='ltr'>qui</span> <span class='ocrx_word' id='word_1_42' title='bbox 1112 395 1172 429; x_wconf 89' lang='lat' dir='ltr'>est</span> <span class='ocrx_word' id='word_1_43' title='bbox 1190 392 1387 438; x_wconf 87' lang='lat' dir='ltr'>appetitus</span> <span class='ocrx_word' id='word_1_44' title='bbox 1409 391 1767 438; x_wconf 82' lang='lat' dir='ltr'>apprehensionem</span> 
     </span>
     <span class='ocr_line' id='line_1_6' title="bbox 149 438 1770 487; baseline -0.002 -8"><span class='ocrx_word' id='word_1_45' title='bbox 149 449 426 487; x_wconf 86' lang='lat' dir='ltr'>consequens;</span> <span class='ocrx_word' id='word_1_46' title='bbox 449 448 555 484; x_wconf 92' lang='lat' dir='ltr'>nam,</span> <span class='ocrx_word' id='word_1_47' title='bbox 589 448 709 486; x_wconf 88' lang='lat' dir='ltr'>quum</span> <span class='ocrx_word' id='word_1_48' title='bbox 732 439 867 476; x_wconf 89' lang='lat' dir='ltr'>anima</span> <span class='ocrx_word' id='word_1_49' title='bbox 895 439 1087 476; x_wconf 81' lang='lat' dir='ltr'>sensitiva</span> <span class='ocrx_word' id='word_1_50' title='bbox 1117 447 1198 476; x_wconf 88' lang='lat' dir='ltr'>non</span> <span class='ocrx_word' id='word_1_51' title='bbox 1220 439 1487 485; x_wconf 81' lang='lat' dir='ltr'>apprehendat</span> <span class='ocrx_word' id='word_1_52' title='bbox 1519 439 1599 476; x_wconf 89' lang='lat' dir='ltr'>nisi</span> <span class='ocrx_word' id='word_1_53' title='bbox 1633 438 1698 477; x_wconf 86' lang='lat' dir='ltr'>hic</span> <span class='ocrx_word' id='word_1_54' title='bbox 1731 442 1770 476; x_wconf 86' lang='lat' dir='ltr'>et</span> 
     </span>
     <span class='ocr_line' id='line_1_7' title="bbox 149 484 1768 533; baseline -0.002 -8"><span class='ocrx_word' id='word_1_55' title='bbox 149 497 268 531; x_wconf 85' lang='lat' dir='ltr'>nunc,</span> <span class='ocrx_word' id='word_1_56' title='bbox 291 486 540 532; x_wconf 88' lang='lat' dir='ltr'>impossibile</span> <span class='ocrx_word' id='word_1_57' title='bbox 571 489 634 523; x_wconf 90' lang='lat' dir='ltr'>est</span> <span class='ocrx_word' id='word_1_58' title='bbox 667 485 774 533; x_wconf 90' lang='lat' dir='ltr'>quod</span> <span class='ocrx_word' id='word_1_59' title='bbox 795 484 1074 531; x_wconf 76' lang='lat' dir='ltr'>apprehendat</span> <span class='ocrx_word' id='word_1_60' title='bbox 1104 494 1194 523; x_wconf 91' lang='lat' dir='ltr'>esse</span> <span class='ocrx_word' id='word_1_61' title='bbox 1221 488 1470 532; x_wconf 90' lang='lat' dir='ltr'>perpetuum,</span> <span class='ocrx_word' id='word_1_62' title='bbox 1503 494 1634 532; x_wconf 86' lang='lat' dir='ltr'>neque</span> <span class='ocrx_word' id='word_1_63' title='bbox 1671 494 1768 532; x_wconf 85' lang='lat' dir='ltr'>ergo</span> 
     </span>
     <span class='ocr_line' id='line_1_8' title="bbox 149 531 1768 582; baseline 0 -12"><span class='ocrx_word' id='word_1_64' title='bbox 149 534 296 582; x_wconf 80' lang='lat' dir='ltr'>appetit</span> <span class='ocrx_word' id='word_1_65' title='bbox 316 533 489 580; x_wconf 87' lang='lat' dir='ltr'>appetitu</span> <span class='ocrx_word' id='word_1_66' title='bbox 511 532 687 570; x_wconf 85' lang='lat' dir='ltr'>animali.</span> <span class='ocrx_word' id='word_1_67' title='bbox 710 534 796 569; x_wconf 91' lang='lat' dir='ltr'>Non</span> <span class='ocrx_word' id='word_1_68' title='bbox 818 536 878 569; x_wconf 88' lang='lat' dir='ltr'>est</span> <span class='ocrx_word' id='word_1_69' title='bbox 894 532 1015 578; x_wconf 82' lang='lat' dir='ltr'>igitur</span> <span class='ocrx_word' id='word_1_70' title='bbox 1028 531 1162 569; x_wconf 88' lang='lat' dir='ltr'>anima</span> <span class='ocrx_word' id='word_1_71' title='bbox 1186 531 1290 570; x_wconf 91' lang='lat' dir='ltr'>bruti</span> <span class='ocrx_word' id='word_1_72' title='bbox 1311 542 1434 579; x_wconf 86' lang='lat' dir='ltr'>capax</span> <span class='ocrx_word' id='word_1_73' title='bbox 1453 532 1632 578; x_wconf 88' lang='lat' dir='ltr'>perpetui</span> <span class='ocrx_word' id='word_1_74' title='bbox 1662 541 1768 571; x_wconf 88' lang='lat' dir='ltr'>esse.</span> 
     </span>
    </p>

    <p class='ocr_par' dir='ltr' id='par_1_3' title="bbox 146 578 1771 956">
     <span class='ocr_line' id='line_1_9' title="bbox 194 578 1770 627; baseline -0.001 -9"><span class='ocrx_word' id='word_1_75' title='bbox 194 582 379 626; x_wconf 72' lang='lat' dir='ltr'>Amplius,</span> <span class='ocrx_word' id='word_1_76' title='bbox 398 588 519 627; x_wconf 91' lang='lat' dir='ltr'>quum</span> <span class='ocrx_word' id='word_1_77' title='bbox 536 579 818 616; x_wconf 79' lang='lat' dir='ltr'>delectationes</span> <span class='ocrx_word' id='word_1_78' title='bbox 842 579 1093 624; x_wconf 79' lang='lat' dir='ltr'>operationes</span> <span class='ocrx_word' id='word_1_79' title='bbox 1110 578 1329 625; x_wconf 82' lang='lat' dir='ltr'>perficiant,</span> <span class='ocrx_word' id='word_1_80' title='bbox 1350 584 1393 617; x_wconf 88' lang='lat' dir='ltr'>ut</span> <span class='ocrx_word' id='word_1_81' title='bbox 1410 583 1516 625; x_wconf 86' lang='lat' dir='ltr'>patet</span> <span class='ocrx_word' id='word_1_82' title='bbox 1535 588 1605 625; x_wconf 90' lang='lat' dir='ltr'>per</span> <span class='ocrx_word' id='word_1_83' title='bbox 1622 579 1770 617; x_wconf 79' lang='lat' dir='ltr'>Aristo-</span> 
     </span>
     <span class='ocr_line' id='line_1_10' title="bbox 147 625 1771 673; baseline -0.001 -8"><span class='ocrx_word' id='word_1_84' title='bbox 147 628 266 666; x_wconf 82' lang='lat' dir='ltr'>telem</span> <span class='ocrx_word' id='word_1_85' title='bbox 288 627 444 672; x_wconf 88' lang='lat' dir='ltr'>(Ethic.‚</span> <span class='ocrx_word' id='word_1_86' title='bbox 465 634 503 667; x_wconf 86' lang='lat' dir='ltr'>x,</span> <span class='ocrx_word' id='word_1_87' title='bbox 522 636 556 664; x_wconf 88' lang='lat' dir='ltr'>c.</span> <span class='ocrx_word' id='word_1_88' title='bbox 577 626 626 673; x_wconf 81' lang='lat'>5),</span> <span class='ocrx_word' id='word_1_89' title='bbox 650 626 697 663; x_wconf 88' lang='lat' dir='ltr'>ad</span> <span class='ocrx_word' id='word_1_90' title='bbox 721 626 797 663; x_wconf 89' lang='lat' dir='ltr'>hoc</span> <span class='ocrx_word' id='word_1_91' title='bbox 827 625 1033 663; x_wconf 85' lang='lat' dir='ltr'>ordinatur</span> <span class='ocrx_word' id='word_1_92' title='bbox 1062 626 1238 672; x_wconf 87' lang='lat' dir='ltr'>operatio</span> <span class='ocrx_word' id='word_1_93' title='bbox 1274 626 1485 673; x_wconf 87' lang='lat' dir='ltr'>cujuslibet</span> <span class='ocrx_word' id='word_1_94' title='bbox 1519 627 1575 663; x_wconf 91' lang='lat' dir='ltr'>rei</span> <span class='ocrx_word' id='word_1_95' title='bbox 1605 626 1709 664; x_wconf 92' lang='lat' dir='ltr'>sicut</span> <span class='ocrx_word' id='word_1_96' title='bbox 1726 626 1771 663; x_wconf 87' lang='lat' dir='ltr'>in</span> 
     </span>
     <span class='ocr_line' id='line_1_11' title="bbox 148 671 1770 721; baseline -0.001 -9"><span class='ocrx_word' id='word_1_97' title='bbox 148 675 268 712; x_wconf 87' lang='lat' dir='ltr'>finem</span> <span class='ocrx_word' id='word_1_98' title='bbox 301 675 342 711; x_wconf 88' lang='lat' dir='ltr'>in</span> <span class='ocrx_word' id='word_1_99' title='bbox 363 683 442 721; x_wconf 86' lang='lat' dir='ltr'>quo</span> <span class='ocrx_word' id='word_1_100' title='bbox 469 683 544 712; x_wconf 89' lang='lat' dir='ltr'>sua</span> <span class='ocrx_word' id='word_1_101' title='bbox 564 673 773 710; x_wconf 84' lang='lat' dir='ltr'>delectatio</span> <span class='ocrx_word' id='word_1_102' title='bbox 805 671 953 719; x_wconf 83' lang='lat' dir='ltr'>figitur.</span> <span class='ocrx_word' id='word_1_103' title='bbox 973 671 1262 710; x_wconf 88' lang='lat' dir='ltr'>Delectationes</span> <span class='ocrx_word' id='word_1_104' title='bbox 1293 677 1424 711; x_wconf 87' lang='lat' dir='ltr'>autem</span> <span class='ocrx_word' id='word_1_105' title='bbox 1455 673 1662 711; x_wconf 89' lang='lat' dir='ltr'>brutorum</span> <span class='ocrx_word' id='word_1_106' title='bbox 1684 673 1770 710; x_wconf 86' lang='lat' dir='ltr'>ani·</span> 
     </span>
     <span class='ocr_line' id='line_1_12' title="bbox 147 719 1770 766; baseline -0.001 -7"><span class='ocrx_word' id='word_1_107' title='bbox 147 722 312 760; x_wconf 85' lang='lat' dir='ltr'>malium</span> <span class='ocrx_word' id='word_1_108' title='bbox 335 729 474 758; x_wconf 89' lang='lat' dir='ltr'>omnes</span> <span class='ocrx_word' id='word_1_109' title='bbox 509 720 736 758; x_wconf 84' lang='lat' dir='ltr'>referuntur</span> <span class='ocrx_word' id='word_1_110' title='bbox 755 719 804 757; x_wconf 87' lang='lat' dir='ltr'>ad</span> <span class='ocrx_word' id='word_1_111' title='bbox 833 719 1152 757; x_wconf 82' lang='lat' dir='ltr'>conservantiam</span> <span class='ocrx_word' id='word_1_112' title='bbox 1186 720 1393 766; x_wconf 89' lang='lat' dir='ltr'>corporis;</span> <span class='ocrx_word' id='word_1_113' title='bbox 1413 728 1493 758; x_wconf 90' lang='lat' dir='ltr'>non</span> <span class='ocrx_word' id='word_1_114' title='bbox 1528 720 1633 757; x_wconf 90' lang='lat' dir='ltr'>enim</span> <span class='ocrx_word' id='word_1_115' title='bbox 1664 720 1770 757; x_wconf 88' lang='lat' dir='ltr'>dele·</span> 
     </span>
     <span class='ocr_line' id='line_1_13' title="bbox 148 765 1768 813; baseline -0.002 -6"><span class='ocrx_word' id='word_1_116' title='bbox 148 772 305 807; x_wconf 83' lang='lat' dir='ltr'>etantur</span> <span class='ocrx_word' id='word_1_117' title='bbox 323 768 363 805; x_wconf 91' lang='lat' dir='ltr'>in</span> <span class='ocrx_word' id='word_1_118' title='bbox 392 768 520 813; x_wconf 88' lang='lat' dir='ltr'>sonis,</span> <span class='ocrx_word' id='word_1_119' title='bbox 542 767 735 805; x_wconf 86' lang='lat' dir='ltr'>odoribus</span> <span class='ocrx_word' id='word_1_120' title='bbox 755 770 793 804; x_wconf 89' lang='lat' dir='ltr'>et</span> <span class='ocrx_word' id='word_1_121' title='bbox 812 766 1054 813; x_wconf 86' lang='lat' dir='ltr'>aspectibus,</span> <span class='ocrx_word' id='word_1_122' title='bbox 1074 765 1154 804; x_wconf 87' lang='lat' dir='ltr'>nisi</span> <span class='ocrx_word' id='word_1_123' title='bbox 1173 766 1394 804; x_wconf 85' lang='lat' dir='ltr'>secundum</span> <span class='ocrx_word' id='word_1_124' title='bbox 1415 766 1521 813; x_wconf 91' lang='lat' dir='ltr'>quod</span> <span class='ocrx_word' id='word_1_125' title='bbox 1542 771 1637 803; x_wconf 88' lang='lat' dir='ltr'>sunt</span> <span class='ocrx_word' id='word_1_126' title='bbox 1664 767 1768 803; x_wconf 88' lang='lat' dir='ltr'>indi-</span> 
     </span>
     <span class='ocr_line' id='line_1_14' title="bbox 148 813 1769 860; baseline -0.001 -7"><span class='ocrx_word' id='word_1_127' title='bbox 148 816 276 854; x_wconf 87' lang='lat' dir='ltr'>cativa</span> <span class='ocrx_word' id='word_1_128' title='bbox 310 815 489 853; x_wconf 88' lang='lat' dir='ltr'>ciborum</span> <span class='ocrx_word' id='word_1_129' title='bbox 524 815 587 852; x_wconf 91' lang='lat' dir='ltr'>vel</span> <span class='ocrx_word' id='word_1_130' title='bbox 605 823 880 858; x_wconf 87' lang='lat' dir='ltr'>venereorum‚</span> <span class='ocrx_word' id='word_1_131' title='bbox 901 813 1007 851; x_wconf 86' lang='lat' dir='ltr'>circa</span> <span class='ocrx_word' id='word_1_132' title='bbox 1026 822 1117 860; x_wconf 83' lang='lat' dir='ltr'>quae</span> <span class='ocrx_word' id='word_1_133' title='bbox 1146 816 1208 851; x_wconf 90' lang='lat' dir='ltr'>est</span> <span class='ocrx_word' id='word_1_134' title='bbox 1227 813 1360 851; x_wconf 91' lang='lat' dir='ltr'>omnis</span> <span class='ocrx_word' id='word_1_135' title='bbox 1384 822 1523 851; x_wconf 90' lang='lat' dir='ltr'>eorum</span> <span class='ocrx_word' id='word_1_136' title='bbox 1542 814 1769 852; x_wconf 79' lang='lat' dir='ltr'>delectatio.</span> 
     </span>
     <span class='ocr_line' id='line_1_15' title="bbox 146 860 1770 909; baseline -0.001 -9"><span class='ocrx_word' id='word_1_137' title='bbox 146 864 244 901; x_wconf 86' lang='lat' dir='ltr'>Tota</span> <span class='ocrx_word' id='word_1_138' title='bbox 274 862 396 909; x_wconf 80' lang='lat' dir='ltr'>igitur</span> <span class='ocrx_word' id='word_1_139' title='bbox 432 861 609 908; x_wconf 85' lang='lat' dir='ltr'>operatio</span> <span class='ocrx_word' id='word_1_140' title='bbox 642 870 780 899; x_wconf 91' lang='lat' dir='ltr'>eorum</span> <span class='ocrx_word' id='word_1_141' title='bbox 811 864 992 898; x_wconf 90' lang='lat' dir='ltr'>versatur</span> <span class='ocrx_word' id='word_1_142' title='bbox 1024 860 1074 897; x_wconf 90' lang='lat' dir='ltr'>ad</span> <span class='ocrx_word' id='word_1_143' title='bbox 1105 860 1449 898; x_wconf 88' lang='lat' dir='ltr'>conservationem</span> <span class='ocrx_word' id='word_1_144' title='bbox 1476 869 1565 898; x_wconf 88' lang='lat' dir='ltr'>esse</span> <span class='ocrx_word' id='word_1_145' title='bbox 1587 860 1770 907; x_wconf 89' lang='lat' dir='ltr'>corporei</span> 
     </span>
     <span class='ocr_line' id='line_1_16' title="bbox 148 906 1533 956; baseline -0.002 -9"><span class='ocrx_word' id='word_1_146' title='bbox 148 910 255 948; x_wconf 89' lang='lat' dir='ltr'>sicut</span> <span class='ocrx_word' id='word_1_147' title='bbox 274 910 316 946; x_wconf 91' lang='lat' dir='ltr'>in</span> <span class='ocrx_word' id='word_1_148' title='bbox 337 909 470 946; x_wconf 89' lang='lat' dir='ltr'>finem.</span> <span class='ocrx_word' id='word_1_149' title='bbox 487 910 574 946; x_wconf 91' lang='lat' dir='ltr'>Non</span> <span class='ocrx_word' id='word_1_150' title='bbox 595 908 718 956; x_wconf 83' lang='lat' dir='ltr'>igitur</span> <span class='ocrx_word' id='word_1_151' title='bbox 738 911 799 946; x_wconf 89' lang='lat' dir='ltr'>est</span> <span class='ocrx_word' id='word_1_152' title='bbox 818 908 877 945; x_wconf 89' lang='lat' dir='ltr'>eis</span> <span class='ocrx_word' id='word_1_153' title='bbox 898 907 1058 954; x_wconf 88' lang='lat' dir='ltr'>aliquod</span> <span class='ocrx_word' id='word_1_154' title='bbox 1078 916 1168 945; x_wconf 88' lang='lat' dir='ltr'>esse</span> <span class='ocrx_word' id='word_1_155' title='bbox 1187 906 1337 955; x_wconf 89' lang='lat' dir='ltr'>absque</span> <span class='ocrx_word' id='word_1_156' title='bbox 1354 916 1533 954; x_wconf 88' lang='lat' dir='ltr'>corpore.</span> 
     </span>
    </p>

    <p class='ocr_par' dir='ltr' id='par_1_4' title="bbox 146 953 1771 1322">
     <span class='ocr_line' id='line_1_17' title="bbox 197 953 1771 999; baseline -0.003 -5"><span class='ocrx_word' id='word_1_157' title='bbox 197 956 295 994; x_wconf 89' lang='lat' dir='ltr'>Huic</span> <span class='ocrx_word' id='word_1_158' title='bbox 323 960 453 993; x_wconf 90' lang='lat' dir='ltr'>autem</span> <span class='ocrx_word' id='word_1_159' title='bbox 474 956 680 993; x_wconf 80' lang='lat' dir='ltr'>sententiae</span> <span class='ocrx_word' id='word_1_160' title='bbox 699 955 879 992; x_wconf 88' lang='lat' dir='ltr'>doctrina</span> <span class='ocrx_word' id='word_1_161' title='bbox 898 955 1104 992; x_wconf 82' lang='lat' dir='ltr'>catholicae</span> <span class='ocrx_word' id='word_1_162' title='bbox 1121 954 1212 992; x_wconf 88' lang='lat' dir='ltr'>fidei</span> <span class='ocrx_word' id='word_1_163' title='bbox 1233 955 1449 992; x_wconf 85' lang='lat' dir='ltr'>concordat</span> <span class='ocrx_word' id='word_1_164' title='bbox 1466 966 1475 999; x_wconf 89' lang='grc'>;</span> <span class='ocrx_word' id='word_1_165' title='bbox 1502 954 1647 991; x_wconf 89' lang='lat' dir='ltr'>dicitur</span> <span class='ocrx_word' id='word_1_166' title='bbox 1663 953 1771 991; x_wconf 92' lang='lat' dir='ltr'>enim</span> 
     </span>
     <span class='ocr_line' id='line_1_18' title="bbox 149 1000 1770 1048; baseline -0.002 -6"><span class='ocrx_word' id='word_1_167' title='bbox 149 1004 197 1042; x_wconf 91' lang='lat' dir='ltr'>de</span> <span class='ocrx_word' id='word_1_168' title='bbox 217 1001 458 1042; x_wconf 80' lang='lat' dir='ltr'>animalibus</span> <span class='ocrx_word' id='word_1_169' title='bbox 476 1002 604 1040; x_wconf 87' lang='lat' dir='ltr'>brutis</span> <span class='ocrx_word' id='word_1_170' title='bbox 626 1014 635 1039; x_wconf 94' lang='lat'><strong>:</strong></span> <span class='ocrx_word' id='word_1_171' title='bbox 655 1003 793 1040; x_wconf 79' lang='lat' dir='ltr'>Anima</span> <span class='ocrx_word' id='word_1_172' title='bbox 812 1003 933 1038; x_wconf 80' lang='lat' dir='ltr'>carnis</span> <span class='ocrx_word' id='word_1_173' title='bbox 951 1003 991 1038; x_wconf 80' lang='lat' dir='ltr'>in</span> <span class='ocrx_word' id='word_1_174' title='bbox 1006 1003 1183 1047; x_wconf 77' lang='lat' dir='ltr'>sanquine</span> <span class='ocrx_word' id='word_1_175' title='bbox 1200 1003 1253 1038; x_wconf 81' lang='lat' dir='ltr'>est</span> <span class='ocrx_word' id='word_1_176' title='bbox 1270 1001 1419 1048; x_wconf 87' lang='lat' dir='ltr'>(Levit.‚</span> <span class='ocrx_word' id='word_1_177' title='bbox 1441 1009 1538 1046; x_wconf 78' lang='lat' dir='ltr'>xvir,</span> <span class='ocrx_word' id='word_1_178' title='bbox 1565 1000 1633 1047; x_wconf 84' lang='lat' dir='ltr'>ll),</span> <span class='ocrx_word' id='word_1_179' title='bbox 1655 1001 1770 1048; x_wconf 83' lang='lat' dir='ltr'>quasi</span> 
     </span>
     <span class='ocr_line' id='line_1_19' title="bbox 149 1048 1770 1097; baseline -0.002 -9"><span class='ocrx_word' id='word_1_180' title='bbox 149 1051 332 1088; x_wconf 89' lang='lat' dir='ltr'>dicatur:</span> <span class='ocrx_word' id='word_1_181' title='bbox 362 1052 414 1087; x_wconf 88' lang='lat' dir='ltr'>Ex</span> <span class='ocrx_word' id='word_1_182' title='bbox 444 1049 655 1097; x_wconf 83' lang='lat' dir='ltr'>sanguinis</span> <span class='ocrx_word' id='word_1_183' title='bbox 686 1049 957 1096; x_wconf 85' lang='lat' dir='ltr'>permanentia</span> <span class='ocrx_word' id='word_1_184' title='bbox 992 1057 1081 1086; x_wconf 88' lang='lat' dir='ltr'>esse</span> <span class='ocrx_word' id='word_1_185' title='bbox 1113 1048 1224 1086; x_wconf 90' lang='lat' dir='ltr'>illius</span> <span class='ocrx_word' id='word_1_186' title='bbox 1244 1048 1450 1095; x_wconf 88' lang='lat' dir='ltr'>dependet.</span> <span class='ocrx_word' id='word_1_187' title='bbox 1471 1068 1517 1075; x_wconf 90' lang='lat'>—</span> <span class='ocrx_word' id='word_1_188' title='bbox 1537 1050 1581 1085; x_wconf 86' lang='lat' dir='ltr'>Et</span> <span class='ocrx_word' id='word_1_189' title='bbox 1606 1048 1648 1085; x_wconf 89' lang='lat' dir='ltr'>in</span> <span class='ocrx_word' id='word_1_190' title='bbox 1668 1048 1770 1085; x_wconf 89' lang='lat' dir='ltr'>libro</span> 
     </span>
     <span class='ocr_line' id='line_1_20' title="bbox 147 1095 1771 1142; baseline -0.001 -9"><span class='ocrx_word' id='word_1_191' title='bbox 147 1099 200 1134; x_wconf 83' lang='lat' dir='ltr'>De</span> <span class='ocrx_word' id='word_1_192' title='bbox 219 1098 465 1134; x_wconf 74' lang='lat' dir='ltr'>ecclesiasticis</span> <span class='ocrx_word' id='word_1_193' title='bbox 486 1097 714 1142; x_wconf 67' lang='lat' dir='ltr'>dogmatibus</span> <span class='ocrx_word' id='word_1_194' title='bbox 731 1096 780 1142; x_wconf 85' lang='lat' dir='ltr'>(c.</span> <span class='ocrx_word' id='word_1_195' title='bbox 804 1099 861 1141; x_wconf 87' lang='lat'>16,</span> <span class='ocrx_word' id='word_1_196' title='bbox 886 1096 942 1142; x_wconf 86' lang='lat'>17)</span> <span class='ocrx_word' id='word_1_197' title='bbox 966 1107 974 1131; x_wconf 91' lang='lat'>:</span> <span class='ocrx_word' id='word_1_198' title='bbox 997 1096 1118 1132; x_wconf 79' lang='lat' dir='ltr'>Solum</span> <span class='ocrx_word' id='word_1_199' title='bbox 1138 1097 1314 1132; x_wconf 83' lang='lat' dir='ltr'>hominem</span> <span class='ocrx_word' id='word_1_200' title='bbox 1334 1095 1512 1132; x_wconf 84' lang='lat' dir='ltr'>credimus</span> <span class='ocrx_word' id='word_1_201' title='bbox 1542 1095 1671 1131; x_wconf 79' lang='lat' dir='ltr'>habere</span> <span class='ocrx_word' id='word_1_202' title='bbox 1690 1097 1771 1131; x_wconf 82' lang='lat' dir='ltr'>ani-</span> 
     </span>
     <span class='ocr_line' id='line_1_21' title="bbox 146 1143 1770 1190; baseline -0.002 -9"><span class='ocrx_word' id='word_1_203' title='bbox 146 1155 245 1182; x_wconf 77' lang='lat' dir='ltr'>mam</span> <span class='ocrx_word' id='word_1_204' title='bbox 259 1145 525 1181; x_wconf 79' lang='lat' dir='ltr'>substantivam</span> <span class='ocrx_word' id='word_1_205' title='bbox 548 1143 601 1189; x_wconf 90' lang='lat' dir='ltr'>(id</span> <span class='ocrx_word' id='word_1_206' title='bbox 623 1147 683 1180; x_wconf 91' lang='lat' dir='ltr'>est</span> <span class='ocrx_word' id='word_1_207' title='bbox 705 1153 774 1190; x_wconf 87' lang='lat' dir='ltr'>per</span> <span class='ocrx_word' id='word_1_208' title='bbox 796 1151 839 1180; x_wconf 86' lang='lat' dir='ltr'>se</span> <span class='ocrx_word' id='word_1_209' title='bbox 859 1143 1032 1189; x_wconf 86' lang='lat' dir='ltr'>vitalem)</span> <span class='ocrx_word' id='word_1_210' title='bbox 1048 1154 1056 1188; x_wconf 92' lang='lat'>;</span> <span class='ocrx_word' id='word_1_211' title='bbox 1075 1143 1261 1179; x_wconf 76' lang='lat' dir='ltr'>brutorum</span> <span class='ocrx_word' id='word_1_212' title='bbox 1285 1153 1367 1179; x_wconf 79' lang='lat' dir='ltr'>vero</span> <span class='ocrx_word' id='word_1_213' title='bbox 1386 1143 1528 1180; x_wconf 76' lang='lat' dir='ltr'>animas</span> <span class='ocrx_word' id='word_1_214' title='bbox 1548 1152 1628 1179; x_wconf 85' lang='lat' dir='ltr'>cum</span> <span class='ocrx_word' id='word_1_215' title='bbox 1647 1151 1770 1188; x_wconf 82' lang='lat' dir='ltr'>corpo-</span> 
     </span>
     <span class='ocr_line' id='line_1_22' title="bbox 147 1188 1770 1236; baseline -0.001 -9"><span class='ocrx_word' id='word_1_216' title='bbox 147 1192 250 1227; x_wconf 76' lang='lat' dir='ltr'>ribus</span> <span class='ocrx_word' id='word_1_217' title='bbox 279 1192 441 1227; x_wconf 74' lang='lat' dir='ltr'>interire.</span> <span class='ocrx_word' id='word_1_218' title='bbox 462 1190 695 1227; x_wconf 86' lang='lat' dir='ltr'>Aristoteles</span> <span class='ocrx_word' id='word_1_219' title='bbox 723 1190 840 1227; x_wconf 87' lang='lat' dir='ltr'>etiam</span> <span class='ocrx_word' id='word_1_220' title='bbox 859 1189 956 1226; x_wconf 88' lang='lat' dir='ltr'>dicit</span> <span class='ocrx_word' id='word_1_221' title='bbox 974 1189 1038 1235; x_wconf 85' lang='lat' dir='ltr'>(De</span> <span class='ocrx_word' id='word_1_222' title='bbox 1063 1191 1199 1230; x_wconf 81' lang='lat' dir='ltr'>anima,</span> <span class='ocrx_word' id='word_1_223' title='bbox 1226 1198 1270 1234; x_wconf 92' lang='lat'>11,</span> <span class='ocrx_word' id='word_1_224' title='bbox 1290 1192 1384 1226; x_wconf 87' lang='lat' dir='ltr'>text.</span> <span class='ocrx_word' id='word_1_225' title='bbox 1416 1197 1561 1227; x_wconf 90' lang='lat' dir='ltr'>comm.</span> <span class='ocrx_word' id='word_1_226' title='bbox 1582 1188 1643 1235; x_wconf 79' lang='lat'>21)</span> <span class='ocrx_word' id='word_1_227' title='bbox 1664 1188 1770 1236; x_wconf 87' lang='lat' dir='ltr'>quod</span> 
     </span>
     <span class='ocr_line' id='line_1_23' title="bbox 149 1235 1770 1322; baseline -0.001 -47"><span class='ocrx_word' id='word_1_228' title='bbox 149 1237 395 1322; x_wconf 48' lang='lat' dir='ltr'>intellgetitiva</span> <span class='ocrx_word' id='word_1_229' title='bbox 430 1245 523 1284; x_wconf 87' lang='lat' dir='ltr'>pars</span> <span class='ocrx_word' id='word_1_230' title='bbox 555 1237 698 1274; x_wconf 75' lang='lat' dir='ltr'>animae</span> <span class='ocrx_word' id='word_1_231' title='bbox 741 1239 947 1283; x_wconf 89' lang='lat' dir='ltr'>separatur</span> <span class='ocrx_word' id='word_1_232' title='bbox 974 1236 1023 1273; x_wconf 89' lang='lat' dir='ltr'>ab</span> <span class='ocrx_word' id='word_1_233' title='bbox 1054 1236 1144 1274; x_wconf 89' lang='lat' dir='ltr'>aliis</span> <span class='ocrx_word' id='word_1_234' title='bbox 1176 1236 1281 1274; x_wconf 87' lang='lat' dir='ltr'>sicut</span> <span class='ocrx_word' id='word_1_235' title='bbox 1306 1235 1607 1282; x_wconf 84' lang='lat' dir='ltr'>incorruptibile</span> <span class='ocrx_word' id='word_1_236' title='bbox 1638 1244 1662 1272; x_wconf 89' lang='lat' dir='ltr'>a</span> <span class='ocrx_word' id='word_1_237' title='bbox 1683 1244 1770 1273; x_wconf 90' lang='lat' dir='ltr'>cor·</span> 
     </span>
     <span class='ocr_line' id='line_1_24' title="bbox 148 1285 341 1322; baseline -0.005 0"><span class='ocrx_word' id='word_1_238' title='bbox 148 1293 195 1322; x_wconf 86' lang='lat' dir='ltr'>ru</span> <span class='ocrx_word' id='word_1_239' title='bbox 226 1286 252 1321; x_wconf 90' lang='lat' dir='ltr'>ti</span> <span class='ocrx_word' id='word_1_240' title='bbox 286 1285 341 1321; x_wconf 93' lang='lat' dir='ltr'>ii.</span> 
     </span>
    </p>

    <p class='ocr_par' dir='ltr' id='par_1_5' title="bbox 149 1294 1769 1417">
     <span class='ocr_line' id='line_1_25' title="bbox 198 1294 1769 1377; baseline -0.001 -9"><span class='ocrx_word' id='word_1_241' title='bbox 198 1294 270 1368; x_wconf 48' lang='lat' dir='ltr'>lqer</span> <span class='ocrx_word' id='word_1_242' title='bbox 304 1332 379 1368; x_wconf 84' lang='lat' dir='ltr'>hoo</span> <span class='ocrx_word' id='word_1_243' title='bbox 410 1334 541 1368; x_wconf 87' lang='lat' dir='ltr'>autem</span> <span class='ocrx_word' id='word_1_244' title='bbox 573 1330 795 1367; x_wconf 83' lang='lat' dir='ltr'>excluditur</span> <span class='ocrx_word' id='word_1_245' title='bbox 825 1330 972 1376; x_wconf 87' lang='lat' dir='ltr'>positio</span> <span class='ocrx_word' id='word_1_246' title='bbox 1007 1329 1184 1367; x_wconf 87' lang='lat' dir='ltr'>Platonis</span> <span class='ocrx_word' id='word_1_247' title='bbox 1204 1328 1269 1376; x_wconf 82' lang='lat' dir='ltr'>(De</span> <span class='ocrx_word' id='word_1_248' title='bbox 1288 1330 1379 1375; x_wconf 84' lang='lat' dir='ltr'>le9.‚</span> <span class='ocrx_word' id='word_1_249' title='bbox 1400 1329 1426 1367; x_wconf 89' lang='lat'>1.</span> <span class='ocrx_word' id='word_1_250' title='bbox 1448 1329 1523 1376; x_wconf 81' lang='lat'>111),</span> <span class='ocrx_word' id='word_1_251' title='bbox 1546 1329 1613 1377; x_wconf 90' lang='lat' dir='ltr'>qui</span> <span class='ocrx_word' id='word_1_252' title='bbox 1633 1329 1769 1375; x_wconf 77' lang='lat' dir='ltr'>posuit</span> 
     </span>
     <span class='ocr_line' id='line_1_26' title="bbox 149 1376 1061 1417; baseline -0.002 -2"><span class='ocrx_word' id='word_1_253' title='bbox 149 1379 269 1417; x_wconf 87' lang='lat' dir='ltr'>etiam</span> <span class='ocrx_word' id='word_1_254' title='bbox 288 1378 493 1415; x_wconf 90' lang='lat' dir='ltr'>brutorum</span> <span class='ocrx_word' id='word_1_255' title='bbox 515 1377 669 1414; x_wconf 87' lang='lat' dir='ltr'>animas</span> <span class='ocrx_word' id='word_1_256' title='bbox 696 1386 785 1414; x_wconf 91' lang='lat' dir='ltr'>esse</span> <span class='ocrx_word' id='word_1_257' title='bbox 803 1376 1061 1414; x_wconf 88' lang='lat' dir='ltr'>immortales.</span> 
     </span>
    </p>

    <p class='ocr_par' dir='ltr' id='par_1_6' title="bbox 196 1422 1615 1470">
     <span class='ocr_line' id='line_1_27' title="bbox 196 1422 1615 1470; baseline -0.001 -9"><span class='ocrx_word' id='word_1_258' title='bbox 196 1426 357 1462; x_wconf 87' lang='lat' dir='ltr'>Videtur</span> <span class='ocrx_word' id='word_1_259' title='bbox 373 1428 505 1461; x_wconf 89' lang='lat' dir='ltr'>tamen</span> <span class='ocrx_word' id='word_1_260' title='bbox 526 1432 646 1470; x_wconf 91' lang='lat' dir='ltr'>posse</span> <span class='ocrx_word' id='word_1_261' title='bbox 666 1424 825 1470; x_wconf 84' lang='lat' dir='ltr'>probari</span> <span class='ocrx_word' id='word_1_262' title='bbox 846 1424 1048 1461; x_wconf 90' lang='lat' dir='ltr'>brutorum</span> <span class='ocrx_word' id='word_1_263' title='bbox 1071 1422 1227 1460; x_wconf 87' lang='lat' dir='ltr'>animas</span> <span class='ocrx_word' id='word_1_264' title='bbox 1247 1431 1337 1460; x_wconf 90' lang='lat' dir='ltr'>esse</span> <span class='ocrx_word' id='word_1_265' title='bbox 1354 1422 1615 1460; x_wconf 89' lang='lat' dir='ltr'>immortales.</span> 
     </span>
    </p>

    <p class='ocr_par' dir='ltr' id='par_1_7' title="bbox 147 1469 1772 1942">
     <span class='ocr_line' id='line_1_28' title="bbox 198 1469 1771 1518; baseline -0.003 -8"><span class='ocrx_word' id='word_1_266' title='bbox 198 1472 317 1518; x_wconf 76' lang='lat' dir='ltr'>CujUs</span> <span class='ocrx_word' id='word_1_267' title='bbox 338 1472 443 1508; x_wconf 90' lang='lat' dir='ltr'>enim</span> <span class='ocrx_word' id='word_1_268' title='bbox 463 1474 524 1508; x_wconf 88' lang='lat' dir='ltr'>est</span> <span class='ocrx_word' id='word_1_269' title='bbox 542 1471 674 1518; x_wconf 89' lang='lat' dir='ltr'>aliqua</span> <span class='ocrx_word' id='word_1_270' title='bbox 709 1470 885 1517; x_wconf 87' lang='lat' dir='ltr'>operatio</span> <span class='ocrx_word' id='word_1_271' title='bbox 906 1480 976 1516; x_wconf 92' lang='lat' dir='ltr'>per</span> <span class='ocrx_word' id='word_1_272' title='bbox 995 1479 1039 1507; x_wconf 91' lang='lat' dir='ltr'>se</span> <span class='ocrx_word' id='word_1_273' title='bbox 1070 1469 1298 1516; x_wconf 87' lang='lat' dir='ltr'>separatim,</span> <span class='ocrx_word' id='word_1_274' title='bbox 1320 1473 1358 1506; x_wconf 90' lang='lat' dir='ltr'>et</span> <span class='ocrx_word' id='word_1_275' title='bbox 1388 1470 1520 1516; x_wconf 90' lang='lat' dir='ltr'>ipsum</span> <span class='ocrx_word' id='word_1_276' title='bbox 1554 1473 1615 1506; x_wconf 86' lang='lat' dir='ltr'>est</span> <span class='ocrx_word' id='word_1_277' title='bbox 1636 1478 1707 1515; x_wconf 90' lang='lat' dir='ltr'>per</span> <span class='ocrx_word' id='word_1_278' title='bbox 1727 1478 1771 1507; x_wconf 83' lang='lat' dir='ltr'>se</span> 
     </span>
     <span class='ocr_line' id='line_1_29' title="bbox 148 1516 1770 1564; baseline -0.002 -7"><span class='ocrx_word' id='word_1_279' title='bbox 148 1519 390 1558; x_wconf 88' lang='lat' dir='ltr'>subsistens.</span> <span class='ocrx_word' id='word_1_280' title='bbox 412 1518 483 1555; x_wconf 91' lang='lat' dir='ltr'>Sed</span> <span class='ocrx_word' id='word_1_281' title='bbox 517 1518 660 1555; x_wconf 78' lang='lat' dir='ltr'>animae</span> <span class='ocrx_word' id='word_1_282' title='bbox 684 1518 885 1555; x_wconf 83' lang='lat' dir='ltr'>sensitivae</span> <span class='ocrx_word' id='word_1_283' title='bbox 916 1517 957 1554; x_wconf 92' lang='lat' dir='ltr'>in</span> <span class='ocrx_word' id='word_1_284' title='bbox 991 1516 1121 1554; x_wconf 88' lang='lat' dir='ltr'>brutis</span> <span class='ocrx_word' id='word_1_285' title='bbox 1154 1520 1215 1554; x_wconf 88' lang='lat' dir='ltr'>est</span> <span class='ocrx_word' id='word_1_286' title='bbox 1251 1517 1384 1564; x_wconf 87' lang='lat' dir='ltr'>aliqua</span> <span class='ocrx_word' id='word_1_287' title='bbox 1421 1516 1598 1563; x_wconf 85' lang='lat' dir='ltr'>operatio</span> <span class='ocrx_word' id='word_1_288' title='bbox 1626 1525 1696 1563; x_wconf 91' lang='lat' dir='ltr'>per</span> <span class='ocrx_word' id='word_1_289' title='bbox 1727 1525 1770 1554; x_wconf 87' lang='lat' dir='ltr'>se</span> 
     </span>
     <span class='ocr_line' id='line_1_30' title="bbox 150 1563 1771 1612; baseline -0.002 -8"><span class='ocrx_word' id='word_1_290' title='bbox 150 1566 378 1604; x_wconf 88' lang='lat' dir='ltr'>subsistens</span> <span class='ocrx_word' id='word_1_291' title='bbox 397 1564 439 1601; x_wconf 90' lang='lat' dir='ltr'>in</span> <span class='ocrx_word' id='word_1_292' title='bbox 472 1573 550 1612; x_wconf 87' lang='lat' dir='ltr'>qua</span> <span class='ocrx_word' id='word_1_293' title='bbox 570 1574 651 1602; x_wconf 90' lang='lat' dir='ltr'>non</span> <span class='ocrx_word' id='word_1_294' title='bbox 672 1565 941 1602; x_wconf 88' lang='lat' dir='ltr'>communicat</span> <span class='ocrx_word' id='word_1_295' title='bbox 969 1573 1130 1610; x_wconf 80' lang='lat' dir='ltr'>corpuS,</span> <span class='ocrx_word' id='word_1_296' title='bbox 1149 1563 1304 1601; x_wconf 89' lang='lat' dir='ltr'>scilicet</span> <span class='ocrx_word' id='word_1_297' title='bbox 1332 1572 1376 1601; x_wconf 89' lang='lat' dir='ltr'>se</span> <span class='ocrx_word' id='word_1_298' title='bbox 1410 1572 1595 1608; x_wconf 89' lang='lat' dir='ltr'>movere;</span> <span class='ocrx_word' id='word_1_299' title='bbox 1628 1566 1771 1601; x_wconf 83' lang='lat' dir='ltr'>natura</span> 
     </span>
     <span class='ocr_line' id='line_1_31' title="bbox 150 1610 1772 1658; baseline -0.001 -8"><span class='ocrx_word' id='word_1_300' title='bbox 150 1614 254 1651; x_wconf 90' lang='lat' dir='ltr'>enim</span> <span class='ocrx_word' id='word_1_301' title='bbox 278 1621 443 1650; x_wconf 87' lang='lat' dir='ltr'>movens</span> <span class='ocrx_word' id='word_1_302' title='bbox 477 1612 732 1658; x_wconf 88' lang='lat' dir='ltr'>componitur</span> <span class='ocrx_word' id='word_1_303' title='bbox 751 1622 798 1649; x_wconf 86' lang='lat' dir='ltr'>ex</span> <span class='ocrx_word' id='word_1_304' title='bbox 831 1611 1002 1656; x_wconf 90' lang='lat' dir='ltr'>duobus,</span> <span class='ocrx_word' id='word_1_305' title='bbox 1025 1619 1193 1658; x_wconf 89' lang='lat' dir='ltr'>quorum</span> <span class='ocrx_word' id='word_1_306' title='bbox 1215 1619 1339 1648; x_wconf 91' lang='lat' dir='ltr'>unum</span> <span class='ocrx_word' id='word_1_307' title='bbox 1358 1614 1418 1648; x_wconf 89' lang='lat' dir='ltr'>est</span> <span class='ocrx_word' id='word_1_308' title='bbox 1437 1619 1603 1648; x_wconf 90' lang='lat' dir='ltr'>movens</span> <span class='ocrx_word' id='word_1_309' title='bbox 1621 1613 1660 1648; x_wconf 90' lang='lat' dir='ltr'>et</span> <span class='ocrx_word' id='word_1_310' title='bbox 1679 1610 1772 1648; x_wconf 82' lang='lat' dir='ltr'>alte·</span> 
     </span>
     <span class='ocr_line' id='line_1_32' title="bbox 147 1657 1768 1707; baseline -0.002 -9"><span class='ocrx_word' id='word_1_311' title='bbox 147 1669 236 1698; x_wconf 85' lang='lat' dir='ltr'>rum</span> <span class='ocrx_word' id='word_1_312' title='bbox 258 1664 318 1698; x_wconf 85' lang='lat' dir='ltr'>est</span> <span class='ocrx_word' id='word_1_313' title='bbox 343 1661 520 1706; x_wconf 88' lang='lat' dir='ltr'>motum;</span> <span class='ocrx_word' id='word_1_314' title='bbox 540 1659 659 1701; x_wconf 87' lang='lat' dir='ltr'>unde,</span> <span class='ocrx_word' id='word_1_315' title='bbox 678 1668 801 1707; x_wconf 89' lang='lat' dir='ltr'>quum</span> <span class='ocrx_word' id='word_1_316' title='bbox 817 1667 962 1705; x_wconf 87' lang='lat' dir='ltr'>corpus</span> <span class='ocrx_word' id='word_1_317' title='bbox 983 1658 1035 1696; x_wconf 87' lang='lat' dir='ltr'>sit</span> <span class='ocrx_word' id='word_1_318' title='bbox 1054 1661 1220 1703; x_wconf 89' lang='lat' dir='ltr'>motum,</span> <span class='ocrx_word' id='word_1_319' title='bbox 1242 1658 1480 1705; x_wconf 87' lang='lat' dir='ltr'>relinquitur</span> <span class='ocrx_word' id='word_1_320' title='bbox 1506 1657 1613 1705; x_wconf 85' lang='lat' dir='ltr'>quod</span> <span class='ocrx_word' id='word_1_321' title='bbox 1633 1658 1768 1695; x_wconf 87' lang='lat' dir='ltr'>anima</span> 
     </span>
     <span class='ocr_line' id='line_1_33' title="bbox 150 1704 1768 1753; baseline -0.002 -8"><span class='ocrx_word' id='word_1_322' title='bbox 150 1707 238 1745; x_wconf 89' lang='lat' dir='ltr'>sola</span> <span class='ocrx_word' id='word_1_323' title='bbox 258 1708 310 1745; x_wconf 88' lang='lat' dir='ltr'>sit</span> <span class='ocrx_word' id='word_1_324' title='bbox 329 1715 512 1744; x_wconf 87' lang='lat' dir='ltr'>movens.</span> <span class='ocrx_word' id='word_1_325' title='bbox 538 1708 638 1753; x_wconf 83' lang='lat' dir='ltr'>Ergo</span> <span class='ocrx_word' id='word_1_326' title='bbox 659 1709 721 1744; x_wconf 92' lang='lat' dir='ltr'>est</span> <span class='ocrx_word' id='word_1_327' title='bbox 740 1716 811 1753; x_wconf 88' lang='lat' dir='ltr'>per</span> <span class='ocrx_word' id='word_1_328' title='bbox 829 1715 873 1744; x_wconf 90' lang='lat' dir='ltr'>se</span> <span class='ocrx_word' id='word_1_329' title='bbox 907 1705 1148 1743; x_wconf 86' lang='lat' dir='ltr'>subsistens.</span> <span class='ocrx_word' id='word_1_330' title='bbox 1168 1707 1255 1742; x_wconf 92' lang='lat' dir='ltr'>Non</span> <span class='ocrx_word' id='word_1_331' title='bbox 1276 1705 1399 1751; x_wconf 82' lang='lat' dir='ltr'>igitur</span> <span class='ocrx_word' id='word_1_332' title='bbox 1426 1708 1558 1752; x_wconf 90' lang='lat' dir='ltr'>potest</span> <span class='ocrx_word' id='word_1_333' title='bbox 1576 1713 1646 1752; x_wconf 90' lang='lat' dir='ltr'>per</span> <span class='ocrx_word' id='word_1_334' title='bbox 1666 1704 1768 1742; x_wconf 85' lang='lat' dir='ltr'>acci·</span> 
     </span>
     <span class='ocr_line' id='line_1_34' title="bbox 149 1752 1770 1801; baseline -0.002 -9"><span class='ocrx_word' id='word_1_335' title='bbox 149 1755 248 1792; x_wconf 85' lang='lat' dir='ltr'>dens</span> <span class='ocrx_word' id='word_1_336' title='bbox 266 1754 479 1801; x_wconf 89' lang='lat' dir='ltr'>corrumpi,</span> <span class='ocrx_word' id='word_1_337' title='bbox 502 1762 667 1800; x_wconf 89' lang='lat' dir='ltr'>corpore</span> <span class='ocrx_word' id='word_1_338' title='bbox 688 1756 896 1800; x_wconf 89' lang='lat' dir='ltr'>corrupto;</span> <span class='ocrx_word' id='word_1_339' title='bbox 915 1752 985 1790; x_wconf 92' lang='lat' dir='ltr'>illa</span> <span class='ocrx_word' id='word_1_340' title='bbox 1005 1753 1111 1789; x_wconf 91' lang='lat' dir='ltr'>enim</span> <span class='ocrx_word' id='word_1_341' title='bbox 1132 1752 1263 1790; x_wconf 91' lang='lat' dir='ltr'>solum</span> <span class='ocrx_word' id='word_1_342' title='bbox 1285 1761 1354 1799; x_wconf 91' lang='lat' dir='ltr'>per</span> <span class='ocrx_word' id='word_1_343' title='bbox 1386 1752 1572 1789; x_wconf 89' lang='lat' dir='ltr'>accidens</span> <span class='ocrx_word' id='word_1_344' title='bbox 1593 1760 1770 1789; x_wconf 90' lang='lat' dir='ltr'>corrum-</span> 
     </span>
     <span class='ocr_line' id='line_1_35' title="bbox 147 1798 1765 1848; baseline -0.001 -10"><span class='ocrx_word' id='word_1_345' title='bbox 147 1805 297 1848; x_wconf 88' lang='lat' dir='ltr'>puntur</span> <span class='ocrx_word' id='word_1_346' title='bbox 315 1811 401 1848; x_wconf 84' lang='lat' dir='ltr'>quae</span> <span class='ocrx_word' id='word_1_347' title='bbox 425 1810 494 1848; x_wconf 90' lang='lat' dir='ltr'>per</span> <span class='ocrx_word' id='word_1_348' title='bbox 514 1809 557 1837; x_wconf 91' lang='lat' dir='ltr'>se</span> <span class='ocrx_word' id='word_1_349' title='bbox 582 1809 663 1838; x_wconf 89' lang='lat' dir='ltr'>non</span> <span class='ocrx_word' id='word_1_350' title='bbox 684 1800 829 1838; x_wconf 88' lang='lat' dir='ltr'>habent</span> <span class='ocrx_word' id='word_1_351' title='bbox 849 1809 938 1837; x_wconf 88' lang='lat' dir='ltr'>esse</span> <span class='ocrx_word' id='word_1_352' title='bbox 955 1811 964 1844; x_wconf 86' lang='lat'>3</span> <span class='ocrx_word' id='word_1_353' title='bbox 985 1808 1055 1845; x_wconf 88' lang='lat' dir='ltr'>per</span> <span class='ocrx_word' id='word_1_354' title='bbox 1082 1808 1126 1836; x_wconf 91' lang='lat' dir='ltr'>se</span> <span class='ocrx_word' id='word_1_355' title='bbox 1146 1802 1278 1836; x_wconf 90' lang='lat' dir='ltr'>autem</span> <span class='ocrx_word' id='word_1_356' title='bbox 1297 1807 1379 1836; x_wconf 90' lang='lat' dir='ltr'>non</span> <span class='ocrx_word' id='word_1_357' title='bbox 1398 1802 1530 1846; x_wconf 86' lang='lat' dir='ltr'>potest</span> <span class='ocrx_word' id='word_1_358' title='bbox 1550 1798 1765 1844; x_wconf 87' lang='lat' dir='ltr'>corrumpi,</span> 
     </span>
     <span class='ocr_line' id='line_1_36' title="bbox 149 1846 1769 1895; baseline -0.002 -10"><span class='ocrx_word' id='word_1_359' title='bbox 149 1858 271 1895; x_wconf 91' lang='lat' dir='ltr'>quum</span> <span class='ocrx_word' id='word_1_360' title='bbox 293 1857 420 1894; x_wconf 89' lang='lat' dir='ltr'>neque</span> <span class='ocrx_word' id='word_1_361' title='bbox 441 1848 682 1885; x_wconf 88' lang='lat' dir='ltr'>contrarium</span> <span class='ocrx_word' id='word_1_362' title='bbox 701 1848 843 1884; x_wconf 86' lang='lat' dir='ltr'>habeat</span> <span class='ocrx_word' id='word_1_363' title='bbox 863 1856 990 1893; x_wconf 90' lang='lat' dir='ltr'>neque</span> <span class='ocrx_word' id='word_1_364' title='bbox 1009 1847 1061 1883; x_wconf 90' lang='lat' dir='ltr'>sit</span> <span class='ocrx_word' id='word_1_365' title='bbox 1081 1855 1129 1882; x_wconf 86' lang='lat' dir='ltr'>ex</span> <span class='ocrx_word' id='word_1_366' title='bbox 1149 1846 1361 1884; x_wconf 86' lang='lat' dir='ltr'>contrariis</span> <span class='ocrx_word' id='word_1_367' title='bbox 1379 1846 1617 1893; x_wconf 89' lang='lat' dir='ltr'>composita.</span> <span class='ocrx_word' id='word_1_368' title='bbox 1640 1846 1769 1883; x_wconf 91' lang='lat' dir='ltr'>Relin-</span> 
     </span>
     <span class='ocr_line' id='line_1_37' title="bbox 149 1892 1153 1942; baseline -0.004 -10"><span class='ocrx_word' id='word_1_369' title='bbox 149 1895 284 1942; x_wconf 89' lang='lat' dir='ltr'>quitur</span> <span class='ocrx_word' id='word_1_370' title='bbox 302 1895 424 1941; x_wconf 83' lang='lat' dir='ltr'>igitur</span> <span class='ocrx_word' id='word_1_371' title='bbox 440 1894 546 1942; x_wconf 91' lang='lat' dir='ltr'>quod</span> <span class='ocrx_word' id='word_1_372' title='bbox 565 1894 618 1931; x_wconf 87' lang='lat' dir='ltr'>sit</span> <span class='ocrx_word' id='word_1_373' title='bbox 639 1894 803 1931; x_wconf 90' lang='lat' dir='ltr'>omnino</span> <span class='ocrx_word' id='word_1_374' title='bbox 821 1892 1153 1938; x_wconf 87' lang='lat' dir='ltr'>incorruptibilis.</span> 
     </span>
    </p>

    <p class='ocr_par' dir='ltr' id='par_1_8' title="bbox 147 1938 1769 2080">
     <span class='ocr_line' id='line_1_38' title="bbox 196 1938 1769 1986; baseline -0.002 -8"><span class='ocrx_word' id='word_1_375' title='bbox 196 1941 332 1978; x_wconf 88' lang='lat' dir='ltr'>Adhuc</span> <span class='ocrx_word' id='word_1_376' title='bbox 354 1942 471 1978; x_wconf 88' lang='lat' dir='ltr'>etiam</span> <span class='ocrx_word' id='word_1_377' title='bbox 491 1941 698 1977; x_wconf 87' lang='lat' dir='ltr'>videbatur</span> <span class='ocrx_word' id='word_1_378' title='bbox 717 1941 844 1977; x_wconf 88' lang='lat' dir='ltr'>redire</span> <span class='ocrx_word' id='word_1_379' title='bbox 864 1940 1042 1977; x_wconf 88' lang='lat' dir='ltr'>Platonis</span> <span class='ocrx_word' id='word_1_380' title='bbox 1064 1939 1180 1983; x_wconf 89' lang='lat' dir='ltr'>ratio,</span> <span class='ocrx_word' id='word_1_381' title='bbox 1201 1948 1279 1986; x_wconf 88' lang='lat' dir='ltr'>qua</span> <span class='ocrx_word' id='word_1_382' title='bbox 1297 1938 1489 1984; x_wconf 87' lang='lat' dir='ltr'>probabat</span> <span class='ocrx_word' id='word_1_383' title='bbox 1509 1947 1668 1976; x_wconf 86' lang='lat' dir='ltr'>omnem</span> <span class='ocrx_word' id='word_1_384' title='bbox 1683 1938 1769 1975; x_wconf 88' lang='lat' dir='ltr'>ani·</span> 
     </span>
     <span class='ocr_line' id='line_1_39' title="bbox 147 1986 1767 2034; baseline -0.002 -8"><span class='ocrx_word' id='word_1_385' title='bbox 147 1996 254 2026; x_wconf 86' lang='lat' dir='ltr'>mam</span> <span class='ocrx_word' id='word_1_386' title='bbox 289 1997 378 2025; x_wconf 91' lang='lat' dir='ltr'>esse</span> <span class='ocrx_word' id='word_1_387' title='bbox 397 1988 677 2033; x_wconf 86' lang='lat' dir='ltr'>immortalem,</span> <span class='ocrx_word' id='word_1_388' title='bbox 698 1988 791 2034; x_wconf 90' lang='lat' dir='ltr'>quia</span> <span class='ocrx_word' id='word_1_389' title='bbox 812 1987 966 2024; x_wconf 89' lang='lat' dir='ltr'>scilicet</span> <span class='ocrx_word' id='word_1_390' title='bbox 996 1986 1128 2022; x_wconf 87' lang='lat' dir='ltr'>anima</span> <span class='ocrx_word' id='word_1_391' title='bbox 1147 1988 1207 2023; x_wconf 92' lang='lat' dir='ltr'>est</span> <span class='ocrx_word' id='word_1_392' title='bbox 1233 1994 1398 2023; x_wconf 89' lang='lat' dir='ltr'>movens</span> <span class='ocrx_word' id='word_1_393' title='bbox 1430 1986 1617 2032; x_wconf 89' lang='lat' dir='ltr'>seipsam.</span> <span class='ocrx_word' id='word_1_394' title='bbox 1641 1986 1767 2022; x_wconf 91' lang='lat' dir='ltr'>Omne</span> 
     </span>
     <span class='ocr_line' id='line_1_40' title="bbox 149 2033 1769 2080; baseline -0.003 -7"><span class='ocrx_word' id='word_1_395' title='bbox 149 2039 280 2073; x_wconf 87' lang='lat' dir='ltr'>autem</span> <span class='ocrx_word' id='word_1_396' title='bbox 299 2044 464 2072; x_wconf 90' lang='lat' dir='ltr'>movens</span> <span class='ocrx_word' id='word_1_397' title='bbox 485 2035 661 2080; x_wconf 90' lang='lat' dir='ltr'>seipsum</span> <span class='ocrx_word' id='word_1_398' title='bbox 683 2037 956 2080; x_wconf 89' lang='lat' dir='ltr'>oportetesset</span> <span class='ocrx_word' id='word_1_399' title='bbox 975 2033 1211 2073; x_wconf 88' lang='lat' dir='ltr'>immortale,</span> <span class='ocrx_word' id='word_1_400' title='bbox 1234 2041 1378 2078; x_wconf 86' lang='lat' dir='ltr'>corpus</span> <span class='ocrx_word' id='word_1_401' title='bbox 1389 2033 1493 2069; x_wconf 88' lang='lat' dir='ltr'>enim</span> <span class='ocrx_word' id='word_1_402' title='bbox 1508 2041 1589 2069; x_wconf 89' lang='lat' dir='ltr'>non</span> <span class='ocrx_word' id='word_1_403' title='bbox 1602 2033 1769 2069; x_wconf 90' lang='lat' dir='ltr'>moritur</span> 
     </span>
    </p>
   </div>
   <div class='ocr_carea' id='block_1_3' title="bbox 148 2079 1792 2128">
    <p class='ocr_par' dir='ltr' id='par_1_9' title="bbox 148 2079 1792 2128">
     <span class='ocr_line' id='line_1_41' title="bbox 148 2079 1792 2128; baseline -0.002 -9"><span class='ocrx_word' id='word_1_404' title='bbox 148 2082 230 2119; x_wconf 86' lang='lat' dir='ltr'>nisi</span> <span class='ocrx_word' id='word_1_405' title='bbox 252 2082 488 2119; x_wconf 86' lang='lat' dir='ltr'>abscedente</span> <span class='ocrx_word' id='word_1_406' title='bbox 509 2090 556 2118; x_wconf 94' lang='lat' dir='ltr'>eo</span> <span class='ocrx_word' id='word_1_407' title='bbox 579 2091 601 2118; x_wconf 89' lang='lat' dir='ltr'>a</span> <span class='ocrx_word' id='word_1_408' title='bbox 621 2081 952 2128; x_wconf 86' lang='lat' dir='ltr'>quomovebatur3</span> <span class='ocrx_word' id='word_1_409' title='bbox 967 2080 1070 2117; x_wconf 89' lang='lat' dir='ltr'>idem</span> <span class='ocrx_word' id='word_1_410' title='bbox 1083 2084 1214 2117; x_wconf 87' lang='lat' dir='ltr'>autem</span> <span class='ocrx_word' id='word_1_411' title='bbox 1227 2089 1250 2116; x_wconf 90' lang='lat' dir='ltr'>a</span> <span class='ocrx_word' id='word_1_412' title='bbox 1261 2081 1395 2126; x_wconf 89' lang='lat' dir='ltr'>seipso</span> <span class='ocrx_word' id='word_1_413' title='bbox 1408 2088 1488 2117; x_wconf 88' lang='lat' dir='ltr'>non</span> <span class='ocrx_word' id='word_1_414' title='bbox 1503 2083 1634 2126; x_wconf 88' lang='lat' dir='ltr'>potest</span> <span class='ocrx_word' id='word_1_415' title='bbox 1646 2079 1771 2117; x_wconf 89' lang='lat' dir='ltr'>disce·</span> <span class='ocrx_word' id='word_1_416' title='bbox 1789 2112 1792 2116; x_wconf 89' lang='lat'>.</span> 
     </span>
    </p>
   </div>
   <div class='ocr_carea' id='block_1_4' title="bbox 143 2126 1770 2969">
    <p class='ocr_par' dir='ltr' id='par_1_10' title="bbox 143 2126 1770 2636">
     <span class='ocr_line' id='line_1_42' title="bbox 149 2126 1770 2176; baseline -0.002 -10"><span class='ocrx_word' id='word_1_417' title='bbox 149 2128 255 2174; x_wconf 86' lang='lat' dir='ltr'>dere,</span> <span class='ocrx_word' id='word_1_418' title='bbox 278 2129 382 2166; x_wconf 92' lang='lat' dir='ltr'>unde</span> <span class='ocrx_word' id='word_1_419' title='bbox 403 2129 583 2176; x_wconf 89' lang='lat' dir='ltr'>sequitur</span> <span class='ocrx_word' id='word_1_420' title='bbox 603 2127 838 2175; x_wconf 90' lang='lat' dir='ltr'>(secundum</span> <span class='ocrx_word' id='word_1_421' title='bbox 859 2127 1006 2174; x_wconf 91' lang='lat' dir='ltr'>ipsum)</span> <span class='ocrx_word' id='word_1_422' title='bbox 1025 2126 1131 2173; x_wconf 91' lang='lat' dir='ltr'>quod</span> <span class='ocrx_word' id='word_1_423' title='bbox 1150 2135 1315 2164; x_wconf 91' lang='lat' dir='ltr'>movens</span> <span class='ocrx_word' id='word_1_424' title='bbox 1336 2127 1514 2172; x_wconf 88' lang='lat' dir='ltr'>seipsum</span> <span class='ocrx_word' id='word_1_425' title='bbox 1535 2135 1618 2164; x_wconf 90' lang='lat' dir='ltr'>non</span> <span class='ocrx_word' id='word_1_426' title='bbox 1638 2126 1770 2172; x_wconf 86' lang='lat' dir='ltr'>possit</span> 
     </span>
     <span class='ocr_line' id='line_1_43' title="bbox 146 2173 1767 2222; baseline -0.001 -9"><span class='ocrx_word' id='word_1_427' title='bbox 146 2176 263 2213; x_wconf 85' lang='lat' dir='ltr'>mori.</span> <span class='ocrx_word' id='word_1_428' title='bbox 292 2178 337 2212; x_wconf 89' lang='lat' dir='ltr'>Et</span> <span class='ocrx_word' id='word_1_429' title='bbox 371 2176 430 2213; x_wconf 91' lang='lat' dir='ltr'>sic</span> <span class='ocrx_word' id='word_1_430' title='bbox 460 2175 758 2222; x_wconf 85' lang='lat' dir='ltr'>relinquebatur</span> <span class='ocrx_word' id='word_1_431' title='bbox 786 2176 890 2222; x_wconf 90' lang='lat' dir='ltr'>quod</span> <span class='ocrx_word' id='word_1_432' title='bbox 913 2174 1046 2212; x_wconf 88' lang='lat' dir='ltr'>anima</span> <span class='ocrx_word' id='word_1_433' title='bbox 1065 2173 1198 2211; x_wconf 90' lang='lat' dir='ltr'>omnis</span> <span class='ocrx_word' id='word_1_434' title='bbox 1220 2173 1368 2211; x_wconf 87' lang='lat' dir='ltr'>motiva</span> <span class='ocrx_word' id='word_1_435' title='bbox 1387 2176 1493 2211; x_wconf 89' lang='lat' dir='ltr'>esset</span> <span class='ocrx_word' id='word_1_436' title='bbox 1513 2173 1767 2218; x_wconf 89' lang='lat' dir='ltr'>immortalis,</span> 
     </span>
     <span class='ocr_line' id='line_1_44' title="bbox 148 2220 1768 2260; baseline -0.002 0"><span class='ocrx_word' id='word_1_437' title='bbox 148 2223 265 2260; x_wconf 87' lang='lat' dir='ltr'>etiam</span> <span class='ocrx_word' id='word_1_438' title='bbox 297 2223 519 2260; x_wconf 89' lang='lat' dir='ltr'>brutorum.</span> <span class='ocrx_word' id='word_1_439' title='bbox 540 2222 632 2259; x_wconf 88' lang='lat' dir='ltr'>Ideo</span> <span class='ocrx_word' id='word_1_440' title='bbox 653 2225 784 2260; x_wconf 85' lang='lat' dir='ltr'>autem</span> <span class='ocrx_word' id='word_1_441' title='bbox 815 2222 917 2259; x_wconf 85' lang='lat' dir='ltr'>hanc</span> <span class='ocrx_word' id='word_1_442' title='bbox 936 2221 1130 2258; x_wconf 89' lang='lat' dir='ltr'>rationem</span> <span class='ocrx_word' id='word_1_443' title='bbox 1148 2220 1190 2257; x_wconf 92' lang='lat' dir='ltr'>in</span> <span class='ocrx_word' id='word_1_444' title='bbox 1207 2220 1312 2258; x_wconf 89' lang='lat' dir='ltr'>idem</span> <span class='ocrx_word' id='word_1_445' title='bbox 1333 2220 1460 2258; x_wconf 89' lang='lat' dir='ltr'>redire</span> <span class='ocrx_word' id='word_1_446' title='bbox 1481 2220 1655 2258; x_wconf 87' lang='lat' dir='ltr'>diximus</span> <span class='ocrx_word' id='word_1_447' title='bbox 1676 2229 1768 2257; x_wconf 89' lang='lat' dir='ltr'>cum</span> 
     </span>
     <span class='ocr_line' id='line_1_45' title="bbox 145 2267 1768 2317; baseline -0.002 -10"><span class='ocrx_word' id='word_1_448' title='bbox 145 2270 367 2316; x_wconf 78' lang='lat' dir='ltr'>praemissa,</span> <span class='ocrx_word' id='word_1_449' title='bbox 397 2270 503 2317; x_wconf 90' lang='lat' dir='ltr'>quia,</span> <span class='ocrx_word' id='word_1_450' title='bbox 527 2278 649 2316; x_wconf 88' lang='lat' dir='ltr'>quum</span> <span class='ocrx_word' id='word_1_451' title='bbox 673 2269 906 2317; x_wconf 84' lang='lat' dir='ltr'>(secundum</span> <span class='ocrx_word' id='word_1_452' title='bbox 928 2268 1106 2305; x_wconf 88' lang='lat' dir='ltr'>Platonis</span> <span class='ocrx_word' id='word_1_453' title='bbox 1126 2267 1368 2314; x_wconf 87' lang='lat' dir='ltr'>positionem</span> <span class='ocrx_word' id='word_1_454' title='bbox 1385 2267 1451 2314; x_wconf 88' lang='lat' dir='ltr'>[De</span> <span class='ocrx_word' id='word_1_455' title='bbox 1467 2267 1551 2312; x_wconf 80' lang='lat' dir='ltr'>le9.‚</span> <span class='ocrx_word' id='word_1_456' title='bbox 1573 2267 1641 2315; x_wconf 84' lang='lat' dir='ltr'>xJ)</span> <span class='ocrx_word' id='word_1_457' title='bbox 1665 2267 1768 2304; x_wconf 87' lang='lat' dir='ltr'>nihil</span> 
     </span>
     <span class='ocr_line' id='line_1_46' title="bbox 146 2314 1767 2364; baseline -0.002 -10"><span class='ocrx_word' id='word_1_458' title='bbox 146 2321 303 2354; x_wconf 85' lang='lat' dir='ltr'>moveat</span> <span class='ocrx_word' id='word_1_459' title='bbox 333 2317 412 2354; x_wconf 90' lang='lat' dir='ltr'>nisi</span> <span class='ocrx_word' id='word_1_460' title='bbox 447 2319 614 2357; x_wconf 90' lang='lat' dir='ltr'>motum,</span> <span class='ocrx_word' id='word_1_461' title='bbox 635 2315 675 2353; x_wconf 88' lang='lat' dir='ltr'>id</span> <span class='ocrx_word' id='word_1_462' title='bbox 699 2316 805 2364; x_wconf 88' lang='lat' dir='ltr'>quod</span> <span class='ocrx_word' id='word_1_463' title='bbox 825 2319 886 2354; x_wconf 90' lang='lat' dir='ltr'>est</span> <span class='ocrx_word' id='word_1_464' title='bbox 905 2316 1082 2362; x_wconf 89' lang='lat' dir='ltr'>seipsum</span> <span class='ocrx_word' id='word_1_465' title='bbox 1102 2323 1268 2352; x_wconf 89' lang='lat' dir='ltr'>movens</span> <span class='ocrx_word' id='word_1_466' title='bbox 1287 2317 1349 2352; x_wconf 89' lang='lat' dir='ltr'>est</span> <span class='ocrx_word' id='word_1_467' title='bbox 1363 2324 1433 2361; x_wconf 91' lang='lat' dir='ltr'>per</span> <span class='ocrx_word' id='word_1_468' title='bbox 1450 2315 1628 2361; x_wconf 90' lang='lat' dir='ltr'>seipsum</span> <span class='ocrx_word' id='word_1_469' title='bbox 1649 2314 1767 2351; x_wconf 87' lang='lat' dir='ltr'>moti-</span> 
     </span>
     <span class='ocr_line' id='line_1_47' title="bbox 145 2361 1767 2410; baseline -0.002 -10"><span class='ocrx_word' id='word_1_470' title='bbox 145 2372 252 2408; x_wconf 88' lang='lat' dir='ltr'>vum,</span> <span class='ocrx_word' id='word_1_471' title='bbox 276 2367 313 2401; x_wconf 90' lang='lat' dir='ltr'>et</span> <span class='ocrx_word' id='word_1_472' title='bbox 332 2364 391 2401; x_wconf 91' lang='lat' dir='ltr'>sic</span> <span class='ocrx_word' id='word_1_473' title='bbox 411 2364 530 2401; x_wconf 83' lang='lat' dir='ltr'>habet</span> <span class='ocrx_word' id='word_1_474' title='bbox 548 2363 722 2410; x_wconf 90' lang='lat' dir='ltr'>aliquam</span> <span class='ocrx_word' id='word_1_475' title='bbox 740 2363 1011 2409; x_wconf 90' lang='lat' dir='ltr'>operationem</span> <span class='ocrx_word' id='word_1_476' title='bbox 1032 2371 1101 2409; x_wconf 88' lang='lat' dir='ltr'>per</span> <span class='ocrx_word' id='word_1_477' title='bbox 1121 2371 1178 2399; x_wconf 91' lang='lat' dir='ltr'>se.</span> <span class='ocrx_word' id='word_1_478' title='bbox 1200 2363 1286 2400; x_wconf 92' lang='lat' dir='ltr'>Non</span> <span class='ocrx_word' id='word_1_479' title='bbox 1306 2361 1436 2399; x_wconf 92' lang='lat' dir='ltr'>solum</span> <span class='ocrx_word' id='word_1_480' title='bbox 1466 2365 1597 2399; x_wconf 88' lang='lat' dir='ltr'>autem</span> <span class='ocrx_word' id='word_1_481' title='bbox 1618 2361 1660 2399; x_wconf 90' lang='lat' dir='ltr'>in</span> <span class='ocrx_word' id='word_1_482' title='bbox 1682 2369 1767 2397; x_wconf 91' lang='lat' dir='ltr'>mo·</span> 
     </span>
     <span class='ocr_line' id='line_1_48' title="bbox 144 2408 1768 2456; baseline -0.001 -10"><span class='ocrx_word' id='word_1_483' title='bbox 144 2412 287 2456; x_wconf 88' lang='lat' dir='ltr'>vendo,</span> <span class='ocrx_word' id='word_1_484' title='bbox 311 2411 381 2448; x_wconf 88' lang='lat' dir='ltr'>sed</span> <span class='ocrx_word' id='word_1_485' title='bbox 405 2411 524 2448; x_wconf 85' lang='lat' dir='ltr'>etiam</span> <span class='ocrx_word' id='word_1_486' title='bbox 544 2410 586 2447; x_wconf 91' lang='lat' dir='ltr'>in</span> <span class='ocrx_word' id='word_1_487' title='bbox 606 2410 830 2455; x_wconf 89' lang='lat' dir='ltr'>sentiendo,</span> <span class='ocrx_word' id='word_1_488' title='bbox 851 2410 1024 2456; x_wconf 89' lang='lat' dir='ltr'>ponebat</span> <span class='ocrx_word' id='word_1_489' title='bbox 1044 2409 1155 2446; x_wconf 86' lang='lat' dir='ltr'>Plato</span> <span class='ocrx_word' id='word_1_490' title='bbox 1177 2408 1233 2455; x_wconf 90' lang='lat' dir='ltr'>(in</span> <span class='ocrx_word' id='word_1_491' title='bbox 1261 2408 1420 2455; x_wconf 76' lang='lat' dir='ltr'>Timaeo),</span> <span class='ocrx_word' id='word_1_492' title='bbox 1441 2409 1616 2446; x_wconf 88' lang='lat' dir='ltr'>animam</span> <span class='ocrx_word' id='word_1_493' title='bbox 1637 2408 1768 2445; x_wconf 87' lang='lat' dir='ltr'>sensi-</span> 
     </span>
     <span class='ocr_line' id='line_1_49' title="bbox 143 2454 1768 2504; baseline -0.002 -10"><span class='ocrx_word' id='word_1_494' title='bbox 143 2458 265 2495; x_wconf 87' lang='lat' dir='ltr'>tivam</span> <span class='ocrx_word' id='word_1_495' title='bbox 297 2458 497 2504; x_wconf 86' lang='lat' dir='ltr'>propriam</span> <span class='ocrx_word' id='word_1_496' title='bbox 532 2458 803 2504; x_wconf 89' lang='lat' dir='ltr'>operationem</span> <span class='ocrx_word' id='word_1_497' title='bbox 840 2457 984 2494; x_wconf 87' lang='lat' dir='ltr'>habere</span> <span class='ocrx_word' id='word_1_498' title='bbox 1001 2468 1011 2502; x_wconf 80' lang='lat'>3</span> <span class='ocrx_word' id='word_1_499' title='bbox 1051 2455 1206 2493; x_wconf 86' lang='lat' dir='ltr'>dicebat</span> <span class='ocrx_word' id='word_1_500' title='bbox 1236 2455 1342 2492; x_wconf 89' lang='lat' dir='ltr'>enim</span> <span class='ocrx_word' id='word_1_501' title='bbox 1380 2455 1486 2503; x_wconf 88' lang='lat' dir='ltr'>quod</span> <span class='ocrx_word' id='word_1_502' title='bbox 1521 2454 1670 2493; x_wconf 86' lang='lat' dir='ltr'>sentire</span> <span class='ocrx_word' id='word_1_503' title='bbox 1707 2457 1768 2491; x_wconf 89' lang='lat' dir='ltr'>est</span> 
     </span>
     <span class='ocr_line' id='line_1_50' title="bbox 144 2502 1764 2552; baseline -0.004 -10"><span class='ocrx_word' id='word_1_504' title='bbox 144 2509 279 2542; x_wconf 88' lang='lat' dir='ltr'>motus</span> <span class='ocrx_word' id='word_1_505' title='bbox 305 2505 467 2552; x_wconf 87' lang='lat' dir='ltr'>quidam</span> <span class='ocrx_word' id='word_1_506' title='bbox 487 2505 617 2551; x_wconf 90' lang='lat' dir='ltr'>ipsius</span> <span class='ocrx_word' id='word_1_507' title='bbox 643 2504 786 2541; x_wconf 81' lang='lat' dir='ltr'>animae</span> <span class='ocrx_word' id='word_1_508' title='bbox 803 2504 1027 2548; x_wconf 89' lang='lat' dir='ltr'>sentientis,</span> <span class='ocrx_word' id='word_1_509' title='bbox 1048 2506 1086 2540; x_wconf 89' lang='lat' dir='ltr'>et</span> <span class='ocrx_word' id='word_1_510' title='bbox 1106 2503 1193 2549; x_wconf 87' lang='lat' dir='ltr'>ipsa</span> <span class='ocrx_word' id='word_1_511' title='bbox 1213 2502 1272 2539; x_wconf 91' lang='lat' dir='ltr'>sic</span> <span class='ocrx_word' id='word_1_512' title='bbox 1289 2506 1398 2540; x_wconf 90' lang='lat' dir='ltr'>mota</span> <span class='ocrx_word' id='word_1_513' title='bbox 1416 2502 1600 2540; x_wconf 85' lang='lat' dir='ltr'>movebat</span> <span class='ocrx_word' id='word_1_514' title='bbox 1619 2508 1764 2552; x_wconf 84' lang='lat' dir='ltr'>corpus</span> 
     </span>
     <span class='ocr_line' id='line_1_51' title="bbox 147 2549 1767 2597; baseline -0.002 -9"><span class='ocrx_word' id='word_1_515' title='bbox 147 2551 193 2589; x_wconf 90' lang='lat' dir='ltr'>ad</span> <span class='ocrx_word' id='word_1_516' title='bbox 216 2552 468 2590; x_wconf 87' lang='lat' dir='ltr'>sentiendum</span> <span class='ocrx_word' id='word_1_517' title='bbox 486 2563 496 2597; x_wconf 90' lang='grc'><strong>;</strong></span> <span class='ocrx_word' id='word_1_518' title='bbox 520 2551 638 2594; x_wconf 87' lang='lat' dir='ltr'>unde,</span> <span class='ocrx_word' id='word_1_519' title='bbox 659 2551 855 2589; x_wconf 86' lang='lat' dir='ltr'>definiens</span> <span class='ocrx_word' id='word_1_520' title='bbox 875 2559 1055 2595; x_wconf 88' lang='lat' dir='ltr'>sensum,</span> <span class='ocrx_word' id='word_1_521' title='bbox 1078 2549 1234 2587; x_wconf 88' lang='lat' dir='ltr'>dicebat</span> <span class='ocrx_word' id='word_1_522' title='bbox 1266 2549 1372 2597; x_wconf 90' lang='lat' dir='ltr'>quod</span> <span class='ocrx_word' id='word_1_523' title='bbox 1390 2552 1451 2587; x_wconf 89' lang='lat' dir='ltr'>est</span> <span class='ocrx_word' id='word_1_524' title='bbox 1469 2552 1602 2586; x_wconf 90' lang='lat' dir='ltr'>motus</span> <span class='ocrx_word' id='word_1_525' title='bbox 1623 2555 1767 2584; x_wconf 82' lang='lat' dir='ltr'>animae</span> 
     </span>
     <span class='ocr_line' id='line_1_52' title="bbox 174 2607 393 2636; baseline 0.009 -2"><span class='ocrx_word' id='word_1_526' title='bbox 174 2607 215 2634; x_wconf 90' lang='lat' dir='ltr'>er</span> <span class='ocrx_word' id='word_1_527' title='bbox 235 2608 302 2635; x_wconf 86' lang='lat' dir='ltr'>cor</span> <span class='ocrx_word' id='word_1_528' title='bbox 332 2608 393 2636; x_wconf 90' lang='lat' dir='ltr'>us.</span> 
     </span>
    </p>

    <p class='ocr_par' dir='ltr' id='par_1_11' title="bbox 144 2606 1627 2692">
     <span class='ocr_line' id='line_1_53' title="bbox 144 2606 1627 2692; baseline -0.001 -11"><span class='ocrx_word' id='word_1_529' title='bbox 144 2606 169 2644; x_wconf 73' lang='lat' dir='ltr'>p</span> <span class='ocrx_word' id='word_1_530' title='bbox 194 2645 284 2681; x_wconf 82' lang='lat' dir='ltr'>Haec</span> <span class='ocrx_word' id='word_1_531' title='bbox 301 2608 432 2682; x_wconf 48' lang='lat' dir='ltr'>{utem</span> <span class='ocrx_word' id='word_1_532' title='bbox 453 2654 542 2692; x_wconf 84' lang='lat' dir='ltr'>quae</span> <span class='ocrx_word' id='word_1_533' title='bbox 563 2644 667 2682; x_wconf 89' lang='lat' dir='ltr'>dicta</span> <span class='ocrx_word' id='word_1_534' title='bbox 687 2648 781 2682; x_wconf 88' lang='lat' dir='ltr'>sunt</span> <span class='ocrx_word' id='word_1_535' title='bbox 800 2647 907 2691; x_wconf 87' lang='lat' dir='ltr'>patet</span> <span class='ocrx_word' id='word_1_536' title='bbox 924 2653 1013 2682; x_wconf 87' lang='lat' dir='ltr'>esse</span> <span class='ocrx_word' id='word_1_537' title='bbox 1035 2643 1150 2681; x_wconf 85' lang='lat' dir='ltr'>salsa.</span> <span class='ocrx_word' id='word_1_538' title='bbox 1620 2686 1627 2691; x_wconf 51' lang='grc'>,</span> 
     </span>
    </p>

    <p class='ocr_par' dir='ltr' id='par_1_12' title="bbox 145 2689 1767 2969">
     <span class='ocr_line' id='line_1_54' title="bbox 192 2689 1764 2738; baseline -0.002 -12"><span class='ocrx_word' id='word_1_539' title='bbox 192 2691 278 2727; x_wconf 91' lang='lat' dir='ltr'>Non</span> <span class='ocrx_word' id='word_1_540' title='bbox 296 2692 401 2728; x_wconf 90' lang='lat' dir='ltr'>enim</span> <span class='ocrx_word' id='word_1_541' title='bbox 425 2693 574 2729; x_wconf 88' lang='lat' dir='ltr'>sentire</span> <span class='ocrx_word' id='word_1_542' title='bbox 595 2696 655 2729; x_wconf 91' lang='lat' dir='ltr'>est</span> <span class='ocrx_word' id='word_1_543' title='bbox 674 2700 847 2738; x_wconf 88' lang='lat' dir='ltr'>movere,</span> <span class='ocrx_word' id='word_1_544' title='bbox 867 2691 937 2729; x_wconf 88' lang='lat' dir='ltr'>sed</span> <span class='ocrx_word' id='word_1_545' title='bbox 957 2691 1087 2738; x_wconf 82' lang='lat' dir='ltr'>magis</span> <span class='ocrx_word' id='word_1_546' title='bbox 1105 2690 1254 2728; x_wconf 90' lang='lat' dir='ltr'>moveri</span> <span class='ocrx_word' id='word_1_547' title='bbox 1271 2701 1280 2735; x_wconf 91' lang='grc'><strong>;</strong></span> <span class='ocrx_word' id='word_1_548' title='bbox 1301 2697 1393 2726; x_wconf 90' lang='lat' dir='ltr'>nam</span> <span class='ocrx_word' id='word_1_549' title='bbox 1413 2697 1460 2725; x_wconf 87' lang='lat' dir='ltr'>ex</span> <span class='ocrx_word' id='word_1_550' title='bbox 1478 2689 1657 2733; x_wconf 79' lang='lat' dir='ltr'>potentia</span> <span class='ocrx_word' id='word_1_551' title='bbox 1673 2695 1764 2724; x_wconf 88' lang='lat' dir='ltr'>sen-</span> 
     </span>
     <span class='ocr_line' id='line_1_55' title="bbox 145 2733 1767 2786; baseline -0.002 -13"><span class='ocrx_word' id='word_1_552' title='bbox 145 2735 267 2774; x_wconf 85' lang='lat' dir='ltr'>tiente</span> <span class='ocrx_word' id='word_1_553' title='bbox 299 2736 342 2773; x_wconf 86' lang='lat' dir='ltr'>fit</span> <span class='ocrx_word' id='word_1_554' title='bbox 361 2738 507 2775; x_wconf 90' lang='lat' dir='ltr'>animal</span> <span class='ocrx_word' id='word_1_555' title='bbox 530 2742 619 2776; x_wconf 85' lang='lat' dir='ltr'>actu</span> <span class='ocrx_word' id='word_1_556' title='bbox 649 2738 828 2776; x_wconf 90' lang='lat' dir='ltr'>sentiens</span> <span class='ocrx_word' id='word_1_557' title='bbox 857 2747 927 2784; x_wconf 91' lang='lat' dir='ltr'>per</span> <span class='ocrx_word' id='word_1_558' title='bbox 946 2737 1154 2776; x_wconf 86' lang='lat' dir='ltr'>sensibilia</span> <span class='ocrx_word' id='word_1_559' title='bbox 1173 2747 1198 2774; x_wconf 89' lang='lat' dir='ltr'>a</span> <span class='ocrx_word' id='word_1_560' title='bbox 1217 2735 1362 2785; x_wconf 88' lang='lat' dir='ltr'>quibus</span> <span class='ocrx_word' id='word_1_561' title='bbox 1390 2742 1538 2786; x_wconf 28' lang='lat' dir='ltr'>‘sensu-s</span> <span class='ocrx_word' id='word_1_562' title='bbox 1555 2733 1767 2785; x_wconf 83' lang='lat' dir='ltr'>immutan-</span> 
     </span>
     <span class='ocr_line' id='line_1_56' title="bbox 145 2781 1766 2832; baseline -0.002 -12"><span class='ocrx_word' id='word_1_563' title='bbox 145 2785 223 2821; x_wconf 85' lang='lat' dir='ltr'>tur.</span> <span class='ocrx_word' id='word_1_564' title='bbox 244 2785 328 2820; x_wconf 92' lang='lat' dir='ltr'>Non</span> <span class='ocrx_word' id='word_1_565' title='bbox 348 2788 477 2821; x_wconf 87' lang='lat' dir='ltr'>autem</span> <span class='ocrx_word' id='word_1_566' title='bbox 496 2788 626 2830; x_wconf 86' lang='lat' dir='ltr'>potest</span> <span class='ocrx_word' id='word_1_567' title='bbox 646 2785 723 2823; x_wconf 90' lang='lat' dir='ltr'>dici</span> <span class='ocrx_word' id='word_1_568' title='bbox 745 2785 930 2823; x_wconf 88' lang='lat' dir='ltr'>similiter</span> <span class='ocrx_word' id='word_1_569' title='bbox 958 2793 1122 2823; x_wconf 88' lang='lat' dir='ltr'>sensum</span> <span class='ocrx_word' id='word_1_570' title='bbox 1141 2784 1222 2831; x_wconf 84' lang='lat' dir='ltr'>pati</span> <span class='ocrx_word' id='word_1_571' title='bbox 1244 2793 1267 2820; x_wconf 87' lang='lat' dir='ltr'>a</span> <span class='ocrx_word' id='word_1_572' title='bbox 1289 2781 1471 2819; x_wconf 84' lang='lat' dir='ltr'>sensibili</span> <span class='ocrx_word' id='word_1_573' title='bbox 1494 2784 1598 2832; x_wconf 83' lang='lat' dir='ltr'>sicut</span> <span class='ocrx_word' id='word_1_574' title='bbox 1617 2784 1766 2827; x_wconf 85' lang='lat' dir='ltr'>patitur</span> 
     </span>
     <span class='ocr_line' id='line_1_57' title="bbox 145 2827 1765 2877; baseline -0.001 -11"><span class='ocrx_word' id='word_1_575' title='bbox 145 2829 372 2867; x_wconf 88' lang='lat' dir='ltr'>intellectus</span> <span class='ocrx_word' id='word_1_576' title='bbox 405 2830 453 2867; x_wconf 89' lang='lat' dir='ltr'>ab</span> <span class='ocrx_word' id='word_1_577' title='bbox 482 2831 738 2877; x_wconf 81' lang='lat' dir='ltr'>intelligibili,</span> <span class='ocrx_word' id='word_1_578' title='bbox 773 2837 813 2869; x_wconf 88' lang='lat' dir='ltr'>ut</span> <span class='ocrx_word' id='word_1_579' title='bbox 852 2832 911 2869; x_wconf 86' lang='lat' dir='ltr'>sic</span> <span class='ocrx_word' id='word_1_580' title='bbox 950 2832 1097 2869; x_wconf 88' lang='lat' dir='ltr'>sentire</span> <span class='ocrx_word' id='word_1_581' title='bbox 1125 2830 1256 2877; x_wconf 85' lang='lat' dir='ltr'>possit</span> <span class='ocrx_word' id='word_1_582' title='bbox 1289 2836 1380 2866; x_wconf 88' lang='lat' dir='ltr'>esse</span> <span class='ocrx_word' id='word_1_583' title='bbox 1414 2830 1592 2873; x_wconf 85' lang='lat' dir='ltr'>operatio</span> <span class='ocrx_word' id='word_1_584' title='bbox 1621 2827 1765 2865; x_wconf 84' lang='lat' dir='ltr'>animae</span> 
     </span>
     <span class='ocr_line' id='line_1_58' title="bbox 145 2874 1766 2924; baseline -0.002 -11"><span class='ocrx_word' id='word_1_585' title='bbox 145 2876 296 2923; x_wconf 88' lang='lat' dir='ltr'>absque</span> <span class='ocrx_word' id='word_1_586' title='bbox 308 2885 498 2922; x_wconf 90' lang='lat' dir='ltr'>corporeo</span> <span class='ocrx_word' id='word_1_587' title='bbox 515 2877 794 2923; x_wconf 88' lang='lat' dir='ltr'>instrumento,</span> <span class='ocrx_word' id='word_1_588' title='bbox 816 2878 921 2915; x_wconf 90' lang='lat' dir='ltr'>sicut</span> <span class='ocrx_word' id='word_1_589' title='bbox 939 2882 1000 2916; x_wconf 91' lang='lat' dir='ltr'>est</span> <span class='ocrx_word' id='word_1_590' title='bbox 1019 2877 1267 2924; x_wconf 81' lang='lat' dir='ltr'>intelligere3</span> <span class='ocrx_word' id='word_1_591' title='bbox 1288 2883 1380 2912; x_wconf 90' lang='lat' dir='ltr'>nam</span> <span class='ocrx_word' id='word_1_592' title='bbox 1397 2874 1621 2911; x_wconf 88' lang='lat' dir='ltr'>intellectus</span> <span class='ocrx_word' id='word_1_593' title='bbox 1632 2883 1766 2920; x_wconf 83' lang='lat' dir='ltr'>appre-</span> 
     </span>
     <span class='ocr_line' id='line_1_59' title="bbox 145 2921 1763 2969; baseline -0.001 -8"><span class='ocrx_word' id='word_1_594' title='bbox 145 2922 283 2961; x_wconf 88' lang='lat' dir='ltr'>hendit</span> <span class='ocrx_word' id='word_1_595' title='bbox 312 2932 377 2962; x_wconf 84' lang='lat' dir='ltr'>res</span> <span class='ocrx_word' id='word_1_596' title='bbox 406 2923 449 2962; x_wconf 87' lang='lat' dir='ltr'>in</span> <span class='ocrx_word' id='word_1_597' title='bbox 478 2922 745 2962; x_wconf 87' lang='lat' dir='ltr'>abstractione</span> <span class='ocrx_word' id='word_1_598' title='bbox 777 2934 801 2962; x_wconf 88' lang='lat' dir='ltr'>a</span> <span class='ocrx_word' id='word_1_599' title='bbox 819 2925 984 2962; x_wconf 83' lang='lat' dir='ltr'>materia</span> <span class='ocrx_word' id='word_1_600' title='bbox 1012 2922 1338 2962; x_wconf 82' lang='lat' dir='ltr'>etmaterialibus</span> <span class='ocrx_word' id='word_1_601' title='bbox 1357 2921 1657 2960; x_wconf 84' lang='lat' dir='ltr'>conditionibus</span> <span class='ocrx_word' id='word_1_602' title='bbox 1675 2929 1763 2969; x_wconf 83' lang='lat' dir='ltr'>quae</span> 
     </span>
    </p>
   </div>
   <div class='ocr_carea' id='block_1_5' title="bbox 1842 0 1894 1449">
    <p class='ocr_par' dir='ltr' id='par_1_13' title="bbox 1842 0 1894 1449">
     <span class='ocr_line' id='line_1_60' title="bbox 1842 0 1894 1449; baseline 0 0"><span class='ocrx_word' id='word_1_603' title='bbox 1842 0 1894 1449; x_wconf 95' lang='lat' dir='ltr'> </span> 
     </span>
    </p>
   </div>
   <div class='ocr_carea' id='block_1_6' title="bbox 1875 1462 1892 1489">
    <p class='ocr_par' dir='ltr' id='par_1_14' title="bbox 1875 1462 1892 1489">
     <span class='ocr_line' id='line_1_61' title="bbox 1875 1462 1892 1479; baseline 0 -13"><span class='ocrx_word' id='word_1_604' title='bbox 1875 1462 1892 1479; x_wconf 36' lang='grc' dir='ltr'>ἁ,</span> 
     </span>
     <span class='ocr_line' id='line_1_62' title="bbox 1878 1482 1891 1489; baseline 0 0"><span class='ocrx_word' id='word_1_605' title='bbox 1878 1482 1891 1489; x_wconf 72' lang='lat'><em>-</em></span> 
     </span>
    </p>
   </div>
   <div class='ocr_carea' id='block_1_7' title="bbox 1852 1589 1894 2452">
    <p class='ocr_par' dir='ltr' id='par_1_15' title="bbox 1852 1589 1894 2452">
     <span class='ocr_line' id='line_1_63' title="bbox 1852 1589 1894 2452; baseline 0 0"><span class='ocrx_word' id='word_1_606' title='bbox 1852 1589 1894 2452; x_wconf 95' lang='lat' dir='ltr'> </span> 
     </span>
    </p>
   </div>
  </div>
 </body>
</html>
