1894 3223
95 92 164 127 284
677 83 764 118 LIB.
793 82 857 125 ΙΙΙ,
885 81 987 116 CAP.
1013 80 1133 115 XXIII.

97 180 130 207 c.
162 168 220 214 44)
246 169 365 213 patet.
386 167 513 202 Motus
549 162 672 209 igitur
705 161 811 207 eceli,
843 160 950 207 quod
983 162 1045 197 est.
1078 159 1250 206 primum
1287 166 1536 205 corporeum,
1561 160 1623 194 est
1659 155 1709 194 ab

96 212 354 254 intellectuali
375 210 611 248 substantia.

144 264 243 301 Item,
264 266 430 305 corpora
448 255 584 303 gravia
603 258 641 292 et
669 254 772 292 levia
799 257 1009 292 moventur
1027 263 1052 291 a
1070 256 1286 300 generante
1303 255 1342 289 et
1360 253 1588 290 removente
1619 259 1711 296 pro-

98 309 254 351 hibens,
273 308 314 342 ut
343 303 532 351 probatur
568 302 610 338 in
642 305 782 340 octavo
817 301 1053 346 physicorum
1091 299 1197 346 (text.
1219 308 1363 337 comm.
1385 298 1470 344 32);
1492 306 1572 334 non
1606 297 1712 334 enim

96 357 225 402 potest
242 360 330 389 esse
364 349 470 398 quod
490 349 618 387 forma
650 348 692 385 in
729 348 788 385 eis
811 347 864 385 sit
897 356 1063 385 movens
1083 350 1122 384 et
1160 346 1325 384 materIa
1344 348 1465 390 mota,
1481 343 1586 397 nihil
1605 344 1712 396 enim

97 402 275 439 movetur
291 397 369 438 nisi
385 405 543 443 corpus.
563 396 672 433 Sicut
688 398 820 432 autem
837 394 1130 432 elementorum
1156 402 1323 439 corpora
1343 396 1435 430 sunt
1456 391 1653 437 simplicia
1675 394 1714 428 et

96 456 176 485 non
198 450 257 483 est
276 445 317 481 in
338 444 396 482 eis
419 442 657 490 compositio
685 441 764 479 nisi
786 441 961 479 materiae
982 445 1020 479 et
1042 441 1194 486 formae,
1215 440 1271 478 ita
1292 443 1330 477 et
1349 448 1516 485 corpora
1535 437 1714 475 coelestia

99 497 190 532 sunt
222 491 432 538 simplicia.
455 490 495 528 Si
526 490 649 536 igitur
682 492 892 526 moventur
925 488 1030 526 sicut
1049 488 1185 535 gravia
1215 490 1254 525 et
1277 487 1394 531 levia,
1416 488 1571 532 oportet
1607 484 1712 531 quod

96 543 328 578 moveantur
349 548 373 576 a
391 540 605 585 generante
640 546 710 582 per
729 545 773 573 se
796 539 834 572 et
862 545 885 572 a
905 538 1133 573 removente
1167 534 1384 581 prohibens
1409 543 1478 580 per
1512 531 1711 570 accidens.

97 589 177 625 Hoc
197 590 327 624 autem
362 589 424 622 est
441 582 712 630 impossibile;
735 592 827 620 nam
847 582 918 620 illa
949 591 1117 629 corpora
1133 580 1421 629 ingenerabilia
1449 583 1557 624 sunt,
1578 582 1712 625 utpote

97 643 178 671 non
206 632 392 671 habentia
422 631 756 674 contrarietatem,
790 633 828 667 et
859 632 992 666 motus
1026 638 1164 666 eorum
1202 628 1385 674 impediri
1418 636 1500 664 non
1529 629 1711 673 possunt.

98 682 258 727 Oportet
278 679 401 726 igitur
420 678 526 726 quod
556 680 789 715 moveantur
806 676 875 714 illa
895 684 1062 722 corpora
1083 675 1106 713 a
1125 674 1376 727 moventibus
1407 683 1477 719 per
1496 673 1713 720 apprehen-

98 728 274 770 sionem3
293 735 374 764 non
395 729 525 763 autem
547 724 793 768 sensitivam,
814 727 857 761 ut
876 727 1083 760 ostensum
1104 726 1188 760 est:
1212 730 1306 768 ergo
1321 721 1616 758 intellectivam.

143 774 326 820 Amplius,
351 773 386 810 si
406 772 645 819 principium
677 774 809 808 motus
843 770 1018 808 coelestis
1039 772 1100 807 est
1137 768 1225 806 sola
1244 771 1385 805 natura
1405 768 1555 814 absque
1576 777 1712 813 appre-

98 821 294 860 hensione
315 820 460 867 aliqua,
483 822 638 865 oportet
671 817 775 864 quod
796 817 1036 864 principium
1058 819 1190 853 motus
1216 815 1304 853 coeli
1323 815 1374 853 sit
1394 814 1522 851 forma
1541 814 1715 851 coelestis

99 868 292 915 corporis,
329 867 434 904 sicut
466 869 503 903 et
531 866 573 903 in
609 864 835 910 elementis3
856 864 949 902 licet
981 864 1087 901 enim
1117 863 1252 900 formae
1278 861 1482 908 simplices
1520 870 1601 898 non
1636 861 1717 898 sint

98 919 317 958 moventes,
352 917 445 951 sunt
475 917 607 950 tamen
645 911 841 958 principia
880 915 1086 955 irrotuum;
1109 910 1157 947 ad
1190 919 1258 956 eas
1295 909 1401 946 enim
1445 911 1717 955 consequntur

99 965 232 1000 motus
270 960 487 1004 naturales,
507 960 612 998 sicut
637 968 777 996 omnes
811 958 898 995 aliae
933 958 1135 995 naturales
1165 957 1440 1003 proprietates.
1461 957 1548 992 Non
1584 958 1716 992 autem

98 1012 229 1056 potest
263 1017 353 1046 esse
385 1007 489 1055 quod
523 1010 665 1044 motus.
692 1005 866 1043 coelestis
897 1009 1087 1052 sequatur
1121 1005 1290 1041 formam
1327 1003 1502 1041 coelestis
1537 1003 1717 1048 corporis

100 1057 204 1094 sicut
219 1055 458 1102 principium
491 1053 684 1097 activum3
704 1054 761 1090 sic
788 1053 893 1089 enim
915 1053 1042 1089 forma
1073 1055 1133 1089 est
1146 1050 1386 1097 principium
1406 1053 1539 1087 motus
1557 1049 1713 1093 localis,

99 1104 140 1140 in
162 1106 352 1150 quantum
380 1101 498 1139 alicui
519 1101 675 1146 corpori
697 1099 917 1138 secundum
939 1108 1053 1137 suam
1074 1099 1241 1136 sormam
1260 1098 1424 1135 debetur
1434 1096 1581 1144 aliquis
1600 1096 1715 1134 locus

100 1151 142 1188 in
162 1159 277 1198 quem
298 1152 478 1186 movetur
498 1157 545 1184 ex
568 1148 604 1184 vi
625 1156 708 1185 suae
736 1147 872 1184 formae
899 1146 1098 1183 tendentis
1121 1146 1164 1182 in
1181 1146 1313 1183 locum
1333 1145 1460 1188 illum,
1483 1153 1600 1191 quem
1621 1143 1716 1190 quia

101 1197 166 1236 dat
184 1205 394 1244 generans,
416 1194 560 1233 dicitur
587 1203 676 1232 esse
708 1198 863 1238 motor;
885 1193 989 1230 sicut
1016 1193 1100 1239 igni
1134 1192 1354 1230 secundum
1393 1200 1507 1229 suam
1544 1190 1713 1228 formam

101 1243 288 1290 competit
311 1252 401 1281 esse
435 1250 616 1286 sursum;
639 1241 794 1287 corpori
828 1244 959 1278 autem
985 1239 1137 1277 coelesti
1173 1239 1393 1277 secundum
1414 1247 1527 1276 suam
1545 1237 1712 1275 formam

100 1299 183 1328 non
214 1290 342 1337 magis
377 1289 561 1336 congruit
592 1297 716 1325 unum
737 1287 800 1323 ubi
825 1297 942 1334 quarn
974 1287 1095 1324 aliud.
1118 1288 1204 1324 Non
1223 1286 1346 1333 igitur
1374 1289 1508 1323 motus
1537 1284 1715 1322 coelestis

101 1337 340 1384 principium
361 1340 420 1374 est
452 1336 539 1373 sola
559 1339 713 1372 natura.
737 1335 898 1380 Oportet
925 1334 1047 1381 igitur
1085 1333 1190 1380 quod
1210 1332 1450 1380 principium
1477 1335 1610 1369 motus
1632 1331 1718 1378 ejus

102 1385 154 1422 sit
173 1394 242 1430 per
261 1382 619 1430 apprehensionem
638 1381 850 1419 moventis.

148 1431 293 1475 Adhuc,
313 1433 454 1468 natura
473 1437 629 1475 semper
647 1428 696 1466 ad
716 1437 840 1466 unum
855 1427 981 1464 tendit
999 1439 1008 1472 ;
1030 1427 1135 1465 unde
1152 1436 1238 1474 quae
1256 1430 1351 1464 sunt
1367 1436 1390 1464 a
1409 1429 1551 1463 natura
1564 1434 1721 1472 semper

103 1481 197 1515 sunt
235 1477 374 1515 eodem
411 1476 543 1520 modo,
572 1475 651 1513 nisi
691 1475 971 1521 impediantur,
1003 1473 1109 1521 quod
1147 1477 1207 1511 est
1243 1473 1286 1510 in
1316 1472 1586 1519 paucioribus.
1606 1472 1721 1517 Quod

102 1525 224 1572 igitur
237 1534 284 1562 ex
307 1524 370 1562 sui
389 1523 543 1561 ratione
564 1523 683 1560 habet
703 1521 1000 1560 difformitatem
1019 1520 1270 1567 impossibile
1288 1523 1348 1558 est
1367 1519 1474 1567 quod
1495 1519 1547 1557 sit
1563 1518 1658 1557 finis
1677 1519 1722 1557 in

103 1581 219 1619 quem
239 1571 364 1609 tendit
392 1574 546 1607 natura.
566 1571 695 1607 Motus
725 1573 856 1607 autem
878 1568 1098 1607 secundum
1129 1576 1243 1605 suam
1272 1567 1466 1605 rationem
1501 1570 1562 1605 est
1582 1566 1720 1613 hujus-

100 1619 209 1656 modi
227 1630 236 1664 ;
258 1618 364 1667 quod
384 1618 489 1655 enim
514 1621 707 1661 movetur,
722 1616 765 1653 in
785 1619 978 1664 quantum
1008 1614 1253 1662 hujusmodi,
1272 1614 1522 1653 dissimiliter
1541 1623 1585 1652 se
1602 1614 1720 1651 habet

102 1675 209 1703 nunc
230 1669 268 1702 et
286 1665 411 1712 prius.
430 1664 682 1711 Impossibile
701 1668 761 1701 est
780 1664 903 1711 igitur
922 1662 1027 1711 quod
1049 1666 1191 1700 natura
1204 1662 1384 1700 intendat
1396 1665 1548 1699 motum
1563 1664 1723 1707 propter

105 1713 294 1759 seipsum.
314 1712 483 1749 Intendit
510 1712 632 1758 igitur
663 1711 835 1758 quietem
862 1720 931 1756 per
957 1713 1123 1755 motum,
1145 1719 1233 1757 quae
1265 1718 1309 1747 se
1339 1709 1460 1747 habet
1485 1708 1535 1746 ad
1568 1712 1722 1745 motum

103 1761 208 1797 sicut
240 1769 360 1797 unum
388 1759 436 1796 ad
470 1759 616 1803 multa3
641 1758 812 1805 quiescit
839 1758 944 1795 enim
977 1757 1082 1804 quod
1121 1756 1306 1794 similiter
1333 1766 1377 1794 se
1409 1755 1654 1793 habetnunc
1685 1758 1722 1792 et

101 1807 226 1854 prius.
251 1807 290 1844 Si
312 1815 405 1853 ergo
425 1810 559 1843 motus
580 1805 670 1842 coeli
692 1805 780 1843 sita
798 1808 938 1842 natura
951 1808 1120 1848 tantum,
1137 1807 1243 1841 esset
1259 1803 1467 1841 ordinatus
1481 1803 1524 1840 in
1545 1802 1721 1850 aliquam

103 1854 301 1901 quietem3
321 1853 435 1900 cujus
468 1852 711 1890 contrarium
743 1855 917 1899 apparet,
940 1860 1061 1898 quum
1086 1851 1139 1887 sit
1155 1850 1385 1889 continuus.
1406 1852 1492 1887 Non
1520 1852 1581 1886 est
1600 1849 1722 1896 igitur

103 1904 237 1983 molffis
274 1900 408 1937 coelia
444 1902 585 1937 natura
623 1899 727 1937 sicut
753 1899 989 1945 aprincipio
1029 1898 1172 1943 activo,
1194 1897 1264 1935 sed
1294 1897 1423 1944 magis
1452 1906 1475 1933 a
1496 1896 1722 1934 substantia

102 1951 183 1984 irte
218 1957 229 1983 l
261 1952 362 1984 ente.

148 1956 258 2039 Item?
271 1993 379 2031 omni
397 1993 522 2030 motui
542 1992 609 2040 qui
624 1996 685 2030 est
703 2001 727 2030 a
743 1995 884 2029 natura
898 1991 1003 2030 sicut
1021 2001 1044 2029 a
1062 1991 1259 2038 principio
1275 1991 1401 2028 activo
1423 1993 1578 2036 oportet
1594 1989 1717 2037 quod,

105 2041 140 2078 si
161 2050 347 2078 accessus
368 2040 417 2077 ad
436 2039 586 2087 aliquid
607 2043 667 2077 est
687 2039 894 2082 naturalis,
917 2047 1103 2076 recessus
1121 2038 1169 2076 ab
1191 2038 1330 2076 eodem
1351 2038 1403 2075 sit
1422 2037 1662 2074 innaturalis
1681 2040 1720 2074 et

103 2091 239 2125 contra
260 2091 460 2132 naturam3
481 2088 585 2125 sicut
604 2095 722 2133 grave
754 2085 906 2124 accedit
934 2085 1120 2124 deorsum
1141 2085 1386 2129 naturaliter,
1408 2084 1557 2122 recedit
1585 2087 1720 2121 autem

103 2135 194 2172 inde
215 2138 351 2187 contra
383 2138 578 2171 naturam.
600 2134 638 2170 Si
659 2133 781 2180 igitur
813 2137 946 2171 motus
966 2133 1057 2170 coeli
1075 2136 1181 2171 esset
1214 2132 1422 2177 naturalis,
1443 2140 1564 2179 quum
1583 2131 1723 2169 tendat.

103 2182 151 2219 ad
190 2182 434 2219 occidentem
470 2180 713 2224 naturaliter,
735 2184 874 2218 contra
911 2184 1093 2217 naturam
1127 2180 1176 2217 ab
1208 2179 1414 2217 occidente
1453 2178 1643 2216 recedens
1674 2179 1718 2214 in

103 2229 294 2266 orientem
315 2229 472 2266 rediret.
493 2229 575 2265 Hoc
595 2232 727 2265 autem
747 2231 808 2265 est
827 2227 1097 2274 impossibile;
1118 2227 1160 2264 in
1186 2231 1297 2264 motu
1315 2226 1422 2265 enim
1443 2226 1596 2264 coelesti
1618 2225 1721 2262 nihil

103 2276 399 2328 estviolentum
419 2279 458 2313 et
474 2279 612 2313 contra
638 2278 835 2313 naturam.
854 2274 1107 2321 Impossibile
1128 2277 1189 2313 est
1207 2274 1330 2320 igitur
1349 2273 1455 2321 quod
1475 2272 1718 2319 principium

103 2327 273 2360 activum
310 2328 443 2361 motus
472 2322 647 2360 coelestis
674 2322 728 2360 sit
757 2326 911 2359 natura.
937 2324 1003 2359 Est
1022 2322 1146 2369 igitur
1164 2321 1404 2368 principium
1438 2320 1609 2358 activum
1631 2319 1720 2366 ejus

102 2370 234 2416 aliqua
251 2369 311 2408 vis
332 2370 619 2417 apprehensiva
637 2373 675 2406 et
693 2379 763 2416 per
783 2369 1028 2406 intellectum
1048 2377 1228 2413 movens,
1250 2373 1294 2405 ut
1313 2378 1361 2405 ex
1378 2367 1579 2414 praediclis
1600 2370 1720 2413 patet.

102 2418 276 2454 Movetur
290 2417 412 2464 igitur
423 2425 569 2464 corpus
590 2416 750 2454 coeleste
768 2426 790 2454 a
812 2416 1038 2454 substantia
1057 2415 1332 2454 intellectuali.

150 2466 235 2516 §on
266 2468 400 2501 tamen
428 2468 489 2502 est
521 2463 750 2510 negandum
783 2467 936 2501 motum
969 2463 1171 2501 coelestem
1204 2472 1294 2500 esse
1315 2461 1553 2499 naturalem.
1575 2461 1728 2498 Dicitur

103 2520 207 2547 enim
230 2520 318 2548 esse
334 2511 480 2559 aliquis
500 2517 633 2548 motus
654 2511 862 2556 naturalis,
885 2519 966 2548 non
981 2511 1113 2548 solum
1128 2513 1288 2557 propter
1300 2509 1471 2547 activum
1486 2507 1726 2555 principium

104 2558 173 2594 sed
204 2558 321 2595 ctiam
341 2563 501 2606 propter
522 2559 753 2604 passivum;
778 2558 883 2596 sicut
903 2561 1008 2605 patet
1027 2558 1068 2595 in
1089 2557 1347 2605 generatione
1365 2555 1608 2603 simplicium
1638 2562 1726 2606 cor-

103 2613 259 2649 porum,
297 2615 383 2652 quae
397 2606 556 2653 quidem
579 2615 659 2649 non
689 2609 821 2652 potest
851 2605 929 2643 dici
962 2605 1157 2643 naturalis
1185 2604 1338 2642 ratione
1369 2602 1553 2650 principii
1593 2605 1725 2638 activi.

101 2652 276 2703 Moretur
297 2652 401 2690 enim
421 2653 462 2690 id
490 2653 724 2690 naturaliter
751 2662 776 2690 a
794 2652 992 2699 principio
1014 2653 1141 2689 activo
1160 2652 1274 2699 cnjus
1296 2648 1725 2701 principiumtactixjum

105 2701 164 2735 est
179 2702 281 2734 intra
298 2710 306 2741 3
322 2703 470 2750 ‚natura
489 2700 594 2737 enim
610 2703 671 2737 est
689 2700 931 2746 principium
957 2704 1089 2737 motus
1108 2699 1149 2736 in
1172 2709 1218 2736 eo
1248 2698 1354 2746 quod
1383 2700 1456 2735 est.
1481 2698 1726 2741 Prinmpium

104 2748 235 2781 aulem
255 2749 422 2796 activum
444 2747 484 2782 in
507 2747 763 2793 generatione
784 2747 979 2794 simplicis
1000 2747 1180 2793 corporis
1202 2750 1262 2783 est
1281 2748 1402 2783 extra.
1422 2745 1506 2780 Non
1528 2746 1588 2779 est
1606 2742 1728 2788 igitur

104 2791 298 2828 naturalis
333 2792 483 2828 ratione
520 2794 702 2840 principii
737 2795 867 2837 activi,
903 2794 972 2831 sed
1002 2794 1132 2831 solun]
1170 2793 1321 2829 ratione
1356 2790 1537 2837 principii
1561 2789 1724 2835 passivi,

108 2838 212 2886 quod
240 2841 299 2878 est
321 2839 497 2884 materia,
517 2841 580 2876 cui
598 2841 702 2878 inest
716 2841 910 2879 naturalis
927 2841 1124 2888 appetitus
1148 2840 1195 2877 ad
1216 2839 1383 2877 formam
1407 2836 1641 2874 naturalem.
1664 2836 1727 2875 Sic
