1894 3223
136 133 208 168 372
705 126 792 161 Liss.
819 126 883 168 ΙΙΙ,
912 125 1012 160 CAP.
1041 124 1192 160 LXXXV.

140 212 265 259 igitur
285 211 415 290 homo¹
424 206 659 259 naturaliter
696 205 829 252 eligit;
850 205 956 252 quod
976 208 1188 252 oporteret,
1208 205 1244 243 si
1270 216 1318 243 ex
1349 206 1523 252 impulsu
1547 214 1758 252 corporum

140 257 429 296 coelestium'ei
464 257 558 290 eret.

188 306 290 347 Item,
313 311 358 338 ea
392 263 479 347 qugae
518 302 610 336 sunt
645 298 820 346 ejusdem
859 298 1006 345 speciei
1039 308 1120 336 non
1149 298 1466 337 diversificantur
1498 300 1539 336 in
1561 299 1758 346 operatio-

142 351 261 388 nibus
295 347 543 385 naturalibus
590 355 677 393 quae
712 350 894 383 naturam
939 346 1085 392 speciei
1124 350 1437 393 consequuntur.
1478 346 1586 383 Unde
1626 346 1760 383 omnis

143 395 316 434 hirundo
346 394 530 432 similiter
556 392 649 430 facit
668 392 821 438 nidum,
840 396 878 430 et
897 393 1029 430 omnis
1051 393 1170 430 homo
1208 393 1392 430 similiter
1412 393 1600 439 intelligit
1632 393 1763 439 prima

143 442 337 489 principia
358 450 445 488 quae
482 444 576 477 sunt
595 440 828 477 naturaliter
857 443 964 476 nota.
986 439 1132 477 Electio
1169 444 1300 477 autem
1322 443 1381 477 est
1413 441 1591 487 operatio
1620 449 1760 477 conse·

144 499 271 536 quens
290 488 463 534 speciem
503 488 731 524 humanam.
754 486 793 523 Si
827 486 948 533 igitur
971 486 1091 523 homo
1112 487 1343 523 naturaliter
1365 487 1540 534 eligeret,
1562 489 1763 533 oporteret

143 536 252 583 quod
271 544 410 572 omnes
444 534 627 571 homines
655 533 795 570 eodem
816 533 935 570 modo
967 533 1185 580 eligerent3
1208 533 1313 580 quod
1347 538 1453 580 patet
1489 543 1579 571 esse
1600 534 1759 578 falsum,

145 588 226 620 tam
243 583 285 619 in
305 581 524 619 moralibus
539 589 657 628 quam
675 581 716 617 in
734 579 1021 617 artificialibus.

192 631 292 674 Item,
314 630 478 665 virtutes
496 631 531 664 et
558 628 654 664 vitia
672 631 766 665 sunt
786 627 1026 663 electionum
1047 626 1240 672 principia
1257 627 1428 673 propria.
1446 629 1542 664 Nam
1558 627 1761 665 virtuosus

145 680 185 714 et
203 677 374 713 vitiosus
405 674 592 712 differunt
623 684 670 710 ex
690 674 764 711 1100
795 673 900 721 quod
921 673 1119 710 contraria
1136 673 1301 720 eligunt.
1321 674 1491 711 Virtutes
1513 678 1644 712 autem
1661 675 1763 721 poli·

142 724 231 760 ticae
258 727 294 759 et
328 723 424 759 vitia
456 731 536 759 non
574 724 668 758 sunt
693 721 810 758 nobis
842 725 1039 764 anatura,
1061 720 1131 757 sed
1169 730 1215 757 ex
1254 720 1526 763 assuetudine,
1548 724 1590 758 ut
1624 722 1765 768 probat

148 770 417 816 Philosophus
450 769 492 805 in
529 767 706 806 secundo
738 768 857 805 Ethic.
876 767 927 814 (c.
948 767 996 814 l),
1018 777 1066 804 ex
1101 767 1178 804 hoc
1211 767 1317 814 quod
1344 767 1481 814 quales
1496 766 1763 814 ‘operationes

149 818 435 860 assuescimus,
474 819 512 852 et
549 815 718 852 maxime
755 825 778 852 a
814 823 950 860 puero,
990 814 1039 851 ad
1069 813 1170 851 tales
1210 814 1384 851 habitum
1423 814 1629 852 habemus.
1663 816 1763 861 Ergo

148 864 365 901 electiones
387 866 532 900 nostrae
550 871 631 899 non
651 866 746 900 sunt
777 861 893 898 nobis
915 870 938 898 a
958 865 1112 898 natura.
1134 862 1223 898 Non
1255 871 1349 908 ergo
1386 865 1602 898 causantur
1618 871 1666 898 ex
1692 862 1764 898 im-

149 911 356 958 pressione
375 918 585 955 corporum
599 909 820 946 coelestium
835 908 1054 945 secundum
1070 917 1187 955 quam
1202 917 1265 945 res
1284 908 1518 945 naturaliter
1533 907 1763 954 procedunt.

195 958 338 997 Adhuc,
362 965 527 1002 corpora
558 956 737 993 coelestia.
766 965 846 992 non
883 956 1115 1000 imprimunt
1152 955 1298 992 directe
1334 955 1412 991 nisi
1449 955 1492 991 in
1522 964 1702 1001 corpora,
1723 958 1765 992 ut

149 1009 355 1042 ostensum
379 1008 438 1040 est
459 1003 558 1050 (cap.
582 1003 654 1049 82).
676 1003 712 1039 Si
751 1003 872 1048 igitur
903 1002 984 1039 sint
1022 1011 1143 1039 causa
1163 1001 1403 1039 electionum
1432 1005 1673 1047 nostrarum,
1698 1005 1766 1039 aut

151 1052 225 1088 hoc
247 1051 320 1087 erit
340 1051 380 1087 in
400 1054 589 1097 quantum
612 1050 894 1095 imprimuntin
920 1058 1086 1094 corpora
1107 1053 1255 1093 nostra,
1276 1050 1394 1086 autin
1417 1053 1606 1096 quantum
1628 1049 1762 1095 impri-

150 1102 262 1135 munt
283 1098 322 1133 in
353 1098 560 1134 exteriora.
585 1098 730 1133 Neutro
755 1101 886 1133 autem
918 1096 1037 1133 modo
1059 1095 1303 1132 sufficienter
1330 1100 1501 1142 possunt
1521 1105 1610 1133 esse
1642 1105 1763 1133 causa

151 1146 359 1182 electionis
381 1148 541 1181 nostrae.
564 1145 649 1180 Non
671 1144 777 1180 enim
796 1147 856 1180 est
874 1142 1080 1180 sufficiens
1103 1152 1223 1180 causa
1244 1147 1390 1180 nostrae
1412 1143 1633 1186 electionis,
1657 1142 1762 1189 quod

150 1192 285 1238 aliqua
304 1191 526 1236 corporalia
542 1190 658 1227 nobis
679 1190 851 1227 exterius
868 1193 1168 1235 praesententur.
1186 1191 1294 1226 Patet
1311 1191 1415 1226 enim
1432 1190 1536 1236 quod
1559 1190 1605 1226 ad
1625 1198 1762 1226 occur-

151 1247 240 1275 sum
280 1238 448 1283 alicujus
497 1236 757 1278 delectabilis,
798 1240 904 1282 puta,
940 1236 1031 1280 cibi,
1070 1236 1132 1273 vel
1170 1236 1365 1281 mulieris,
1402 1240 1643 1282 temperatus
1682 1245 1760 1272 non

151 1289 330 1321 movetur
367 1284 414 1320 ad
440 1283 665 1330 eligendum
699 1283 860 1329 ipsum:
885 1284 1169 1329 intemperatus
1206 1286 1335 1320 autem
1368 1287 1557 1320 movetur.
1575 1282 1762 1319 Similiter

153 1332 270 1369 etiam
305 1340 384 1368 non
406 1330 554 1368 sufficit
575 1330 621 1366 ad
644 1334 820 1367 nostram
848 1330 1082 1367 electionem
1112 1339 1369 1376 quaecumque
1393 1331 1614 1366 immutatio
1636 1330 1763 1375 possit

151 1387 241 1415 esse
269 1379 308 1414 in
335 1382 472 1414 nostro
494 1386 657 1423 corpore
691 1377 739 1414 ab
760 1377 1023 1422 impressione
1059 1377 1233 1413 coelestis
1270 1377 1462 1422 corporis.
1486 1378 1581 1413 Cum
1605 1386 1670 1422 per
1689 1377 1763 1413 1100

152 1434 231 1461 1100
267 1428 485 1470 sequantur
518 1424 558 1460 in
592 1423 708 1460 nobis
741 1424 818 1460 nisi
853 1424 1030 1470 quaedam
1057 1423 1284 1468 passiones,
1302 1424 1363 1459 vel
1385 1423 1527 1469 magis,
1548 1423 1609 1459 vel
1629 1423 1762 1460 minus

150 1472 417 1508 vehementes.
439 1470 653 1507 Passiones
693 1473 821 1507 autem
861 1474 1223 1517 quantumcumque
1244 1470 1512 1514 vehementes,
1554 1478 1632 1506 non
1672 1474 1765 1506 sunt

149 1527 273 1555 causa
289 1517 495 1554 sufficiens
512 1517 734 1561 electionis,
750 1517 845 1564 quia
861 1526 929 1563 per
956 1517 1115 1554 easdem
1142 1516 1353 1562 passiones
1381 1516 1637 1553 incontinens
1654 1516 1764 1553 indu-

149 1565 253 1602 citur
275 1565 323 1601 ad
344 1574 411 1602 eas
430 1563 675 1611 sequendum
694 1573 765 1610 per
784 1564 1033 1607 electionem,
1053 1564 1264 1601 continens
1285 1569 1416 1601 autem
1450 1572 1527 1600 non
1548 1563 1761 1600 inducitur.

150 1614 237 1664 Non
262 1615 392 1657 potest
413 1611 535 1658 igitur
554 1610 632 1648 dici
653 1610 759 1658 quod
779 1620 946 1657 corpora
976 1611 1155 1648 coelestia
1174 1611 1255 1648 sint
1274 1620 1396 1648 causa
1417 1615 1640 1648 nostrarum
1664 1610 1763 1647 elec·

150 1663 319 1696 tionum.

197 1707 379 1752 Amplius,
402 1705 513 1742 nulla
545 1705 670 1742 virtus
709 1705 823 1742 datur
861 1705 979 1742 aliCui
1011 1705 1068 1741 rei
1105 1704 1252 1742 frustra
1283 1716 1294 1741 ε
1331 1705 1451 1742 homo
1483 1708 1613 1741 autem
1648 1705 1765 1742 habet

149 1750 553 1799 virtutemjudicandi
574 1755 612 1789 et
642 1751 882 1790 consiliandi
906 1753 952 1789 de
985 1751 1173 1789 omnibus
1193 1761 1280 1799 quae
1301 1760 1371 1798 per
1390 1752 1521 1798 ipsum
1543 1752 1764 1797 operabilia

150 1804 258 1842 sunt,
281 1800 363 1836 sive
397 1800 438 1835 in
477 1808 554 1836 usu
585 1799 823 1836 exteriorum
850 1808 995 1843 rerum,
1018 1798 1162 1835 sivein
1195 1799 1438 1836 admittendo
1459 1802 1496 1835 et
1532 1798 1762 1844 repellendo

148 1846 388 1884 intrinsecas
408 1846 630 1891 passiones.
646 1846 757 1891 Quod
778 1846 937 1892 quidem
950 1845 1097 1882 frustra
1115 1848 1234 1889 esset,
1256 1846 1290 1882 si
1305 1845 1446 1882 electio
1469 1849 1605 1882 nostra
1620 1854 1760 1882 causa-

151 1896 259 1929 retur
279 1903 301 1929 a
328 1893 562 1937 corporibus
581 1893 823 1936 coelestibus‚
848 1901 927 1929 non
956 1893 1131 1929 existens
1149 1892 1190 1929 10
1208 1895 1345 1929 nostra
1377 1893 1684 1938 potestate.Non
1705 1894 1764 1929 est

152 1939 273 1986 igitur
288 1939 481 1986 possibile
501 1939 607 1986 quod
622 1948 789 1985 corpora
809 1939 986 1976 coelestia
1001 1939 1081 1976 sint
1101 1947 1221 1976 causa
1242 1942 1387 1975 nostrae
1409 1939 1630 1975 electionis.

198 1988 388 2027 Praeterea,
423 1986 543 2023 homo
578 1986 811 2023 naturaliter
837 1989 897 2023 est
920 1985 1067 2022 animal
1102 1985 1308 2032 politicum
1347 1986 1407 2022 vel
1448 1985 1608 2022 sociale.
1651 1985 1764 2029 Quod

153 2033 313 2080 quidem
337 2043 381 2069 ex
405 2032 480 2070 hoc
500 2036 660 2079 apparet
687 2033 792 2079 quod
808 2041 911 2069 unus
931 2033 1050 2070 homo
1070 2041 1151 2070 non
1171 2031 1319 2069 sufficit
1338 2033 1428 2077 sibi,
1451 2033 1484 2070 si
1505 2032 1616 2070 solus
1637 2033 1760 2076 vivan

151 2083 357 2126 propterea
394 2079 500 2126 quod
531 2083 673 2116 natura
692 2080 733 2116 in
764 2080 901 2125 paucis
934 2079 1086 2117 11010101
1119 2079 1289 2126 providit
1318 2079 1575 2123 sufficienter,
1597 2079 1695 2115 dans
1728 2079 1763 2116 ei

152 2127 345 2163 rationem
386 2136 454 2172 per
487 2135 605 2173 quam
642 2126 769 2173 possit
798 2127 872 2163 sibi
900 2127 1035 2163 omnia
1055 2126 1283 2163 necessaria
1301 2126 1350 2163 ad
1369 2127 1488 2162 vitam
1529 2135 1762 2173 praeparare,

152 2175 256 2211 sicut
277 2174 423 2217 cibum,
446 2173 691 2218 indumenta,
713 2178 750 2210 et
771 2173 848 2210 alia
869 2173 1114 2220 hujusmodi,
1136 2174 1184 2210 ad
1205 2183 1292 2220 quae
1310 2174 1444 2210 omnia
1464 2173 1663 2219 operanda
1682 2181 1763 2210 non

152 2220 300 2258 sufficit
319 2229 423 2257 unus
443 2220 576 2257 homo.
600 2220 707 2258 Unde
739 2221 969 2257 naturaliter
989 2220 1157 2257 inditum
1185 2223 1243 2257 est
1276 2220 1429 2258 homini
1451 2224 1492 2258 ut
1511 2220 1551 2257 in
1574 2220 1763 2258 societate

150 2267 266 2304 vivat.
289 2268 363 2304 Sed
381 2267 478 2304 ordo
496 2267 752 2313 providentiae
789 2277 868 2305 non
895 2268 1022 2305 aufert
1052 2267 1171 2305 alicui
1191 2267 1247 2304 rei
1267 2267 1373 2315 quod
1391 2271 1450 2305 est
1474 2266 1551 2305 sibi
1568 2267 1762 2312 naturale,

151 2315 221 2352 sed
248 2315 376 2361 magis
403 2314 618 2362 unicuique
638 2314 866 2360 providetur
893 2314 1111 2352 secundum
1138 2323 1252 2352 suam
1273 2318 1468 2360 naturam,
1491 2318 1533 2352 ut
1563 2324 1611 2352 ex
1646 2313 1762 2351 dictis

151 2365 268 2408 patet.
290 2364 376 2399 Non
407 2361 529 2408 igitur
553 2371 624 2408 per
659 2361 840 2399 ordinem
860 2362 1116 2408 providentiae
1137 2362 1195 2399 sic
1225 2365 1286 2399 est
1322 2361 1442 2400 homo
1479 2361 1700 2405 ordinatus,
1721 2363 1764 2398 ut

149 2409 230 2445 vita
265 2408 427 2446 socialis
462 2408 635 2446 tollatur.
655 2408 872 2446 Tolleretur
903 2413 1034 2446 autem
1070 2409 1104 2446 si
1126 2409 1342 2447 electiones
1363 2413 1510 2446 UOStl‘ae
1531 2418 1577 2445 ex
1597 2409 1762 2454 impres·

151 2455 334 2493 sionibus
376 2464 588 2502 corporum
619 2455 842 2494 coelestium
874 2456 1141 2501 provenirent,
1176 2456 1279 2494 sicut
1316 2456 1509 2493 naturalis
1548 2455 1761 2492 instinctus

150 2503 319 2539 aliorum
345 2503 592 2540 animalium.
615 2504 775 2540 Frustra
813 2504 918 2540 enim
939 2503 1125 2540 darentur
1145 2503 1255 2549 leges
1283 2506 1320 2540 et
1338 2507 1532 2549 praecepta
1550 2501 1708 2539 vivendi
1727 2500 1759 2537 51

151 2549 270 2586 1101110
290 2559 449 2586 suarum
467 2550 704 2587 electionum
720 2550 906 2588 dominus
925 2559 1007 2587 non
1027 2554 1145 2588 esset.
1169 2551 1328 2587 Frustra
1344 2551 1462 2587 etiam
1483 2549 1761 2587 adhiberentur

150 2605 276 2647 poenae
291 2597 503 2642 etpraemia
522 2597 640 2634 bonis
661 2602 727 2634 aut
753 2597 884 2642 malis,
906 2607 952 2634 ex
981 2606 1059 2644 quo
1078 2605 1158 2634 non
1178 2601 1285 2634 esset
1303 2597 1344 2633 in
1365 2597 1480 2634 nobis
1499 2597 1582 2633 haec
1596 2595 1656 2632 vel
1694 2593 1762 2632 illa

149 2642 309 2693 eligere.
345 2644 413 2681 His
437 2647 567 2681 autem
591 2643 881 2689 desinentibus,
903 2645 1037 2681 statim
1066 2644 1229 2681 socialis
1253 2645 1332 2680 vita
1364 2643 1642 2689 corrumpitur.
1673 2642 1760 2678 Non

149 2693 271 2739 igitur
303 2690 421 2741 homo
452 2695 512 2728 est
544 2691 602 2728 510
634 2691 852 2728 secundum
874 2691 1052 2728 ordinem
1076 2691 1330 2737 providentiae
1352 2691 1571 2733 institutuS‚
1592 2691 1635 2726 ut
1656 2688 1758 2725 clec-

148 2738 279 2771 nones
299 2745 383 2781 ejus
405 2747 451 2773 ex
466 2738 640 2775 motibus
658 2739 878 2776 coelestium
895 2748 1104 2784 corporum
1126 2738 1372 2784 proveniant.
1510 2782 1515 2787 .
1553 2782 1558 2787 ,

167 2827 173 2833 ,
194 2781 338 2825 Adhuc,
362 2783 576 2821 electiones
598 2785 804 2822 hominum
824 2786 873 2822 ad
893 2785 996 2822 bona
1016 2790 1053 2822 et
1072 2785 1176 2822 mala
1199 2793 1241 2822 se
1263 2784 1420 2821 habent.
1445 2783 1483 2819 Si
1507 2785 1629 2828 igitur
1657 2782 1758 2820 elec-

146 2830 277 2865 nones
299 2832 444 2865 nostrae
464 2839 511 2866 ex
525 2831 699 2869 motibus
720 2832 923 2869 stellarum
944 2833 1207 2878 provenirent,
1229 2833 1460 2877 sequeretur
1493 2828 1598 2875 quod
1619 2829 1757 2873 stellae,

147 2883 275 2921 perse
300 2880 433 2912 essent
452 2885 572 2913 causa
592 2878 783 2915 malarum
811 2879 1062 2916 electionum.
1085 2878 1197 2923 Quod
1227 2881 1356 2914 autem
1390 2880 1449 2913 est
1484 2875 1646 2917 malum,
1679 2885 1759 2913 non
