1894 3223
792 201 881 238 [ΑΒ.
907 201 938 244 Ι,
964 200 1066 237 CAP.
1092 200 1149 236 lx.
1756 200 1780 233 9

162 286 444 333 profecturum.
466 283 540 328 Qui
562 283 667 320 enim
689 282 751 328 pie
774 282 926 318 intluita
958 281 1222 327 persequitur,
1251 279 1326 317 etsi
1367 288 1444 315 uon
1471 278 1675 323 contingat
1708 279 1777 315 ali-

163 333 338 380 quando,
358 341 513 377 semper
532 335 662 367 tamen
684 328 861 374 proliciet
891 329 1152 374 procedendo.
1175 327 1247 365 Sed
1275 336 1323 363 ne
1358 330 1394 362 te
1429 326 1575 361 iut'eras
1610 326 1647 361 iu
1681 325 1775 361 illud

164 384 373 422 secretum,
397 383 434 414 ct
455 380 493 414 in
516 386 703 414 arcanum
724 376 1028 412 interminabilis
1048 375 1221 412 veritatis
1240 383 1321 411 non
1343 377 1379 410 tc
1411 373 1637 417 immergas,
1671 383 1776 408 suiu-

164 425 558 511 glssm.1i]¹.¹l¹.⁰¹¹¹gffl¹tiae
575 423 910 470 comprehendere
930 431 1204 469 praesumens;
1243 421 1313 459 sed
1339 420 1517 464 intellige
1555 420 1777 467 incompre-

194 482 279 511 ensi
311 483 322 510 1
342 482 382 510 ta
399 481 490 511 esse
505 484 542 509 ».

836 589 1006 629 CAPUT
1034 588 1101 629 lx.

507 721 614 752 ORDO
637 721 688 750 ET
710 721 838 751 MODUS
863 719 1104 749 PROCEDENDI
1130 719 1172 747 IN
1196 718 1273 747 noc
1295 717 1433 748 OPERE.

215 851 269 888 Ex
298 848 519 895 praemissis
551 849 673 894 igitur
705 847 904 884 evidenter
935 849 1094 891 apparet
1135 845 1327 890 sapientis
1373 843 1634 881 intentionem
1674 845 1783 882 circa

169 895 365 942 duplicem
386 896 587 932 veritatem
616 895 839 930 divinorum
865 893 1005 929 debere
1028 892 1188 933 versari,
1212 892 1367 927 ctcirca
1381 900 1535 928 errores
1556 892 1779 929 contrarios

169 943 446 981 destruendos.
468 942 523 979 Ad
543 951 710 988 quarum
736 949 851 977 unam
883 939 1136 984 investigatio
1166 938 1333 975 rationis
1368 938 1591 984 pertingere
1623 942 1781 984 potest;

170 991 246 1028 alia
267 999 358 1027 vero
380 998 537 1026 omnem
559 988 724 1024 rationis
746 987 1161 1023 exceditindustriam.

216 1038 310 1074 Dico
331 1040 459 1073 autem
483 1035 677 1080 duplicem
703 1034 905 1070 veritatem
927 1034 1164 1077 divinorum,
1196 1041 1278 1070 non
1310 1042 1360 1069 ex
1393 1035 1502 1079 parte
1534 1032 1663 1078 ipsius
1698 1034 1782 1073 Dei,

201 1084 239 1121 ui
257 1087 315 1120 est
330 1092 410 1120 una
430 1086 467 1118 et
486 1082 652 1126 simplex
672 1082 835 1121 Veritas,
859 1081 927 1118 scd
948 1091 995 1117 ex
1016 1084 1123 1125 parte
1144 1079 1389 1126 cognitionis
1429 1083 1589 1125 nostrae,
1611 1089 1699 1126 quae
1734 1081 1783 1117 ad

199 1131 306 1167 ivina
325 1129 607 1176 cognoscenda
627 1128 890 1165 diversimode
911 1137 953 1165 se
975 1128 1103 1164 habet.
1548 1138 1558 1142 ⁷·

217 1177 273 1214 Ad
290 1177 426 1223 primae
447 1176 568 1222 igitur
589 1175 763 1212 veritatis
784 1175 1143 1212 manifestationem
1163 1184 1230 1219 per
1246 1174 1420 1210 rationes
1435 1173 1781 1218 demonstrativas,

171 1224 318 1272 quibus
339 1223 589 1260 adversarius
611 1222 792 1259 convinci
814 1222 955 1268 possit,
978 1222 1270 1267 procedendum
1291 1225 1364 1257 est.
1386 1221 1457 1257 Sed
1478 1221 1572 1267 quia
1602 1222 1700 1257 tales
1722 1231 1782 1257 ra-

172 1272 303 1308 tiones
321 1271 368 1307 ad
390 1270 605 1307 secundam
625 1270 828 1306 veritatem
852 1269 987 1306 haberi
1010 1278 1089 1305 non
1110 1272 1293 1314 possunt,
1315 1277 1394 1304 non
1411 1267 1625 1305 debetesse
1643 1269 1691 1305 ad
1707 1268 1782 1304 hoc

172 1318 353 1362 intentio,
370 1321 413 1354 ut
432 1317 681 1354 adversarius
698 1316 918 1354 rationibus
935 1316 1205 1358 convincatur,
1226 1316 1296 1352 sed
1317 1320 1358 1351 ut
1372 1314 1456 1360 ejus
1476 1316 1664 1358 rationes,
1683 1324 1783 1361 quas

172 1369 311 1403 contra
341 1365 544 1401 veritatem
576 1364 704 1404 hahet,
740 1364 958 1407 solvantur,
991 1372 1112 1409 quum
1145 1362 1298 1399 veritati
1332 1361 1421 1398 fidei
1457 1362 1558 1399 ratio
1590 1362 1784 1399 naturalis

172 1411 372 1450 contraria
393 1421 482 1449 esse
504 1420 583 1448 non
604 1411 745 1456 possit,
765 1414 808 1447 ut
825 1414 1031 1447 ostensum
1052 1417 1111 1447 est
1133 1409 1180 1454 (c.
1198 1410 1249 1455 7).

218 1459 439 1504 Singularis
470 1468 562 1495 vero
600 1458 744 1495 modus
773 1457 1031 1494 convincendi
1068 1457 1336 1493 adversarium
1381 1459 1519 1492 contra
1555 1455 1783 1501 hujusmodi

171 1506 375 1543 veritatem
408 1509 468 1543 est
500 1515 548 1542 ex
576 1505 808 1542 auctoritate
843 1505 1052 1550 scripturae
1083 1504 1273 1541 divinitus
1306 1503 1538 1540 confirmata
1566 1504 1783 1541 miraculis.

175 1555 268 1598 Quae
289 1554 394 1590 enim
413 1562 532 1598 supra
553 1553 746 1590 rationem
768 1552 978 1589 humanam
1002 1555 1107 1594 sunt,
1132 1560 1210 1587 uon
1231 1550 1443 1593 credimus,
1468 1550 1544 1586 nisi
1579 1552 1656 1587 Deo
1678 1560 1785 1587 reve-

175 1601 292 1637 lante.
315 1601 412 1636 Sunt
429 1603 574 1643 tamen,
594 1599 643 1635 ad
665 1599 891 1643 hujusmodi
914 1599 1114 1634 veritatem
1149 1597 1492 1641 manifestandam,
1516 1597 1689 1633 rationes
1717 1597 1786 1634 ali-

173 1656 261 1694 quae
281 1647 519 1684 verisimiles
539 1646 785 1689 inducendae,
805 1645 853 1682 ad
873 1645 1049 1681 fidelium
1071 1645 1230 1691 quidem
1251 1644 1479 1680 exercitium
1509 1647 1547 1679 et
1580 1644 1783 1689 solatium,

174 1703 255 1731 non
279 1697 408 1730 autern
429 1693 476 1730 ad
494 1693 742 1730 adversarios
763 1692 1057 1729 convincendos
1075 1704 1083 1735 ;
1105 1692 1198 1737 quia
1217 1691 1304 1736 ipsa
1320 1691 1517 1727 rationum
1540 1690 1784 1727 insufficien-

173 1741 229 1778 tia
265 1750 334 1778 eos
367 1740 495 1787 magis
516 1740 554 1776 in
592 1749 667 1776 suo
686 1748 818 1776 errore
838 1738 1102 1782 confirmaret,
1124 1739 1217 1774 dum
1237 1737 1479 1774 aestimarent
1499 1746 1588 1782 nos,
1624 1742 1783 1784 propter

173 1791 252 1826 tam
273 1787 423 1824 debiles
444 1787 631 1827 rationes,
654 1786 808 1823 veritati
830 1786 920 1822 fidei
941 1785 1180 1822 consentire.

219 1834 333 1871 Modo
353 1843 447 1880 ergo
485 1834 616 1880 posito
637 1833 848 1879 procedere
868 1833 1132 1876 intendentes,
1155 1831 1323 1877 primum
1348 1831 1520 1868 nitemur
1535 1831 1583 1868 ad
1601 1832 1783 1869 manifes-

172 1882 361 1919 tationem
389 1881 498 1918 illius
517 1881 707 1925 veritatis,
730 1890 847 1926 quam
868 1879 965 1916 fides
985 1879 1190 1925 profitetur
1222 1882 1259 1915 et
1281 1878 1380 1915 ratio
1407 1878 1633 1924 investigat,
1670 1879 1784 1915 indu-

172 1928 299 1966 cendo
318 1928 493 1965 rationes
514 1927 844 1964 demonstrativas
865 1931 902 1963 et
922 1926 1162 1972 probabiles,
1182 1934 1350 1972 quarum
1383 1925 1575 1972 quasdam
1604 1935 1652 1962 ex
1672 1926 1783 1962 libris

172 1975 503 2022 philosophorum
522 1979 560 2011 et
577 1978 806 2012 sanctorum
825 1974 1076 2020 collegimus,
1095 1982 1165 2019 per
1183 1981 1283 2020 quas
1302 1972 1448 2010 veritas
1468 1973 1728 2009 confirmetur
1747 1977 1782 2008 et

173 2022 424 2060 adversarius
443 2022 714 2059 convincatur.

220 2069 380 2114 Deinde,
403 2073 446 2106 ut
464 2079 488 2106 a
505 2068 846 2106 manifestioribus
868 2068 986 2106 nohis
1006 2067 1054 2104 ad
1075 2067 1209 2104 minus
1229 2067 1442 2104 manifesta
1460 2066 1528 2103 fiat
1554 2075 1785 2112 processus,

172 2115 221 2154 ad
241 2116 350 2153 illius
368 2116 544 2153 veritatis
565 2116 927 2152 manifestationem
957 2115 1232 2161 procedemus,
1265 2123 1352 2160 quae
1389 2114 1582 2150 rationem
1616 2114 1782 2158 excedit,

173 2163 372 2200 solventes
400 2163 575 2200 rationes
596 2163 928 2207 adversariorum,
950 2167 987 2198 et
1022 2161 1244 2198 rationibus
1277 2160 1550 2206 probabilibus
1578 2164 1617 2197 et
1647 2164 1782 2197 aucto-

172 2210 354 2247 ritatibus
372 2210 578 2256 (quantum
599 2211 703 2246 Deus
722 2209 884 2256 dederit)
904 2209 1104 2245 veritatem
1125 2207 1217 2244 fidei
1238 2207 1496 2244 declarentes.

220 2257 520 2309 intendentibus
536 2257 658 2304 igitur
677 2256 794 2293 nobis
814 2266 883 2302 per
898 2256 1003 2293 viam
1023 2255 1191 2292 rationis
1211 2255 1399 2302 prosequi
1428 2264 1488 2299 ea,
1509 2263 1598 2302 quae
1626 2254 1673 2292 de
1705 2255 1783 2291 Deo

171 2307 272 2341 ratio
293 2305 470 2340 humana
488 2304 728 2350 investigare
750 2307 892 2349 potest,

219 2351 350 2388 Primo
388 2351 560 2388 occurrit
595 2350 864 2387 consideratio
900 2350 947 2387 de
974 2349 1051 2395 his,
1090 2357 1178 2396 quae
1217 2350 1312 2393 Deo,
1351 2348 1571 2385 secundum
1591 2347 1784 2393 seipsum,

171 2397 415 2434 conveniunt
435 2397 516 2444 (lib.
538 2397 567 2444 1)
589 2409 599 2442 ;

219 2444 402 2480 Secundo
422 2453 529 2489 vero,
548 2445 595 2480 de
615 2453 808 2490 processu
826 2448 1097 2481 creaturarum
1118 2442 1166 2480 ab
1186 2443 1275 2488 ipso
1299 2441 1382 2488 (lib.
1401 2442 1445 2487 11)
1467 2454 1477 2486 ;

219 2491 346 2526 Tertio
367 2494 511 2534 autem,
531 2491 578 2527 de
597 2491 734 2527 ordine
753 2495 1021 2528 creaturarum
1043 2491 1083 2526 in
1107 2489 1252 2535 ipsum,
1278 2490 1384 2524 sicut
1403 2489 1444 2524 in
1461 2488 1580 2524 finem
1602 2487 1684 2534 (lib.
1706 2487 1781 2534 111).

218 2538 324 2573 Inter
343 2547 389 2573 ea
405 2546 511 2581 vero,
533 2546 620 2583 quae
642 2538 689 2574 de
707 2539 786 2574 Deo
804 2538 1020 2574 secundum
1044 2536 1220 2581 seipsum
1248 2534 1538 2571 consideranda
1558 2538 1664 2578 sunt,
1686 2543 1782 2579 pree-

169 2583 361 2620 mittenda
381 2587 454 2628 est,
476 2584 588 2630 quasi
607 2584 729 2620 totius
744 2585 875 2629 operis
890 2583 1159 2620 necessarium
1176 2582 1488 2622 fundamentum,
1510 2581 1782 2618 consideratio

169 2639 249 2676 qua
266 2631 559 2682 demonstratur
579 2632 700 2666 Deum
720 2639 822 2667 esse.
843 2631 928 2674 Quo
949 2638 1028 2666 non
1045 2629 1206 2680 habito,
1240 2628 1448 2675 supposita
1480 2628 1613 2666 omnis
1646 2629 1779 2666 consi-

170 2677 322 2716 deratio
341 2677 392 2716 de
410 2677 530 2715 rebus
551 2677 697 2714 divinis
718 2677 947 2714 necessario
968 2675 1135 2714 tollitur.
