1894 3223
714 147 801 185 LlB.
831 149 858 192 1,
887 148 986 185 CAP.
1014 148 1128 187 xc1x.
1654 151 1721 187 103

720 310 887 352 CAPUT
930 311 1103 353 XCVIII.

641 424 740 459 oron
769 425 865 453 nnis
892 425 951 453 sn*
978 425 1050 454 suis.
1076 425 1184 455 YlTA.

153 537 206 574 Ex
220 535 296 573 hoc
311 539 441 572 autem
462 534 628 572 ulterius
658 538 761 580 patet
779 534 883 580 quod
906 536 1010 571 Deus
1029 535 1081 572 sit
1101 544 1174 572 sua
1192 535 1284 572 vitu.
1318 536 1402 573 Vita
1418 536 1524 573 enim
1551 537 1721 576 viventis

102 587 166 620 est
186 583 315 629 ipsum
339 583 466 618 vivere
490 582 529 618 in
551 580 719 627 quadam
741 581 1006 618 abstractione
1035 582 1317 628 significatum,
1351 583 1455 620 sicut
1474 593 1617 621 cursus
1639 594 1720 622 non

106 634 166 668 est
183 628 403 667 secundum
421 637 500 665 rem
524 628 630 665 aliud
651 637 767 675 quam
791 628 919 674 ipsum
954 638 1124 665 currere.
1156 630 1290 666 Vivere
1331 634 1460 666 autem
1493 631 1722 677 viventium,

104 681 165 714 est
184 677 312 723 ipsum
336 685 425 713 esse
446 684 597 720 eorum,
611 678 652 711 ut
667 679 848 721 patetper
864 675 1150 720 Philosophum
1172 676 1211 711 in
1228 676 1403 712 secundo
1421 679 1601 714 Deanz‘ma
1616 678 1724 724 (text.

105 723 345 770 comm.73);
367 731 457 760 cum
476 723 581 759 enim
603 731 650 759 ex
671 723 745 759 hoc
767 722 914 758 animal
930 722 1082 758 dicatur
1099 723 1250 765 vivens,
1270 723 1372 768 quod
1394 723 1509 773 habet
1533 724 1722 771 animam,

99 770 326 809 ⁴secundum
348 778 467 817 quam
491 769 609 806 habet
629 777 731 814 esse,
755 773 887 814 utpote
914 768 1134 805 secundum
1169 770 1367 814 propriam
1392 770 1584 815 ¹sormam,
1607 780 1724 818 opor·

104 821 161 855 tet
181 817 287 864 quod
306 817 436 854 vivere
457 817 557 853 nihil
579 816 630 853 sit
651 816 757 853 aliud
786 824 903 862 quam
938 815 1014 851 tale
1036 823 1125 852 esse
1159 824 1205 852 ex
1236 815 1303 852 tali
1324 817 1450 854 l'orma
1470 819 1722 864 proveniens.

104 865 150 902 In
170 866 251 902 Deo
272 867 403 902 autem
424 868 485 902 est
504 872 622 902 suum
646 871 749 908 esse,
771 867 813 899 ut
841 870 961 908 supra
996 861 1095 908 (cap.
1117 863 1176 908 28)
1211 862 1416 908 probatum
1439 869 1510 902 est.
1533 866 1599 902 Est
1630 874 1725 913 ergo

105 920 224 950 suum
244 912 374 949 vivere
397 915 434 948 et
451 919 526 948 sua
543 911 635 947 vita.

152 960 253 1003 Item,
275 959 406 1004 ipsum
428 957 649 1004 intelligere
666 960 725 994 est
749 956 946 1003 quoddam
973 956 1117 1000 vivere,
1150 960 1192 993 ut
1216 960 1319 1002 patet
1348 966 1417 1003 per
1438 958 1725 1005 Philosophum

105 1005 147 1043 in
168 1005 344 1043 secundo
361 1006 413 1041 De
431 1005 554 1050 anima
586 1003 692 1050 (text.
725 1012 868 1040 comm.
903 1003 975 1050 13).
1007 1004 1102 1040 Nam
1138 1003 1268 1041 vivere
1304 1008 1365 1041 est
1396 1009 1507 1042 actus
1539 1006 1723 1044 viventis.

106 1053 212 1090 Deus
229 1055 360 1089 autem
381 1054 442 1089 est
462 1059 579 1088 suum
596 1050 830 1097 intelligere,
853 1050 958 1088 sicut
977 1059 1097 1096 supra
1118 1050 1217 1097 (cap.
1247 1051 1306 1097 45)
1328 1055 1534 1089 ostensum
1565 1059 1637 1091 est.
1660 1056 1727 1092 Est

100 1099 229 1147 igitur
249 1107 366 1136 suum
385 1098 528 1142 vivere,
553 1102 589 1134 et
609 1106 682 1134 sua
702 1099 794 1134 vita.
1123 1144 1129 1150 ἡ

151 1146 337 1192 Amplius,
358 1145 393 1183 si
415 1146 519 1182 Deus
540 1153 619 1182 non
643 1149 749 1182 esset
766 1154 840 1182 sua
860 1145 952 1189 vita,
975 1152 1063 1181 cum
1098 1148 1150 1181 sit
1181 1145 1331 1189 vivens,
1366 1149 1409 1182 ut
1438 1150 1643 1184 ostensum
1666 1151 1726 1185 est

105 1192 207 1240 (cap.
229 1192 304 1240 97),
324 1195 557 1240 sequeretur
577 1192 681 1238 quod
704 1195 809 1229 esset
840 1192 977 1228 vivens
1012 1201 1079 1243 per
1111 1192 1452 1238 participationem
1476 1194 1577 1231 vitae.
1601 1196 1725 1232 Omne

104 1244 237 1278 autem
257 1239 362 1287 quod
379 1243 442 1277 est
456 1248 525 1286 per
547 1239 906 1285 participationem,
934 1238 1136 1275 reducnur
1167 1239 1216 1276 ad
1243 1239 1281 1276 id
1313 1240 1418 1286 quod
1446 1246 1505 1278 est
1526 1250 1594 1287 per
1621 1243 1723 1288 seip-

104 1294 210 1326 sum.
233 1286 481 1334 Deusigitur
500 1286 753 1324 reduceretur
772 1287 812 1322 in
829 1286 990 1333 aliquod
1010 1286 1214 1333 prius,per
1234 1287 1339 1334 quod
1359 1288 1519 1333 viveret,
1539 1289 1644 1336 quod
1665 1292 1726 1327 est

103 1333 371 1381 impossibile,
394 1337 436 1371 ut
455 1342 502 1370 ex
516 1333 632 1371 dictis
651 1334 749 1380 (cap.
774 1333 830 1380 13)
852 1337 970 1379 patet.

150 1381 295 1421 Adhuc,
315 1381 351 1419 si
369 1381 422 1418 sit
432 1381 569 1418 vivens
593 1382 712 1425 Deus,
734 1384 776 1418 ut
789 1384 996 1418 ostensum
1016 1383 1077 1417 est
1096 1381 1197 1426 (cap.
1221 1380 1295 1427 97),
1312 1382 1519 1427 oportetin
1538 1382 1626 1429 ipso
1636 1391 1726 1421 esse

104 1428 239 1466 vitam.
261 1428 301 1466 Si
322 1427 444 1475 igitur
466 1436 546 1465 non
569 1428 622 1465 sit
642 1428 726 1474 ipse
748 1437 821 1465 sua
841 1428 932 1471 vita,
960 1427 1034 1479 erit
1063 1427 1210 1474 aliquid
1243 1428 1284 1464 in
1315 1428 1402 1474 ipso
1423 1429 1528 1475 quod
1558 1439 1637 1467 non
1666 1433 1727 1467 est

105 1475 207 1521 ipse,
226 1479 262 1512 et
285 1475 345 1513 sic
363 1475 438 1512 erit
456 1475 717 1522 compositus,
743 1475 848 1522 quod
870 1483 992 1520 supra
1011 1475 1275 1520 improbatum
1303 1479 1376 1513 est.
1396 1477 1462 1513 Est
1481 1476 1602 1523 igitur
1621 1478 1726 1515 Deus

108 1530 184 1560 sua
197 1522 289 1559 vita.

153 1570 198 1606 Et
222 1569 306 1653 1]οὲ
322 1572 383 1663 esic
410 1568 517 1616 quod
538 1568 695 1614 dicitur,
722 1570 851 1613 Joan„
878 1576 961 1614 mv,
983 1570 1004 1606 6
1033 1580 1043 1606 :
1063 1569 1139 1614 qu
1157 1578 1237 1606 sum
1256 1570 1345 1606 vita.
1367 1567 1396 1616 (1
1416 1572 1532 1617 part„
1549 1579 1588 1618 q.
1609 1577 1725 1616 xvm,

105 1619 179 1656 art.
201 1618 237 1661 3,
257 1625 281 1654 a
323 1618 361 1653 2.

680 1712 690 1721 ’
749 1745 915 1787 cAPur
942 1745 1081 1787 xcix.

573 1858 674 1893 QUOD
699 1859 794 1888 VITA
819 1859 885 1889 DEI
905 1859 976 1889 EST
1003 1858 1262 1892 SEMPITERNA.

154 1970 210 2009 Ex
227 1969 305 2008 boc
323 1971 455 2008 autem
474 1971 636 2016 apparet
651 1968 759 2016 quod
777 1968 856 2006 vita
879 1968 964 2016 ejus
985 1969 1037 2007 sit
1068 1970 1322 2017 sempiterna.
1353 1970 1461 2008 Nihil
1489 1971 1594 2008 enim
1622 1971 1727 2010 desi·

105 2016 168 2056 nit
203 2017 346 2062 vivere,
385 2016 465 2055 nisi
497 2025 567 2062 per
598 2016 889 2062 separationem
925 2017 1026 2054 vitae.
1049 2017 1154 2053 Nihil
1189 2021 1319 2055 autem
1340 2027 1364 2054 a
1385 2018 1519 2064 seipso
1549 2018 1726 2066 separari

107 2067 262 2111 potest3
301 2063 434 2101 omnis
471 2063 575 2101 enim
616 2063 814 2109 separatio
851 2063 894 2100 fit
934 2073 1004 2110 per
1039 2064 1277 2102 divisionem
1315 2065 1485 2112 alicujus
1526 2066 1575 2104 ab
1629 2067 1725 2104 alio.

110 2109 364 2158 Impossibile
397 2113 459 2148 est
494 2110 617 2157 igitur
642 2110 747 2157 quod
775 2111 880 2148 Deus
913 2110 1070 2149 desinat
1088 2111 1232 2157 vivere,
1251 2120 1339 2150 cum
1361 2112 1445 2159 ipse
1466 2112 1518 2150 sit
1540 2122 1614 2151 sua
1632 2114 1726 2158 vita,

110 2160 156 2196 ut
173 2160 382 2196 ostensum
399 2160 460 2195 est
480 2156 579 2204 (cap.
601 2158 675 2203 98).

155 2204 256 2246 Itan,
275 2212 396 2242 vomne
415 2203 515 2242 illud
534 2204 641 2257 quod
670 2204 908 2251 quandoque
935 2209 996 2242 est
1020 2208 1059 2243 et
1087 2205 1325 2253 quandoque
1361 2215 1443 2244 non
1471 2210 1546 2252 est,
1579 2210 1640 2245 est
1657 2215 1726 2253 per

108 2250 284 2299 aliquam
303 2259 465 2289 causam
483 2263 492 2296 ;
514 2251 615 2288 nihil
636 2252 741 2289 enim
762 2252 940 2298 seipsum
961 2252 1008 2289 de
1028 2260 1108 2290 non
1132 2261 1222 2290 esse
1242 2253 1283 2290 in
1303 2261 1393 2291 esse
1425 2253 1598 2298 adducit,
1630 2255 1724 2300 quia

111 2297 218 2345 quod
238 2297 415 2336 nondum
435 2302 599 2336 estnon
627 2299 722 2346 agit.
755 2299 896 2336 Divina
928 2302 1060 2336 autem
1079 2299 1157 2336 vita
1187 2308 1269 2338 non
1297 2300 1416 2338 habet
1444 2301 1616 2348 aliquam
1636 2310 1726 2337 cau-

110 2353 212 2390 sam,
232 2344 339 2382 sicut
357 2354 430 2382 nec
451 2345 628 2383 divinum
649 2354 752 2383 esse.
772 2347 857 2383 Non
878 2346 999 2392 igitur
1019 2347 1257 2393 quandoque
1277 2351 1337 2385 est
1354 2348 1503 2391 vivens,
1531 2351 1570 2384 et
1595 2356 1720 2394 quan-

109 2391 240 2438 doque
264 2400 347 2429 non
377 2391 527 2437 vivens,
548 2392 616 2430 sed
652 2401 808 2439 semper
826 2393 933 2430 vivit.
957 2395 1022 2430 Est
1043 2394 1165 2439 igitur
1183 2394 1263 2430 vita
1282 2393 1368 2440 ejus
1397 2394 1652 2440 sempiterna.

146 2438 302 2483 Adhuc,
323 2437 366 2476 in
382 2438 558 2486 qualibet
577 2439 806 2486 operatione
824 2448 993 2487 operans
1014 2444 1160 2484 manet,
1193 2440 1285 2476 licet
1319 2440 1516 2478 interdum
1547 2440 1726 2487 operatio

110 2487 290 2523 transeat
314 2484 535 2523 secundum
555 2486 854 2524 successionem
877 2498 886 2523 z
910 2486 1015 2523 unde
1032 2490 1070 2523 et
1089 2487 1130 2523 in
1162 2490 1272 2524 motu
1292 2487 1438 2524 mobile
1459 2492 1591 2525 manet
1618 2487 1725 2525 idem

110 2531 293 2579 subjecto
315 2532 356 2569 in
375 2535 459 2570 toto
476 2535 601 2577 motu,
620 2531 713 2570 licet
732 2542 812 2570 non
831 2533 1052 2570 secundum
1080 2533 1288 2570 rationem.
1309 2534 1379 2571 Ubi
1399 2534 1521 2581 igitur
1540 2535 1644 2572 actio
1665 2537 1726 2572 est

110 2577 244 2626 ipsum
263 2587 402 2626 agens,
423 2581 578 2625 oportet
595 2579 702 2626 quod
720 2580 820 2616 nibil
844 2580 898 2616 ibi
929 2589 1000 2626 per
1031 2580 1329 2618 successionem
1357 2584 1545 2625 transeat,
1579 2581 1651 2620 sed
1670 2585 1729 2620 ῑοί

110 2628 197 2664 tum
218 2625 339 2671 simul
359 2629 531 2664 maneat.
552 2625 776 2673 Intelligere
797 2630 928 2663 autem
961 2630 999 2663 et
1033 2627 1162 2664 vivere
1183 2628 1251 2664 Dei
1275 2631 1335 2666 est
1354 2629 1441 2675 ipse
1461 2630 1580 2674 Deus,
1602 2633 1645 2666 ut
1664 2637 1728 2667 os·

109 2674 270 2711 tensum
290 2676 352 2711 est
370 2672 473 2720 (cap.
493 2675 539 2709 45
560 2676 599 2710 et
618 2672 691 2720 98).
715 2675 814 2718 Ergo
835 2673 920 2719 ejus
946 2673 1027 2711 vita
1059 2682 1141 2711 non
1167 2673 1288 2712 habet
1314 2676 1633 2722 successionem,
1655 2675 1727 2714 sed

107 2723 174 2758 est
193 2723 274 2758 tota
292 2719 426 2758 simul.
449 2721 515 2757 Est
533 2719 656 2767 igitur
674 2720 927 2766 sempiterna.

150 2766 340 2814 Amplius,
361 2768 468 2805 Deus
487 2767 652 2805 omnino
669 2766 888 2819 immobilis
907 2769 981 2812 est,
1003 2770 1045 2804 ut
1063 2776 1185 2815 supra
1203 2767 1303 2816 (cap.
1326 2768 1384 2816 13)
1416 2773 1622 2808 ostensum
1650 2773 1724 2807 est.

114 2812 228 2858 Quod
248 2817 379 2851 autem
392 2813 552 2861 incipit,
567 2817 633 2851 aut
654 2814 800 2852 desinit
820 2823 961 2859 vivere,
981 2814 1041 2851 vel
1071 2815 1114 2852 in
1139 2815 1307 2853 vivendo
1339 2817 1635 2855 successionem
1657 2826 1725 2863 pa·

109 2859 219 2905 titur,
238 2860 426 2899 mutabile
447 2865 519 2899 est.
541 2862 639 2898 Nam
658 2861 738 2898 vita
770 2861 940 2907 alicujus
969 2861 1109 2909 incipit
1134 2871 1208 2909 per
1241 2864 1550 2910 generationem,
1579 2863 1727 2900 desinit

109 2909 244 2946 autem
260 2916 332 2956 per
350 2908 659 2956 corruptionem.
678 2908 892 2948 Sumessio
920 2911 1051 2948 autem
1081 2913 1240 2959 propter
1275 2913 1426 2949 motum
1459 2911 1630 2958 aliquem
1649 2913 1723 2948 est.
