1894 3223
653 165 740 201 LIB.
767 164 797 208 1,
825 165 927 201 CAP.
956 165 1096 201 Lxxxl.
1641 171 1683 206 87

64 246 201 286 omnia
220 246 299 284 alia
315 245 408 283 velit
425 244 595 283 volendo
628 254 741 283 suam
771 245 1002 289 bonitatem,
1038 250 1080 283 ut
1111 255 1231 292 supra
1260 245 1360 293 (cap.
1384 246 1444 293 75)
1472 248 1681 293 probatum

64 297 138 331 est.
161 293 235 331 Sed
266 297 397 330 tamen
427 297 530 330 recte
560 293 906 330 considerantibus
936 297 1097 340 apparet
1125 293 1230 340 quod
1261 302 1340 331 non
1363 298 1423 331 est
1440 295 1610 333 aliorum
1632 307 1680 335 ex

64 340 319 379 necessitate.

114 389 180 424 Est
207 387 313 424 enim
344 386 514 424 aliorum
549 389 592 423 ut
623 385 896 423 ordinatorum
931 386 979 424 ad
1010 386 1128 423 finem
1153 396 1235 424 suae
1265 386 1467 426 bonitatis.
1489 389 1679 428 Voluntas

64 438 196 472 autem
216 442 296 471 non
317 443 365 470 ex
384 433 620 470 necessitate
643 433 764 470 fertur
782 433 823 469 in
841 443 887 470 ea
907 443 993 480 quae
1012 438 1105 471 sunt
1125 434 1172 470 ad
1194 433 1325 477 tinem,
1346 435 1380 471 si
1401 434 1492 473 finis
1509 436 1595 473 sine
1616 437 1679 475 his

65 490 155 518 esse
176 481 322 527 possit3
345 489 426 517 non
446 479 550 516 enim
571 479 688 516 habet
708 489 872 517 neccsse
894 480 1085 523 medicus,
1105 491 1152 517 ex
1171 481 1446 527 suppositione
1461 483 1677 522 voluntatis

65 537 183 575 quam
203 527 320 565 habet
339 527 386 564 de
407 527 599 566 sanando,
622 527 690 563 illa
710 527 998 564 medicamenta
1018 527 1204 564 adhibere
1233 528 1390 566 infirmo
1421 529 1507 566 sine
1533 531 1679 577 quibus

64 578 196 621 potest
226 574 490 612 nihilominus
521 573 721 610 infirmum
756 584 911 611 sanare.
934 576 1062 618 Quum
1096 574 1216 620 igitur
1236 575 1369 612 divina
1399 575 1557 614 bonitas
1592 578 1680 616 sine

66 622 157 659 aliis
178 630 267 659 esse
285 621 427 668 possit,
448 621 627 668 quinimo
650 630 721 658 nec
741 631 810 667 per
829 622 906 658 alia
927 622 961 658 ei
984 621 1132 668 aliquid
1156 626 1366 667 accrescat,
1391 623 1500 660 nulla
1519 624 1623 663 inest
1645 626 1681 663 ei

65 668 287 706 necessitas
305 672 347 706 ut
366 668 445 705 alia
463 668 570 712 velit,
593 678 640 705 ex
660 668 735 705 hoc
757 669 862 714 quod
882 669 965 706 vult
984 677 1095 706 suam
1118 668 1348 705 bonitatem.

111 715 256 757 Adhuc,
287 724 409 763 quum
444 715 594 752 bonum
623 715 867 752 intellectum
903 715 955 753 sit
988 715 1187 761 proprium
1219 715 1414 760 objectum
1448 717 1678 764 voluntatis,

63 762 280 808 cujuslibet
309 771 379 808 per
409 762 652 799 intellectum
680 763 859 808 concepti
896 765 1024 806 potest
1056 770 1144 798 esse
1176 761 1474 814 voluntas‚‘ubi
1507 766 1682 804 salvatur

66 810 167 847 ratio
185 809 300 854 honi3
323 809 440 852 unde,
457 809 637 856 quamvis
652 818 740 846 esse
762 809 985 856 cujuslibet,
1000 809 1041 844 in
1059 811 1249 860 quantum
1271 809 1514 861 hujusmodi,
1533 812 1679 850 bonum

66 856 132 899 sit,
150 864 229 893 non
244 865 333 894 esse
353 860 484 893 autem
505 856 666 900 malum,
683 856 814 902 ipsum
834 860 965 907 tamen
986 864 1066 892 non
1088 863 1177 892 esse
1197 855 1365 902 allcujus
1386 861 1516 902 potest
1538 859 1678 897 cadere

68 903 142 941 sub
164 903 379 948 voluntate,
401 904 552 940 ratione
573 903 742 948 alicujus
771 903 866 939 boni
890 902 1063 948 adjuncti
1087 902 1191 948 quod
1213 903 1400 949 salvatur,
1423 904 1514 942 licet
1532 914 1613 943 non
1634 916 1682 944 ex

66 950 327 994 necessitate;
358 953 418 987 est
447 950 552 986 enim
585 949 733 986 bonum
763 948 912 996 aliquid
945 958 1048 993 esse,
1078 949 1195 986 etiam
1226 949 1305 986 alio
1338 959 1419 987 non
1449 952 1678 990 exsistente.

67 997 202 1034 Solum
225 996 346 1043 igitur
365 995 463 1033 illud
485 996 635 1033 bonum
653 996 850 1041 voluntas,
874 996 1093 1033 secundum
1122 996 1185 1033 sui
1218 997 1426 1048 rationem,
1449 1007 1529 1035 non
1550 1003 1681 1046 potest

65 1044 166 1081 velle
201 1052 281 1080 non
313 1051 417 1087 esse,
447 1052 526 1089 quo
559 1052 639 1079 non
672 1043 899 1083 exsistente,
931 1043 1084 1079 tollitur
1116 1043 1289 1080 total1ter
1319 1045 1418 1081 ratio
1452 1045 1561 1082 boni.
1586 1048 1677 1084 Tale

65 1094 196 1128 autem
229 1089 383 1126 nullum
415 1094 497 1131 est,
519 1094 659 1136 przeter
687 1092 823 1126 Deum.
845 1092 979 1127 Potest
1009 1090 1130 1136 igitur
1149 1090 1346 1131 voluntas,
1370 1093 1589 1129 secundum
1613 1095 1675 1130 sui

64 1137 273 1182 rationem,
292 1136 393 1173 velle
410 1145 491 1174 non
508 1146 598 1174 esse
618 1146 907 1183 quamcumque
930 1146 1025 1182 rem,
1046 1140 1185 1183 praeter
1205 1139 1341 1174 Deum.
1365 1138 1439 1174 Sed
1459 1139 1499 1175 in
1521 1141 1601 1176 Deo
1619 1144 1680 1177 est

63 1184 250 1221 voluntas
278 1183 498 1221 secundum
532 1187 653 1221 totam
686 1193 799 1221 suam
833 1185 1084 1227 facultatem;
1107 1184 1243 1221 omnia
1270 1185 1375 1221 enim
1405 1185 1446 1221 in
1478 1186 1566 1231 ipso
1587 1192 1681 1224 sunt

64 1230 343 1268 universaliter
374 1231 558 1277 perfecta.
590 1233 723 1268 Potest
758 1231 879 1278 igitur
910 1233 1014 1268 Deus
1034 1231 1134 1268 velle
1163 1240 1244 1268 non
1269 1240 1357 1269 esse
1389 1242 1680 1281 quamcumque

63 1286 148 1316 rem
168 1277 287 1315 aliam
306 1281 447 1324 praeter
466 1287 523 1315 se.
546 1280 632 1315 Non
650 1279 772 1324 igitur
791 1278 838 1315 de
858 1279 1095 1316 necessitate
1114 1278 1196 1315 vult
1213 1287 1303 1316 esse
1324 1279 1402 1316 alia
1421 1289 1445 1316 a
1464 1289 1521 1317 se.

111 1326 295 1371 Amplius,
319 1327 438 1370 Deus,
459 1325 629 1362 volendo
661 1325 878 1363 bonitatem
906 1335 1034 1370 suam,
1060 1325 1144 1362 vult
1177 1325 1295 1362 etiam
1328 1326 1406 1363 alia
1431 1336 1455 1363 a
1486 1336 1543 1371 se,
1565 1332 1682 1374 prout

63 1371 282 1410 bonitatem
313 1371 399 1418 ejus
430 1372 678 1418 participant.
714 1373 842 1417 Quum
875 1377 1006 1409 autem
1040 1372 1173 1409 divina
1204 1373 1363 1410 bonitas
1389 1373 1441 1410 sit
1470 1373 1625 1412 infinita
1645 1380 1683 1412 et

64 1418 234 1457 infinitis
263 1419 395 1457 modis
423 1419 709 1465 participabilis
731 1419 863 1466 (etiam
884 1420 975 1457 aliis
995 1419 1124 1456 modis
1157 1429 1274 1466 quam
1307 1420 1355 1457 ab
1391 1420 1454 1458 his
1485 1423 1679 1459 creaturis

94 1475 153 1504 uae
171 1474 278 1503 nunc
303 1469 397 1503 sunt
422 1466 706 1513 participetur),
729 1467 763 1504 si
785 1476 834 1503 ex
854 1467 929 1504 hoc
949 1467 1055 1514 quod
1075 1467 1157 1503 vult
1177 1467 1392 1503 bonitatem
1413 1476 1539 1509 suam,
1562 1469 1681 1505 vellet

65 1476 114 1550 ge
135 1512 372 1550 necessitate
392 1522 438 1550 ea
457 1523 544 1558 quae
563 1514 691 1559 ipsam
712 1514 959 1559 participant,
977 1517 1211 1560 sequeretur
1231 1514 1335 1560 quod
1352 1514 1467 1551 vellet
1486 1524 1574 1552 esse
1596 1515 1681 1552 infi-

66 1560 172 1597 nitas
192 1563 392 1597 creaturas
413 1559 580 1597 infinitis
602 1560 731 1597 modis
752 1561 1033 1606 participantes
1053 1569 1165 1597 suam
1187 1560 1424 1605 bonitatem;
1447 1562 1552 1607 quod
1574 1567 1678 1608 patet

64 1615 156 1644 esse
193 1606 352 1650 falsum,
376 1606 482 1653 quia,
517 1607 551 1643 si
571 1607 701 1651 vellet,
724 1611 871 1650 essent,
899 1616 1020 1653 quum
1051 1616 1125 1644 sua
1151 1607 1336 1644 voluntas
1357 1608 1410 1644 sit
1440 1609 1680 1654 principium

65 1653 226 1691 essendi
246 1653 378 1698 rebus,
399 1656 440 1690 ut
458 1653 560 1691 infra
579 1654 659 1700 (lib.
682 1663 724 1697 11,
747 1664 831 1700 cap.
853 1654 911 1699 23)
930 1654 1173 1691 ostendetur.
1194 1655 1279 1691 Non
1299 1654 1420 1702 igitur
1439 1665 1487 1692 ex
1506 1657 1679 1693 necessi-

65 1705 144 1738 tate
162 1700 246 1738 vult
265 1700 383 1737 etiam
405 1709 451 1737 ea
473 1710 560 1747 quae
581 1710 689 1738 nune
708 1705 813 1738 sunt.

111 1749 212 1789 Item,
234 1747 426 1793 sapientis
445 1748 642 1792 voluntas,
662 1758 710 1785 ex
740 1748 815 1786 hoc
844 1747 949 1794 quod
983 1750 1043 1785 est
1072 1748 1118 1784 de
1139 1757 1274 1792 causa,
1297 1752 1357 1785 est
1377 1748 1423 1786 de
1448 1749 1589 1787 effectu
1611 1751 1678 1797 qui

65 1804 114 1832 ex
130 1802 251 1832 causa
270 1794 318 1831 de
337 1794 573 1832 necessitate
593 1795 773 1841 sequitur
794 1806 802 1831 ε
829 1795 993 1832 stultum
1024 1795 1129 1831 enim
1150 1798 1256 1832 esset
1275 1796 1374 1832 velle
1399 1796 1525 1833 solem
1550 1799 1676 1834 exsis—

64 1845 146 1879 tere
169 1844 464 1887 superterram,
490 1848 528 1878 et
548 1850 629 1878 non
649 1850 738 1878 esse
758 1841 835 1878 diei
857 1842 1098 1886 claritatem3
1121 1842 1191 1879 sed
1213 1841 1409 1887 effectum,
1432 1843 1499 1889 qui
1520 1853 1601 1881 non
1631 1854 1678 1881 ex

64 1888 302 1926 necessitate
331 1888 510 1935 sequitur
538 1898 586 1925 ex
613 1898 747 1932 causa,
778 1897 859 1926 non
890 1892 950 1925 est
984 1897 1148 1926 necesse
1181 1889 1354 1936 aliquem
1385 1890 1499 1934 velle,
1522 1900 1569 1928 ex
1600 1891 1676 1928 hoc

64 1935 170 1983 quod
186 1935 270 1972 vult
287 1944 463 1972 causam.
485 1938 515 1972 A
545 1937 623 1972 Deo
650 1939 781 1972 autem
815 1935 1033 1981 procedunt
1064 1935 1143 1973 alia
1174 1944 1255 1972 non
1288 1946 1335 1973 ex
1361 1937 1611 1983 necessitate,
1633 1942 1677 1975 ut

62 1983 168 2019 infra
188 1981 269 2029 (lib.
290 1991 333 2027 11,
354 1992 439 2028 cap.
460 1982 518 2029 23)
541 1983 784 2020 ostendetur.
808 1985 893 2020 Non
913 1983 1034 2030 igitur
1053 1991 1217 2020 necesse
1244 1987 1305 2021 est
1333 1984 1440 2032 quod
1471 1986 1575 2022 Deus
1596 1985 1676 2023 alia

62 2029 170 2074 velit,
192 2038 240 2066 ex
260 2029 335 2067 hoc
355 2029 461 2077 quod
481 2029 565 2066 vult
585 2039 641 2067 se.

102 2076 294 2121 Amplius,
325 2085 390 2113 res
427 2077 646 2121 procedunt
680 2086 704 2113 a
735 2078 829 2121 Deo,
860 2076 963 2114 sicut
997 2076 1204 2114 artificiata
1235 2076 1283 2114 ab
1315 2076 1487 2123 artifice,
1507 2081 1549 2116 ut
1575 2079 1679 2117 infra

63 2122 147 2169 (lib.
168 2132 212 2167 11,
234 2132 319 2170 cap.
339 2123 400 2171 24)
422 2124 664 2161 ostendetur.
686 2124 761 2160 Sed
789 2123 942 2168 artifex,
964 2125 1144 2170 quamvis
1166 2124 1260 2161 velit
1291 2133 1334 2161 se
1367 2125 1511 2162 habere
1535 2129 1672 2173 artem,

62 2178 144 2207 non
179 2173 308 2208 tamen
336 2180 384 2207 ex
411 2171 648 2208 necessitate
667 2170 750 2208 vult
778 2170 985 2208 artificiata
1013 2171 1243 2218 producere.
1264 2173 1363 2219 Ergo
1396 2181 1468 2209 nec
1499 2174 1604 2210 Deus
1631 2183 1679 2210 ex

61 2217 300 2255 necessitate
317 2217 401 2255 vult
419 2217 498 2255 alia
515 2227 538 2255 a
557 2227 600 2255 se
619 2227 721 2255 esse.

109 2265 176 2301 Est
194 2273 289 2312 ergo
309 2264 644 2302 considerandum
665 2274 785 2311 quare
809 2266 913 2302 Deus
933 2265 1010 2302 alia
1031 2275 1054 2302 a
1076 2274 1118 2303 se
1139 2274 1186 2302 ex
1205 2265 1442 2303 necessitate
1461 2266 1573 2310 sciat,
1594 2275 1676 2305 non

63 2313 194 2347 autem
214 2320 262 2348 ex
281 2311 518 2349 necessitate
538 2312 644 2356 velit,
661 2321 782 2359 quum
803 2315 949 2357 tamen,
966 2322 1014 2349 ex
1033 2312 1108 2349 hoc
1130 2313 1235 2359 quod
1256 2313 1442 2359 intelligit
1459 2318 1497 2349 et
1516 2314 1598 2349 vult
1616 2323 1673 2359 se,

22 2393 33 2401 ,
62 2357 189 2393 intelli
220 2361 260 2394 at
276 2361 314 2394 et
327 2358 423 2395 velit
439 2358 531 2396 alia.
550 2359 674 2405 Hujus
693 2362 823 2396 autem
845 2359 945 2396 ratio
965 2362 1038 2396 est.
1055 2359 1167 2403 Quod
1188 2359 1294 2396 enim
1314 2359 1543 2405 intelligens
1563 2360 1675 2397 intel-

61 2403 160 2450 ligat
178 2413 201 2440 a
219 2403 342 2450 iquid,
363 2414 412 2441 ex
430 2405 507 2442 hoc
527 2409 588 2442 est
607 2406 712 2452 quod
734 2406 958 2443 intellectus
983 2415 1025 2443 se
1052 2406 1169 2442 habet
1195 2406 1512 2451 quodammod03
1535 2416 1582 2442 ex
1599 2407 1675 2444 hoc

62 2450 169 2486 enim
201 2450 308 2497 quod
339 2451 490 2497 aliquid
522 2455 612 2489 actu
639 2452 888 2499 intelligitur,
907 2456 968 2489 est
989 2452 1074 2498 ejus
1095 2452 1314 2489 similitudo
1345 2452 1386 2488 in
1412 2452 1672 2499 intelligente.

60 2497 134 2534 Sed
154 2497 260 2544 quod
279 2496 419 2534 volens
438 2497 587 2544 aliquid
609 2499 713 2541 velit,
736 2509 783 2536 ex
815 2499 891 2536 hoc
923 2502 983 2535 est
1014 2499 1120 2545 quod
1149 2498 1314 2535 volitum
1335 2499 1469 2545 aliquo
1489 2500 1608 2537 modo
1630 2509 1673 2538 se

60 2543 180 2581 habet
196 2555 205 2588 ;
224 2544 409 2581 volumus
436 2544 541 2580 enim
570 2545 733 2592 aliquid,
758 2545 819 2582 vel
841 2545 934 2592 quia
954 2549 1013 2582 est
1038 2545 1144 2589 finis,
1164 2545 1225 2581 vel
1247 2545 1340 2592 quia
1359 2546 1407 2582 ad
1428 2545 1546 2583 finem
1567 2547 1671 2584 ordi-

60 2593 190 2628 natur.
210 2592 305 2628 Esse
326 2595 457 2628 autem
479 2591 612 2628 omnia
633 2593 673 2627 in
693 2593 787 2640 Deo,
806 2596 849 2628 ut
868 2592 909 2628 in
927 2601 974 2628 eo
992 2591 1161 2638 intelligi
1182 2592 1351 2638 possint,
1373 2602 1421 2629 ex
1439 2594 1676 2631 necessitate

59 2637 226 2684 requirit
245 2637 378 2675 divina
397 2638 586 2684 perfectio
604 2650 612 2682 ;
635 2647 715 2675 non
733 2641 864 2675 autem
885 2638 1018 2675 divina
1037 2638 1195 2676 bonitas
1217 2649 1263 2676 ex
1285 2639 1522 2677 necessitate
1542 2641 1674 2688 requi-

58 2683 111 2721 rit
130 2685 209 2722 alia
226 2694 332 2731 esse,
353 2694 441 2732 quae
461 2685 502 2721 in
523 2685 650 2730 ipsam
671 2684 904 2722 ordinentur
923 2688 965 2722 ut
984 2685 1026 2721 in
1046 2685 1185 2731 finem3
1207 2689 1245 2722 et
1265 2686 1315 2724 ob
1339 2686 1581 2725 hocnecesse
1613 2691 1674 2726 est

58 2731 183 2768 Deum
204 2731 281 2770 alia
301 2731 417 2776 scire,
434 2740 515 2769 non
535 2734 666 2768 autem
680 2732 793 2768 velle.
813 2731 920 2768 Unde
938 2741 1011 2769 nec
1028 2732 1163 2770 omnia
1174 2733 1258 2770 vult
1277 2743 1364 2780 quae
1384 2733 1434 2771 ad
1454 2733 1673 2772 honitatem

59 2776 188 2823 ipsius
206 2779 384 2816 ordinem
406 2779 551 2816 habere
571 2781 754 2825 possent;
773 2778 909 2816 omnia
929 2782 1058 2815 autem
1079 2779 1155 2817 scit
1171 2789 1258 2827 quae
1274 2781 1323 2818 ad
1344 2781 1558 2818 essentiam
1575 2782 1675 2828 ejus,

58 2832 128 2908 petr
155 2834 280 2920 {ssiam
312 2825 512 2873 intelligit,
550 2825 878 2873 qualemcumque
913 2825 1092 2865 ordinem
1130 2826 1288 2865 habent.
1324 2827 1355 2875 (I
1382 2831 1498 2876 part„
1530 2838 1568 2877 q.
1589 2836 1673 2875 xlx,
