1894 3223
199 112 243 147 92
761 102 847 136 Ltss.
877 101 905 143 Ι,
933 100 1034 135 CAP.
1062 98 1267 134 LXXXVIII.

200 199 288 237 quae
310 191 403 226 sunt
426 189 583 233 propter
600 183 744 220 melius
776 180 918 227 ipsius.
933 179 1154 227 Aliquando
1178 178 1299 225 igitur
1318 176 1419 229 ratio
1440 174 1588 226 divinae.
1599 174 1816 212 voluntatis

201 236 378 273 continet
398 233 524 271 solam
546 229 780 272 decentiam,
802 227 1015 273 aliquando
1045 225 1268 269 utilitatem,
1290 223 1504 271 anquando
1538 224 1657 258 etiam
1678 230 1815 259 neces-

202 283 374 322 sitatem,
397 289 483 327 quae
515 281 575 314 est
594 286 641 313 ex
676 274 977 322 suppositione:
999 272 1277 311 necessitatem
1308 279 1401 308 vero
1423 268 1646 308 absolutam
1683 269 1815 307 solum

202 337 292 368 cum
312 328 396 365 vult
415 326 607 371 seipsum.
632 322 660 370 (1
677 326 792 369 part„
815 331 851 368 q.
874 329 958 362 xm,
978 323 1050 358 art.
1070 319 1122 367 5.)
1830 322 1833 326 ·

792 445 960 486 CAPUT
1002 443 1228 485 LXXXVII.

449 543 550 578 QUOD
579 541 723 571 DIVINAE
745 540 988 570 VOLUNTATIS
1011 540 1121 568 NIHIL
1143 539 1287 569 POTEST
1311 541 1405 569 ESSE
1430 540 1569 570 GAUSA.

255 636 442 683 Quamvis
463 637 594 672 autem
624 633 756 680 aliqua
793 631 904 684 ratio⁸
931 630 1073 684 div-inae
1103 630 1319 683 yoluntatis
1349 632 1544 680 assignari
1580 633 1722 680 possit,
1740 643 1821 671 non

206 689 338 723 tamen
371 682 550 730 sequitur
580 679 685 727 quod
715 679 930 716 voluntatis
965 687 1050 725 ejus
1074 681 1135 731 'sit
1167 678 1299 724 aliqua
1330 688 1464 716 causa.
1485 679 1682 717 Voluntati
1715 681 1823 717 enim

208 741 332 770 causa
347 729 505 767 volendi
527 731 588 766 est
607 727 725 771 finis3
747 727 838 763 finis
874 728 1005 762 autem
1044 725 1186 762 divinae
1205 725 1423 763 voluntatis
1460 730 1520 763 est
1540 735 1614 764 sua
1634 727 1792 764 bonitas
1811 738 1822 764 ε

208 779 297 826 ipsa
311 778 432 825 igitur
446 779 505 813 est
526 777 606 812 Deo
628 783 749 811 causa
773 772 945 816 volendi,
970 781 1056 818 quae
1076 776 1136 809 est
1156 772 1273 809 etiam
1294 773 1423 819 ipsum
1447 782 1564 810 suum
1583 774 1698 810 velle.
1717 774 1825 811 Alio-

208 835 296 863 rum
319 828 449 862 autem
477 832 500 860 a
533 824 613 859 Deo
633 821 845 858 volitorum
884 819 1037 856 nullum
1073 823 1133 856 est
1152 821 1230 856 Deo
1267 828 1388 858 causa
1406 820 1579 865 volendi,
1601 820 1671 857 sed
1701 829 1821 858 unum

211 881 348 910 eorum
377 873 437 908 est
460 869 570 907 alteri
592 877 714 905 causa
746 871 787 904 ut
808 867 987 914 ordinem
1005 866 1175 903 habeant
1195 866 1242 903 ad
1265 866 1436 904 divinam
1456 867 1688 911 bonitatem,
1710 872 1748 905 et
1766 868 1826 905 sic

211 918 447 965 intelligitur
463 919 567 954 Deus
580 919 739 962 propter
758 923 880 951 unum
899 922 1033 966 eorum
1055 914 1162 966 aliud
1182 913 1294 951 velle.
1323 916 1432 951 Patet
1450 918 1581 951 tamen
1602 914 1707 962 quod
1741 923 1823 952 non

212 969 368 1013 oportet
404 964 627 1002 discursum
651 963 822 1008 aliquem
844 969 1046 1006 ponerem
1085 962 1152 997 Dei
1183 961 1396 998 voluntate.
1418 963 1513 998 Nam
1537 961 1603 998 ubi
1637 966 1698 999 est
1718 971 1823 999 unus

213 1018 325 1051 actus
357 1020 439 1049 non
473 1010 748 1048 consideratur
777 1009 998 1052 discursus,
1023 1011 1061 1044 ut
1084 1017 1203 1053 supra
1222 1007 1319 1054 (cap.
1343 1007 1401 1054 57)
1441 1008 1546 1046 circa
1581 1009 1824 1046 intellectum

214 1064 421 1098 ostensum
442 1061 514 1095 est.
537 1059 642 1094 Deus
677 1060 806 1093 autem
830 1064 909 1092 uno
930 1059 1019 1092 actu
1039 1055 1120 1092 vult
1141 1064 1253 1092 suam
1285 1055 1502 1092 bonitatem
1522 1059 1559 1092 et
1579 1056 1715 1093 omnia
1733 1056 1824 1101 alia,

214 1116 303 1146 cum
327 1115 400 1144 sua
420 1105 523 1142 actio
545 1104 597 1142 sit
617 1113 688 1141 sua
711 1103 899 1141 essentia.

262 1156 336 1191 Per
366 1152 554 1199 praedicta
587 1154 715 1188 autem
755 1150 977 1186 excluditur
1018 1158 1127 1186 error
1164 1149 1424 1196 quorumdam
1448 1148 1664 1186 dicentium
1696 1150 1831 1187 omnia

216 1200 430 1248 procedere
450 1208 472 1236 a
492 1200 571 1235 Deo
606 1197 825 1235 secundum
854 1196 1074 1242 simplicem
1101 1196 1359 1240 voluntatem,
1378 1200 1418 1233 ut
1439 1196 1486 1233 de
1525 1196 1637 1234 nullo
1653 1199 1832 1243 oporteat

217 1248 412 1285 rationem
430 1246 605 1290 reddere,
629 1244 705 1282 nisi
727 1244 819 1290 quia
840 1245 943 1280 Deus
963 1244 1057 1280 vult.
1079 1243 1191 1287 Quod
1209 1244 1324 1280 etiarn
1346 1243 1553 1289 scripturae
1576 1244 1720 1280 divinae
1737 1252 1832 1280 con·

217 1295 415 1338 trariatur,
434 1302 520 1340 quae
559 1294 678 1329 Deum
704 1291 880 1336 perhibet
913 1290 1130 1327 secundum
1157 1290 1335 1326 ordinem
1357 1291 1561 1336 sapientiae
1596 1300 1678 1328 suae
1698 1290 1833 1327 omnia

219 1341 377 1385 fecisse,
416 1339 635 1377 secundum
670 1338 767 1375 illud
799 1340 861 1374 Ps.
901 1346 960 1378 111,
1000 1340 1044 1373 24
1066 1338 1223 1374 :Omnia
1249 1339 1289 1373 in
1319 1339 1501 1383 sapientia
1535 1339 1675 1382 fecisti,·
1695 1342 1732 1374 et
1768 1339 1835 1374 Ec-

219 1389 299 1428 cli„
335 1396 362 1432 1,
398 1390 454 1432 10,
488 1386 631 1423 dicitur
653 1385 758 1431 quod
792 1387 896 1421 Deus
920 1384 1051 1429 effudit
1080 1385 1296 1429 sapientiam
1322 1395 1429 1430 super
1459 1386 1580 1421 omnia
1614 1395 1722 1431 opera
1753 1395 1835 1422 sua.

220 1436 249 1482 (1
268 1438 385 1482 part„
407 1444 444 1481 q.
465 1441 548 1478 XIX,
570 1437 642 1469 art.
665 1435 706 1476 53
727 1435 766 1468 et
785 1433 834 1467 De
852 1433 971 1471 verit„
994 1441 1031 1478 q.
1049 1439 1105 1472 VI,
1126 1434 1196 1467 art.
1218 1430 1271 1478 2.)

804 1556 970 1597 CAPUT
1005 1556 1251 1597 LXXXVIII.

621 1671 722 1706 QUOD
746 1670 789 1700 IN
811 1671 888 1700 DEO
919 1670 991 1699 EST
1016 1671 1186 1700 LIBERtm
1210 1669 1435 1700 ARBITRIUM.

270 1767 324 1802 Ex
341 1763 541 1810 praedictis
578 1766 708 1800 autem
738 1761 893 1799 ostendi
926 1765 1069 1807 potest,
1092 1761 1198 1808 quod
1235 1761 1276 1798 in
1307 1763 1387 1799 Deo
1419 1761 1588 1799 liberum
1630 1761 1838 1801 arbitrium

225 1811 438 1849 invenitur.
456 1813 551 1848 Nam
580 1810 747 1846 liberum
787 1808 992 1846 arbitrium
1014 1809 1156 1845 dicitur
1182 1812 1361 1854 respectu
1399 1817 1537 1846 eorum
1561 1818 1648 1855 quae
1669 1818 1749 1846 non
1771 1819 1840 1846 ne-

225 1858 410 1896 cessitate
432 1858 522 1904 quis
553 1857 650 1900 vult,
674 1856 743 1893 sed
764 1856 922 1901 propria
943 1859 1097 1901 sponte.
1120 1855 1228 1892 Unde
1265 1856 1306 1892 in
1328 1855 1443 1892 nobis
1465 1859 1524 1892 est
1552 1855 1719 1893 liberum
1741 1856 1842 1893 arbi·

224 1905 343 1943 trium
365 1908 545 1950 respectu
567 1903 653 1950 ejus
672 1903 776 1950 quod
798 1903 981 1939 volumus
999 1912 1154 1939 currere
1175 1902 1235 1939 vel
1257 1902 1471 1939 ambulare.
1488 1904 1592 1940 Deus
1612 1907 1740 1940 autem
1763 1903 1842 1940 alia

227 1961 251 1990 a
276 1961 319 1989 se
340 1960 420 1989 non
441 1961 487 1987 ex
508 1951 745 1987 necessitate
768 1950 862 1992 vult,
883 1955 924 1986 ut
956 1959 1074 1996 supra
1093 1949 1191 1996 (cap.
1206 1950 1263 1996 81)
1292 1954 1498 1987 ostensum
1519 1954 1592 1987 est.
1619 1951 1700 1987 Deo
1719 1951 1844 1998 igitur

228 1998 395 2036 lIberum
416 1998 620 2035 arbitrium
642 1997 785 2034 habere
806 1997 1004 2042 competit.

273 2046 418 2088 Adhuc,
438 2045 623 2082 voluntas
644 2044 776 2081 divina
796 2044 835 2080 in
856 2044 918 2081 his
939 2044 986 2080 ad
1007 2053 1094 2091 quae
1114 2053 1195 2081 non
1216 2044 1433 2081 secundum
1451 2047 1629 2081 naturam
1641 2052 1755 2081 suam
1775 2043 1842 2081 de-

228 2093 476 2137 terminatur,
497 2091 712 2128 inclinatur
726 2091 1020 2138 quodammodo
1039 2101 1107 2137 per
1127 2100 1243 2128 suum
1265 2091 1523 2136 intellectum,
1537 2095 1578 2128 ut
1605 2100 1725 2137 supra
1741 2091 1840 2136 (cap.

229 2142 499 2186 82)ostensum
524 2143 583 2176 est
604 2150 612 2175 ε
635 2138 704 2175 sed
726 2148 773 2174 ex
793 2138 867 2175 hoc
889 2139 1009 2175 homo
1028 2138 1172 2175 dicitur
1201 2147 1280 2184 prae
1310 2139 1464 2175 caeteris
1486 2138 1728 2175 animalibus
1749 2138 1845 2174 libe·

227 2195 314 2224 rum
337 2186 542 2223 arbitrium
565 2185 723 2228 habere,
745 2185 838 2231 quia
862 2185 910 2222 ad
931 2185 1141 2222 volendum
1159 2185 1310 2231 J'udicio
1324 2185 1492 2222 rationis
1513 2185 1741 2230 inclinatur,
1760 2193 1841 2221 non

228 2233 377 2279 impetu
396 2237 546 2270 naturae
566 2233 669 2270 sicut
688 2233 814 2269 bruta.
839 2234 938 2279 Ergo
962 2232 1004 2269 in
1026 2234 1104 2269 Deo
1125 2236 1184 2269 est
1207 2232 1373 2269 liberum
1395 2231 1615 2269 arbitrium.

273 2282 374 2325 Item,
397 2280 616 2317 secundum
638 2279 938 2324 Philosophum,
956 2279 997 2315 in
1012 2279 1126 2316 tertio
1140 2279 1224 2315 Eth.
1249 2278 1348 2325 (cap.
1367 2279 1622 2323 7),voluntas
1649 2280 1710 2315 est
1728 2276 1842 2321 finis;

229 2327 370 2366 electio
389 2331 533 2371 autem,
556 2335 693 2364 eorum
712 2336 798 2373 quae
817 2326 864 2362 ad
885 2326 1003 2362 finem
1037 2330 1143 2363 sunt.
1168 2327 1261 2363 Cum
1283 2326 1404 2372 igitur
1419 2327 1524 2363 Deus
1555 2326 1734 2372 seipsum
1760 2329 1845 2362 tan-

229 2384 347 2422 quam
367 2374 486 2410 finem
505 2374 613 2419 velit,
631 2374 708 2410 alia
728 2382 820 2410 vero
842 2373 944 2410 sicut
964 2382 1051 2420 quae
1071 2373 1118 2410 ad
1140 2373 1258 2409 finem
1279 2378 1386 2416 sunt,
1409 2373 1602 2420 sequitur,
1627 2372 1734 2419 quod
1758 2380 1844 2409 res·

227 2426 344 2467 pectu
364 2422 426 2458 sui
450 2421 590 2458 habeat
610 2421 850 2458 voluntatem
872 2424 1039 2465 tantum,
1062 2424 1242 2466 respectu
1255 2424 1386 2456 autem
1401 2420 1571 2457 aliorum
1586 2419 1839 2456 electionem.

230 2469 376 2506 Electio
392 2472 522 2505 autem
543 2477 698 2514 semper
719 2476 788 2514 per
808 2467 973 2504 liberum
997 2467 1202 2504 arbitrium
1222 2466 1278 2504 fit.
1301 2468 1381 2504 Deo
1401 2467 1522 2514 igitur
1542 2466 1710 2503 liberum
1732 2465 1840 2501 arbi-

231 2516 349 2552 trium
372 2515 573 2561 competit.

276 2563 466 2603 Praeterea,
490 2562 610 2599 homo
630 2571 699 2608 per
719 2562 794 2599 hoc
813 2561 920 2609 quod
941 2560 1058 2598 habet
1078 2560 1246 2598 liberum
1268 2560 1488 2604 arbitrium,
1509 2559 1654 2597 dicitur
1679 2565 1844 2610 suarum

231 2609 433 2646 actionum
467 2609 666 2646 dominus.
699 2610 779 2646 Hoc
809 2613 938 2646 autem
972 2608 1142 2645 maxime
1177 2608 1364 2654 competit
1395 2607 1522 2653 primo
1555 2609 1703 2653 agenti,
1729 2612 1845 2651 cujus

232 2658 344 2692 actus
365 2655 412 2691 ab
434 2655 512 2692 alio
533 2664 614 2693 non
632 2656 836 2701 dependet.
861 2658 946 2702 Ipse
966 2655 1086 2702 igitur
1105 2657 1209 2692 Deus
1229 2655 1395 2692 liberum
1417 2652 1620 2690 arbitrium
1641 2652 1770 2689 habet.

280 2703 361 2738 Hoc
386 2703 503 2738 etiam
540 2711 587 2738 ex
618 2702 706 2748 ipsa
735 2703 910 2740 nominis
940 2703 1091 2739 ratione
1123 2702 1255 2739 haberi
1276 2704 1418 2747 potest.
1454 2701 1550 2736 Nam
1584 2698 1752 2736 liberum
1785 2700 1847 2735 est

232 2748 338 2795 quod
359 2749 421 2786 sui
444 2757 566 2785 causa
583 2754 656 2793 est,
678 2750 895 2786 seeundum
920 2749 1206 2795 Philosophum
1228 2749 1266 2784 in
1288 2746 1481 2794 principio
1503 2746 1660 2791 metaph.
1680 2747 1760 2782 Hoc
1777 2753 1848 2782 au·

231 2798 312 2833 tem
350 2795 449 2833 nulli
481 2795 609 2842 magis
637 2797 836 2841 competit,
871 2806 987 2843 quam
1009 2796 1143 2842 primae
1177 2803 1321 2838 causae,
1349 2803 1435 2840 quae
1455 2794 1560 2830 Deus
1581 2797 1653 2830 est.
1679 2793 1706 2840 (Ι
1727 2794 1844 2840 part„

233 2851 272 2890 q.
291 2850 377 2889 xlx,
398 2845 470 2880 art.
493 2845 550 2884 10,
573 2845 609 2880 et
629 2843 645 2879 I
667 2843 781 2887 Sena,
805 2843 895 2880 dist.
918 2846 976 2888 25,
997 2848 1034 2880 et
1051 2845 1103 2879 De
1122 2843 1226 2880 verit.
1249 2851 1286 2888 q.
1308 2848 1420 2886 xxiv,
1445 2843 1516 2878 art.
1538 2839 1591 2887 3.)
