1894 3223
161 117 229 152 216
740 111 828 147 LIB.
855 111 901 153 ΙΙ,
929 110 1030 149 CAR.
1058 111 1199 147 LXXIX.

210 198 309 235 Item,
342 192 542 239 proprium
573 191 831 238 perfectivum
856 191 1039 229 hominis·
1061 192 1278 230 secundum
1309 192 1497 238 animam,
1533 195 1595 229 est
1625 192 1777 239 aliquid

163 240 464 285 incorruptibile
485 251 494 283 3
517 238 675 284 propria
691 238 797 275 enim
819 239 995 284 operatio
1026 239 1214 285 hominis,
1237 240 1277 276 in
1338 243 1501 276 uantum
1530 239 1776 286 hujusmodi,

165 293 226 326 est
245 286 491 332 intelligere;
512 294 582 331 per
601 285 705 322 banc
730 285 836 322 enim
869 285 999 322 differt
1026 295 1048 323 a
1079 286 1206 323 brutis
1237 290 1313 332 etp
1332 286 1435 323 antis
1463 292 1500 323 et
1517 285 1777 331 inanimatis;

163 333 385 379 intelligere
406 332 510 368 enim
533 334 593 368 est
609 331 893 369 universalium
916 337 954 369 et
969 333 1345 380 incorruptibilium,
1368 333 1409 370 in
1428 337 1619 380 quantum
1637 333 1777 380 hujus-

164 380 285 420 modi.
326 379 592 416 perfectiones
621 382 751 415 autem
786 383 938 426 oportet
969 389 1058 417 esse
1092 380 1406 427 perfectibilibus
1439 380 1776 428 proportionatae.

164 430 264 474 Ergo
282 426 416 464 anima
437 426 611 463 humana
631 429 690 462 est
709 426 1039 472 incorruptibilis.

209 475 394 519 Amplius,
415 473 665 519 impossibile
686 476 746 510 est
766 474 980 520 appetitum
999 474 1218 511 naturalem
1240 483 1329 512 esse
1363 474 1523 512 frustra.
1545 474 1619 511 Sed
1655 474 1777 512 homo

164 521 398 558 naturaliter
417 520 565 566 appetit
584 523 773 566 perpetuo
803 521 1113 567 manere;quod
1145 524 1250 567 patet
1281 531 1328 558 ex
1356 522 1432 559 hoc
1462 522 1567 569 quod
1596 531 1685 558 esse
1718 523 1780 558 est

165 568 271 615 quod
295 567 343 604 ab
365 568 551 605 omnibus
582 567 802 613 appetitur3
831 568 950 604 homo
983 571 1112 604 autem
1174 578 1214 605 er
1245 569 1485 606 intellectum
1520 568 1780 615 apprehendit

165 624 269 659 esse,
292 623 372 652 non
393 614 524 652 solum
543 616 586 650 ut
602 623 723 658 nunc,
746 614 849 651 sicut
868 614 982 651 bruta
1014 615 1144 651 anima
1166 615 1216 659 ia,
1250 615 1318 653 sed
1351 616 1597 662 simpliciter.
1632 617 1778 653 Conse-

166 662 300 708 quitur
320 671 414 708 ergo
434 662 552 698 homo
574 662 871 708 perpetuitatem
893 661 1112 699 secundum
1133 663 1319 708 animam,
1341 673 1419 711 qua
1436 673 1525 700 esse
1545 662 1779 710 simpliciter

165 712 204 747 et
221 709 438 746 secundum
462 717 579 745 omne
598 712 752 754 tempus
772 708 1042 754 apprehendit.

211 757 312 796 Item,
337 756 646 802 unumquodque
664 755 767 802 quod
788 755 974 801 recipitur
991 755 1030 791 in
1053 755 1199 802 aliquo,
1224 756 1411 802 recipitur
1431 757 1471 793 in
1489 766 1536 793 eo
1557 756 1777 793 secundum

165 803 328 841 modum
352 803 436 849 ejus
454 803 493 839 in
519 812 597 849 quo
627 807 701 840 est.
724 804 872 839 Formae
902 806 1032 839 autem
1065 812 1196 839 rerum
1226 803 1473 849 recipiuntur
1504 804 1545 840 in
1577 803 1779 840 intellectu

165 850 350 897 possibili
382 853 499 896 prout
527 852 620 886 sunt
651 849 924 896 intelligibiles
953 854 1065 894 actu3
1089 853 1182 886 sunt
1206 853 1334 887 autem
1376 850 1647 897 intelligibiles
1690 852 1779 886 actu

166 900 283 943 prout
300 902 393 933 sunt
414 896 694 934 immateriales
710 900 747 933 et
762 896 1021 939 universales,
1039 901 1075 932 et
1090 906 1159 942 per
1175 905 1426 944 consequens
1441 896 1777 943 incorruptibiles.

167 946 268 991 Ergo
290 943 515 981 intellectus
542 944 749 990 possibilis
782 948 842 980 est
871 944 1199 989 incorruptibilis.
1233 944 1320 989 Sed,
1353 944 1457 981 sicut
1480 943 1688 990 probatum
1722 946 1782 980 est

170 1000 291 1037 supra
311 991 359 1037 (c.
382 993 425 1027 59
447 994 485 1028 et
504 991 578 1037 61),
598 991 822 1028 intellectus
843 991 1049 1037 possibilis
1067 994 1127 1028 est
1143 991 1291 1038 aliquid
1321 991 1463 1028 animae
1495 991 1692 1028 humanae.
1715 992 1782 1027 Est

167 1039 289 1084 igitur
309 1038 441 1075 anima
462 1039 635 1075 humana
655 1038 983 1084 incorruptibilis.

213 1085 357 1125 Adhuc,
383 1094 470 1122 esse
493 1085 743 1132 intelligibile
763 1089 822 1121 est
841 1084 1138 1130 permanentiae
1159 1094 1276 1132 quam
1296 1094 1385 1122 esse
1407 1085 1612 1122 sensibile.
1646 1084 1718 1121 Sed
1740 1083 1780 1121 id

168 1132 272 1179 quod
287 1141 328 1169 se
344 1132 460 1169 habet
473 1131 514 1168 in
529 1132 647 1169 rebus
663 1132 922 1169 sensibilibus
938 1132 1174 1177 permodum
1189 1133 1390 1178 proprium
1407 1133 1521 1178 primi
1535 1131 1778 1178 recipientis,

155 1183 230 1216 ¹est
255 1179 553 1224 incorruptibile
587 1179 806 1216 secundum
837 1188 949 1216 suam
982 1179 1260 1223 substantiam,
1283 1179 1434 1216 scilicet
1452 1179 1617 1216 materia
1636 1178 1776 1224 prima.

169 1225 292 1264 Multo
313 1226 434 1272 igitur
453 1226 594 1263 fortius
614 1226 838 1263 intellectus
870 1226 1088 1271 possibilis,
1125 1226 1191 1272 qui
1221 1229 1281 1263 est
1310 1225 1530 1272 receptivas
1563 1225 1779 1262 formarum

167 1272 495 1319 intelligibilium.
517 1274 617 1320 Ergo
638 1277 674 1310 et
702 1273 834 1310 anima
866 1273 1053 1318 humana,
1085 1273 1199 1320 cujus
1229 1272 1454 1311 intellectus
1483 1273 1687 1320 possibilis
1720 1276 1781 1309 est

166 1328 273 1367 pars,
297 1323 357 1356 est
376 1320 702 1366 incorruptibilis.

215 1367 397 1416 Amplius,
419 1366 570 1404 faciens
598 1370 658 1404 cst
686 1367 962 1404 honorabilius
995 1366 1112 1412 facto,
1144 1370 1186 1404 ut
1219 1367 1335 1404 etiam
1354 1367 1583 1405 Aristoteles
1602 1366 1697 1403 dicit
1719 1366 1782 1412 (De

169 1416 304 1458 anima,
326 1423 383 1458 111,
404 1417 496 1450 text.
519 1422 662 1451 comm.
681 1414 752 1460 19).
775 1414 847 1450 Sed
867 1413 1091 1450 intellectus
1121 1423 1244 1460 agens
1265 1414 1359 1450 facit
1379 1418 1468 1452 actu
1497 1413 1779 1461 intelligibilia,

168 1464 211 1498 ut
231 1471 277 1497 ex
297 1461 516 1507 praemissis
533 1464 650 1507 patet.
673 1462 800 1505 Quum
824 1461 943 1507 igitur
958 1460 1225 1507 intelligibilia
1245 1465 1348 1505 actu,
1368 1461 1408 1498 in
1430 1464 1621 1508 quantum
1643 1460 1781 1506 hujus-

167 1507 291 1552 modi,
314 1508 394 1544 sint
414 1508 744 1554 incorruptibilia,
767 1509 891 1545 multo
911 1508 1052 1544 fortius
1071 1507 1296 1545 intellectus
1314 1517 1437 1553 agens
1472 1509 1545 1545 erit
1575 1507 1782 1553 incorrup-

169 1554 308 1607 tibilis.
332 1556 431 1607 Ergo
453 1558 490 1591 et
513 1556 645 1592 anima
663 1555 849 1600 humana,
872 1555 985 1601 cujus
1006 1555 1139 1592 lumen
1160 1558 1221 1592 est
1249 1555 1473 1592 intellectus
1506 1563 1642 1602 agens,
1673 1557 1716 1591 ut
1735 1563 1782 1591 ex

197 1610 388 1639 raemissis
436 1605 525 1640 atet.
1360 1619 1367 1625 «

167 1610 192 1648 p
215 1650 314 1690 Item,
339 1611 448 1686 nuffa
469 1649 596 1686 forma
616 1649 881 1696 corrumpitur
900 1649 978 1686 nisi
1002 1649 1063 1686 vel
1084 1649 1238 1686 actione
1254 1649 1440 1686 contrarii
1459 1649 1519 1685 vel
1541 1658 1610 1695 per
1625 1657 1782 1694 corrup-

168 1695 318 1732 tionem
341 1696 402 1733 sui
425 1696 607 1743 subJecti,
626 1697 686 1733 vel
704 1706 772 1743 per
791 1697 985 1734 defectum
1015 1706 1097 1734 suae
1113 1705 1242 1733 causae
1265 1709 1272 1733 :
1294 1706 1363 1742 per
1393 1697 1590 1734 actionem
1622 1695 1781 1743 quidem

169 1743 371 1787 contrarii,
392 1744 496 1780 sieut
514 1743 622 1780 calor
641 1743 856 1781 destruitur
880 1753 950 1789 per
980 1744 1176 1780 actionem
1209 1743 1366 1790 frigidi3
1389 1753 1458 1790 per
1486 1743 1777 1789 corruptionem

169 1794 299 1826 autem
332 1790 394 1827 sui
430 1790 610 1836 subjecti,
646 1791 762 1832 sicut,
797 1791 996 1828 destructo
1033 1791 1164 1834 oculo,
1196 1790 1412 1827 destruitur
1442 1791 1502 1827 vis
1534 1790 1659 1828 visiva
1680 1802 1689 1835 ;
1712 1799 1783 1836 per

169 1836 365 1874 defectum
381 1840 508 1873 autem
525 1846 668 1882 causae,
684 1838 787 1874 siout
802 1838 935 1874 lumen
949 1838 1052 1875 aeris
1065 1837 1208 1883 deficit,
1222 1837 1427 1874 deficiente
1444 1837 1543 1875 solis
1554 1837 1779 1883 praesentia,

169 1892 256 1930 quae
285 1887 366 1920 erat
396 1884 523 1929 ipsius
554 1893 688 1921 causa.
723 1884 798 1921 Sed
831 1885 963 1921 anima
1001 1885 1174 1921 humana
1204 1893 1283 1921 non
1310 1888 1438 1930 potest
1474 1883 1672 1930 corrumpi
1711 1893 1781 1929 per

168 1930 365 1967 actionem
387 1931 572 1967 contrarii
594 1943 602 1974 ;
625 1940 705 1968 non
726 1935 784 1968 est
805 1931 908 1967 enim
930 1931 964 1968 ei
984 1931 1132 1978 aliquid
1154 1932 1410 1975 contrarium,
1433 1940 1553 1978 quum
1575 1940 1644 1977 per
1664 1930 1779 1967 intel-

167 1977 314 2015 lectum
328 1977 559 2024 possibilem
576 1978 663 2024 ipsa
677 1978 728 2015 sit
742 1978 1057 2025 cognoscitivaet
1071 1978 1265 2024 receptiva
1283 1978 1460 2015 omnium
1476 1977 1778 2015 contrariorum.

169 2025 358 2062 Similiter
378 2029 507 2061 autem
530 2034 656 2072 neque
674 2034 744 2071 per
763 2026 1056 2071 corruptionem
1075 2025 1137 2062 sui
1159 2025 1324 2072 subjecti
1345 2037 1353 2069 ;
1374 2029 1580 2062 ostensum
1596 2028 1656 2062 est
1673 2025 1778 2062 euim

169 2080 289 2117 supra
311 2071 357 2118 (c.
380 2071 438 2118 68)
458 2072 562 2119 quod
584 2072 716 2109 anima
743 2072 916 2109 humana
937 2077 996 2110 est
1029 2074 1155 2109 forma
1187 2081 1267 2109 non
1301 2072 1528 2118 dependens
1563 2081 1585 2109 a
1615 2080 1779 2118 corpore

168 2119 388 2170 secundum
408 2128 524 2156 suum
546 2127 648 2156 esse.
672 2119 859 2156 Similiter
876 2123 1004 2157 autem
1028 2129 1155 2166 neque
1170 2128 1239 2165 per
1252 2119 1514 2157 deficientiam
1532 2128 1615 2156 suae
1633 2128 1779 2165 causae,

168 2174 262 2212 quia
281 2174 360 2202 non
380 2169 510 2211 potest
524 2165 666 2203 habere
681 2166 853 2213 aliquam
866 2176 1027 2204 causam
1042 2167 1119 2204 nisi
1136 2171 1335 2208 aeternam,
1357 2170 1399 2205 ut
1416 2167 1518 2204 infra
1533 2166 1777 2204 ostendetur.

166 2212 282 2250 Nullo
303 2213 424 2259 igitur
441 2213 558 2250 modo
579 2213 710 2250 anima
731 2213 904 2251 humana
926 2214 1124 2260 corrumpi
1147 2217 1289 2260 potest.

214 2260 359 2305 Adhuc,
389 2260 423 2297 si
464 2261 597 2297 anima
633 2260 808 2298 humana
845 2262 1110 2307 corrumpitur
1147 2271 1214 2307 per
1252 2261 1545 2307 corruptionem
1584 2259 1778 2306 corporis,

167 2310 322 2353 oportet
340 2307 445 2353 quod
463 2307 548 2354 eJ'us
563 2316 652 2345 esse
667 2307 893 2345 debilitetur
902 2319 971 2355 per
986 2308 1226 2346 debilitatem
1243 2308 1434 2355 corporis.
1448 2308 1484 2345 Si
1500 2310 1630 2354 autem
1647 2307 1779 2354 aliqua

164 2355 292 2406 yirtus
307 2355 449 2391 animae
465 2355 702 2400 debilitetur,
723 2355 925 2393 debilitato
944 2365 1122 2401 corpore,
1137 2356 1211 2393 hoc
1223 2365 1303 2394 non
1319 2359 1378 2393 est
1399 2355 1477 2392 nisi
1494 2364 1564 2401 per
1577 2354 1777 2399 accidens,

166 2410 208 2437 in
233 2404 422 2447 quantum
445 2402 598 2439 scilicet
616 2402 740 2439 virtus
773 2403 913 2440 animae
947 2403 1097 2449 indiget
1126 2412 1276 2449 organo
1302 2403 1512 2449 corporali,
1534 2401 1638 2439 sicut
1667 2401 1778 2438 visus

168 2447 407 2500 debilitatur,
428 2449 632 2487 debilitato
660 2458 824 2496 organo,
850 2460 918 2496 per
944 2450 1128 2488 accidens
1158 2454 1286 2487 tamen
1306 2462 1315 2495 3
1338 2449 1443 2497 quod
1473 2459 1520 2486 ex
1545 2449 1620 2486 hoc
1640 2451 1743 2494 patet
1766 2459 1774 2482 :

167 2496 204 2531 Sl
220 2495 409 2541 enimipsi
423 2496 556 2533 virtuti
571 2506 641 2542 per
654 2505 696 2533 se
706 2497 899 2534 accideret
913 2497 1043 2545 aliqua
1054 2497 1247 2538 debilitas,
1262 2506 1465 2544 nunquam
1475 2497 1774 2538 restauraretur,

167 2550 318 2588 organo
336 2547 514 2588 reparato
533 2555 540 2587 ;
563 2543 742 2581 videmus
763 2548 893 2581 autem
915 2545 1034 2592 quod,
1057 2549 1420 2591 quantumcumque
1439 2544 1497 2580 vis
1525 2543 1649 2579 visiva
1667 2540 1774 2592 vide—

168 2592 256 2640 atur
276 2589 490 2635 debilitata,
512 2591 544 2627 si
567 2599 758 2638 organum
781 2597 994 2638 reparetur,
1016 2593 1076 2629 vis
1109 2592 1235 2629 visiva
1265 2594 1527 2633 restauratur;
1551 2588 1653 2626 unde
1682 2586 1776 2624 dicit

166 2636 397 2687 Aristoteles
418 2637 481 2683 (De
497 2639 631 2679 anima,
654 2647 681 2684 1,
701 2641 792 2676 text.
815 2647 958 2676 comm.
981 2639 1040 2686 65)
1064 2639 1183 2686 quod,
1203 2640 1236 2676 si
1268 2648 1389 2676 senex
1417 2634 1774 2688 accipiatoculum

163 2690 335 2732 jureum,
359 2683 506 2720 videbit
525 2685 660 2732 utique
681 2684 783 2722 sicut
809 2685 980 2732 juvenis.
1004 2687 1132 2731 Quum
1162 2687 1283 2733 igitur
1309 2684 1533 2722 intellectus
1568 2686 1621 2719 sit
1649 2685 1775 2733 vtrtus

167 2736 323 2771 animae,
345 2739 431 2780 quae
452 2739 531 2767 non
550 2732 700 2779 indiget
721 2741 886 2779 organo,
909 2737 951 2771 ut
971 2743 1018 2770 ex
1038 2734 1257 2780 praemissis
1277 2732 1324 2779 (c.
1345 2733 1388 2769 68
1409 2735 1446 2768 et
1466 2730 1524 2776 69)
1546 2732 1663 2775 patet,
1687 2738 1772 2774 ipse

168 2782 249 2826 non
272 2774 498 2827 debilitatur
515 2787 642 2824 neque
674 2789 742 2825 por
770 2789 826 2825 se,
860 2789 987 2827 neque
1016 2790 1086 2827 per
1118 2780 1302 2818 accidens
1331 2787 1401 2825 per
1431 2777 1586 2814 senium
1618 2776 1676 2812 vel
1709 2784 1775 2821 per

169 2821 342 2873 aliquam
365 2822 484 2874 aliam
505 2823 742 2862 debilitatem
765 2828 943 2873 corporis
963 2839 972 2873 ;
995 2829 1029 2865 si
1059 2831 1188 2865 autem
1218 2827 1261 2864 in
1289 2824 1517 2872 operatione
1549 2823 1775 2860 intellectus

169 2867 312 2906 accidit
336 2869 513 2916 fatigatio
537 2874 604 2907 aut
635 2872 958 2919 impedimentum
990 2878 1148 2922 propter
1177 2873 1444 2912 infirmitatem
1475 2873 1667 2920 corporis,
1699 2872 1776 2909 hoc
