1894 3223
662 151 750 189 LIB.
777 154 842 197 ΙΙΙ,
871 153 971 190 CAP.
997 154 1083 187 ΧΠ.
1588 153 1659 189 275

37 234 90 274 sit
108 232 271 276 malum,
293 231 397 270 sieut
417 234 455 268 et
471 239 626 268 summe
645 230 795 268 bonum
818 230 1003 277 estquod
1024 239 1094 277 per
1112 239 1226 269 suam
1256 232 1472 270 essentiam
1504 231 1655 269 bonurn

36 284 110 320 est.
134 282 214 317 Hoc
231 282 362 316 autem
386 281 447 316 est
460 277 725 324 impossibile,
748 288 869 324 quum
888 279 1035 315 malum
1059 288 1139 316 non
1161 279 1303 316 habeat
1321 279 1494 326 aliquam
1518 288 1655 316 essen-

34 329 145 371 tiam,
167 331 343 372 utsupra
361 325 411 372 (c.
432 325 470 373 7)
491 325 698 372 probatum
718 329 790 361 est.
807 325 1058 372 Impossibile
1077 329 1136 363 cst
1152 326 1273 373 igitur
1287 335 1435 373 ponere
1454 334 1656 364 summum

35 375 185 414 malum
207 373 312 426 quod
334 373 386 410 sit
404 372 599 410 malorum
622 373 846 418 pricipium.

80 423 182 466 Item,
219 420 317 457 illud
344 419 450 467 quod
484 423 544 458 est
563 420 734 466 primum
763 420 999 466 principium
1018 428 1100 457 non
1119 423 1181 457 est
1202 420 1252 458 ab
1277 419 1412 468 aliquo
1433 424 1655 458 causatum.

36 470 160 507 Omne
184 470 315 505 autem
342 466 491 504 malum
521 470 709 504 causatur
736 477 759 504 a
787 468 907 512 hono,
935 472 977 504 ut
1006 471 1214 505 ostensum
1233 472 1295 505 est
1322 468 1372 514 (c.
1396 468 1470 514 11).
1490 470 1576 505 Non
1597 471 1658 506 est

34 516 158 564 igitur
177 514 326 552 malum
344 514 515 561 primum
536 514 790 560 principium.

81 562 266 608 Amplius,
296 561 445 599 malum
475 570 554 598 non
583 561 665 608 agit
691 561 768 599 nisi
797 562 838 599 in
856 561 998 598 virtute
1016 560 1126 605 boni,
1146 565 1188 598 ut
1208 570 1256 598 ex
1275 560 1496 607 praemissis
1526 561 1574 609 (c.
1598 561 1659 608 10)

33 613 155 657 patet.
190 609 364 646 Primum
397 612 528 646 autem
552 608 791 655 principium
813 609 895 656 agit
913 609 1056 646 virtute
1074 608 1246 656 propria..
1267 608 1556 656 Malum-igitur
1575 618 1656 646 non

34 659 168 704 potest
187 664 277 694 esse
297 656 469 703 primum
489 656 744 703 principium.

82 705 274 748 Praeterea,
305 712 428 750 quum
446 703 485 740 id
516 703 621 750 quod
648 707 708 740 est
731 712 800 749 per
819 702 1004 740 accidens
1025 702 1079 739 sit
1095 702 1296 749 posterius
1316 711 1363 740 eo
1382 702 1489 749 quod
1510 707 1571 740 est
1590 711 1660 749 per

36 759 96 796 se,
114 749 365 798 impossibile
381 753 440 788 est
454 750 560 798 quod
573 750 624 787 sit
639 750 809 796 primum
822 749 859 787 id
876 751 982 797 quod
997 753 1056 786 est
1074 758 1144 795 per
1158 749 1357 787 accidens.
1373 750 1515 787 Malum
1527 754 1659 788 autem

36 806 120 836 non
136 798 266 835 evenit
286 797 364 835 nisi
385 807 455 844 per
475 797 661 835 accidens
678 801 716 835 et
735 801 874 843 praeter
894 797 1170 837 intentionem,
1189 800 1232 833 ut
1247 797 1457 843 probatum
1471 801 1532 834 est
1546 798 1594 844 (c.
1606 797 1658 843 4).

35 844 290 929 ImXossibile
311 848 372 882 est
389 845 512 891 igitur
531 844 637 891 quod
659 844 807 881 malum
829 844 881 882 sit
897 844 1067 890 primum
1089 844 1343 890 principium.

122 892 230 934 dhan,
252 900 371 930 omne
390 892 537 929 malum
555 892 671 929 habet
691 900 852 929 eausam
868 900 937 937 per
951 891 1150 935 accidens,
1166 894 1210 928 ut
1225 891 1433 936 probatum
1450 891 1566 938 est(e.
1584 890 1656 938 13).

36 939 214 977 Primum
247 942 378 976 autem
403 939 643 986 principium
676 947 757 975 non
790 938 908 975 habet
942 946 1103 975 causam
1137 946 1266 985 neque
1294 948 1362 984 per
1378 948 1420 976 se
1441 948 1569 986 neque
1590 947 1659 984 per

38 986 239 1025 accidens.
267 986 411 1023 Malum
437 985 561 1033 igitur
587 994 668 1023 non
702 989 833 1032 potest
858 994 948 1023 esse
973 986 1144 1031 primum
1175 985 1416 1032 principium
1447 986 1488 1022 in
1522 985 1658 1032 aliquo

66 1042 198 1071 enere.

37 1041 64 1082 g
83 1081 185 1125 Item,
211 1088 335 1118 causa
361 1088 431 1127 per
455 1089 500 1118 se
531 1082 592 1117 est
616 1079 725 1126 prior
749 1089 797 1117 ea
815 1089 904 1127 quae
930 1083 991 1117 est
1009 1089 1079 1126 per
1097 1079 1297 1118 accidens.
1318 1079 1393 1116 Sed
1413 1079 1561 1116 malum
1577 1087 1659 1114 non

37 1130 100 1165 est
125 1135 249 1165 causa
275 1127 355 1164 nisi
381 1135 452 1173 per
477 1126 678 1171 accidens,
702 1130 745 1163 ut
769 1131 978 1164 ostensum
1005 1131 1066 1165 est
1085 1127 1135 1174 (c.
1168 1127 1241 1174 14).
1262 1127 1404 1164 Malum
1427 1127 1549 1173 igitur
1577 1134 1659 1162 non

36 1177 169 1221 potest
189 1182 280 1212 esse
298 1173 469 1221 primum
490 1174 729 1220 principium
747 1174 787 1211 in
805 1174 939 1222 aliquo
956 1183 1116 1222 genere.

87 1223 159 1258 Per
177 1221 254 1259 hoc
274 1225 406 1259 autem
426 1221 650 1258 excluditur
669 1229 779 1258 error
795 1221 1104 1259 Manichaeorum
1126 1222 1359 1268 ponentium
1377 1220 1537 1268 aliquod
1554 1227 1660 1258 sum·

39 1275 148 1307 mum
170 1267 320 1306 malum
343 1268 450 1316 quod
469 1272 530 1306 est
546 1268 785 1316 principium
800 1269 972 1315 primum
993 1269 1173 1308 omnium
1196 1269 1405 1307 malorum.

700 1415 869 1458 CAPUT
886 1416 992 1459 XVI.

437 1536 535 1571 QUOD
559 1536 663 1566 1³1le
689 1535 916 1566 GUJUSLIBET
940 1536 1006 1566 REI
1029 1535 1103 1566 EST
1125 1536 1271 1567 BONUM.

89 1647 127 1685 Si
149 1650 279 1698 autem
299 1655 417 1684 omne
436 1655 561 1694 agens
580 1646 663 1699 agit
677 1650 838 1693 propter
854 1646 1019 1692 honum,
1039 1650 1217 1692 utsupra
1236 1645 1285 1693 (e.
1303 1644 1338 1692 3)
1359 1644 1567 1692 probatum
1584 1651 1657 1692 est,

43 1695 226 1741 sequitur
244 1694 412 1731 ulterius
429 1694 536 1742 quod
555 1694 767 1740 cujuslibet
787 1693 891 1732 entis
910 1693 1060 1731 bonum
1080 1694 1133 1730 sit
1151 1692 1258 1730 finis.

89 1743 213 1779 Omne
237 1741 343 1779 enim
363 1749 436 1779 ens
457 1741 663 1779 ordinatur
686 1741 727 1778 in
758 1740 877 1778 finem
910 1750 980 1788 per
999 1750 1112 1779 suam
1134 1741 1330 1777 actionem
1349 1750 1358 1784 3
1380 1742 1536 1785 oportet
1555 1740 1661 1777 enim

42 1788 239 1873 quodhvel
268 1788 358 1834 ipsa
388 1787 493 1826 actio
513 1787 566 1825 sit
584 1787 691 1834 finis,
711 1788 774 1826 vel
794 1788 888 1826 finis
908 1787 1081 1826 actionis
1101 1787 1154 1825 sit
1169 1786 1262 1824 finis
1282 1787 1454 1834 agentis,
1474 1787 1582 1834 quod
1601 1791 1662 1825 est

41 1845 61 1873 e
82 1844 129 1873 us
173 1843 309 1873 onum.

61 1845 270 1929 JAmplius,
303 1881 397 1920 finis
428 1882 485 1919 rei
518 1881 732 1929 cujuslibet
763 1885 824 1920 est
857 1882 900 1920 in
926 1883 1032 1930 quod
1065 1882 1300 1919 terminatur
1330 1881 1527 1928 appetitus
1559 1880 1660 1928 ejus.

39 1930 245 1976 Appetitus
264 1933 396 1967 autem
411 1929 625 1977 cujuslibet
641 1930 696 1966 rei
715 1929 950 1967 terminatur
966 1929 1014 1968 ad
1032 1930 1182 1966 bonum
1200 1941 1209 1974 3
1226 1929 1284 1965 sic
1305 1930 1410 1966 enim
1431 1929 1661 1976 philosophi

41 1976 247 2061 ᾱῗ11111υόῠῖ]
265 1976 413 2015 bonum
433 1986 443 2012 ε
466 1976 602 2021 «Quod
623 1977 758 2014 omnia
777 1980 967 2024 appetunt
982 1991 1016 2014 n.
1033 1976 1251 2024 cujuslibet
1270 1976 1393 2023 igitur
1411 1976 1468 2013 rei
1489 1975 1581 2013 finis
1602 1979 1664 2013 est

41 2033 65 2061 a
83 2034 92 2060 1
125 2033 176 2061 uo
251 2032 388 2061 onum.

85 2033 188 2115 gem,
220 2070 320 2108 illud
347 2071 396 2108 ad
427 2070 535 2118 quod
566 2071 716 2118 aliquid
738 2071 863 2108 tendit
889 2080 1013 2118 quum
1033 2075 1144 2109 extra
1159 2071 1291 2117 ipsum
1310 2070 1442 2116 fuerit,
1463 2070 1563 2108 etin
1581 2078 1661 2118 quo

41 2117 213 2165 quiescit
242 2125 364 2165 quum
393 2117 524 2164 ipsum
553 2118 750 2162 habuerit,
776 2122 839 2155 est
869 2117 962 2155 finis
982 2118 1082 2165 ejus.
1114 2118 1429 2164 Unumquodque
1450 2120 1596 2162 autem,
1624 2118 1660 2159 si

39 2164 285 2212 perfectione
313 2164 474 2211 propria
505 2169 650 2209 careat,
684 2164 728 2202 in
759 2164 887 2211 ipsam
919 2169 1114 2210 movetur,
1146 2169 1337 2212 quantum
1369 2166 1411 2202 in
1445 2173 1488 2202 se
1507 2168 1592 2202 est:
1624 2164 1659 2201 si

40 2220 134 2248 vero
149 2220 236 2248 eam
256 2211 411 2256 habeat,
430 2211 472 2248 in
486 2210 574 2257 ipsa
593 2211 775 2259 quiescit.
797 2212 905 2250 Finis
925 2212 1047 2258 igitur
1065 2211 1382 2259 uniuscujusque
1411 2212 1468 2248 rei
1493 2215 1554 2248 est
1573 2211 1660 2257 ejus

40 2258 248 2311 perfectio.
280 2258 473 2296 Perfectio
500 2262 631 2296 autem
662 2258 875 2305 cujuslibet
906 2263 968 2297 est
1001 2259 1151 2296 bonum
1172 2259 1314 2306 ipsius.
1346 2257 1661 2304 Unumquodque

41 2305 165 2353 igitur
185 2304 392 2343 ordinatur
409 2305 452 2342 in
470 2304 619 2343 bonum
636 2306 740 2343 sicut
758 2306 800 2342 in
820 2305 953 2343 finem.

89 2353 280 2397 Praeterea,
303 2352 442 2390 eodem
462 2352 581 2389 modo
601 2352 837 2390 ordinantur
854 2352 895 2389 in
914 2352 1033 2390 finem
1048 2361 1095 2390 ea
1111 2361 1202 2400 quae
1221 2353 1472 2399 cognoscunt
1490 2350 1608 2388 finem
1625 2355 1664 2388 et

43 2408 92 2436 ea
108 2408 196 2446 quae
213 2398 331 2436 finem
351 2407 434 2436 non
454 2403 718 2445 cognoscunt,
739 2400 832 2437 licet
851 2409 898 2437 ea
917 2408 1006 2447 quae
1026 2403 1276 2446 cognoscunt
1294 2398 1413 2434 finem
1433 2407 1503 2443 per
1517 2406 1560 2434 se
1577 2406 1662 2435 mo-

40 2450 208 2483 veantur
240 2446 281 2483 in
312 2446 448 2491 finem,
475 2455 564 2493 quae
597 2449 728 2483 autem
754 2454 837 2483 non
865 2450 1117 2493 cognoscunt
1135 2445 1268 2489 finem,
1299 2445 1462 2481 tendant
1480 2444 1522 2481 in
1542 2444 1662 2482 finem

42 2493 158 2540 quasi
189 2492 238 2531 ab
269 2492 349 2530 alio
371 2492 534 2537 directa,
561 2492 666 2530 sicut
694 2495 801 2539 patet
832 2491 880 2530 de
910 2493 1123 2540 sagittante
1155 2496 1194 2529 et
1212 2490 1370 2538 sagitta.
1399 2490 1474 2528 Sed
1500 2501 1548 2528 ea
1575 2501 1662 2539 quae

44 2543 297 2587 cognoscunt
315 2539 435 2578 finem
455 2548 614 2586 semper
631 2539 865 2577 ordinantur
891 2539 933 2576 in
953 2540 1102 2577 bonum
1133 2539 1237 2576 sicut
1255 2539 1298 2575 in
1317 2537 1463 2582 finem3
1484 2547 1576 2575 nam
1594 2548 1662 2576 vo-

41 2585 190 2633 luntas,
208 2595 296 2634 quae
317 2590 378 2625 est
397 2587 595 2634 appetitus
614 2585 707 2623 finis
727 2586 973 2633 praecogniti,
989 2594 1071 2623 non
1096 2585 1223 2623 tendit
1240 2585 1283 2622 in
1315 2584 1466 2632 aliquid
1486 2585 1565 2623 nisi
1587 2585 1662 2623 sub

43 2634 196 2671 ratione
209 2634 320 2679 boni,
341 2634 448 2681 quod
468 2637 528 2671 est
559 2633 645 2680 ejus
669 2633 879 2678 objectum.
903 2634 1003 2679 Ergo
1024 2637 1061 2670 et
1081 2642 1128 2669 ea
1147 2641 1235 2679 quae
1255 2632 1374 2669 finem
1392 2639 1474 2669 non
1494 2641 1659 2679 cognos-

43 2684 139 2764 {um
172 2681 408 2719 ordinantur
439 2681 482 2717 in
514 2680 664 2717 bonum
705 2680 810 2718 sicut
839 2679 881 2716 in
913 2679 1048 2717 finem.
1088 2679 1198 2717 Finis
1233 2679 1355 2727 igitur
1389 2679 1569 2717 omnium
1604 2683 1662 2717 est

72 2735 208 2764 onum.
