1894 3223
165 141 235 178 254
742 136 830 171 LIB.
858 137 905 174 ΙΙ,
934 136 1034 172 CAP.
1062 136 1214 172 XCVIII.

168 219 360 258 naturale.
382 216 543 254 Materia
569 216 675 253 enim
705 217 886 261 corporis
904 217 1079 254 coelestis
1100 217 1155 254 ita
1174 216 1376 262 perficitur
1394 226 1464 263 per
1483 226 1597 253 suam
1620 217 1787 254 sormam

167 266 271 314 quod
306 273 385 300 non
407 266 585 300 remanet
611 263 653 299 in
672 263 850 308 potentia
881 263 929 299 ad
951 263 1050 300 alias
1077 263 1250 308 sormas;
1282 268 1321 301 et
1345 264 1530 301 similiter
1561 264 1788 301 intellectus

167 311 400 350 substantiae
422 313 612 355 separatae
630 309 805 346 totaliter
822 309 1024 355 perficitur
1036 319 1107 356 per
1126 311 1275 348 formas
1292 309 1580 357 intelligibiles,
1594 314 1788 357 quantum

166 359 215 397 ad
237 357 505 404 cognitionem
528 356 771 401 naturalem3
794 356 1020 394 intellectus
1043 360 1174 394 autem
1191 357 1400 404 possibilis
1414 360 1551 394 noster
1569 358 1792 403 proportio·

165 405 308 443 naliter
329 413 372 441 se
394 403 513 440 habet
537 403 772 449 corporibus
798 403 1124 449 corruptibilibus
1145 404 1291 451 quibus
1317 404 1453 441 unitur
1488 407 1533 441 ut
1566 404 1709 448 forma,
1730 405 1790 441 sic

165 451 271 490 enim
303 450 347 487 fit
375 454 465 487 actu
496 450 648 487 habens
678 449 870 496 quasdam
903 450 1052 488 formas
1087 451 1363 497 intelligibiles
1398 450 1505 498 quod
1538 454 1717 487 remanet
1747 452 1789 487 in

163 497 342 545 potentia
362 497 411 534 ad
432 496 546 535 alias.
569 498 612 533 Et
629 500 788 543 propter
820 497 896 534 hoc
916 497 1073 541 dicitur,
1095 498 1137 534 in
1158 498 1260 535 libro
1276 500 1328 534 De
1348 500 1479 539 causis,
1503 497 1610 545 quod
1642 497 1790 534 intelli-

164 545 299 593 gentia
318 548 379 582 est
409 544 527 590 plena
546 543 700 588 formis,
722 543 816 590 quia
833 544 987 581 scilicet
1021 548 1105 581 tota
1135 545 1406 591 potentialitas
1441 545 1670 581 intellectus
1704 544 1790 590 ejus

165 591 363 637 completa
394 594 455 627 est
485 600 555 638 per
587 591 736 628 formas
769 590 1067 637 intelligibiles;
1097 594 1135 627 et
1173 591 1246 637 sic,
1275 601 1346 637 per
1374 591 1604 639 hujusmodi
1642 590 1792 628 intelli-

165 638 309 687 gibiles
330 638 498 685 species,
525 646 605 675 una
619 637 843 675 substantia
863 641 1045 683 separata
1063 637 1183 675 aliam
1201 638 1424 685 intelligere
1444 641 1588 685 potest.

172 712 177 715 -
213 687 327 723 Forte
356 688 487 723 autem
509 684 628 722 alicui
647 685 771 722 videri
791 687 923 731 potest
952 684 1074 732 quod,
1094 693 1219 732 quum
1252 685 1480 723 substantia
1509 687 1693 731 separata
1721 693 1794 731 per

166 732 382 770 essentiam
407 732 459 769 sit
478 731 758 779 intelligibilis,
778 741 859 769 non
880 735 1035 778 oportet
1054 740 1202 778 ponere
1222 732 1329 779 quod
1347 741 1417 778 per
1446 731 1602 779 aliquas
1635 731 1792 778 species

164 779 438 825 intelligibiles
458 788 539 816 una
552 779 599 816 ab
618 779 697 816 alia
714 779 973 826 intelligatur,
993 779 1063 817 sed
1080 788 1151 825 per
1169 778 1387 817 essentiam
1406 778 1536 825 ipsius
1557 777 1792 817 substantiae

164 826 390 864 intellectae.
414 827 495 863 Hoc
519 826 625 863 enim
646 826 752 873 quod
773 826 999 864 substantia
1020 826 1156 874 aliqua
1179 835 1251 872 per
1287 825 1461 872 speciem
1496 825 1792 872 intelligibilem

165 876 447 920 cognoscatur,
475 872 632 911 videtur
650 873 828 910 accidere
851 873 1088 910 substantiis
1108 872 1382 910 materialibus
1403 882 1452 910 ex
1470 872 1548 910 hoc
1567 871 1672 924 quod
1709 879 1793 909 non

166 924 261 958 sunt
280 929 349 966 per
367 928 480 957 suam
500 920 716 957 essentiam
736 920 1011 966 intelligibiles
1026 924 1139 965 actu3
1162 920 1266 958 unde
1279 922 1434 966 oportet
1452 919 1558 967 quod
1569 928 1640 965 per
1657 921 1792 971 interi·-

165 967 298 1004 tiones
319 967 538 1004 abstractas
558 967 845 1014 intelligantur.
868 967 966 1004 Huic
987 967 1106 1005 etiam
1124 967 1280 1004 videtur
1293 975 1517 1005 consonare
1536 966 1684 1003 dictum
1705 965 1795 1003 Phi-

165 1013 327 1060 losophi
367 1014 535 1051 dicentis
569 1014 813 1062 (Metaphys.‚
849 1022 919 1052 x11.
952 1017 1047 1051 text.
1075 1023 1220 1052 comm.
1256 1016 1316 1061 51)
1348 1013 1455 1061 quod
1486 1013 1528 1050 in
1555 1012 1792 1065 substantiis

166 1061 362 1145 separatis
388 1070 412 1098 a
440 1062 622 1106 materia,
640 1070 724 1098 non
758 1060 889 1098 differt
916 1061 1158 1106 intellectus,
1190 1061 1430 1108 intelligere,
1459 1066 1498 1098 et
1530 1060 1636 1107 quod
1674 1059 1792 1096 lntel·

184 1118 195 1145 1
227 1112 319 1146 itur.

199 1117 298 1192 gHoc
317 1157 464 1199 autem,
485 1154 520 1192 si
540 1154 794 1199 concedatur,
816 1154 936 1192 babet
953 1154 1224 1193 dubitationes
1240 1164 1322 1192 non
1343 1163 1506 1201 paucas.
1611 1200 1617 1206 .

216 1202 347 1239 Primo
387 1201 546 1249 quidem
567 1228 579 1246 ,
618 1201 713 1248 quia
748 1201 974 1239 intellectus
1014 1202 1055 1238 in
1094 1205 1183 1239 actu
1222 1205 1284 1239 est
1317 1201 1561 1238 intellectum
1606 1209 1649 1237 in
1686 1203 1791 1245 actu.

166 1248 390 1286 secundum
423 1248 643 1286 doctrinam
675 1247 899 1286 Aristotelis
921 1249 985 1294 (De
1016 1250 1157 1292 anima,
1182 1257 1241 1289 111,
1275 1251 1370 1285 text.
1400 1256 1545 1285 comm.
1569 1249 1610 1284 19
1645 1250 1683 1284 et
1715 1247 1791 1294 27).

166 1295 337 1332 Difficile
369 1299 430 1333 est
464 1298 595 1332 autem
614 1294 750 1332 videre
779 1295 980 1342 quomodo
1011 1304 1091 1332 una
1125 1295 1349 1332 substantia
1379 1298 1560 1341 separata
1582 1294 1633 1331 sit
1665 1303 1790 1331 unum

168 1342 296 1385 alteri,
317 1342 410 1379 dum
431 1342 619 1388 intelligit
634 1342 777 1388 ipsam.

213 1389 360 1429 Adhuc,
382 1398 500 1426 omne
532 1397 656 1435 agens
689 1389 751 1426 vel
772 1397 941 1434 operans
962 1392 1148 1435 operatur
1165 1398 1235 1435 per
1253 1397 1368 1425 suam
1407 1389 1590 1434 formam,
1611 1390 1676 1427 cui
1699 1398 1792 1435 ope-

166 1436 269 1475 ratio
285 1435 499 1481 respondet
517 1435 621 1473 sicut
643 1434 850 1472 calefactio
867 1435 991 1472 calori
1009 1447 1018 1480 ;
1041 1436 1144 1473 unde
1162 1438 1199 1472 et
1214 1435 1314 1472 illud
1326 1434 1508 1473 videmus
1528 1436 1643 1482 cujus
1659 1437 1792 1482 specie

164 1483 279 1520 visus
299 1482 550 1519 informatur.
571 1483 655 1519 Non
676 1482 831 1519 videtur
851 1485 981 1519 autem
1003 1490 1092 1519 esse
1112 1481 1306 1529 possibile
1336 1482 1443 1529 quod
1462 1491 1545 1520 una
1562 1483 1792 1521 substantia

168 1533 351 1576 separata
390 1530 444 1566 sit
476 1529 606 1566 forma
642 1529 820 1572 alterius,
849 1538 969 1575 quum
1001 1529 1413 1576 habeatunaquaeque
1444 1538 1536 1566 esse
1560 1533 1790 1577 separatum

167 1576 217 1614 ab
238 1576 329 1614 alia.
350 1575 602 1623 Impossibile
620 1575 744 1623 igitur
755 1576 911 1613 videtur
927 1576 1035 1624 quod
1055 1585 1136 1614 una
1153 1576 1334 1614 videatur
1351 1576 1401 1614 ab
1423 1576 1544 1615 altera
1560 1585 1633 1625 per
1651 1586 1793 1615 essen-

166 1623 265 1660 tiam
286 1632 414 1660 suam.

213 1671 398 1716 Amplius,
419 1669 663 1707 intellectum
681 1673 742 1708 est
768 1670 958 1716 perfectio
979 1669 1266 1717 intelligentis;
1287 1679 1369 1708 non
1388 1673 1519 1716 potest
1539 1674 1672 1709 autem
1689 1671 1791 1709 infe-

166 1717 250 1754 rior
270 1717 495 1754 substantia
515 1720 696 1762 separata
717 1726 806 1755 esse
825 1717 1014 1762 perfectio
1033 1717 1267 1764 superioris.
1289 1718 1527 1764 sequeretur
1543 1718 1662 1756 etiam
1686 1718 1793 1765 quod

167 1764 352 1810 superior
385 1764 616 1801 inferiorem
637 1773 718 1801 non
739 1764 990 1811 intelligeret,
1010 1765 1044 1802 si
1066 1774 1135 1811 per
1154 1764 1370 1802 essentiam
1391 1773 1505 1802 suam
1539 1773 1791 1813 unaquaeque

164 1810 459 1858 intelligeretur
478 1814 516 1847 et
530 1819 609 1847 non
628 1820 698 1856 per
717 1811 887 1857 speciem
908 1811 1041 1848 aliam.

213 1858 316 1903 Item,
331 1857 585 1904 intelligibile
609 1861 669 1894 est
686 1858 789 1894 intra
809 1858 1067 1902 intellectum,
1092 1860 1284 1906 quantum
1301 1857 1350 1895 ad
1370 1857 1410 1894 id
1430 1856 1510 1905 quo
1529 1858 1786 1905 intelligitur.

164 1903 286 1942 Nulla
320 1907 451 1941 autem
486 1903 713 1941 substantia
746 1904 923 1941 illabitur
959 1904 1083 1942 menti
1118 1904 1198 1942 nisi
1231 1904 1345 1942 solus
1376 1906 1507 1949 DeuS‚
1574 1905 1615 1942 ui
1654 1908 1716 1942 est
1748 1905 1792 1942 in

167 1950 356 1989 omnibus
382 1960 453 1997 per
488 1951 721 1996 essentiam,
751 1951 1002 1997 praesentiam
1041 1954 1079 1988 et
1113 1950 1346 1997 potentiam.
1384 1952 1552 1997 Impossi
1584 1951 1636 1988 ile
1668 1951 1794 1998 igitur

164 1997 322 2034 videtur
341 1997 446 2044 quod
467 1997 691 2035 substantia
710 2001 892 2044 separata
910 2007 980 2044 per
1000 1998 1215 2035 essentiam
1231 2006 1344 2035 suam
1367 1997 1613 2044 intelligatur
1633 1997 1682 2035 ab
1697 1998 1790 2040 alia,

165 2048 205 2082 et
225 2053 306 2081 non
327 2054 397 2090 per
417 2044 720 2082 similitudinem
741 2044 828 2091 ejus
850 2044 893 2082 in
912 2045 1014 2091 ipsa.

214 2091 259 2127 Et
279 2091 355 2128 hoc
409 2091 539 2128 uidem
576 2095 730 2138 oportet
760 2100 897 2129 verum
920 2100 1025 2136 esse,
1053 2092 1274 2130 secundum
1307 2091 1545 2129 sententiam
1565 2091 1791 2131 Aristotelis

165 2138 235 2185 qui
254 2138 368 2183 ponit
401 2139 452 2174 De
471 2139 608 2183 anima,
629 2147 689 2182 111,
709 2142 803 2175 text.
829 2148 972 2176 comm.
996 2141 1040 2176 19
1073 2143 1112 2176 et
1141 2139 1201 2185 27)
1223 2139 1329 2186 quod
1352 2138 1574 2186 intelligere
1595 2139 1793 2185 contingit

163 2192 236 2231 per
255 2185 331 2222 hoc
352 2184 457 2232 quod
490 2185 736 2222 intellectum
762 2185 803 2222 in
823 2189 914 2223 actu
933 2185 975 2222 fit
993 2195 1117 2223 unum
1139 2195 1229 2223 cum
1249 2186 1453 2223 intellectu
1485 2187 1529 2223 in
1546 2189 1663 2231 actu;
1685 2186 1792 2224 uncle

165 2230 391 2269 substantia
427 2236 622 2284 separata,
644 2233 825 2283 quamvis
847 2233 900 2270 sit
934 2243 1004 2280 per
1039 2242 1082 2270 se
1102 2233 1368 2279 intelligibilis
1399 2235 1503 2278 actu,
1536 2241 1620 2270 non
1655 2235 1792 2270 tamen

164 2279 386 2316 secundum
410 2288 453 2316 se
488 2279 726 2325 intelligitur
759 2280 838 2316 nisi
877 2279 925 2317 ab
960 2280 1164 2318 intellectu
1199 2280 1263 2318 cui
1293 2283 1354 2318 est
1382 2288 1522 2317 unum.
1559 2279 1622 2318 Sic
1659 2283 1791 2318 autem

164 2324 390 2363 substantia
410 2330 592 2372 separata
613 2326 787 2372 seipsam
805 2327 994 2373 intelligit
1024 2336 1095 2373 per
1111 2326 1327 2364 essentiam
1349 2335 1487 2371 suam;
1508 2330 1545 2363 et
1567 2326 1790 2364 secundum

162 2371 242 2410 hoc
273 2377 336 2410 est
369 2372 474 2410 idem
494 2372 721 2410 intellectus
742 2377 781 2410 et
797 2373 1043 2411 intellectum
1080 2377 1118 2411 et
1136 2374 1371 2420 intelligere.
1403 2373 1625 2411 Secundum
1657 2377 1790 2411 autem

162 2419 405 2465 positionem
427 2420 605 2457 Platonis
625 2420 690 2466 (De
710 2431 802 2466 rep„
826 2420 854 2458 1.
886 2429 926 2466 x,
946 2431 981 2458 c.
1004 2421 1054 2467 6),
1078 2421 1300 2467 intelligere
1321 2420 1364 2457 fit
1380 2430 1452 2467 per
1471 2424 1699 2458 contactum
1724 2420 1787 2457 in·

162 2465 344 2504 tellectus
364 2466 413 2503 ad
435 2476 519 2504 rem
537 2467 844 2514 intelligibilem.
867 2468 930 2505 Sic
959 2468 1082 2515 igitur
1101 2477 1182 2505 una
1200 2468 1426 2505 substantia
1457 2471 1638 2513 separata
1655 2469 1788 2513 potest

164 2512 283 2550 aliam
311 2523 382 2559 per
412 2513 500 2560 ejus
527 2515 744 2552 essentiam
775 2514 1013 2561 intelligere,
1036 2514 1130 2553 dum
1160 2524 1247 2552 eam
1280 2514 1539 2561 spiritualiter
1559 2513 1787 2565 contingit-2

164 2560 347 2604 superior
365 2561 525 2607 quidem
555 2561 800 2606 inferiorem,
819 2562 934 2608 quasi
955 2571 1042 2599 eam
1063 2570 1138 2600 sua
1156 2562 1300 2599 virtute
1320 2561 1564 2599 concludens
1601 2563 1640 2597 et
1664 2562 1790 2597 conti·

164 2613 288 2649 nens3
310 2607 476 2645 inferior
493 2617 588 2645 vero
608 2608 869 2656 superiorem,
890 2609 1006 2657 quasi
1027 2617 1114 2646 eam
1140 2608 1304 2655 capiens
1323 2612 1368 2646 ut
1394 2608 1457 2645 sui
1487 2606 1788 2658 perfectionem.

214 2652 320 2688 Unde
361 2657 399 2691 et
434 2654 652 2701 Dionysius
689 2654 784 2692 dicit
823 2654 887 2702 (De
922 2655 1038 2692 divin.
1077 2656 1236 2696 nomin„
1271 2666 1305 2692 c.
1339 2655 1376 2701 4)
1415 2653 1520 2701 quod
1558 2661 1789 2699 superlores

165 2696 398 2790 SU?St2³{¹tiae
430 2701 705 2749 intelligibiles
736 2705 832 2739 sunt
868 2702 983 2749 quasi
1019 2701 1133 2740 cibus
1170 2702 1418 2739 inferiorum.
1440 2700 1469 2746 (1
1499 2702 1614 2746 part„
1638 2709 1676 2747 q.
1706 2707 1789 2745 LVI,
