1894 3223
738 92 826 128 [ΑΒ.
853 92 910 131 lv,
939 91 1041 128 CAP.
1067 91 1145 127 Vll.
1685 95 1751 129 497

129 174 274 211 beatam
303 183 414 220 spem,
437 176 470 208 et
501 172 693 208 adrentum
723 173 847 217 oloriae
866 174 991 218 magni
1008 174 1086 213 Dei,
1109 175 1143 208 et
1162 172 1363 208 Salvatoris
1382 173 1499 208 nostra¹
1515 173 1598 208 Jesu
1618 172 1755 208 Christi

130 220 237 268 (Tit,
259 229 289 258 ιι
317 220 373 266 13)
392 231 402 264 ;
429 223 467 256 et
487 218 632 256 dicitur
651 231 662 254 ε
690 219 876 255 suscitabo
900 220 1022 256 David
1041 230 1196 264 yet-mem
1211 219 1377 265 justum3
1399 222 1437 256 et
1459 222 1598 265 postea
1617 219 1752 256 subdi·

131 271 197 305 tur
217 278 228 304 :
248 268 296 304 Et
329 266 393 302 hoc
420 268 473 302 est
499 276 626 302 nomen
662 265 759 311 quod
788 267 964 302 vocabunt
983 277 1077 308 eum,
1106 267 1279 303 Dominus
1303 266 1428 312 justus
1456 269 1576 302 noster
1595 265 1751 312 (Jerem.,

129 322 246 359 xxm,
284 316 320 357 5,
356 312 407 359 6),
438 312 505 350 ubi
546 313 586 349 in
620 313 781 350 Hebraeo
822 313 987 350 liabetur
1025 322 1168 350 nomen
1208 315 1543 358 tetraqrammaton,
1565 313 1671 359 quod
1706 312 1755 351 de

134 361 224 399 solo
261 361 342 397 Deo
376 362 527 397 certum
557 363 617 397 est
648 359 739 397 dici.
778 361 832 396 Ex
860 360 1003 406 quibus
1027 363 1187 406 apparet
1207 361 1313 407 quod
1334 360 1453 397 Filius
1474 360 1540 396 Dei
1559 362 1619 397 est
1635 368 1754 398 verus

134 409 254 446 Deus.

180 455 370 494 Praeterea,
401 453 435 491 si
469 454 648 491 Christus
681 463 798 490 verus
826 457 886 490 est
903 452 1026 497 silius,
1049 453 1094 490 de
1114 454 1354 490 necessitate
1375 454 1555 501 sequitur
1574 453 1681 501 quod
1702 454 1756 492 sit

132 509 253 538 verus
273 501 402 545 Deus;
424 509 505 537 non
527 501 632 538 enim
651 509 741 538 vere
763 499 871 537 filius
893 504 1022 546 potest
1042 500 1119 536 dici
1137 500 1243 552 quod
1262 500 1310 537 ab
1329 501 1408 537 alio
1428 502 1618 547 gignitur,
1636 501 1755 538 etiam

134 548 172 586 si
187 547 234 585 de
248 547 474 585 substantia
499 548 729 594 generantis
754 551 954 591 nascatur,
975 547 1051 584 nisi
1072 547 1112 583 in
1131 547 1303 584 similem
1326 548 1499 593 speciem
1521 548 1753 594 generantis

134 594 348 642 procedat;
371 598 526 641 oportet
559 595 664 632 enim
686 594 791 641 quod
818 594 924 631 filius
943 594 1119 631 hominis
1142 594 1260 631 homo
1278 594 1341 631 sit.
1366 595 1405 631 Si
1435 595 1555 641 igitur
1573 596 1754 632 Christus

140 645 203 680 est
214 651 332 679 verus
346 642 469 679 Filius
483 641 567 687 Dei,
598 645 752 688 oportet
768 641 872 680 duod
891 641 944 678 sit
962 650 1080 676 verus
1098 642 1204 677 Deus
1221 653 1230 685 ;
1264 649 1345 678 non
1372 644 1433 678 est
1451 642 1572 688 igitur
1589 641 1753 689 aliquod

132 692 332 727 creatum.

182 737 284 781 Item,
305 736 416 774 nulla
435 740 614 773 creatura
635 736 773 782 recipit
789 740 910 772 totam
944 735 1232 781 plenitudinem
1253 735 1395 772 divinae
1415 735 1619 780 honitatis,
1646 736 1753 783 quia,

138 783 246 821 sicut
264 792 312 820 ex
338 783 614 830 superioribus
632 786 750 830 patet,
771 782 1033 830 perfectiones
1060 792 1083 819 a
1103 783 1182 819 Deo
1201 782 1242 818 in
1262 786 1462 820 creaturas
1495 793 1563 829 per
1592 783 1754 820 niodum

131 829 345 877 cujusdam
367 830 587 868 descensus
610 830 842 876 procedunt.
865 829 1044 867 Christus
1068 831 1199 866 autem
1220 829 1338 866 habet
1357 830 1398 866 in
1419 839 1461 867 se
1481 834 1601 867 totam
1630 831 1754 876 pleni-

136 877 316 915 tudinem
339 877 481 914 divinae
502 877 720 922 bonitatis;
748 876 842 914 dicit
875 877 980 913 enim
1000 877 1214 922 Apostolus
1237 877 1308 912 :In
1333 879 1410 922 ipso
1433 878 1616 912 inhabitat
1637 878 1752 913 omnis

135 924 327 970 plenitudo
346 924 565 960 divinitatis.
581 924 742 971 (Coloss.,
762 933 807 968 11,
828 923 877 970 9).
900 924 1079 961 Christus
1101 932 1195 970 ergo
1216 932 1297 960 non
1318 928 1379 960 cst
1398 929 1590 961 creatura.

186 971 332 1016 Adhuc,
365 971 458 1008 licet
477 971 704 1009 intellectus
724 971 856 1017 angeli
877 970 1151 1016 perfectiorem
1173 971 1442 1017 cognitionem
1465 971 1608 1008 haheat
1633 980 1750 1018 quam

134 1018 362 1055 intellectus
384 1018 574 1061 hominis,
594 1021 725 1055 tamen
739 1018 904 1055 multum
919 1017 1047 1054 deficit
1068 1017 1115 1054 ab
1136 1018 1339 1054 intellectu
1359 1018 1507 1055 divino.
1524 1018 1751 1056 intellectus

133 1068 269 1102 autem
291 1064 433 1102 Christi
454 1074 536 1102 non
555 1064 688 1102 deficit
715 1065 756 1102 in
787 1065 1014 1112 cognitione
1036 1064 1083 1101 ab
1103 1065 1307 1102 intellectu
1327 1065 1460 1102 divino
1481 1077 1489 1107 ;
1525 1065 1619 1101 dicit
1646 1065 1751 1102 euim

133 1111 351 1157 Apostolus
411 1111 488 1148 uod
517 1112 557 1148 in
580 1112 735 1149 Christo
752 1115 838 1147 sunt
857 1121 974 1147 omncs
993 1111 1154 1146 thesauri
1174 1113 1362 1156 sapientiae
1381 1114 1415 1147 et
1433 1113 1589 1148 scientiae
1609 1113 1753 1148 abscon-

134 1157 398 1204 diti.(1b2·d.,3.
435 1159 522 1195 Non
543 1162 604 1195 est
623 1158 745 1205 igitur
763 1158 957 1202 Christus,
980 1158 1102 1195 Filius
1123 1157 1205 1198 Dei,
1226 1162 1420 1195 creatura.

181 1205 367 1251 Amplius,
389 1204 582 1252 quidquid
601 1206 704 1242 Deus
726 1205 844 1242 habet
863 1205 904 1241 in
926 1205 1060 1250 seipso
1082 1208 1143 1241 est
1160 1204 1246 1250 ejus
1269 1206 1458 1248 essentia,
1483 1208 1522 1242 ut
1543 1208 1752 1242 ostensum

133 1255 200 1290 est
225 1251 266 1299 (l.
297 1260 326 1296 1,
359 1261 394 1289 c.
414 1255 474 1296 21,
494 1252 571 1299 22).
593 1252 736 1289 Omnia
755 1255 886 1289 autem
908 1262 994 1298 quae
1016 1250 1134 1288 habet
1151 1253 1265 1288 Pater
1282 1256 1377 1289 sunt
1396 1252 1508 1296 Filii;
1530 1251 1626 1289 dicit
1645 1252 1752 1289 enim

136 1299 224 1346 ipse
245 1298 390 1336 Filius:
408 1299 538 1336 Omnia
554 1309 782 1345 quaecumque
805 1299 910 1334 habet
928 1300 1037 1335 Pater
1055 1309 1135 1334 mea
1152 1302 1238 1334 sunt
1258 1298 1509 1345 (Joamz.‚xvl,
1531 1299 1610 1346 15);
1634 1303 1684 1343 et,
1705 1299 1753 1336 ad

137 1347 294 1384 Patrem
312 1346 494 1394 loquens,
516 1345 571 1384 ait
586 1358 594 1382 :
610 1347 690 1382 Mea
709 1347 832 1382 omnia
850 1348 913 1381 tua
929 1349 1026 1386 sunt,
1049 1348 1082 1381 et
1101 1348 1165 1381 tua
1185 1357 1264 1381 mea
1279 1349 1376 1383 sunt.
1393 1346 1553 1393 (Joann.‚
1575 1346 1753 1393 ΧΥΠΑΟ.)

138 1394 208 1431 Est
231 1402 334 1476 tergo
366 1392 505 1430 eadem
539 1393 717 1430 essentia
734 1396 773 1430 et
801 1396 943 1430 natura
961 1392 1090 1430 Patris
1109 1396 1148 1429 et
1165 1393 1278 1438 Filii;
1301 1402 1383 1430 non
1402 1397 1462 1430 est
1488 1393 1609 1440 igitur
1631 1394 1753 1430 Filius

134 1448 228 1478 crea
245 1449 330 1477 nra.

186 1488 378 1528 Praeterea‚
400 1486 615 1532 Apostolus
646 1487 743 1524 dicit
771 1487 878 1534 quod
910 1486 1046 1530 Filius,
1073 1490 1285 1533 antequam
1306 1489 1510 1523 eaeinaiziret
1528 1489 1755 1532 semetipsum

134 1534 296 1578 formam
341 1535 437 1569 servi
469 1535 662 1579 accipiens,
682 1536 723 1570 in
752 1535 874 1578 forma
904 1535 969 1569 Dei
1006 1537 1101 1570 erat.
1142 1533 1267 1579 (Phia,
1290 1543 1331 1578 11,
1358 1537 1393 1579 6,
1412 1534 1464 1580 7.)
1488 1535 1559 1570 Per
1582 1533 1753 1571 formam

138 1584 272 1619 autem
291 1580 360 1617 Dei
377 1589 459 1617 non
480 1580 588 1617 aliud
609 1581 845 1627 intelligitur
871 1590 988 1627 quam
1010 1584 1152 1616 natura
1183 1580 1329 1626 divina,
1354 1582 1458 1618 sicut
1490 1590 1558 1627 per
1586 1581 1754 1618 sormam

137 1628 244 1665 servi
260 1636 342 1665 non
361 1627 598 1674 intelligitur
617 1627 725 1665 aliud
742 1636 859 1675 quam
879 1627 1053 1664 humana
1073 1631 1227 1664 natura.
1248 1629 1315 1666 Est
1334 1637 1429 1676 ergo
1450 1626 1558 1665 filius
1578 1628 1620 1664 in
1641 1632 1754 1665 natu-

138 1683 183 1712 ra
201 1674 336 1712 divina
353 1685 362 1718 ;
388 1683 469 1711 non
489 1677 550 1712 est
567 1674 690 1721 igitur
705 1678 898 1719 creatura.

185 1722 287 1766 nem,
317 1720 418 1758 nihil
448 1724 624 1758 creatum
651 1725 783 1768 potest
813 1731 902 1759 esse
934 1722 1014 1758 Deo
1045 1722 1210 1768 aequale.
1244 1722 1368 1759 Filius
1398 1725 1527 1759 autem
1559 1726 1619 1759 est
1650 1723 1754 1760 Patri

137 1768 320 1815 aequalis,
336 1767 486 1805 'dicitur
502 1768 609 1805 enim
628 1780 637 1805 ε
657 1769 870 1812 Quaerebant
890 1779 969 1804 eum
987 1769 1105 1804 Jutlaet'
1124 1771 1332 1815 interficere,
1357 1771 1444 1815 quia
1463 1780 1533 1805 non
1553 1771 1666 1805 solum
1684 1770 1754 1805 sol-

135 1816 243 1852 vebat
272 1815 476 1859 sabbatum,
497 1815 560 1851 sed
592 1817 627 1851 et
654 1817 799 1852 Patrem
828 1826 933 1851 suum
961 1815 1102 1851 dicebat
1132 1818 1244 1852 Deum
1272 1818 1445 1862 aequalem
1463 1827 1499 1852 se
1513 1818 1650 1861 faciens
1669 1819 1753 1853 Deo.

136 1862 353 1909 (Joann.,v‚
367 1861 451 1908 18);
474 1861 558 1899 haec
576 1865 635 1899 est
656 1871 751 1909 ergo
772 1862 1026 1909 evangelistae
1049 1863 1237 1904 narratio,
1259 1866 1374 1910 cujus
1395 1864 1670 1900 testimonium
1692 1873 1754 1900 ve-

136 1918 227 1947 rum
246 1912 320 1952 est,
341 1908 448 1955 quod
459 1908 640 1946 Christus
656 1909 796 1946 Filium
815 1910 882 1946 Dei
898 1919 940 1946 se
959 1909 1115 1946 dicebat
1128 1914 1165 1946 et
1180 1911 1260 1948 Deo
1275 1910 1481 1957 aequalem,
1498 1914 1536 1947 et
1549 1914 1756 1956 propterea

138 1965 230 1994 eum
250 1955 375 1994 Judaei
393 1955 745 2003 persequebantur3
767 1966 840 1994 nec
860 1956 1024 1993 dubium
1046 1957 1235 1994 estalicui
1256 1958 1480 1995 Christiano
1495 1959 1590 2005 quin
1606 1957 1757 1995 etillud

132 2025 134 2029 >
193 2002 244 2041 od
270 2003 450 2055 Christus
479 2002 527 2040 de
557 2012 601 2040 se
632 2003 731 2040 dixit
761 2013 898 2040 verum
935 2004 1000 2048 sit,
1020 2013 1141 2051 quum
1161 2004 1429 2050 etApostolus
1451 2005 1556 2042 dicat
1578 2005 1653 2042 hoc
1674 2013 1756 2042 non

156 2050 264 2088 uisse
303 2058 483 2096 rapinam
503 2049 610 2096 quod
645 2051 838 2097 aequalem
874 2060 917 2088 se
938 2060 1026 2088 esse
1048 2051 1152 2088 Patri
1173 2052 1387 2090 arbitratus
1405 2055 1466 2090 est
1486 2051 1610 2099 (Phia,
1631 2061 1675 2098 11,
1697 2052 1754 2099 6):

131 2100 199 2134 est
211 2104 307 2144 ergo
326 2096 451 2134 Filius
470 2097 637 2143 aequalis
657 2098 777 2135 Patri.
797 2099 884 2135 Non
905 2101 966 2135 est
983 2098 1105 2145 igitur
1124 2102 1317 2137 creatura.

183 2143 367 2189 Amplius,
392 2142 539 2195 legitur
558 2152 639 2180 non
660 2153 750 2182 esse
770 2145 1072 2182 similitudinem
1093 2145 1263 2192 alicujus
1285 2146 1334 2184 ad
1356 2148 1493 2191 Deum,
1516 2147 1634 2183 etiam
1653 2146 1756 2184 inter

132 2189 321 2237 angelos,
352 2198 420 2236 qui
452 2188 522 2226 filu
545 2190 613 2227 Dei
644 2189 830 2228 dicuntur
851 2203 860 2228 :
883 2192 1030 2236 Quis...,
1049 2192 1180 2238 inquit
1202 2193 1428 2238 psalmista,
1447 2195 1579 2230 similis
1599 2195 1669 2228 erit
1685 2195 1754 2230 Deo

127 2236 178 2273 lin
195 2237 283 2283 filiis
301 2237 398 2273 Dei?
416 2235 766 2283 (Psalm.1.xxxvm,
779 2238 818 2284 7)
839 2241 876 2274 et
896 2238 990 2275 alibi
1007 2250 1015 2274 t
1033 2240 1140 2280 Deus,
1161 2241 1241 2285 quis
1261 2241 1391 2276 similis
1410 2243 1479 2276 erit
1495 2241 1590 2276 tibi?
1604 2241 1755 2286 (Psalmi

132 2291 317 2336 lthxvn,
335 2282 375 2336 2)
405 2282 512 2336 quod
534 2283 582 2336 de
619 2284 792 2330 perfecta
811 2285 1073 2322 similitudine
1094 2287 1220 2332 accipi
1240 2291 1408 2333 oportet,
1430 2287 1535 2334 quod
1571 2290 1677 2333 patet
1708 2295 1753 2324 ex

132 2330 202 2367 his
220 2339 310 2382 qnuae
331 2339 375 2367 1n
393 2338 522 2376 prlmo
542 2329 644 2368 libro
664 2334 830 2368 tractata
848 2335 955 2369 sunt.
977 2332 1158 2369 Christus
1178 2337 1310 2371 autem
1333 2334 1546 2380 perfectam
1564 2334 1626 2370 sui
1648 2333 1754 2370 simi-

137 2376 348 2415 litudmem
367 2376 417 2414 ad
433 2378 587 2414 Patrem
608 2378 796 2422 ostendit,
818 2379 937 2415 etiam
958 2378 999 2415 in
1018 2379 1187 2417 vivendo
1206 2391 1214 2424 ;
1244 2380 1389 2418 dicitur
1407 2381 1512 2417 enim
1533 2391 1541 2417 ε
1563 2381 1665 2417 Sicut
1680 2381 1754 2417 Pa-

133 2426 193 2460 ter
211 2424 318 2460 habet
333 2425 448 2460 vitam
465 2425 506 2460 in
524 2425 724 2470 semetipso,
757 2427 810 2461 sic
841 2425 941 2461 dedit
969 2429 1002 2461 et
1028 2426 1120 2462 Filio
1158 2427 1288 2463 habere
1316 2429 1431 2463 vitam
1467 2429 1508 2463 in
1542 2429 1746 2473 semetipso.

137 2471 298 2554 anizn„
318 2480 354 2517 ν,
392 2469 468 2516 26.)
507 2471 599 2507 Non
632 2475 695 2509 est
725 2471 848 2520 igitur
879 2472 1060 2510 Christus
1086 2474 1378 2520 computandus
1410 2474 1514 2511 inter
1546 2473 1652 2512 filios
1684 2473 1753 2512 Dei

131 2526 229 2556 crea
245 2526 307 2555 os.

183 2564 328 2616 Adhuc,
350 2564 460 2602 nulla
482 2564 707 2603 substantia
729 2569 860 2607 creata
878 2569 1135 2612 repraesentat
1154 2569 1278 2606 Deum
1298 2572 1489 2616 quantum
1509 2568 1558 2606 ad
1570 2565 1754 2616 ejussub-

131 2614 346 2656 stantiam3
378 2611 572 2659 quidquid
606 2612 714 2650 enim
744 2622 793 2650 ex
811 2612 1053 2659 perfectione
1075 2613 1363 2662 cu‘uscumque
1383 2620 1572 2654 creaturae
1593 2619 1754 2662 apparet

138 2659 270 2696 minus
289 2662 350 2696 est
365 2667 486 2711 quam
505 2658 612 2712 quod
629 2660 734 2697 Deus
751 2663 835 2704 est3
857 2659 962 2696 unde
980 2668 1049 2705 per
1069 2624 1220 2698 nuliam
1246 2666 1464 2700 creaturam
1496 2662 1589 2700 sciri
1618 2666 1749 2709 potest

130 2705 185 2742 de
205 2706 286 2743 Deo
306 2705 401 2753 quid
421 2709 495 2743 est.
517 2706 641 2743 Filius
659 2709 791 2744 autem
811 2710 1067 2752 repraesentat
1082 2709 1254 2753 Patrem;
1276 2709 1372 2747 dicit
1391 2710 1496 2746 enim
1517 2709 1564 2747 de
1586 2719 1633 2747 eo
1654 2713 1753 2756 Apo-

135 2752 265 2790 stolus
281 2752 387 2800 quod
408 2755 469 2789 est
486 2754 606 2798 imaqo
623 2754 693 2790 Dei
725 2753 922 2790 invisibilis
961 2752 1121 2800 (Gotoss,
1141 2763 1169 2798 Ι,
1193 2755 1265 2802 15);
1283 2759 1335 2800 et,
1356 2765 1405 2793 ne
1425 2757 1641 2794 aestimetur
1661 2766 1751 2794 esse

136 2800 269 2845 imago
298 2798 500 2843 deficiens,
535 2799 753 2837 essentiam
783 2799 852 2836 Dei
873 2808 956 2836 non
975 2805 1280 2846 repraesentans,
1301 2811 1370 2848 per
1389 2813 1506 2849 quam
1525 2813 1604 2841 non
1625 2804 1752 2849 possit

131 2846 328 2892 cognosci
348 2846 396 2883 de
416 2847 495 2883 Deo
514 2846 609 2894 quid
629 2849 702 2892 est,
723 2845 830 2884 sicut
846 2845 907 2883 vir
924 2845 1069 2884 dicitur
1087 2846 1221 2896 imago
1237 2849 1307 2886 Dei
1329 2848 1363 2897 (1
1379 2850 1474 2896 Gor„
1487 2860 1543 2896 xi,
1557 2851 1608 2897 7),
1621 2854 1751 2888 osten-

1548 2928 1589 2959 32
