1894 3223
679 140 766 176 LIB.
793 140 823 183 I,
851 139 951 175 citt).
986 139 1134 174 LXVIII.
1673 141 1719 175 73

97 234 176 265 non
211 234 315 263 esse.
348 224 421 262 Sed
456 223 515 260 sic
549 222 754 269 cognitum
791 221 987 264 (liceretur
1019 231 1041 257 a
1073 223 1152 257 Deo
1177 220 1313 266 iitjam
1347 219 1387 255 in
1419 229 1491 256 sua
1522 221 1720 257 esssentia

94 274 224 310 visum
250 284 258 308 z
287 280 366 318 quo
398 270 544 317 posito,
578 278 658 306 non
693 273 869 305 remanet
899 268 1093 313 precinctu}
1128 267 1327 314 questioni
1351 267 1477 311 locus,
1499 268 1593 313 quia
1614 267 1720 313 quod

91 319 174 368 jam
196 323 269 362 est,
288 327 369 355 non
390 320 521 364 potest
540 319 731 364 quantum
754 315 801 352 ad
820 316 917 351 illud
949 315 1102 351 instans
1132 324 1210 351 non
1244 323 1346 351 esse.
1380 314 1564 359 Deceptio
1600 314 1721 360 igitur

97 366 242 405 accidit
263 375 310 402 ex
329 365 405 402 hoc
433 363 538 411 quod
571 367 727 409 tempus
760 363 798 398 iii
834 371 912 409 quo
946 363 1146 408 loquimur
1179 361 1375 405 coexistit,
1406 361 1628 404 aeternitati,
1659 361 1720 397 vel

97 413 214 452 etiam
249 416 406 458 tempus
438 410 678 458 praeteritum
715 410 819 456 quod
852 409 1083 453 designatur
1119 419 1207 445 cuin
1244 409 1441 445 dicimus:
1464 410 1567 444 Deus
1590 408 1719 443 seivit.

98 460 205 498 Unde
227 459 418 496 habitudo
441 458 632 503 temporis
662 456 848 503 praeteriti
882 457 942 492 vel
978 457 1186 501 piamentis
1211 456 1258 492 ad
1288 456 1477 500 futurum,
1511 455 1719 492 {eternitati

97 505 476 590 ᾶῑῑΐίἒυίῐυῖἿᾳυοᾱ
502 504 668 542 omnino
692 504 728 540 ei
750 512 830 540 non
864 504 1063 549 competit.
1084 506 1126 539 Et
1147 513 1194 539 ex
1216 503 1290 540 hoc
1324 502 1467 539 accidit
1500 502 1721 539 secundum

97 554 180 593 acci
212 562 284 590 ens
321 553 403 590 ali.

143 603 334 641 Praeterea,
351 600 386 638 si
403 599 715 646 unumquodque
735 608 757 635 a
772 601 851 635 Deo
867 598 1124 643 cognoscitur
1139 597 1242 634 sicut
1255 596 1558 642 praesentialitcr
1575 597 1720 641 visum,

98 648 156 686 sic
175 647 448 684 necessarium
482 647 555 684 erit
587 655 689 689 esse,
716 646 820 692 quod
853 647 956 681 Deus
993 645 1222 691 cognoscit;
1245 644 1348 680 sicut
1369 644 1639 681 necessarium
1662 647 1723 681 est

98 697 300 733 Socratem
321 694 472 738 sedere,
495 704 542 730 ex
571 693 673 740 quod
700 693 836 729 sedere
865 693 1033 729 videtur.
1063 693 1142 727 Hoc
1172 694 1302 727 autem
1333 700 1412 727 non
1449 691 1722 727 necessarium

98 745 158 780 est
178 741 374 786 absolute,
403 741 511 778 velut
531 751 554 778 a
579 740 818 786 quibusdam
853 740 1010 782 dicitur,
1042 738 1279 774 necessitate
1319 739 1616 784 consequentis,
1652 737 1724 775 sed

99 788 174 827 sub
195 788 437 832 conditione,
459 787 520 824 vel
546 787 782 824 necessitate
801 786 1111 832 consequentiae.
1129 787 1217 821 HIEC
1235 784 1340 821 enini
1367 785 1651 822 conditionalis
1664 789 1724 821 est

99 836 350 874 necessaria:
369 850 387 868 «
411 835 450 872 Si
467 835 622 871 videtur
653 834 804 878 sedere,
828 833 937 870 sedet
958 847 991 868 ».
1018 832 1136 875 Unde,
1157 831 1229 868 etsi
1249 832 1533 868 conditionalis
1556 832 1593 867 in
1617 836 1721 869 cate-

128 883 276 920 oriCani
298 882 552 925 tansferatur,
576 885 617 918 ut
637 881 789 918 dicatur
811 893 818 916 :
844 894 862 912 «
884 879 996 923 Quod
1026 879 1179 915 videtui·
1215 878 1366 923 sedere,
1390 888 1555 915 neccsse
1581 884 1641 915 cst
1662 888 1724 916 sc-

128 939 191 967 ere
209 942 243 974 »;
266 933 369 975 patet
401 938 486 966 eam
522 929 568 965 de
596 928 700 964 dicto
730 927 968 963 intellectam
999 929 1036 962 et
1055 926 1316 971 compositam
1339 935 1427 962 esse
1448 936 1595 969 verani,
1615 927 1661 962 de
1682 935 1724 962 re

100 985 193 1014 vero
213 976 453 1013 intellectam
476 979 514 1012 et
533 975 715 1018 divisam,
738 983 827 1010 esse
844 974 997 1010 salsam.
1023 975 1064 1008 Et
1086 973 1143 1009 sic
1160 973 1221 1009 liis
1240 973 1281 1008 In
1301 973 1488 1009 omnibus
1507 973 1722 1017 similibus,

128 1032 187 1061 uae
201 1023 267 1059 Dei
281 1023 488 1059 scitintiam
511 1022 616 1058 circa
642 1021 914 1066 contingentia
939 1023 1216 1066 oppugnantes
1231 1024 1571 1066 argumentantur,
1587 1029 1726 1057 sccun-

100 1033 193 1108 gum
215 1069 547 1115 compositionem
569 1072 607 1105 et
627 1068 864 1105 divisionem
893 1068 1096 1103 falluntur,

148 1116 260 1160 Quod
279 1120 408 1153 autem
431 1118 535 1152 Deus
557 1116 689 1152 futura
707 1115 981 1161 contingentia
1002 1114 1101 1151 sciat
1121 1114 1239 1150 ctiam
1260 1114 1494 1151 auctoritate
1514 1114 1724 1159 Scriptura}

99 1172 222 1202 sacrae
243 1163 478 1200 ostenditur.
501 1162 651 1199 Dicitur
671 1162 791 1206 enim,
812 1164 915 1208 Sap,
936 1170 1023 1205 viii,
1040 1164 1074 1205 8,
1092 1161 1138 1197 de
1161 1162 1293 1198 divina
1314 1162 1540 1206 Sapientia:
1563 1161 1727 1204 Samaei

97 1213 259 1247 monstra
272 1211 352 1254 scit,
368 1212 561 1255 antequam
575 1212 678 1255 siniit,
695 1212 728 1245 et
741 1212 885 1244 eventus
900 1212 1095 1254 temporum
1109 1211 1141 1244 et
1154 1209 1375 1250 soecalorzmm
1389 1212 1425 1244 et
1438 1208 1571 1248 Eccli„
1588 1216 1724 1252 XXXIX,

98 1260 158 1301 24,
174 1260 218 1294 25
238 1259 342 1294 :Non
358 1259 410 1293 est
429 1258 622 1302 quicquam
642 1256 889 1292 absconditum
908 1256 953 1291 cib
974 1257 1085 1291 ocutis
1105 1255 1196 1301 ejus,
1213 1267 1234 1291 a
1250 1256 1378 1291 saeculo
1409 1265 1521 1300 usque
1551 1257 1591 1290 in
1615 1264 1726 1291 saecu-

100 1305 173 1341 lum
192 1305 365 1349 respicic;
393 1307 431 1340 et
448 1305 557 1349 lsai„
588 1312 727 1349 XLVIII,
749 1306 795 1340 5:
825 1304 989 1339 Praecliaei·
1023 1303 1092 1338 tibi·
1118 1313 1163 1339 ea:
1199 1306 1297 1347 tanc,
1326 1305 1519 1348 antequam
1547 1303 1711 1338 venirent

99 1352 264 1388 indicat-i·
282 1351 362 1387 tibi.
385 1350 417 1397 (1
436 1354 553 1398 part„
572 1360 610 1397 q.
632 1359 715 1396 mv,
738 1354 809 1387 art.
831 1350 904 1396 13.)

731 1450 899 1491 CAPUT
926 1450 1100 1491 LXVIII.

471 1546 571 1580 onon
596 1546 694 1575 DEUS
721 1545 930 1575 coenosam*
953 1546 1080 1575 morus
1101 1544 1356 1575 VOLUNTA‘sis.

148 1668 297 1720 Deinde
318 1669 472 1713 oportet
492 1667 700 1705 ostendere
721 1669 827 1715 quod
850 1670 954 1706 Deus
982 1669 1245 1715 cogitationes
1265 1669 1457 1707 mentium
1484 1675 1522 1707 et
1539 1671 1720 1708 volunta-

97 1719 160 1754 tes
179 1715 359 1752 cordium
379 1719 598 1760 cognoscat
615 1716 656 1752 in
670 1716 812 1752 Virtute
834 1719 873 1752 et
894 1725 1029 1760 causa,
1045 1725 1132 1753 cum
1154 1717 1239 1762 ipse
1254 1717 1305 1753 sit
1321 1718 1543 1754 universale
1560 1719 1719 1755 essendi

97 1762 351 1811 principium.
375 1762 498 1798 Omne
520 1762 626 1799 enim
657 1763 762 1809 quod
795 1771 1047 1810 quocumque
1076 1764 1195 1800 modo
1227 1767 1300 1808 est,
1322 1765 1578 1811 cognoscitur
1598 1776 1620 1802 a
1639 1768 1720 1803 Deo

97 1812 140 1847 in
160 1812 352 1857 quantum
373 1817 487 1846 suam
515 1810 729 1847 essentiam
760 1810 982 1857 cognoscit,
1003 1813 1046 1846 ut
1068 1819 1188 1855 supra
1209 1809 1308 1856 (cap.
1329 1813 1388 1858 49)
1415 1815 1621 1849 ostensum
1645 1817 1716 1850 est.

97 1859 177 1895 Ens
211 1859 340 1893 autem
372 1855 571 1902 quoddam
600 1857 642 1893 i'n
676 1857 809 1893 anima
838 1860 911 1901 est,
944 1857 1141 1902 quoddam
1175 1858 1216 1893 iti
1241 1857 1360 1894 rebus
1393 1863 1502 1895 extra
1532 1860 1718 1896 animam.

97 1902 312 1951 Cognoscit
328 1902 450 1949 igitur
467 1904 571 1940 Deus
592 1904 724 1941 omnis
745 1905 864 1950 liujus
884 1904 987 1941 entis
1009 1903 1267 1949 differentias,
1288 1909 1326 1941 et
1346 1915 1432 1952 quae
1454 1906 1528 1943 sub
1550 1907 1608 1944 eis
1625 1916 1720 1944 con-

96 1951 289 1989 tinentur.
310 1951 389 1987 Ens
409 1953 541 1988 autem
560 1950 599 1987 in
622 1951 756 1988 anima
775 1955 848 1996 est,
870 1951 976 1998 quod
1004 1955 1065 1988 est
1087 1952 1127 1987 in
1147 1951 1348 1989 voluntate
1369 1953 1429 1989 vel
1461 1954 1716 2000 cogitatione.

96 1997 348 2080 Relinquititir
366 1997 490 2044 igitur
523 1997 629 2045 quod
662 2000 766 2036 Deus
798 2008 845 2036 ea
875 2008 963 2046 quae
995 2001 1089 2036 sunt
1116 1999 1158 2036 in
1182 1999 1423 2046 cogitatione
1449 2004 1488 2038 et
1517 2001 1719 2038 voluntate

97 2053 301 2093 cognosca
323 2071 332 2081 .

119 2091 407 2144 ,Amplius—sic
426 2092 531 2129 Deus
552 2092 833 2139 cognoscendo
861 2101 975 2130 suam
1008 2093 1223 2130 essentiam
1257 2094 1335 2132 alia
1369 2094 1592 2142 cognoscit,
1614 2094 1718 2132 sicut

96 2148 168 2192 per
189 2141 459 2186 cognitionem
478 2148 609 2176 causae
628 2143 927 2186 cognoscuntur
945 2138 1124 2178 effectus.
1144 2141 1286 2178 Omnia
1305 2141 1426 2188 igitur
1445 2143 1549 2178 Deus
1571 2151 1718 2188 cogno-

96 2189 186 2230 scit,
218 2194 332 2223 suam
359 2186 574 2223 essentiam
604 2187 900 2233 cognoscendo,
922 2187 971 2224 ad
1003 2197 1090 2234 quae
1123 2196 1198 2225 sua
1228 2188 1443 2226 causalitas
1480 2189 1717 2226 extenditur.

97 2232 329 2286 Exteiiditur
348 2236 478 2270 autem
500 2233 549 2270 ad
575 2234 827 2280 operationes
856 2234 1084 2272 intellectus
1102 2238 1140 2271 et
1159 2235 1388 2272 voluntatis.
1411 2237 1522 2280 Nam,
1544 2245 1633 2273 cum
1655 2244 1718 2272 res

99 2280 289 2327 quaelibet
308 2283 491 2326 operetur
508 2290 578 2327 per
598 2290 712 2318 suam
741 2282 923 2326 formam,
956 2291 979 2318 a
1006 2291 1083 2328 qua
1103 2285 1163 2318 est
1184 2282 1345 2329 aliquod
1366 2291 1454 2319 esse
1475 2283 1546 2327 rei,
1567 2286 1722 2328 oportet

97 2327 247 2380 fontale
268 2327 508 2380 principium
526 2327 649 2365 totius
670 2337 773 2373 esse,
795 2338 818 2365 a
837 2338 916 2375 quo
937 2331 998 2366 est
1020 2329 1137 2365 etiam
1156 2330 1288 2366 omnis
1309 2330 1450 2373 forma,
1471 2329 1604 2366 omnis
1625 2339 1716 2375 ope-

97 2378 268 2426 rationis
288 2383 525 2426 principium
547 2384 651 2420 esse,
672 2384 763 2412 cum
782 2374 947 2412 effectus
968 2384 1179 2413 causarum
1202 2376 1468 2412 secundarum
1500 2377 1541 2411 in
1574 2385 1718 2413 causas

97 2428 248 2505 pffmas
267 2421 528 2503 principaltius
548 2422 800 2460 reducantur.
823 2422 1037 2469 Cognoscit
1056 2422 1178 2469 igitur
1195 2424 1300 2460 Deus
1329 2425 1367 2459 et
1398 2421 1660 2468 cogitationes
1681 2426 1719 2459 et

98 2477 123 2505 a
157 2476 199 2504 ec
220 2475 336 2504 iones
358 2475 448 2504 men
468 2477 517 2505 is.

144 2515 249 2566 Item,
269 2513 374 2566 sicut
402 2522 492 2551 esse
523 2522 641 2552 suum
672 2519 734 2553 est
762 2515 949 2562 primum,
970 2518 1009 2553 et
1040 2524 1110 2561 per
1130 2515 1205 2552 hoc
1225 2515 1358 2552 omnis
1386 2524 1476 2553 esse
1506 2525 1641 2561 causa,
1661 2516 1718 2554 ita

98 2570 218 2601 suum
239 2560 463 2614 intelligere
488 2564 549 2598 est
573 2562 757 2607 primum,
778 2566 817 2599 et
835 2572 905 2609 per
925 2563 1001 2599 hoc
1019 2561 1151 2599 omnis
1172 2562 1453 2600 intellectualis
1473 2563 1717 2609 operationis

99 2617 237 2646 causa.
253 2608 362 2645 Sicut
381 2610 503 2655 igitur
521 2609 639 2653 Deus,
661 2609 941 2655 cognoscendo
963 2618 1080 2646 suum
1101 2617 1205 2653 esse,
1223 2609 1432 2656 cognoscit
1460 2618 1549 2647 esse
1580 2610 1715 2657 cujus-

97 2655 194 2694 libet
213 2655 286 2708 rei,
307 2655 376 2699 ita,
395 2655 676 2702 cognoscendo
707 2665 824 2693 suum
854 2656 1077 2703 intelligere
1107 2659 1144 2693 ct
1177 2656 1291 2701 velle,
1321 2656 1530 2704 cognoscit
1557 2666 1717 2695 omnem

101 2702 385 2749 cogitationem
407 2705 446 2739 et
461 2702 719 2739 voluntatem.

145 2749 293 2793 Adhuc,
311 2750 416 2787 Deus
433 2758 514 2787 non
536 2749 666 2787 solum
686 2749 894 2797 cognoscit
910 2758 975 2787 res
995 2748 1214 2787 secundum
1234 2749 1340 2797 quod
1359 2750 1402 2787 in
1432 2750 1578 2797 seipsis
1607 2754 1714 2796 sunt,

100 2795 171 2835 sed
191 2796 310 2834 etiam
331 2796 550 2834 secundum
572 2796 676 2844 quod
698 2800 792 2834 sunt
812 2797 852 2833 in
874 2796 1007 2834 causis
1028 2797 1128 2842 suis,
1152 2800 1195 2833 ut
1211 2806 1260 2834 ex
1279 2797 1517 2844 supradictis
1548 2798 1648 2846 (cap.
1671 2801 1716 2836 66

101 2842 150 2880 ad
159 2841 252 2896 fin.)
272 2846 392 2890 patet.
408 2844 622 2891 Cognoscit
642 2844 748 2880 enim
769 2844 949 2881 ordinem
969 2852 1099 2881 causae
1117 2843 1166 2880 ad
1186 2852 1303 2881 suum
1321 2844 1517 2882 etlectum.
1534 2846 1607 2883 Sed
1627 2845 1716 2882 arti-

102 2888 250 2931 ficialia
269 2890 424 2930 suntin
444 2888 662 2931 artIficibus
690 2899 762 2940 per
790 2890 1035 2930 intellectum
1055 2894 1094 2930 et
1111 2890 1353 2930 voluntatem
1382 2891 1591 2935 artificum,
1613 2892 1716 2936 sicut
