1894 3223
125 117 193 152 552
693 110 780 146 LtB.
809 110 866 153 lV,
894 110 994 145 CAP.
1021 110 1165 144 XXXIV.

127 197 213 242 Ipse
234 196 362 230 autem
383 201 425 228 se
453 186 548 227 dicit
564 189 724 226 venisse
744 189 785 224 in
803 188 995 225 mundum
1017 200 1026 225 :
1045 190 1169 233 Eoeivi,
1188 189 1329 236 inquit,
1348 199 1372 225 a
1388 191 1510 233 Patre,
1543 191 1577 224 et
1591 190 1674 225 veni
1703 191 1745 226 in

126 241 313 278 mundum.
337 240 494 285 worma„
509 245 592 281 xvi,
613 236 688 283 28.)
707 235 957 272 Manifestum
978 239 1038 272 est
1067 236 1188 282 igitur
1219 237 1324 283 quod
1342 236 1381 273 id
1401 236 1507 283 quod
1527 236 1653 273 Verbo
1674 237 1744 274 Dei

128 287 312 325 convenit
351 285 396 321 de
420 284 582 320 homine
603 283 674 319 illo
707 283 847 319 dicitur
871 292 988 326 vere;
1011 291 1101 318 nam
1129 283 1234 329 quod
1267 283 1391 320 Verbo
1429 283 1497 320 Dei
1533 283 1746 320 conveniat

127 334 259 370 venire
279 332 318 368 in
341 331 546 374 mundum,
582 330 789 366 manifeste
823 329 997 366 ostendit
1019 331 1193 366 Joannes
1231 330 1486 376 evangelista,
1509 329 1646 367 dicens
1671 341 1680 366 :
1701 331 1747 366 In

126 380 258 416 mancio
278 382 366 419 erat,
402 381 434 413 et
451 377 608 413 mundus
622 387 691 422 per
725 378 844 421 ipsum
867 378 987 420 factus
1011 378 1074 416 est,
1091 379 1124 411 et
1139 377 1296 412 mundus
1316 387 1395 412 eum
1412 388 1483 413 non
1505 378 1681 421 cognovit.
1703 378 1746 413 In

122 427 277 473 propria
294 427 392 460 venit
416 425 572 470 (Joann.,
593 433 620 468 1,
654 426 710 467 10,
735 422 805 468 11),
842 427 915 459 etc.
938 424 1098 468 Oportet
1129 423 1250 469 igitur
1270 433 1480 468 personam
1502 428 1538 459 et
1557 424 1745 470 hyposta-

128 474 203 510 sim
222 472 332 508 illius
351 471 527 508 hominis
549 469 749 516 loquentis
771 478 858 506 esse
878 478 1090 515 personam
1115 474 1151 506 et
1173 470 1419 516 hypostasim
1436 471 1549 507 Verbi
1571 471 1653 507 Dei.

171 522 271 558 Item.
293 518 505 564 Apostolus
522 517 616 554 dicit
629 517 677 554 ad
693 516 890 561 Hebraeos,
909 525 948 560 x,
972 519 991 552 5
1015 528 1023 552 :
1044 516 1252 561 Inqrediens
1268 517 1441 552 mundum
1455 518 1567 554 dicit:
1584 518 1747 553 Hostiam

125 569 160 603 et
179 567 391 602 oblationem
425 566 599 608 noluisti3
637 574 765 609 corpus
785 566 902 598 autem
931 565 1068 609 aptasti
1093 564 1196 599 mihi.
1224 563 1455 609 Ingrediens
1476 568 1607 601 autem
1635 573 1746 602 mun-

129 613 222 650 dum
242 613 410 648 Verbum
431 612 498 648 Dei
520 613 592 655 est,
611 614 654 647 ut
674 613 879 647 ostensum
904 615 976 647 est.
998 610 1077 656 Ipsi
1110 619 1204 657 ergo
1226 610 1294 646 Dei
1319 610 1444 647 Verbo
1471 620 1615 657 corpus
1638 614 1745 657 apta-

126 664 204 704 tur,
227 663 268 696 ut
286 660 437 696 scilicet
455 658 504 695 sit
529 658 729 704 proprium
750 666 894 702 corpus
916 657 1027 703 ejus;
1050 657 1155 703 quod
1171 657 1247 694 dici
1269 666 1350 694 non
1372 661 1521 702 posset,
1541 658 1619 695 nisi
1641 661 1748 695 esset

128 707 264 744 eadem
287 706 514 752 hypostasis
534 705 647 741 Verbi
668 705 736 741 Dei
758 708 793 740 et
812 704 919 741 illius
938 704 1125 741 bominis.
1147 705 1306 750 Oportet
1324 704 1447 751 igitur
1464 713 1554 741 esse
1569 705 1747 742 eamdem

127 754 375 801 hypostasim
392 753 458 789 Dei
480 752 593 788 Verbi
614 756 651 788 et
670 752 780 788 illius
802 751 990 788 hominis.

175 801 357 845 Amplius,
393 799 523 836 omnis
540 798 706 835 mutatio
738 798 798 835 vel
818 798 953 844 passio
980 798 1223 835 conveniens
1250 797 1407 844 corpori
1426 798 1598 843 alicujus
1618 801 1749 845 potest

131 847 291 884 attribui
314 847 348 883 ei
369 846 483 892 qu'us
504 849 563 882 est
582 854 753 891 corpus3
776 845 810 882 si
833 845 937 881 enim
960 854 1105 890 corpus
1134 845 1236 882 Petri
1266 846 1507 886 vulneretur,
1528 845 1751 892 flagelletur

129 898 196 931 aut
215 894 420 937 moriatur,
443 896 573 938 potest
592 892 667 929 dici
688 892 792 939 quod
815 894 952 929 Petrus
972 892 1213 937 vulneratur,
1239 891 1461 939 flagellatur
1481 895 1548 929 aut
1566 892 1747 930 moritur.

128 941 201 977 Sed
229 950 373 986 corpus
391 940 501 977 illius
521 939 698 976 hominis
731 939 802 975 suit
829 948 973 984 corpus
1005 939 1119 975 Verbi
1141 940 1222 984 Dei,
1253 943 1296 976 ut
1316 943 1523 976 ostensum
1544 942 1617 976 est.
1648 940 1749 986 Ergo

130 988 259 1024 omnis
278 987 412 1033 passio
448 996 535 1034 qure
555 987 596 1022 in
617 995 782 1031 corpore
808 985 915 1023 illius
952 986 1127 1023 hominis
1160 986 1263 1023 sacta
1283 985 1356 1023 fuit
1375 989 1506 1033 potest
1534 985 1660 1023 Verbo
1680 985 1750 1023 Dei

130 1035 303 1071 attribui.
325 1036 442 1070 Recte
480 1034 602 1080 igitur
635 1036 766 1079 potest
786 1032 861 1069 dici
897 1033 1002 1079 quod
1022 1033 1189 1069 Verbum
1230 1033 1297 1070 Dei
1319 1036 1357 1070 et
1387 1034 1491 1070 Deus
1508 1036 1568 1070 est
1588 1042 1747 1080 passus,

129 1081 355 1124 crucifixus,
379 1083 559 1118 mortuus
580 1083 617 1117 et
635 1080 839 1125 sepultus;
866 1080 971 1126 quod
997 1080 1074 1126 ipsi
1094 1080 1305 1126 negabant.

174 1130 275 1172 Item,
296 1128 509 1175 Apostolus
527 1127 632 1171 dicit,
650 1128 698 1164 ad
720 1127 915 1167 Hebraeos,
939 1136 981 1170 11,
1005 1130 1048 1164 10
1068 1139 1075 1163 ε
1098 1128 1250 1162 Decebat
1269 1137 1360 1171 eum,
1377 1130 1527 1172 propter
1546 1136 1651 1172 quem
1680 1136 1750 1163 om-

128 1177 205 1219 nia,
229 1178 261 1210 et
275 1185 343 1220 per
360 1185 463 1220 quem
476 1176 608 1217 omnia,
628 1176 692 1220 qui
710 1175 837 1209 multos
855 1174 948 1219 filios
965 1175 1005 1209 in
1026 1174 1180 1218 9Zor2'am
1199 1174 1405 1209 adduoeerat
1423 1176 1601 1209 auctorem
1620 1173 1749 1210 salutis

130 1232 250 1258 eorum
265 1232 332 1266 per
352 1223 556 1267 passionem
585 1222 838 1256 consummari.
876 1223 929 1256 Ex
954 1230 1033 1266 quo
1059 1220 1227 1256 habetur
1247 1221 1351 1267 quod
1371 1221 1435 1256 ille
1453 1224 1611 1266 propter
1631 1229 1748 1266 quem

131 1273 224 1305 sunt
246 1269 381 1305 omnia
409 1272 445 1304 et
466 1269 533 1314 qui
568 1268 748 1304 homines
770 1268 810 1303 in
832 1267 999 1313 gloriam
1037 1267 1195 1304 adducit
1216 1271 1253 1303 ct
1279 1267 1345 1314 qui
1370 1271 1431 1304 est
1451 1271 1588 1303 auctor
1609 1268 1750 1305 salutis

131 1314 315 1352 humanae
337 1324 480 1360 passus
511 1318 570 1351 est
596 1318 634 1350 et
660 1318 855 1350 mortuus.
877 1314 950 1350 Sed
983 1314 1066 1351 haec
1087 1319 1257 1360 quatuor
1277 1315 1531 1360 singulariter
1551 1317 1644 1351 sunt
1663 1315 1747 1359 Dei,

132 1365 169 1398 et
190 1362 288 1397 nulli
309 1362 375 1398 alii
410 1361 676 1398 attribuuntur
696 1373 704 1404 ;
727 1361 868 1397 dicitur
897 1361 1014 1403 enim,
1050 1363 1177 1403 PrOV„
1208 1369 1293 1405 xvi,
1316 1364 1358 1397 14
1378 1373 1386 1397 z
1414 1363 1589 1397 Universa
1600 1365 1751 1406 propter

130 1411 355 1453 semetipsum
376 1411 541 1453 operatus
561 1411 612 1445 est
636 1410 809 1443 Dominus
829 1420 839 1449 ‚-
861 1408 954 1443 etde
977 1407 1100 1443 Verbo
1122 1407 1189 1443 Dei
1210 1408 1354 1444 dicitur
1375 1419 1383 1443 τ
1404 1409 1533 1443 Omnia
1545 1418 1613 1453 per
1630 1409 1752 1453 ipsum

129 1457 231 1499 facta
246 1458 331 1490 sunt
346 1454 601 1501 (Joann.,1,3);
625 1458 685 1490 et:
705 1455 868 1490 Gratiam
887 1457 919 1490 et
935 1455 1088 1498 gyloriam
1105 1455 1205 1489 (labit
1220 1456 1391 1489 Dominus
1407 1454 1569 1500 (Psalm.‚
1585 1462 1747 1496 LXXXIII,

132 1502 188 1547 12)
209 1514 216 1545 ;
240 1506 276 1537 et
302 1502 392 1537 alibi
415 1513 422 1537 :
445 1502 552 1538 Salus
574 1504 690 1536 autem
705 1501 888 1545 justorum
909 1512 931 1535 a
949 1502 1111 1536 Domino.
1130 1501 1277 1547 (Psalm.
1303 1509 1442 1545 XXXVI,
1474 1500 1548 1547 39.)
1569 1501 1750 1540 Manifes-

131 1551 214 1585 tum
239 1552 297 1585 est
310 1548 428 1595 igitur
447 1552 552 1585 recte
573 1548 648 1584 dici
666 1549 810 1592 Deum,
824 1548 892 1584 Dei
913 1547 1095 1590 Verbum,
1124 1557 1213 1584 esse
1233 1557 1396 1594 passum
1417 1552 1455 1584 et
1474 1552 1688 1585 mortuum.

177 1597 366 1635 Praeterea,
393 1595 484 1631 licet
501 1595 642 1641 aliquis
663 1595 782 1631 homo
816 1595 1116 1640 participatione
1139 1595 1258 1631 divini
1281 1595 1445 1631 dominii
1465 1595 1651 1632 dominus
1673 1595 1750 1633 dici

130 1643 271 1688 possit,
286 1642 687 1678 nullushomotamen
705 1651 830 1688 neque
841 1646 1015 1678 creatura
1027 1642 1159 1687 aliqua
1169 1642 1378 1688 potestdici
1393 1642 1582 1679 Dominus
1592 1642 1749 1689 gloriae;

132 1690 224 1735 quia
244 1690 409 1735 gloriam
433 1690 573 1725 futurae
593 1688 850 1725 beatitudinis
875 1689 987 1725 solus
1009 1691 1112 1725 Deus
1130 1699 1177 1725 ex
1197 1691 1336 1726 natura
1355 1689 1545 1734 possidet,
1571 1689 1635 1726 alii
1655 1698 1750 1726 vero

129 1746 199 1782 per
219 1736 365 1772 donum
390 1736 549 1782 gratiae3
570 1736 672 1772 unde
693 1738 730 1772 et
759 1736 914 1780 dicitur,
935 1736 1039 1772 Psal.
1068 1744 1180 1779 XXIII,
1201 1739 1244 1773 10
1266 1738 1462 1772 :Dominus
1480 1738 1658 1773 virtutum
1675 1738 1753 1782 ipse

131 1787 181 1818 est
200 1785 276 1819 Rcoe
296 1784 432 1827 qloriae.
455 1783 527 1819 Sed
557 1783 769 1828 Apostolus
794 1783 888 1819 dicit
912 1783 1121 1819 Dominum
1144 1783 1281 1829 gloriae
1312 1792 1400 1820 esse
1423 1783 1652 1820 crucifixum
1681 1795 1689 1820 :
1710 1783 1752 1820 Si

131 1832 223 1865 enim
243 1832 499 1873 cognovissent,
516 1841 703 1874 nunquam
717 1832 912 1865 Dominum
931 1831 1054 1874 9lorz'ae
1073 1831 1347 1876 crucifiaeissent.
1363 1830 1397 1877 (I
1413 1831 1507 1874 Gor„
1527 1839 1570 1875 ΙΙ,
1590 1830 1642 1877 8.)
1654 1831 1750 1867 Vere

131 1877 252 1923 igitur
273 1877 346 1913 dici
368 1880 497 1922 potest
518 1877 622 1923 quod
643 1878 747 1913 Deus
763 1877 813 1913 sit
831 1876 1055 1913 crucifixus.
1688 1900 1692 1902 -

178 1924 321 1963 Adhuc,
343 1923 509 1960 Verbum
547 1923 615 1959 Dei
648 1923 789 1960 dicitur
809 1923 877 1959 Dei
914 1923 1033 1960 Filius
1068 1932 1137 1968 per
1155 1927 1351 1967 naturam,
1373 1926 1415 1960 ut
1435 1933 1483 1960 ex
1510 1922 1751 1969 supradictis

133 1969 180 2013 (e.
209 1974 242 2005 11
269 1974 306 2006 et
327 1970 383 2016 14)
411 1973 515 2015 patet
535 1982 543 2014 3
566 1970 685 2006 homo
707 1973 850 2010 autem,
875 1974 1033 2015 propter
1056 1969 1383 2006 inhabitationem
1407 1970 1488 2015 Dei,
1521 1970 1664 2007 dicitur
1682 1971 1751 2008 Dei

130 2016 234 2053 filius
256 2026 324 2061 per
359 2017 523 2063 gratiam
556 2016 792 2062 adoptionis.
814 2016 875 2053 Sic
892 2016 1011 2063 igitur
1029 2017 1068 2052 in
1100 2017 1266 2053 Domino
1285 2019 1379 2054 Jesu
1410 2017 1580 2060 Christo,
1608 2026 1750 2054 secun-

132 2063 224 2100 dum
250 2064 487 2108 positionem
520 2063 759 2108 praedictam,
793 2067 853 2100 est
877 2064 1053 2109 accipere
1087 2067 1297 2110 utrumque
1322 2063 1528 2100 filiationis
1561 2064 1748 2109 modum;

131 2119 221 2146 nam
243 2110 410 2146 Verbum
433 2110 661 2146 inhabitans
681 2114 740 2146 est
758 2110 825 2146 Dei
847 2110 967 2147 Filius
985 2120 1054 2156 per
1074 2113 1269 2155 naturam,
1291 2111 1411 2147 homo
1426 2111 1670 2148 inhabitatus
1691 2114 1753 2149 est

130 2157 197 2193 Dei
218 2156 325 2194 filius
345 2167 414 2202 per
437 2157 600 2202 gratiam
616 2157 854 2203 adoptionis.
876 2157 983 2193 Unde
998 2157 1118 2194 homo
1138 2157 1204 2194 ille
1225 2166 1304 2195 non
1322 2161 1452 2204 potest
1471 2158 1547 2195 dici
1566 2158 1750 2205 proprius

130 2204 190 2240 vel
220 2204 448 2249 unigenitus
482 2204 549 2240 Dei
583 2204 720 2248 Filius,
745 2204 814 2241 sed
835 2204 963 2241 solum
988 2205 1056 2241 Dei
1090 2204 1272 2250 Verbum,
1292 2205 1399 2252 quod
1420 2205 1637 2242 secundum
1660 2215 1750 2251 pro-

130 2251 335 2295 prietatem
372 2250 588 2288 nativitatis
621 2251 875 2298 singulariter
893 2261 916 2287 a
947 2253 1060 2288 Patre
1095 2251 1271 2298 genitum
1305 2256 1378 2289 est.
1399 2252 1585 2289 Attribuit
1619 2257 1749 2289 autem

131 2297 331 2342 Scriptura
351 2298 510 2343 proprio
531 2300 569 2334 et
588 2297 791 2345 unigenito
813 2297 881 2335 Dei
906 2298 1000 2335 Filio
1021 2298 1248 2343 passionem
1267 2302 1304 2335 et
1323 2303 1488 2336 mortem
1506 2310 1515 2342 ;
1534 2299 1628 2336 dicit
1645 2300 1750 2337 enim

128 2345 342 2389 Apostolus
365 2357 372 2380 :
395 2346 547 2390 Proprio
565 2346 657 2381 Filio
694 2355 756 2381 suo
775 2356 848 2380 non
879 2347 1053 2390 pepercit,
1086 2346 1148 2381 sed
1180 2356 1248 2391 pro
1279 2346 1382 2382 nobis
1403 2346 1566 2382 omnibus
1595 2346 1752 2382 tradidit

129 2391 232 2426 illum
252 2391 378 2437 (Rom,
401 2401 488 2436 VIII,
508 2391 566 2438 32)
589 2403 598 2436 3
622 2395 659 2428 et
681 2403 688 2428 :
707 2392 767 2428 Sic
785 2394 877 2428 Deus
898 2392 1028 2428 ditexit
1046 2393 1236 2433 mundum,
1256 2396 1297 2428 ut
1311 2394 1445 2429 Filium
1469 2403 1573 2428 suum
1588 2395 1754 2438 untyenz'-

129 2440 204 2473 tum
225 2438 340 2482 dcu‘et,
353 2441 393 2474 ut
412 2440 525 2474 omnis
543 2440 606 2484 qui
625 2439 739 2475 credit
754 2440 795 2474 in
813 2449 892 2475 eum
921 2449 993 2475 non
1009 2442 1147 2485 pereat,
1178 2440 1240 2476 sed
1271 2440 1402 2475 habeat
1428 2441 1541 2475 vitam
1565 2443 1748 2476 aeternam.

131 2484 287 2530 (Joann.,
316 2495 374 2530 111,
400 2485 472 2532 16.)
500 2488 543 2522 Et
571 2486 678 2532 quod
698 2486 873 2532 loquitur
893 2485 940 2522 de
973 2486 1184 2523 traditione
1205 2486 1252 2524 ad
1286 2491 1466 2531 mortem,
1486 2490 1592 2532 patet
1612 2496 1682 2532 per
1710 2487 1751 2524 id

130 2532 235 2577 quod
258 2533 393 2568 eadem
413 2532 533 2569 verba
563 2541 684 2579 supra
711 2533 968 2579 praemiserat,
995 2533 1042 2570 de
1064 2533 1162 2570 Filio
1181 2533 1358 2571 hominis
1378 2533 1568 2571 crucifixo
1586 2533 1750 2571 dicens:

129 2578 229 2614 Sicut
248 2580 384 2624 Moyses
405 2580 581 2615 eaeattavit
599 2583 797 2626 serpentem
815 2582 854 2615 in
874 2580 1024 2625 deserto,
1036 2581 1091 2616 ita
1101 2583 1239 2627 oportet
1253 2582 1414 2617 emaltari
1427 2581 1561 2617 Filium
1581 2581 1748 2624 hominis,

128 2628 169 2659 ut
203 2628 316 2661 omnis
351 2628 414 2672 qui
457 2626 570 2662 credit
613 2628 652 2662 in
687 2628 819 2672 ipsum,
859 2637 930 2663 non
965 2630 1105 2673 pereat,
1140 2627 1203 2663 sed
1242 2628 1372 2664 habeat
1415 2629 1529 2663 vitam
1563 2630 1748 2663 aeternam.

132 2670 253 2717 (Ibat,
289 2676 344 2716 14,
370 2672 443 2720 15.)
462 2675 505 2710 Et
523 2673 737 2719 Apostolus
766 2677 934 2711 mortem
964 2673 1105 2711 Christi
1139 2674 1332 2712 indicium
1352 2674 1496 2712 divinae
1523 2673 1749 2710 dilectionis

130 2717 178 2754 ad
199 2719 391 2755 mundum
420 2729 509 2757 esse
545 2720 731 2765 ostendit,
767 2721 903 2758 dicens
925 2733 933 2758 :
957 2721 1188 2759 Commendat
1213 2731 1317 2757 suam
1351 2722 1563 2757 charitatem
1581 2722 1676 2756 Deus
1710 2721 1749 2755 in

127 2765 240 2804 nobis,
264 2767 444 2809 quoniam,
460 2777 571 2812 quum
588 2767 707 2804 adhuc
719 2771 923 2813 peccatores
943 2778 1108 2813 essemus,
1129 2768 1324 2804 secundum
1341 2771 1478 2813 tempus
1499 2767 1661 2803 Christus
1678 2776 1750 2810 pro

127 2811 228 2846 nobis
247 2815 407 2863 mortuus
428 2816 490 2847 est.
512 2813 641 2859 (Rom,
659 2823 700 2859 v,
716 2817 752 2861 8,
772 2814 825 2862 9.)
844 2816 961 2852 Recte
979 2814 1101 2862 igitur
1125 2814 1203 2853 dici
1220 2819 1352 2862 potest
1368 2814 1474 2862 quod
1492 2812 1661 2850 Verbum
1679 2813 1750 2850 Dei

127 2858 232 2894 Deus
251 2861 301 2895 sit
320 2867 464 2904 passus
486 2862 523 2895 et
541 2866 736 2899 mortuus.
