1894 3223
695 66 781 102 ΗΒ.
809 65 874 108 111,
901 64 1002 101 CAP.
1030 64 1127 100 LXV.
1651 63 1717 98 341

95 150 280 189 humanae
299 157 389 187 esse
408 147 583 195 aliquam
605 156 674 193 per
702 156 744 183 se
764 156 927 184 causam
947 150 1128 192 agentem
1146 157 1154 189 ;
1176 144 1284 192 quod
1316 144 1454 197 ipsius·
1480 143 1719 195 compositio

95 196 282 241 ostendit,
302 199 340 233 et
359 194 557 233 ordinatio
584 193 769 239 partium,
791 202 877 239 quae
909 193 1048 230 eodem
1082 192 1201 229 modo
1231 201 1276 228 se
1296 191 1412 228 habet
1444 199 1486 227 in
1515 190 1718 234 omnibus,

96 244 176 282 nisi
196 253 264 290 per
297 242 484 280 accidens
519 241 573 277 im
603 240 768 277 ediatur.
805 243 845 276 Et
868 240 1004 277 eadem
1034 240 1134 277 ratio
1152 243 1211 276 est
1232 239 1280 276 de
1311 238 1498 276 omnibus
1519 238 1609 290 aliis
1629 246 1717 284 spe-

96 291 234 329 ciebus
266 298 397 327 rerum
433 287 688 325 naturatum.
715 289 802 324 Haec
823 291 952 323 autem
973 296 1095 324 causa
1125 291 1187 324 est
1218 287 1335 329 Deus,
1352 285 1412 322 vel
1446 285 1629 329 mediate,
1655 284 1717 322 vel

96 336 336 376 immediate.
365 337 579 374 ostensum
597 340 658 372 est
674 335 780 371 enim
795 334 875 380 (lib.
891 343 933 378 ιι,
948 344 1032 380 cap.
1052 334 1087 380 6)
1105 333 1209 381 quod
1224 333 1308 378 ipse
1324 336 1384 370 est
1400 333 1526 378 prima
1540 332 1718 369 omnium

95 393 229 422 rerum
258 391 410 422 causa:
442 385 597 428 oportet
625 391 720 428 crgo
753 381 858 428 quod
881 382 965 426 ipsc
987 390 1029 418 se
1061 381 1136 418 boc
1166 381 1284 417 modo
1316 379 1458 417 habeat
1488 380 1536 416 ad
1565 379 1723 426 species

96 440 243 476 rerum,
264 431 370 469 sicut
389 438 432 467 se
452 429 570 466 habet
590 429 665 466 hoc
685 437 882 475 generans
902 429 938 464 in
963 432 1102 465 natura
1121 427 1169 464 ad
1196 427 1491 478 generationem
1510 427 1624 473 cujus
1658 430 1718 478 est

97 488 166 526 per
198 487 241 516 se
273 485 407 516 causa.
443 475 650 514 Generatio
680 479 812 512 autem
847 479 978 512 cessat
1010 478 1192 512 cessante
1212 478 1441 520 operatione
1475 477 1717 519 generamus.

98 527 202 573 Ergo
239 528 278 562 et
314 532 455 563 omnes
492 523 646 570 species
682 532 812 560 rerum
851 526 1068 566 cessarent,
1093 526 1274 559 cessante
1309 521 1538 568 operatione
1571 520 1717 558 divina.

100 573 224 621 Igitur
238 572 325 619 ipse
343 580 414 618 per
431 580 543 608 suain
566 570 835 616 operationem
857 573 1064 607 conservat
1082 578 1145 606 res
1166 568 1206 605 in
1228 577 1331 605 csse.

145 619 289 663 Adhuc,
307 618 398 656 licet
412 618 532 655 alicui
553 617 734 654 existenti
758 617 908 654 accidat
929 620 1073 660 motus,
1096 620 1228 655 tamen
1245 619 1380 654 motus
1392 620 1453 653 est
1470 619 1612 661 praeter
1631 623 1722 652 esse

99 667 171 705 rei.
195 666 352 704 Nullum
379 669 511 703 autem
544 673 777 711 corporeum
809 668 867 701 est
899 673 1021 700 causa
1045 663 1216 709 alicujus
1247 663 1318 707 rei,
1349 663 1427 699 nisi
1457 662 1496 699 in
1527 665 1720 710 quantum

101 717 293 758 movetur,
319 713 411 760 quia
433 712 584 749 nullum
604 721 748 757 corpus
769 712 849 757 agit
884 711 959 747 nisi
993 720 1061 756 per
1082 714 1247 754 motum,
1273 714 1314 746 ut
1332 710 1564 747 Aristotcles
1584 709 1723 756 probat

103 761 250 808 (Phys.
278 769 305 805 1,
325 764 416 796 text.
446 769 589 796 comni.
614 762 656 795 95
679 763 715 795 et
736 758 849 804 seq.).
874 758 1030 795 Nullum
1053 757 1173 803 igitur
1208 766 1353 803 corpus
1386 761 1446 794 est
1473 767 1595 794 causa
1632 765 1722 793 esse

103 808 271 854 alicujus
304 807 358 843 rei
380 807 421 844 in
442 810 631 852 quantum
660 810 719 842 est
745 814 846 848 6336,
865 804 933 841 sed
960 808 1019 840 cst
1037 814 1159 841 causa
1176 804 1275 849 ejus,
1296 804 1400 850 quod
1429 808 1488 840 cst
1505 813 1651 841 moveri
1673 802 1722 842 ad

104 864 207 900 csse,
236 854 339 901 quod
361 857 422 892 cst
451 853 532 890 lieri
556 854 626 889 rei.
651 854 743 889 Esse
774 856 902 888 autem
937 851 1148 898 cujuslibet
1168 851 1222 888 rei
1245 855 1305 888 est
1322 860 1409 888 6336
1431 851 1723 897 participatum,

104 911 194 939 cum
216 910 296 938 non
316 901 368 938 sit
385 909 448 938 res
464 900 609 947 aliqua,
627 904 766 945 praeter
785 901 921 941 Deum,
944 908 1060 936 suum
1082 908 1184 942 6336,
1201 902 1243 935 ut
1266 907 1384 944 supra
1403 898 1483 945 (lib.
1506 908 1532 943 1,
1555 907 1641 944 cap.
1662 897 1723 944 22)

105 949 311 995 probatum
334 951 406 991 est,
427 951 462 984 et
483 947 542 984 sic
560 950 713 992 oportet
731 946 836 992 quod
858 947 942 992 ipse
959 948 1076 988 Deus,
1101 945 1167 992 qui
1188 949 1247 982 cst
1268 954 1383 982 suum
1400 955 1502 990 esse,
1525 945 1577 983 sit
1595 945 1724 991 primo

105 1000 142 1033 et
172 1005 240 1041 per
270 1003 312 1032 se
333 1003 455 1031 causa
475 995 607 1030 omnis
628 1003 730 1030 csse.
753 993 816 1030 Sic
836 993 957 1039 igitur
977 1002 1020 1029 sc
1043 993 1160 1029 habet
1194 992 1241 1028 ad
1264 1001 1352 1029 esse
1386 1001 1516 1029 rerum
1547 992 1725 1038 operatio

105 1043 251 1085 divina,
274 1041 379 1079 sicut
398 1041 522 1078 motio
538 1040 716 1085 corporis
736 1039 933 1076 moventis
955 1039 1002 1076 ad
1023 1038 1121 1083 sieri,
1145 1042 1183 1075 et
1209 1040 1357 1076 moveri
1379 1048 1510 1076 rerum
1532 1039 1722 1076 factarum

104 1089 166 1126 vel
188 1091 396 1126 motarum.
428 1087 679 1133 Impossibile
701 1090 830 1123 aulem
856 1090 916 1123 est
948 1086 1053 1132 quod
1084 1085 1182 1130 fieri,
1209 1086 1269 1122 vel
1301 1086 1449 1123 moveri
1472 1086 1640 1132 alicujus
1670 1086 1724 1122 rei

105 1139 262 1174 maneat
296 1138 479 1172 cessante
501 1134 680 1171 motione
712 1133 920 1170 moventis.
958 1133 1210 1179 Impossibile
1247 1136 1310 1170 est
1341 1133 1462 1180 igitur
1499 1132 1604 1180 quod
1638 1141 1729 1170 esse

105 1182 274 1229 alicujus
294 1182 350 1219 rei
371 1185 573 1219 remaneat
593 1181 670 1218 nisi
692 1190 759 1226 per
780 1180 1050 1226 operationem
1066 1180 1254 1217 divinam.

152 1230 336 1275 Amplius,
358 1228 462 1266 sicut
498 1236 600 1274 opus
620 1228 716 1265 artis
739 1228 1008 1273 praesupponit
1037 1236 1140 1273 opus
1172 1231 1335 1271 natmae,
1363 1227 1418 1264 ita
1439 1237 1541 1273 opus
1576 1231 1726 1265 naturae

105 1276 377 1325 praesupponit
395 1284 496 1322 opus
530 1275 597 1312 Dei
618 1276 803 1313 creantis.
838 1277 932 1311 Nam
953 1275 1118 1311 materia
1139 1273 1405 1311 artificialium
1438 1279 1498 1312 est
1517 1284 1539 1312 a
1569 1278 1724 1320 natura,

107 1324 347 1362 naturalium
359 1332 453 1360 vero
479 1332 549 1369 per
568 1322 809 1360 creationem
825 1331 847 1358 a
868 1324 960 1358 Deo.
982 1321 1209 1358 Artificialia
1228 1325 1357 1359 autem
1378 1326 1667 1359 conservantur
1685 1322 1727 1358 in

107 1379 197 1409 esse
217 1371 360 1407 virtute
394 1369 650 1414 naturalium,
684 1369 787 1406 sieut
819 1368 962 1406 domus
995 1378 1064 1415 per
1097 1369 1338 1405 soliditatem
1368 1369 1558 1415 lapidum.
1588 1368 1729 1407 Omnia

111 1418 230 1466 igitur
250 1416 447 1454 naturalia
465 1425 545 1453 non
561 1419 848 1454 conservantur
866 1416 905 1452 in
925 1424 1028 1461 esse,
1049 1415 1127 1452 nisi
1149 1416 1293 1452 virtute
1311 1416 1393 1452 Dei.
1682 1463 1685 1465 μ

154 1465 255 1508 Item,
277 1463 489 1509 impressio
505 1463 659 1509 agentis
679 1471 762 1500 non
780 1466 956 1499 remanet
976 1463 1016 1498 in
1033 1461 1174 1500 affectu
1191 1466 1373 1499 cessante
1387 1463 1542 1500 actione
1557 1466 1728 1509 agentis,

110 1511 189 1549 nisi
219 1515 391 1548 vertatur
422 1510 461 1547 in
495 1513 675 1547 naturam
721 1508 898 1546 effectus.
936 1511 1086 1546 Formae
1122 1509 1227 1546 enim
1266 1513 1542 1555 generatorum
1569 1514 1606 1546 et
1639 1519 1731 1556 pro·

108 1558 295 1606 prietates
314 1556 492 1604 ipsorum
514 1565 641 1604 usque
662 1557 703 1593 in
724 1556 844 1593 finem
862 1560 1067 1593 remanent
1088 1556 1126 1593 in
1146 1557 1204 1593 eis
1225 1566 1294 1602 per
1310 1557 1621 1602 generationem,
1637 1557 1730 1604 quia

109 1605 335 1643 efficiuntur
363 1604 421 1642 eis
448 1604 664 1641 naturales.
686 1604 729 1640 Et
750 1603 935 1640 similiter
970 1603 1127 1640 habitus
1147 1607 1240 1640 sunt
1266 1603 1426 1640 dit'sicile
1449 1604 1616 1641 mobiles
1637 1604 1730 1651 quia

108 1655 313 1690 vertuntur
343 1650 384 1688 in
406 1654 599 1688 naturam.
635 1650 926 1696 Dispositiones
947 1654 1076 1687 autem
1098 1655 1136 1687 et
1154 1650 1379 1695 passiones,
1402 1651 1483 1688 sive
1502 1651 1729 1697 corporales

109 1700 192 1738 sive
224 1698 430 1743 animales,
468 1701 631 1735 manent
656 1697 945 1744 aliquantulum
982 1701 1072 1743 post
1103 1698 1299 1734 actionem
1330 1698 1505 1743 agentis,
1543 1698 1612 1735 sed
1648 1707 1729 1736 non

109 1754 277 1793 semper,
309 1745 404 1793 quia
442 1744 582 1782 insunt
619 1748 662 1781 ut
692 1744 732 1781 in
769 1744 835 1781 via
865 1745 913 1782 ad
947 1749 1140 1781 naturam.
1171 1744 1283 1788 Quod
1316 1749 1444 1781 autem
1474 1746 1643 1791 pertinet
1681 1745 1729 1783 ad

107 1796 289 1832 naturam
324 1792 544 1840 superioris
576 1791 736 1838 generis
770 1791 881 1828 nullo
914 1792 1032 1829 modo
1053 1795 1186 1837 manet
1222 1795 1310 1837 post
1341 1792 1538 1829 actionem
1559 1792 1728 1839 agentis,

107 1841 212 1879 sicut
231 1839 365 1877 lumen
387 1848 467 1876 non
499 1841 632 1876 manet
660 1838 699 1875 in
722 1837 920 1884 diaphano
942 1838 1148 1875 recedente
1169 1838 1432 1876 illuminante.
1468 1841 1576 1877 Esse.
1598 1842 1728 1878 autem

107 1896 190 1926 non
227 1890 289 1924 est
324 1890 479 1931 natura,
512 1885 574 1923 vel
612 1885 788 1923 essentia
819 1886 988 1932 alicujus
1021 1886 1077 1922 rei
1106 1888 1260 1930 ercatae‚
1293 1886 1363 1922 sed
1400 1885 1527 1923 solius
1566 1887 1655 1930 Dei,
1690 1891 1730 1924 ut

106 1935 150 1973 in
170 1934 297 1981 primo
318 1932 418 1980 (cap.
437 1936 479 1971 21
504 1935 543 1970 et
567 1932 628 1979 22)
655 1936 862 1970 ostensum
889 1937 961 1971 est.
1003 1933 1119 1970 Nulla
1153 1933 1276 1980 igitur
1294 1942 1358 1970 res
1379 1941 1583 1972 remanere
1601 1938 1729 1981 potest

107 1982 150 2020 in
172 1989 260 2018 esse
282 1984 465 2018 cessante
485 1980 717 2027 operatione
736 1979 883 2017 divina.

155 2027 299 2068 Adhuc,
320 2027 426 2064 circa
450 2036 582 2064 rerum
603 2027 799 2072 originem
813 2026 957 2074 duplex
974 2030 1034 2064 est
1052 2027 1213 2073 positio.
1239 2029 1324 2065 Una
1341 2026 1449 2072 fidei,
1471 2027 1577 2074 quod
1598 2036 1662 2065 res
1682 2028 1732 2065 de

109 2082 213 2112 novo
246 2073 392 2112 fuerint
420 2082 442 2111 a
476 2075 557 2112 Deo
584 2074 785 2119 productae
815 2074 855 2111 in
888 2082 993 2118 esse,
1023 2078 1059 2111 et
1091 2074 1239 2121 positio
1269 2074 1529 2120 quorumdam
1551 2074 1730 2121 philoso-

108 2121 292 2168 phorum,
314 2119 422 2168 quod
438 2129 504 2157 res
523 2129 546 2157 a
568 2121 649 2158 Deo
668 2120 718 2157 ab
739 2124 886 2158 aeterno
908 2120 1106 2158 fluxerint.
1128 2121 1351 2159 Secundum
1373 2126 1503 2159 autem
1525 2126 1731 2168 utramque

114 2167 371 2214 positionem,
394 2176 418 2205 o
447 2170 548 2205 ortet
565 2166 696 2204 dicere
717 2167 823 2214 quod
839 2176 903 2204 res
921 2172 1205 2205 conserventur
1225 2169 1267 2205 in
1298 2177 1387 2206 esse
1408 2178 1432 2206 a
1462 2170 1554 2205 Deo.
1583 2170 1678 2205 Nam
1698 2169 1732 2206 si

112 2223 177 2252 res
201 2223 223 2251 a
243 2215 322 2251 Deo
340 2222 411 2260 pro
442 2217 540 2251 uctae
561 2213 715 2251 suntin
734 2223 824 2251 esse
843 2217 1053 2261 postquam
1065 2224 1144 2252 non
1160 2216 1332 2260 fuerunt,
1351 2219 1504 2262 oportet
1524 2216 1628 2262 quod
1644 2224 1732 2252 esse

117 2269 249 2299 rerum
277 2261 448 2298 divinam
469 2261 711 2299 voluntatem
728 2265 1019 2308 consequatur;
1041 2266 1079 2298 et
1096 2263 1280 2299 similiter
1298 2271 1378 2299 non
1399 2271 1503 2306 esse,
1535 2262 1625 2308 quia
1647 2271 1734 2307 per·

115 2308 229 2346 misit
250 2316 314 2345 res
346 2316 428 2345 non
448 2316 538 2345 esse
563 2307 723 2355 quando
741 2308 880 2353 voluit,
914 2312 952 2345 et
984 2308 1076 2345 fecit
1095 2318 1159 2346 res
1185 2318 1274 2346 esse
1296 2318 1384 2346 cum
1404 2308 1541 2345 voluit.
1571 2308 1734 2346 Tamdiu

114 2355 240 2402 igitur
266 2357 360 2392 sunt
379 2354 569 2402 quamdiu
589 2363 658 2393 eas
678 2363 767 2392 esse
787 2355 882 2392 vult.
917 2356 994 2392 Sua
1030 2355 1152 2401 igitur
1176 2356 1361 2393 voluntas
1387 2355 1656 2392 conservatrix
1675 2359 1735 2393 est

112 2410 266 2440 rerum.
289 2402 326 2439 Si
348 2405 479 2439 autem
499 2409 564 2439 res
584 2401 634 2439 ab
666 2405 813 2439 aeterno
834 2411 856 2439 a
876 2403 956 2439 Deo
976 2401 1226 2445 effluxerunt,
1257 2411 1340 2439 non
1366 2405 1428 2439 est
1461 2402 1553 2439 dare
1577 2404 1736 2447 tempus

115 2452 183 2487 aut
218 2449 374 2486 instans
402 2448 441 2485 in
474 2456 553 2495 quo
573 2448 701 2495 primo
721 2457 746 2485 a
763 2450 844 2486 Deo
874 2448 1123 2485 effluxerunt.
1145 2452 1220 2486 Aut
1247 2449 1369 2495 igitur
1394 2457 1596 2496 nunquam
1613 2458 1638 2486 a
1655 2451 1737 2487 Deo

116 2495 324 2549 productae
340 2498 446 2540 sunt,
465 2498 534 2533 aut
553 2504 710 2541 semper
729 2504 753 2533 a
771 2497 851 2532 Deo
871 2504 961 2532 6336
981 2504 1117 2533 eorum
1131 2495 1310 2541 procedit
1327 2495 1516 2542 quamdiu
1532 2499 1640 2535 sunt.
1657 2497 1738 2535 Sua

116 2543 241 2594 igitur
259 2542 490 2589 operatione
507 2550 572 2579 res
591 2542 634 2579 in
652 2550 743 2579 esse
760 2545 980 2580 conservat.

163 2590 260 2627 Hinc
276 2593 337 2627 est
351 2589 457 2637 quod
470 2588 627 2634 dicitur,
644 2588 754 2633 Heb.,
767 2597 794 2632 1,
809 2591 851 2626 3:
867 2590 1023 2633 Por-tans
1044 2590 1164 2625 omnia
1173 2589 1279 2626 verbo
1290 2591 1438 2626 virtutis
1449 2599 1534 2628 suae.
1551 2590 1596 2628 Et
1608 2592 1738 2637 Augu-

114 2637 244 2675 stinus
262 2636 357 2675 dicit
370 2637 412 2674 in
427 2639 567 2684 quarto
581 2635 681 2683 (cap.
701 2636 758 2683 12)
771 2645 878 2681 super
895 2635 980 2674 Gen.
997 2635 1046 2671 ad
1059 2636 1129 2672 litt.
1145 2647 1156 2671 ε
1174 2649 1194 2670 «
1209 2636 1404 2675 creatoris
1417 2646 1586 2685 namque
1601 2641 1736 2683 poten-

110 2684 178 2729 tia,
211 2687 248 2720 et
281 2683 566 2730 omnipotentis
603 2686 720 2730 atque
755 2682 1038 2720 omnitenentis
1070 2683 1196 2721 virtus
1234 2691 1358 2722 causa
1392 2687 1453 2722 est
1489 2683 1734 2723 subsistendi

113 2731 221 2768 omni
245 2735 447 2775 creaturae,
469 2738 557 2778 quae
576 2729 702 2768 virtus
721 2728 770 2767 ab
791 2730 849 2766 eis
868 2739 954 2776 quae
984 2733 1114 2781 creata
1142 2732 1236 2768 sunt
1263 2730 1448 2778 regendis
1468 2732 1503 2770 si
1521 2731 1740 2777 aliquando-

113 2781 301 2822 cessaret,
327 2778 512 2816 similiter
543 2785 680 2814 eorum
703 2780 877 2813 cessaret
895 2785 1062 2823 spec1es‚
1088 2778 1298 2824 omnisque
1325 2781 1466 2816 natura
1499 2778 1735 2816 consideret.

113 2823 260 2876 Neque,
274 2825 379 2864 sicut
397 2827 635 2863 structuram
656 2823 803 2863 aedium
823 2832 912 2862 cum
931 2823 1179 2863 fabricaverit
1197 2824 1302 2872 quis,
1323 2825 1514 2870 abscedit,
1530 2830 1645 2871 atque
1664 2823 1733 2861 illo

1500 3000 1523 3019 Χ
