1894 3223
2 154 14 187 ,’
491 144 627 182 BERN.
654 146 810 182 MARIAE
836 146 895 182 DE
921 146 1086 182 RUBEIS
1113 145 1423 184 DISSERTATIO,
1661 150 1761 186 xxlx

0 262 18 303 s
151 244 323 297 quidem
343 244 540 285 virtutem
559 256 610 284 ac
636 243 988 294 omnipotentiam
1020 245 1180 296 colligit
1199 247 1382 296 supremi
1403 247 1662 295 Conditoris;
1685 250 1758 288 tri-

149 309 228 350 hus
257 311 400 349 tamen
437 309 636 348 virtutem
676 309 784 348 hano
816 311 859 348 et
896 310 1262 360 omnipotentiam,
1302 322 1429 351 unam
1469 314 1761 363 eamdemque,

150 373 307 424 absque
334 373 534 413 divisione
570 384 620 413 ac
652 372 906 422 diversitate,
939 373 1071 413 inesse
1101 374 1250 413 divinis
1281 375 1468 425 personis
1503 386 1582 415 nec
1613 377 1760 427 utique

149 438 268 478 novit
285 449 423 488 neque
442 448 562 477 nosse
582 437 706 477 valet.

203 502 284 543 Cur
304 513 404 555 ergo
425 502 531 541 ratio
551 502 768 550 naturalis,
791 513 885 553 quae
906 503 1099 543 veritates
1119 503 1378 555 hujusmodi,
1398 517 1439 545 se
1454 506 1657 554 consulta,
1675 518 1761 556 per-

151 570 316 619 spectas
334 567 490 608 habere
508 567 672 618 nequit,
693 567 860 607 easdem
879 568 1093 620 negaverit
1113 572 1186 607 aut
1204 569 1246 607 in
1267 570 1355 608 Deo
1376 570 1463 608 dari
1492 573 1565 610 aut
1591 572 1762 610 revelari

151 643 176 672 a
194 633 280 672 Deo
297 643 430 682 posse,
453 634 527 670 aut
541 631 742 671 revelatas
760 643 845 671 non
866 643 968 681 esse,
990 635 1139 683 utpote
1159 633 1504 673 commentitias?
1536 636 1595 674 Ac
1624 636 1760 686 primo

154 709 175 735 ι(
194 707 337 736 rerum
372 696 559 746 ipsarum
589 695 846 735 sensibilium
880 696 1079 746 plurimas
1113 707 1189 735 nos
1218 698 1492 746 proprietates
1522 698 1763 750 ignoramus

148 759 290 812 (verba
305 765 402 800 sunt
422 760 554 800 sancti
570 760 742 799 Thomae
762 760 933 806 ibidem,
957 760 1091 809 capite
1113 760 1168 811 3),
1191 772 1423 812 eorumque
1438 764 1759 812 proprietatum,

149 837 255 877 quas
274 837 397 866 sensu
418 825 785 875 apprehendimus,
821 825 1028 864 rationem
1061 824 1243 873 perfecte
1281 825 1324 863 in
1358 826 1546 875 pluribus
1577 828 1762 867 invenire

149 901 238 930 non
258 900 509 940 posumus».
534 890 648 928 Hanc
669 889 821 928 mentis
841 892 993 927 creatae
1013 888 1124 928 circa
1155 899 1220 927 res
1247 889 1355 939 ipsas
1386 892 1598 930 naturales
1629 891 1760 932 imbe-

151 955 371 995 cillitatem
393 953 650 1004 amplissimo
669 955 853 991 tractatu
882 953 1141 1002 patefaciunt
1173 953 1258 992 alii.
1292 954 1414 994 Hunc
1437 956 1687 996 «defectum
1720 957 1764 996 in

150 1019 275 1059 rebus
301 1017 637 1070 cognoscendis»
672 1016 857 1066 Aquinas
884 1019 1027 1056 noster
1058 1017 1201 1066 paucis
1231 1018 1390 1058 indicat
1413 1031 1592 1071 «quem,
1626 1021 1764 1072 inquit

156 1097 177 1122 «
190 1082 380 1134 quotidie
416 1081 709 1132 experimur».
747 1082 811 1119 An
846 1091 944 1133 ergo
971 1081 1191 1122 vividiores
1221 1084 1482 1136 tutioresque
1512 1086 1618 1126 vires
1636 1086 1764 1127 habet

149 1147 259 1189 ratio
278 1150 422 1188 nostra
442 1147 492 1186 ad
513 1158 561 1186 ea
582 1157 677 1197 quae
695 1146 769 1185 Dei
789 1149 886 1185 sunt
902 1148 1200 1196 perscrutanda
1218 1147 1239 1187 ‘2

201 1213 293 1253 Imo
309 1227 329 1248 «
345 1212 480 1251 multo
495 1211 674 1261 amplius
687 1210 797 1249 illius
812 1210 1169 1250 excellentissimae
1183 1211 1444 1262 substantiae,
1461 1217 1763 1257 transcenden-

147 1278 217 1327 tis,
230 1278 372 1318 omnia
385 1275 665 1328 intelligibilia
675 1275 862 1314 humana
874 1276 979 1315 ratio
991 1276 1239 1328 investigare
1252 1288 1338 1317 non
1351 1278 1558 1319 sufficit».
1569 1281 1649 1320 Cur
1666 1293 1764 1334 ergo

148 1343 332 1384 revelata
351 1341 562 1394 mysteria,
579 1341 630 1380 ad
653 1340 1045 1380 excellentissimam
1062 1341 1354 1391 substantiam,
1371 1354 1466 1393 quae
1482 1345 1623 1384 omnia
1634 1349 1764 1386 trans-

149 1407 307 1456 cendit,
329 1405 596 1457 pertinentia,
620 1415 671 1444 eo
691 1405 806 1456 quod
821 1416 869 1444 ea
890 1405 987 1444 satis
1006 1417 1092 1446 non
1113 1407 1241 1456 capis,
1260 1418 1398 1457 neque
1420 1408 1602 1449 rationes
1615 1422 1761 1450 eorum

150 1473 389 1522 compertas
409 1469 551 1519 habes,
573 1469 702 1509 veluti
722 1469 1012 1509 commentitia
1032 1470 1258 1520 reJ'eceris‘?
1278 1472 1367 1511 Imo
1394 1472 1543 1513 divinae
1572 1474 1762 1514 substan—

149 1537 222 1577 tiae
241 1548 366 1587 supra
384 1539 580 1575 naturam
602 1537 787 1574 creatam
825 1544 994 1573 omnem
1021 1545 1210 1573 excessus
1230 1535 1272 1574 id
1293 1537 1527 1577 necessario
1558 1541 1761 1589 exposcit,

150 1605 198 1642 ut
212 1601 318 1640 vires
329 1600 373 1639 in
388 1602 539 1639 natura
553 1609 639 1638 non
657 1600 896 1650 suppetant,
913 1609 1006 1648 quae
1021 1599 1169 1648 ipsam,
1191 1599 1431 1650 cujusmodi
1446 1604 1507 1640 est
1521 1602 1563 1640 in
1578 1614 1635 1651 se,
1653 1615 1760 1644 asse-

149 1667 349 1717 quantur,
371 1666 445 1704 aut
463 1674 512 1703 ea
532 1674 627 1714 quae
652 1663 704 1702 de
722 1663 828 1713 ipsa,
851 1662 1087 1714 cujusmodi
1105 1667 1168 1701 est
1193 1663 1236 1701 in
1253 1676 1311 1713 se,
1340 1666 1550 1705 enuntiari
1571 1673 1759 1719 possunt,

149 1729 354 1781 attingere
368 1728 547 1767 valeant.
569 1727 720 1767 Mirum
742 1726 924 1777 denique
952 1730 995 1767 et
1025 1726 1247 1767 absursum
1275 1729 1400 1778 foret,
1428 1730 1461 1769 si
1493 1730 1630 1771 divina
1663 1735 1760 1776 sub-

148 1792 301 1833 stantia
319 1791 377 1831 ita
405 1794 557 1831 creatae
576 1790 727 1830 mentis
752 1791 892 1831 nativo
916 1791 1067 1831 lumini
1095 1792 1390 1842 innotesceret,
1422 1797 1470 1833 ut
1501 1795 1604 1835 nihil
1638 1798 1689 1837 de
1720 1812 1763 1841 se

149 1857 317 1907 suisque
340 1855 557 1906 profundis
576 1858 714 1905 posset
727 1854 968 1895 hominibus
981 1859 1024 1895 et
1037 1856 1194 1907 angelis
1208 1857 1443 1906 patefacere
1454 1860 1564 1899 Deus
1577 1863 1759 1912 gratuito

147 1920 413 1970 revelationis
431 1919 648 1968 beneficio,
667 1920 781 1970 quod
795 1919 896 1970 ipsis
911 1931 998 1959 non
1018 1920 1184 1970 penitus
1196 1924 1462 1971 compertum
1477 1929 1760 1975 perspectum-

147 1996 229 2036 que
248 1987 369 2025 esset.

196 2048 331 2089 Habet
360 2049 468 2088 ratio
495 2048 712 2097 naturalis,
746 2048 904 2099 inquis,
944 2054 1193 2102 argumenta
1231 2055 1379 2092 contra
1414 2053 1510 2093 fidei
1544 2057 1759 2107 mysteria.

144 2113 279 2154 Habet
297 2113 458 2153 scilicet
482 2127 501 2151 «
521 2113 703 2153 rationes
723 2116 970 2163 apparentes
991 2113 1174 2166 (reponit
1191 2117 1393 2169 Aquinas)
1413 2119 1477 2158 vel
1494 2120 1760 2172 sophisticas,

144 2178 196 2218 ad
216 2189 320 2229 quas
338 2178 554 2218 solvendas
572 2178 690 2218 locus
709 2177 961 2229 relinquitur
981 2193 999 2216 »
1023 2191 1032 2226 ;
1056 2181 1169 2230 quod
1187 2181 1276 2231 ipse
1306 2181 1488 2222 Thomas
1507 2185 1689 2237 egregie,
1720 2188 1762 2226 et

146 2241 355 2282 uberrime
376 2242 571 2293 praestitit
598 2242 642 2281 in
660 2242 742 2282 hoc
771 2243 989 2282 adversum
1022 2244 1174 2284 Gentes
1206 2257 1347 2295 opere,
1388 2247 1432 2286 in
1462 2247 1553 2287 aliis
1593 2250 1759 2299 passim.

142 2305 244 2346 Haec
262 2310 360 2347 sunt
377 2318 476 2347 vero
492 2318 587 2357 quae
607 2306 771 2357 scripsit
791 2307 862 2346 ille
877 2307 920 2345 in
941 2318 1005 2355 e0‚
1029 2309 1143 2358 quod
1163 2321 1392 2359 versamus,
1413 2312 1652 2363 gravissimo
1668 2315 1758 2354 reli-

143 2369 277 2421 gionis
294 2371 478 2421 negotio.
501 2372 601 2410 Haec
621 2371 884 2420 eadem,non
903 2371 1039 2421 plura,
1056 2377 1272 2423 praestant,
1292 2375 1482 2425 dilatant,
1501 2377 1759 2426 amplificant

142 2432 227 2472 suis
257 2434 302 2472 in
334 2435 538 2486 apologiis
568 2436 751 2476 illustres
790 2437 989 2486 doctique
1026 2438 1117 2485 viri,
1157 2438 1228 2487 qui
1268 2439 1456 2489 egregias
1495 2440 1760 2480 revelationis

145 2495 297 2537 divinae
317 2498 594 2550 revelataeque
611 2500 825 2552 religionis
843 2500 1044 2540 vindicias
1063 2505 1256 2553 egerunt.
