<?xml version="1.0" encoding="UTF-8"?>
<!DOCTYPE html PUBLIC "-//W3C//DTD XHTML 1.0 Transitional//EN"
    "http://www.w3.org/TR/xhtml1/DTD/xhtml1-transitional.dtd">
<html xmlns="http://www.w3.org/1999/xhtml" xml:lang="en" lang="en">
 <head>
  <title>
</title>
<meta http-equiv="Content-Type" content="text/html;charset=utf-8" />
  <meta name='ocr-system' content='tesseract 3.04.00' />
  <meta name='ocr-capabilities' content='ocr_page ocr_carea ocr_par ocr_line ocrx_word'/>
</head>
<body>
  <div class='ocr_page' id='page_1' title='image "./deveritatecathol00thomuoft_0328.png"; bbox 0 0 1894 3223; ppageno 0'>
   <div class='ocr_carea' id='block_1_1' title="bbox 133 171 1162 214">
    <p class='ocr_par' dir='ltr' id='par_1_1' title="bbox 133 171 1162 214">
     <span class='ocr_line' id='line_1_1' title="bbox 133 171 1162 214; baseline -0.005 -3"><span class='ocrx_word' id='word_1_1' title='bbox 133 176 202 211; x_wconf 76' lang='lat'>288</span> <span class='ocrx_word' id='word_1_2' title='bbox 729 171 815 206; x_wconf 73' lang='grc' dir='ltr'>ΗΒ.</span> <span class='ocrx_word' id='word_1_3' title='bbox 844 171 908 214; x_wconf 89' lang='grc' dir='ltr'>ΙΙΙ,</span> <span class='ocrx_word' id='word_1_4' title='bbox 920 202 923 203; x_wconf 20' lang='lat'><em>⁷</em></span> <span class='ocrx_word' id='word_1_5' title='bbox 937 172 1038 206; x_wconf 86' lang='lat' dir='ltr'>CAP.</span> <span class='ocrx_word' id='word_1_6' title='bbox 1065 172 1162 207; x_wconf 84' lang='lat' dir='ltr'><strong>XXV.</strong></span> 
     </span>
    </p>
   </div>
   <div class='ocr_carea' id='block_1_2' title="bbox 123 251 1773 2981">
    <p class='ocr_par' dir='ltr' id='par_1_2' title="bbox 132 251 1757 438">
     <span class='ocr_line' id='line_1_2' title="bbox 135 251 1756 300; baseline -0.001 -8"><span class='ocrx_word' id='word_1_7' title='bbox 135 264 228 292; x_wconf 91' lang='lat' dir='ltr'>num</span> <span class='ocrx_word' id='word_1_8' title='bbox 246 256 392 300; x_wconf 81' lang='lat' dir='ltr'>quanto</span> <span class='ocrx_word' id='word_1_9' title='bbox 405 251 489 297; x_wconf 87' lang='lat' dir='ltr'>ejus</span> <span class='ocrx_word' id='word_1_10' title='bbox 502 251 698 296; x_wconf 84' lang='lat' dir='ltr'>objectum</span> <span class='ocrx_word' id='word_1_11' title='bbox 717 254 776 288; x_wconf 89' lang='lat' dir='ltr'>est</span> <span class='ocrx_word' id='word_1_12' title='bbox 791 252 1004 297; x_wconf 81' lang='lat' dir='ltr'>perfectius</span> <span class='ocrx_word' id='word_1_13' title='bbox 1021 264 1030 297; x_wconf 90' lang='lat'>;</span> <span class='ocrx_word' id='word_1_14' title='bbox 1046 255 1084 289; x_wconf 89' lang='grc' dir='ltr'>ει</span> <span class='ocrx_word' id='word_1_15' title='bbox 1098 253 1169 298; x_wconf 89' lang='lat' dir='ltr'>sic,</span> <span class='ocrx_word' id='word_1_16' title='bbox 1185 252 1407 300; x_wconf 89' lang='lat' dir='ltr'>intelligere</span> <span class='ocrx_word' id='word_1_17' title='bbox 1422 252 1756 299; x_wconf 85' lang='lat' dir='ltr'>perfectissimum</span> 
     </span>
     <span class='ocr_line' id='line_1_3' title="bbox 134 298 1754 347; baseline -0.001 -9"><span class='ocrx_word' id='word_1_18' title='bbox 134 300 398 346; x_wconf 77' lang='lat' dir='ltr'>intelligibile,</span> <span class='ocrx_word' id='word_1_19' title='bbox 419 298 524 344; x_wconf 87' lang='lat' dir='ltr'>quod</span> <span class='ocrx_word' id='word_1_20' title='bbox 558 300 660 335; x_wconf 88' lang='lat' dir='ltr'>Deus</span> <span class='ocrx_word' id='word_1_21' title='bbox 694 302 767 341; x_wconf 86' lang='lat' dir='ltr'>est,</span> <span class='ocrx_word' id='word_1_22' title='bbox 791 302 851 335; x_wconf 85' lang='lat' dir='ltr'>est</span> <span class='ocrx_word' id='word_1_23' title='bbox 878 299 1214 344; x_wconf 85' lang='lat' dir='ltr'>perfectissimum</span> <span class='ocrx_word' id='word_1_24' title='bbox 1247 300 1289 337; x_wconf 91' lang='lat' dir='ltr'>in</span> <span class='ocrx_word' id='word_1_25' title='bbox 1313 309 1457 347; x_wconf 81' lang='lat' dir='ltr'>genere</span> <span class='ocrx_word' id='word_1_26' title='bbox 1478 299 1597 346; x_wconf 88' lang='lat' dir='ltr'>hujus</span> <span class='ocrx_word' id='word_1_27' title='bbox 1618 308 1754 345; x_wconf 78' lang='lat' dir='ltr'>opera·-</span> 
     </span>
     <span class='ocr_line' id='line_1_4' title="bbox 132 345 1757 394; baseline -0.001 -10"><span class='ocrx_word' id='word_1_28' title='bbox 132 348 255 384; x_wconf 86' lang='lat' dir='ltr'>tionis</span> <span class='ocrx_word' id='word_1_29' title='bbox 276 355 363 392; x_wconf 78' lang='lat' dir='ltr'>quae</span> <span class='ocrx_word' id='word_1_30' title='bbox 383 350 444 381; x_wconf 86' lang='lat' dir='ltr'>est</span> <span class='ocrx_word' id='word_1_31' title='bbox 470 345 706 391; x_wconf 87' lang='lat' dir='ltr'>intelligere.</span> <span class='ocrx_word' id='word_1_32' title='bbox 729 346 977 392; x_wconf 80' lang='lat' dir='ltr'>Cognoscere</span> <span class='ocrx_word' id='word_1_33' title='bbox 1009 346 1131 393; x_wconf 88' lang='lat' dir='ltr'>igitur</span> <span class='ocrx_word' id='word_1_34' title='bbox 1150 349 1273 384; x_wconf 89' lang='lat' dir='ltr'>Deum</span> <span class='ocrx_word' id='word_1_35' title='bbox 1302 347 1564 394; x_wconf 85' lang='lat' dir='ltr'>intelligendo</span> <span class='ocrx_word' id='word_1_36' title='bbox 1585 350 1644 384; x_wconf 91' lang='lat' dir='ltr'>est</span> <span class='ocrx_word' id='word_1_37' title='bbox 1666 347 1757 383; x_wconf 86' lang='lat' dir='ltr'>ulti-</span> 
     </span>
     <span class='ocr_line' id='line_1_5' title="bbox 133 391 1138 438; baseline 0.001 -8"><span class='ocrx_word' id='word_1_38' title='bbox 133 403 222 431; x_wconf 89' lang='lat' dir='ltr'>mus</span> <span class='ocrx_word' id='word_1_39' title='bbox 247 393 338 430; x_wconf 86' lang='lat' dir='ltr'>finis</span> <span class='ocrx_word' id='word_1_40' title='bbox 358 391 572 438; x_wconf 86' lang='lat' dir='ltr'>cujuslibet</span> <span class='ocrx_word' id='word_1_41' title='bbox 587 392 869 430; x_wconf 86' lang='lat' dir='ltr'>intellectualis</span> <span class='ocrx_word' id='word_1_42' title='bbox 891 393 1138 431; x_wconf 74' lang='lat' dir='ltr'>substantiae.</span> 
     </span>
    </p>

    <p class='ocr_par' dir='ltr' id='par_1_3' title="bbox 130 439 1758 1099">
     <span class='ocr_line' id='line_1_6' title="bbox 182 439 1753 488; baseline 0.001 -12"><span class='ocrx_word' id='word_1_43' title='bbox 182 443 314 476; x_wconf 81' lang='lat' dir='ltr'>Potest</span> <span class='ocrx_word' id='word_1_44' title='bbox 333 442 463 476; x_wconf 89' lang='lat' dir='ltr'>autem</span> <span class='ocrx_word' id='word_1_45' title='bbox 485 439 630 486; x_wconf 85' lang='lat' dir='ltr'>aliquis</span> <span class='ocrx_word' id='word_1_46' title='bbox 651 439 781 475; x_wconf 83' lang='lat' dir='ltr'>dicere</span> <span class='ocrx_word' id='word_1_47' title='bbox 804 451 812 475; x_wconf 73' lang='grc' dir='ltr'><strong>ε</strong></span> <span class='ocrx_word' id='word_1_48' title='bbox 833 440 1117 478; x_wconf 86' lang='lat' dir='ltr'>Intellectualis</span> <span class='ocrx_word' id='word_1_49' title='bbox 1138 441 1297 488; x_wconf 82' lang='lat' dir='ltr'>quidem</span> <span class='ocrx_word' id='word_1_50' title='bbox 1318 441 1552 479; x_wconf 78' lang='lat' dir='ltr'>substantiae</span> <span class='ocrx_word' id='word_1_51' title='bbox 1572 441 1753 478; x_wconf 88' lang='lat' dir='ltr'>ultimum</span> 
     </span>
     <span class='ocr_line' id='line_1_7' title="bbox 132 486 1757 535; baseline 0.001 -11"><span class='ocrx_word' id='word_1_52' title='bbox 132 488 251 524; x_wconf 83' lang='lat' dir='ltr'>finem</span> <span class='ocrx_word' id='word_1_53' title='bbox 271 486 490 523; x_wconf 78' lang='lat' dir='ltr'>consistere</span> <span class='ocrx_word' id='word_1_54' title='bbox 511 486 553 522; x_wconf 90' lang='lat' dir='ltr'>in</span> <span class='ocrx_word' id='word_1_55' title='bbox 584 486 845 533; x_wconf 87' lang='lat' dir='ltr'>intelligendo</span> <span class='ocrx_word' id='word_1_56' title='bbox 877 487 1070 532; x_wconf 86' lang='lat' dir='ltr'>optimum</span> <span class='ocrx_word' id='word_1_57' title='bbox 1093 488 1371 535; x_wconf 79' lang='lat' dir='ltr'>intelligibile3</span> <span class='ocrx_word' id='word_1_58' title='bbox 1392 497 1473 526; x_wconf 88' lang='lat' dir='ltr'>non</span> <span class='ocrx_word' id='word_1_59' title='bbox 1503 493 1636 525; x_wconf 86' lang='lat' dir='ltr'>tamen</span> <span class='ocrx_word' id='word_1_60' title='bbox 1657 488 1757 525; x_wconf 88' lang='lat' dir='ltr'>illud</span> 
     </span>
     <span class='ocr_line' id='line_1_8' title="bbox 133 533 1758 582; baseline 0.001 -11"><span class='ocrx_word' id='word_1_61' title='bbox 133 534 240 582; x_wconf 86' lang='lat' dir='ltr'>quod</span> <span class='ocrx_word' id='word_1_62' title='bbox 271 537 331 571; x_wconf 85' lang='lat' dir='ltr'>est</span> <span class='ocrx_word' id='word_1_63' title='bbox 363 533 556 579; x_wconf 89' lang='lat' dir='ltr'>optimum</span> <span class='ocrx_word' id='word_1_64' title='bbox 589 533 841 580; x_wconf 74' lang='lat' dir='ltr'>intelligibile</span> <span class='ocrx_word' id='word_1_65' title='bbox 861 533 981 580; x_wconf 88' lang='lat' dir='ltr'>hujus</span> <span class='ocrx_word' id='word_1_66' title='bbox 1010 535 1069 571; x_wconf 87' lang='lat' dir='ltr'>vel</span> <span class='ocrx_word' id='word_1_67' title='bbox 1091 535 1200 572; x_wconf 91' lang='lat' dir='ltr'>illius</span> <span class='ocrx_word' id='word_1_68' title='bbox 1223 535 1504 572; x_wconf 87' lang='lat' dir='ltr'>intellectualis</span> <span class='ocrx_word' id='word_1_69' title='bbox 1524 535 1758 573; x_wconf 61' lang='lat' dir='ltr'>substantia}</span> 
     </span>
     <span class='ocr_line' id='line_1_9' title="bbox 132 580 1757 629; baseline 0 -10"><span class='ocrx_word' id='word_1_70' title='bbox 132 585 193 619; x_wconf 83' lang='lat' dir='ltr'>est</span> <span class='ocrx_word' id='word_1_71' title='bbox 220 581 413 626; x_wconf 87' lang='lat' dir='ltr'>optimum</span> <span class='ocrx_word' id='word_1_72' title='bbox 447 580 699 627; x_wconf 81' lang='lat' dir='ltr'>intelligibile</span> <span class='ocrx_word' id='word_1_73' title='bbox 730 580 986 626; x_wconf 79' lang='lat' dir='ltr'>simpliciter3</span> <span class='ocrx_word' id='word_1_74' title='bbox 1022 582 1092 619; x_wconf 89' lang='lat' dir='ltr'>sed</span> <span class='ocrx_word' id='word_1_75' title='bbox 1124 586 1273 629; x_wconf 85' lang='lat' dir='ltr'>quanto</span> <span class='ocrx_word' id='word_1_76' title='bbox 1305 582 1440 629; x_wconf 85' lang='lat' dir='ltr'>aliqua</span> <span class='ocrx_word' id='word_1_77' title='bbox 1476 582 1757 619; x_wconf 87' lang='lat' dir='ltr'>intellectualis</span> 
     </span>
     <span class='ocr_line' id='line_1_10' title="bbox 132 628 1756 676; baseline 0.001 -11"><span class='ocrx_word' id='word_1_78' title='bbox 132 628 357 666; x_wconf 86' lang='lat' dir='ltr'>substantia</span> <span class='ocrx_word' id='word_1_79' title='bbox 376 631 436 664; x_wconf 84' lang='lat' dir='ltr'>est</span> <span class='ocrx_word' id='word_1_80' title='bbox 456 628 585 669; x_wconf 85' lang='lat' dir='ltr'>altior,</span> <span class='ocrx_word' id='word_1_81' title='bbox 606 631 716 664; x_wconf 87' lang='lat' dir='ltr'>tanto</span> <span class='ocrx_word' id='word_1_82' title='bbox 738 636 855 664; x_wconf 88' lang='lat' dir='ltr'>suum</span> <span class='ocrx_word' id='word_1_83' title='bbox 878 628 1130 675; x_wconf 81' lang='lat' dir='ltr'>intelligibile</span> <span class='ocrx_word' id='word_1_84' title='bbox 1153 629 1346 676; x_wconf 88' lang='lat' dir='ltr'>optimum</span> <span class='ocrx_word' id='word_1_85' title='bbox 1368 634 1428 667; x_wconf 89' lang='grc' dir='ltr'>εει</span> <span class='ocrx_word' id='word_1_86' title='bbox 1448 630 1582 667; x_wconf 86' lang='lat' dir='ltr'>altius.</span> <span class='ocrx_word' id='word_1_87' title='bbox 1605 631 1648 667; x_wconf 89' lang='lat' dir='ltr'>Et</span> <span class='ocrx_word' id='word_1_88' title='bbox 1667 629 1756 666; x_wconf 88' lang='lat' dir='ltr'>ideo</span> 
     </span>
     <span class='ocr_line' id='line_1_11' title="bbox 132 674 1758 729; baseline 0.002 -17"><span class='ocrx_word' id='word_1_89' title='bbox 132 684 318 721; x_wconf 85' lang='lat' dir='ltr'>suprema</span> <span class='ocrx_word' id='word_1_90' title='bbox 346 674 627 711; x_wconf 83' lang='lat' dir='ltr'>intellectualis</span> <span class='ocrx_word' id='word_1_91' title='bbox 646 674 870 712; x_wconf 86' lang='lat' dir='ltr'>substantia</span> <span class='ocrx_word' id='word_1_92' title='bbox 904 678 1034 712; x_wconf 85' lang='lat' dir='ltr'>creata</span> <span class='ocrx_word' id='word_1_93' title='bbox 1055 675 1172 713; x_wconf 88' lang='lat' dir='ltr'>habet</span> <span class='ocrx_word' id='word_1_94' title='bbox 1190 685 1262 722; x_wconf 90' lang='lat' dir='ltr'>pro</span> <span class='ocrx_word' id='word_1_95' title='bbox 1282 676 1525 729; x_wconf 82' lang='lat' dir='ltr'>intelligibili</span> <span class='ocrx_word' id='word_1_96' title='bbox 1546 677 1696 722; x_wconf 86' lang='lat' dir='ltr'>optimo</span> <span class='ocrx_word' id='word_1_97' title='bbox 1718 676 1758 715; x_wconf 81' lang='lat' dir='ltr'>id</span> 
     </span>
     <span class='ocr_line' id='line_1_12' title="bbox 132 721 1755 771; baseline 0.001 -12"><span class='ocrx_word' id='word_1_98' title='bbox 132 722 239 768; x_wconf 87' lang='lat' dir='ltr'>quod</span> <span class='ocrx_word' id='word_1_99' title='bbox 275 725 336 759; x_wconf 85' lang='lat' dir='ltr'>est</span> <span class='ocrx_word' id='word_1_100' title='bbox 366 722 558 768; x_wconf 89' lang='lat' dir='ltr'>optimum</span> <span class='ocrx_word' id='word_1_101' title='bbox 586 721 844 767; x_wconf 67' lang='lat' dir='ltr'>snnpliciter3</span> <span class='ocrx_word' id='word_1_102' title='bbox 870 722 974 760; x_wconf 92' lang='lat' dir='ltr'>unde</span> <span class='ocrx_word' id='word_1_103' title='bbox 995 723 1082 768; x_wconf 87' lang='lat' dir='ltr'>ejus</span> <span class='ocrx_word' id='word_1_104' title='bbox 1114 722 1284 760; x_wconf 81' lang='lat' dir='ltr'>felicitas</span> <span class='ocrx_word' id='word_1_105' title='bbox 1313 723 1386 760; x_wconf 87' lang='lat' dir='ltr'>erit</span> <span class='ocrx_word' id='word_1_106' title='bbox 1415 733 1457 759; x_wconf 86' lang='grc'>111</span> <span class='ocrx_word' id='word_1_107' title='bbox 1495 724 1755 771; x_wconf 89' lang='lat' dir='ltr'>intelligendo</span> 
     </span>
     <span class='ocr_line' id='line_1_13' title="bbox 132 768 1757 815; baseline 0.001 -9"><span class='ocrx_word' id='word_1_108' title='bbox 132 771 268 806; x_wconf 90' lang='lat' dir='ltr'>Deum.</span> <span class='ocrx_word' id='word_1_109' title='bbox 291 768 508 815; x_wconf 76' lang='lat' dir='ltr'>Cujtislibet</span> <span class='ocrx_word' id='word_1_110' title='bbox 528 777 619 806; x_wconf 90' lang='lat' dir='ltr'>vero</span> <span class='ocrx_word' id='word_1_111' title='bbox 641 768 844 806; x_wconf 87' lang='lat' dir='ltr'>inferioris</span> <span class='ocrx_word' id='word_1_112' title='bbox 862 769 1098 806; x_wconf 85' lang='lat' dir='ltr'>substantiae</span> <span class='ocrx_word' id='word_1_113' title='bbox 1115 770 1396 807; x_wconf 85' lang='lat' dir='ltr'>intellectualis</span> <span class='ocrx_word' id='word_1_114' title='bbox 1414 770 1584 808; x_wconf 78' lang='lat' dir='ltr'>felicitas</span> <span class='ocrx_word' id='word_1_115' title='bbox 1604 771 1678 807; x_wconf 88' lang='lat' dir='ltr'>erit</span> <span class='ocrx_word' id='word_1_116' title='bbox 1697 771 1757 807; x_wconf 90' lang='lat' dir='ltr'>in-</span> 
     </span>
     <span class='ocr_line' id='line_1_14' title="bbox 130 815 1757 864; baseline 0.001 -11"><span class='ocrx_word' id='word_1_117' title='bbox 130 817 310 863; x_wconf 88' lang='lat' dir='ltr'>telligere</span> <span class='ocrx_word' id='word_1_118' title='bbox 327 816 489 864; x_wconf 80' lang='lat' dir='ltr'>aliquod</span> <span class='ocrx_word' id='word_1_119' title='bbox 511 816 679 853; x_wconf 86' lang='lat' dir='ltr'>inferius</span> <span class='ocrx_word' id='word_1_120' title='bbox 699 815 964 863; x_wconf 84' lang='lat' dir='ltr'>intelligibile,</span> <span class='ocrx_word' id='word_1_121' title='bbox 983 817 1088 864; x_wconf 88' lang='lat' dir='ltr'>quod</span> <span class='ocrx_word' id='word_1_122' title='bbox 1116 820 1177 854; x_wconf 90' lang='lat' dir='ltr'>est</span> <span class='ocrx_word' id='word_1_123' title='bbox 1206 820 1338 854; x_wconf 84' lang='lat' dir='ltr'>tamen</span> <span class='ocrx_word' id='word_1_124' title='bbox 1363 817 1603 855; x_wconf 84' lang='lat' dir='ltr'>altissimum</span> <span class='ocrx_word' id='word_1_125' title='bbox 1619 826 1757 855; x_wconf 86' lang='lat' dir='ltr'>eorum</span> 
     </span>
     <span class='ocr_line' id='line_1_15' title="bbox 131 863 1758 911; baseline 0.001 -11"><span class='ocrx_word' id='word_1_126' title='bbox 131 873 218 910; x_wconf 78' lang='lat' dir='ltr'>quae</span> <span class='ocrx_word' id='word_1_127' title='bbox 240 864 288 900; x_wconf 89' lang='lat' dir='ltr'>ab</span> <span class='ocrx_word' id='word_1_128' title='bbox 309 863 395 909; x_wconf 88' lang='lat' dir='ltr'>ipsa</span> <span class='ocrx_word' id='word_1_129' title='bbox 421 863 713 909; x_wconf 77' lang='lat' dir='ltr'>intelliguntur.</span> <span class='ocrx_word' id='word_1_130' title='bbox 736 865 782 900; x_wconf 84' lang='lat' dir='ltr'>Et</span> <span class='ocrx_word' id='word_1_131' title='bbox 811 864 1008 910; x_wconf 78' lang='lat' dir='ltr'>praecipue</span> <span class='ocrx_word' id='word_1_132' title='bbox 1030 864 1255 901; x_wconf 86' lang='lat' dir='ltr'>intellectus</span> <span class='ocrx_word' id='word_1_133' title='bbox 1288 865 1452 901; x_wconf 85' lang='lat' dir='ltr'>humani</span> <span class='ocrx_word' id='word_1_134' title='bbox 1473 864 1627 901; x_wconf 86' lang='lat' dir='ltr'>videtur</span> <span class='ocrx_word' id='word_1_135' title='bbox 1652 864 1758 911; x_wconf 86' lang='lat' dir='ltr'>quod</span> 
     </span>
     <span class='ocr_line' id='line_1_16' title="bbox 132 910 1756 958; baseline 0.001 -11"><span class='ocrx_word' id='word_1_136' title='bbox 132 919 212 948; x_wconf 89' lang='lat' dir='ltr'>non</span> <span class='ocrx_word' id='word_1_137' title='bbox 228 911 280 947; x_wconf 87' lang='lat' dir='ltr'>sit</span> <span class='ocrx_word' id='word_1_138' title='bbox 297 910 518 956; x_wconf 80' lang='lat' dir='ltr'>intelligere</span> <span class='ocrx_word' id='word_1_139' title='bbox 542 910 735 956; x_wconf 89' lang='lat' dir='ltr'>optimum</span> <span class='ocrx_word' id='word_1_140' title='bbox 753 910 1004 957; x_wconf 82' lang='lat' dir='ltr'>intelligibile</span> <span class='ocrx_word' id='word_1_141' title='bbox 1027 911 1274 956; x_wconf 88' lang='lat' dir='ltr'>simpliciter,</span> <span class='ocrx_word' id='word_1_142' title='bbox 1296 914 1455 958; x_wconf 88' lang='lat' dir='ltr'>propter</span> <span class='ocrx_word' id='word_1_143' title='bbox 1469 910 1554 958; x_wconf 89' lang='lat' dir='ltr'>ejus</span> <span class='ocrx_word' id='word_1_144' title='bbox 1576 911 1756 949; x_wconf 85' lang='lat' dir='ltr'>debilita—</span> 
     </span>
     <span class='ocr_line' id='line_1_17' title="bbox 130 957 1758 1005; baseline 0.001 -11"><span class='ocrx_word' id='word_1_145' title='bbox 130 962 236 1003; x_wconf 82' lang='lat' dir='ltr'>tem3</span> <span class='ocrx_word' id='word_1_146' title='bbox 267 958 385 995; x_wconf 87' lang='lat' dir='ltr'>habet</span> <span class='ocrx_word' id='word_1_147' title='bbox 405 958 510 994; x_wconf 86' lang='lat' dir='ltr'>enim</span> <span class='ocrx_word' id='word_1_148' title='bbox 532 967 589 1002; x_wconf 81' lang='lat' dir='ltr'>se,</span> <span class='ocrx_word' id='word_1_149' title='bbox 611 957 659 994; x_wconf 86' lang='lat' dir='ltr'>ad</span> <span class='ocrx_word' id='word_1_150' title='bbox 680 958 1003 1004; x_wconf 89' lang='lat' dir='ltr'>cognoscendum</span> <span class='ocrx_word' id='word_1_151' title='bbox 1026 959 1123 995; x_wconf 90' lang='lat' dir='ltr'>illud</span> <span class='ocrx_word' id='word_1_152' title='bbox 1145 959 1249 1005; x_wconf 89' lang='lat' dir='ltr'>quod</span> <span class='ocrx_word' id='word_1_153' title='bbox 1272 962 1332 995; x_wconf 88' lang='lat' dir='ltr'>est</span> <span class='ocrx_word' id='word_1_154' title='bbox 1357 958 1526 996; x_wconf 83' lang='lat' dir='ltr'>maxime</span> <span class='ocrx_word' id='word_1_155' title='bbox 1547 959 1758 1005; x_wconf 85' lang='lat' dir='ltr'>cognosci-</span> 
     </span>
     <span class='ocr_line' id='line_1_18' title="bbox 131 1005 1757 1053; baseline 0.001 -11"><span class='ocrx_word' id='word_1_156' title='bbox 131 1005 223 1049; x_wconf 82' lang='lat' dir='ltr'>bile,</span> <span class='ocrx_word' id='word_1_157' title='bbox 260 1005 365 1042; x_wconf 88' lang='lat' dir='ltr'>sicut</span> <span class='ocrx_word' id='word_1_158' title='bbox 397 1006 539 1042; x_wconf 87' lang='lat' dir='ltr'>oculus</span> <span class='ocrx_word' id='word_1_159' title='bbox 573 1009 728 1041; x_wconf 81' lang='lat' dir='ltr'>noctuae</span> <span class='ocrx_word' id='word_1_160' title='bbox 766 1005 815 1042; x_wconf 86' lang='lat' dir='ltr'>ad</span> <span class='ocrx_word' id='word_1_161' title='bbox 836 1005 976 1042; x_wconf 88' lang='lat' dir='ltr'>solem.</span> <span class='ocrx_word' id='word_1_162' title='bbox 997 1006 1071 1042; x_wconf 87' lang='lat' dir='ltr'>Sed</span> <span class='ocrx_word' id='word_1_163' title='bbox 1099 1005 1308 1043; x_wconf 84' lang='lat' dir='ltr'>manifeste</span> <span class='ocrx_word' id='word_1_164' title='bbox 1344 1009 1502 1051; x_wconf 85' lang='lat' dir='ltr'>apparet</span> <span class='ocrx_word' id='word_1_165' title='bbox 1538 1005 1644 1053; x_wconf 87' lang='lat' dir='ltr'>quod</span> <span class='ocrx_word' id='word_1_166' title='bbox 1664 1005 1757 1043; x_wconf 87' lang='lat' dir='ltr'>finis</span> 
     </span>
     <span class='ocr_line' id='line_1_19' title="bbox 132 1051 1705 1099; baseline 0.001 -10"><span class='ocrx_word' id='word_1_167' title='bbox 132 1052 344 1097; x_wconf 80' lang='lat' dir='ltr'>cuiuslibet</span> <span class='ocrx_word' id='word_1_168' title='bbox 363 1051 595 1089; x_wconf 81' lang='lat' dir='ltr'>substantiae</span> <span class='ocrx_word' id='word_1_169' title='bbox 616 1052 908 1097; x_wconf 83' lang='lat' dir='ltr'>intellectualis,</span> <span class='ocrx_word' id='word_1_170' title='bbox 929 1052 1045 1089; x_wconf 83' lang='lat' dir='ltr'>etiam</span> <span class='ocrx_word' id='word_1_171' title='bbox 1065 1052 1224 1096; x_wconf 77' lang='lat' dir='ltr'>intimae,</span> <span class='ocrx_word' id='word_1_172' title='bbox 1244 1056 1304 1089; x_wconf 85' lang='lat' dir='ltr'>est</span> <span class='ocrx_word' id='word_1_173' title='bbox 1324 1053 1545 1099; x_wconf 83' lang='lat' dir='ltr'>intelligere</span> <span class='ocrx_word' id='word_1_174' title='bbox 1567 1054 1705 1090; x_wconf 91' lang='lat' dir='ltr'>Deum.</span> 
     </span>
    </p>

    <p class='ocr_par' dir='ltr' id='par_1_4' title="bbox 132 1099 1758 1465">
     <span class='ocr_line' id='line_1_20' title="bbox 179 1099 1754 1146; baseline 0.001 -10"><span class='ocrx_word' id='word_1_175' title='bbox 179 1100 392 1137; x_wconf 77' lang='lat' dir='ltr'>ostensum</span> <span class='ocrx_word' id='word_1_176' title='bbox 410 1103 470 1136; x_wconf 90' lang='lat' dir='ltr'>est</span> <span class='ocrx_word' id='word_1_177' title='bbox 489 1099 595 1136; x_wconf 86' lang='lat' dir='ltr'>enim</span> <span class='ocrx_word' id='word_1_178' title='bbox 615 1109 733 1145; x_wconf 87' lang='lat' dir='ltr'>supra</span> <span class='ocrx_word' id='word_1_179' title='bbox 752 1099 799 1145; x_wconf 90' lang='lat' dir='ltr'>(c.</span> <span class='ocrx_word' id='word_1_180' title='bbox 825 1099 881 1146; x_wconf 82' lang='lat'>18)</span> <span class='ocrx_word' id='word_1_181' title='bbox 903 1100 1008 1146; x_wconf 90' lang='lat' dir='ltr'>quod</span> <span class='ocrx_word' id='word_1_182' title='bbox 1030 1100 1209 1137; x_wconf 90' lang='lat' dir='ltr'>omnium</span> <span class='ocrx_word' id='word_1_183' title='bbox 1230 1100 1379 1137; x_wconf 85' lang='lat' dir='ltr'>entium</span> <span class='ocrx_word' id='word_1_184' title='bbox 1402 1100 1565 1137; x_wconf 87' lang='lat' dir='ltr'>ultimus</span> <span class='ocrx_word' id='word_1_185' title='bbox 1586 1099 1693 1146; x_wconf 83' lang='lat' dir='ltr'>finis,</span> <span class='ocrx_word' id='word_1_186' title='bbox 1712 1100 1754 1138; x_wconf 84' lang='lat' dir='ltr'>in</span> 
     </span>
     <span class='ocr_line' id='line_1_21' title="bbox 132 1146 1756 1193; baseline 0 -10"><span class='ocrx_word' id='word_1_187' title='bbox 132 1155 249 1193; x_wconf 83' lang='lat' dir='ltr'>quem</span> <span class='ocrx_word' id='word_1_188' title='bbox 268 1146 448 1191; x_wconf 87' lang='lat' dir='ltr'>tendunt,</span> <span class='ocrx_word' id='word_1_189' title='bbox 470 1150 529 1183; x_wconf 88' lang='lat' dir='ltr'>est</span> <span class='ocrx_word' id='word_1_190' title='bbox 550 1147 667 1183; x_wconf 89' lang='lat' dir='ltr'>Deus.</span> <span class='ocrx_word' id='word_1_191' title='bbox 690 1146 916 1183; x_wconf 84' lang='lat' dir='ltr'>Intellectus</span> <span class='ocrx_word' id='word_1_192' title='bbox 937 1151 1068 1184; x_wconf 84' lang='lat' dir='ltr'>autem</span> <span class='ocrx_word' id='word_1_193' title='bbox 1103 1147 1315 1190; x_wconf 85' lang='lat' dir='ltr'>humanus,</span> <span class='ocrx_word' id='word_1_194' title='bbox 1336 1147 1409 1184; x_wconf 89' lang='lat' dir='ltr'>etsi</span> <span class='ocrx_word' id='word_1_195' title='bbox 1429 1147 1482 1184; x_wconf 85' lang='lat' dir='ltr'>sit</span> <span class='ocrx_word' id='word_1_196' title='bbox 1513 1146 1677 1184; x_wconf 86' lang='lat' dir='ltr'>infimus</span> <span class='ocrx_word' id='word_1_197' title='bbox 1714 1147 1756 1183; x_wconf 92' lang='lat' dir='ltr'>in</span> 
     </span>
     <span class='ocr_line' id='line_1_22' title="bbox 132 1192 1751 1240; baseline 0 -10"><span class='ocrx_word' id='word_1_198' title='bbox 132 1193 270 1230; x_wconf 86' lang='lat' dir='ltr'>ordine</span> <span class='ocrx_word' id='word_1_199' title='bbox 289 1192 616 1230; x_wconf 85' lang='lat' dir='ltr'>intellectualium</span> <span class='ocrx_word' id='word_1_200' title='bbox 637 1193 963 1237; x_wconf 86' lang='lat' dir='ltr'>substantiarum,</span> <span class='ocrx_word' id='word_1_201' title='bbox 986 1198 1046 1231; x_wconf 83' lang='lat' dir='ltr'>est</span> <span class='ocrx_word' id='word_1_202' title='bbox 1064 1197 1197 1230; x_wconf 89' lang='lat' dir='ltr'>tamen</span> <span class='ocrx_word' id='word_1_203' title='bbox 1224 1194 1406 1240; x_wconf 84' lang='lat' dir='ltr'>superior</span> <span class='ocrx_word' id='word_1_204' title='bbox 1425 1194 1613 1231; x_wconf 87' lang='lat' dir='ltr'>omnibus</span> <span class='ocrx_word' id='word_1_205' title='bbox 1634 1193 1751 1230; x_wconf 86' lang='lat' dir='ltr'>intel-</span> 
     </span>
     <span class='ocr_line' id='line_1_23' title="bbox 133 1240 1754 1286; baseline 0.001 -10"><span class='ocrx_word' id='word_1_206' title='bbox 133 1241 236 1277; x_wconf 88' lang='lat' dir='ltr'>lectu</span> <span class='ocrx_word' id='word_1_207' title='bbox 256 1240 496 1277; x_wconf 88' lang='lat' dir='ltr'>carentibus.</span> <span class='ocrx_word' id='word_1_208' title='bbox 513 1241 641 1284; x_wconf 80' lang='lat' dir='ltr'>Quum</span> <span class='ocrx_word' id='word_1_209' title='bbox 660 1249 754 1286; x_wconf 84' lang='lat' dir='ltr'>ergo</span> <span class='ocrx_word' id='word_1_210' title='bbox 773 1240 985 1277; x_wconf 89' lang='lat' dir='ltr'>nobilioris</span> <span class='ocrx_word' id='word_1_211' title='bbox 1005 1240 1237 1278; x_wconf 78' lang='lat' dir='ltr'>substantiae</span> <span class='ocrx_word' id='word_1_212' title='bbox 1254 1250 1336 1278; x_wconf 92' lang='lat' dir='ltr'>non</span> <span class='ocrx_word' id='word_1_213' title='bbox 1350 1242 1401 1277; x_wconf 87' lang='lat' dir='ltr'>sit</span> <span class='ocrx_word' id='word_1_214' title='bbox 1416 1241 1632 1285; x_wconf 85' lang='lat' dir='ltr'>ignobilior</span> <span class='ocrx_word' id='word_1_215' title='bbox 1647 1240 1754 1286; x_wconf 88' lang='lat' dir='ltr'>finis,</span> 
     </span>
     <span class='ocr_line' id='line_1_24' title="bbox 133 1287 1755 1334; baseline 0.002 -13"><span class='ocrx_word' id='word_1_216' title='bbox 133 1288 206 1323; x_wconf 84' lang='lat' dir='ltr'>erit</span> <span class='ocrx_word' id='word_1_217' title='bbox 227 1288 346 1324; x_wconf 84' lang='lat' dir='ltr'>etiam</span> <span class='ocrx_word' id='word_1_218' title='bbox 365 1287 589 1324; x_wconf 83' lang='lat' dir='ltr'>intellectus</span> <span class='ocrx_word' id='word_1_219' title='bbox 611 1287 774 1323; x_wconf 84' lang='lat' dir='ltr'>humani</span> <span class='ocrx_word' id='word_1_220' title='bbox 796 1287 888 1323; x_wconf 88' lang='lat' dir='ltr'>finis</span> <span class='ocrx_word' id='word_1_221' title='bbox 909 1288 995 1333; x_wconf 87' lang='lat' dir='ltr'>ipse</span> <span class='ocrx_word' id='word_1_222' title='bbox 1017 1290 1134 1325; x_wconf 89' lang='lat' dir='ltr'>Deus.</span> <span class='ocrx_word' id='word_1_223' title='bbox 1153 1288 1466 1334; x_wconf 82' lang='lat' dir='ltr'>Unumquodque</span> <span class='ocrx_word' id='word_1_224' title='bbox 1488 1292 1619 1324; x_wconf 80' lang='lat' dir='ltr'>aulem</span> <span class='ocrx_word' id='word_1_225' title='bbox 1640 1287 1755 1325; x_wconf 83' lang='lat' dir='ltr'>intel-</span> 
     </span>
     <span class='ocr_line' id='line_1_25' title="bbox 133 1333 1758 1381; baseline 0.002 -11"><span class='ocrx_word' id='word_1_226' title='bbox 133 1335 262 1380; x_wconf 88' lang='lat' dir='ltr'>ligens</span> <span class='ocrx_word' id='word_1_227' title='bbox 280 1334 537 1381; x_wconf 86' lang='lat' dir='ltr'>consequitur</span> <span class='ocrx_word' id='word_1_228' title='bbox 555 1343 671 1371; x_wconf 91' lang='lat' dir='ltr'>suum</span> <span class='ocrx_word' id='word_1_229' title='bbox 693 1333 811 1370; x_wconf 84' lang='lat' dir='ltr'>finem</span> <span class='ocrx_word' id='word_1_230' title='bbox 833 1335 1017 1371; x_wconf 87' lang='lat' dir='ltr'>ultimum</span> <span class='ocrx_word' id='word_1_231' title='bbox 1037 1345 1106 1380; x_wconf 91' lang='lat' dir='ltr'>per</span> <span class='ocrx_word' id='word_1_232' title='bbox 1126 1335 1201 1371; x_wconf 90' lang='lat' dir='ltr'>hoc</span> <span class='ocrx_word' id='word_1_233' title='bbox 1219 1335 1326 1381; x_wconf 84' lang='lat' dir='ltr'>quod</span> <span class='ocrx_word' id='word_1_234' title='bbox 1346 1335 1477 1380; x_wconf 88' lang='lat' dir='ltr'>ipsum</span> <span class='ocrx_word' id='word_1_235' title='bbox 1497 1334 1696 1380; x_wconf 87' lang='lat' dir='ltr'>intelligit,</span> <span class='ocrx_word' id='word_1_236' title='bbox 1714 1337 1758 1373; x_wconf 85' lang='lat' dir='ltr'>ut</span> 
     </span>
     <span class='ocr_line' id='line_1_26' title="bbox 133 1380 1754 1465; baseline 0.001 -47"><span class='ocrx_word' id='word_1_237' title='bbox 133 1386 349 1465; x_wconf 55' lang='lat' dir='ltr'>ostensuin}i</span> <span class='ocrx_word' id='word_1_238' title='bbox 360 1385 433 1418; x_wconf 88' lang='lat' dir='ltr'>est.</span> <span class='ocrx_word' id='word_1_239' title='bbox 457 1380 716 1427; x_wconf 79' lang='lat' dir='ltr'>intelligendo</span> <span class='ocrx_word' id='word_1_240' title='bbox 742 1381 864 1426; x_wconf 84' lang='lat' dir='ltr'>igitur</span> <span class='ocrx_word' id='word_1_241' title='bbox 883 1382 1070 1427; x_wconf 86' lang='lat' dir='ltr'>pertingit</span> <span class='ocrx_word' id='word_1_242' title='bbox 1090 1382 1316 1419; x_wconf 88' lang='lat' dir='ltr'>intellectus</span> <span class='ocrx_word' id='word_1_243' title='bbox 1338 1381 1538 1418; x_wconf 88' lang='lat' dir='ltr'>humanus</span> <span class='ocrx_word' id='word_1_244' title='bbox 1560 1382 1610 1419; x_wconf 86' lang='lat' dir='ltr'>ad</span> <span class='ocrx_word' id='word_1_245' title='bbox 1629 1383 1754 1420; x_wconf 90' lang='lat' dir='ltr'>Deum</span> 
     </span>
     <span class='ocr_line' id='line_1_27' title="bbox 133 1429 456 1465; baseline 0.003 -1"><span class='ocrx_word' id='word_1_246' title='bbox 133 1429 236 1465; x_wconf 88' lang='lat' dir='ltr'>sicut</span> <span class='ocrx_word' id='word_1_247' title='bbox 256 1438 278 1465; x_wconf 80' lang='lat' dir='ltr'>a</span> <span class='ocrx_word' id='word_1_248' title='bbox 353 1437 456 1465; x_wconf 85' lang='lat' dir='ltr'>nem.</span> 
     </span>
    </p>

    <p class='ocr_par' dir='ltr' id='par_1_5' title="bbox 123 1474 1758 1897">
     <span class='ocr_line' id='line_1_28' title="bbox 179 1474 1758 1520; baseline 0 -9"><span class='ocrx_word' id='word_1_249' title='bbox 179 1475 322 1520; x_wconf 81' lang='lat' dir='ltr'>Adhuc,</span> <span class='ocrx_word' id='word_1_250' title='bbox 342 1475 447 1513; x_wconf 82' lang='lat' dir='ltr'>sicut</span> <span class='ocrx_word' id='word_1_251' title='bbox 465 1484 530 1512; x_wconf 83' lang='lat' dir='ltr'>res</span> <span class='ocrx_word' id='word_1_252' title='bbox 549 1474 751 1511; x_wconf 87' lang='lat' dir='ltr'>intellectu</span> <span class='ocrx_word' id='word_1_253' title='bbox 769 1478 950 1512; x_wconf 78' lang='lat' dir='ltr'>carentes</span> <span class='ocrx_word' id='word_1_254' title='bbox 968 1476 1137 1513; x_wconf 86' lang='lat' dir='ltr'>tendunt</span> <span class='ocrx_word' id='word_1_255' title='bbox 1155 1476 1197 1512; x_wconf 89' lang='lat' dir='ltr'>in</span> <span class='ocrx_word' id='word_1_256' title='bbox 1220 1477 1344 1512; x_wconf 87' lang='lat' dir='ltr'>Deum</span> <span class='ocrx_word' id='word_1_257' title='bbox 1365 1475 1470 1512; x_wconf 85' lang='lat' dir='ltr'>sicut</span> <span class='ocrx_word' id='word_1_258' title='bbox 1488 1475 1530 1511; x_wconf 85' lang='lat' dir='ltr'>in</span> <span class='ocrx_word' id='word_1_259' title='bbox 1550 1474 1671 1511; x_wconf 88' lang='lat' dir='ltr'>finem</span> <span class='ocrx_word' id='word_1_260' title='bbox 1688 1484 1758 1520; x_wconf 83' lang='lat' dir='ltr'>per</span> 
     </span>
     <span class='ocr_line' id='line_1_29' title="bbox 131 1520 1758 1568; baseline 0.001 -11"><span class='ocrx_word' id='word_1_261' title='bbox 131 1522 234 1558; x_wconf 89' lang='lat' dir='ltr'>viam</span> <span class='ocrx_word' id='word_1_262' title='bbox 256 1522 576 1564; x_wconf 80' lang='lat' dir='ltr'>assimilationis,</span> <span class='ocrx_word' id='word_1_263' title='bbox 597 1521 651 1558; x_wconf 87' lang='lat' dir='ltr'>ita</span> <span class='ocrx_word' id='word_1_264' title='bbox 669 1520 902 1559; x_wconf 81' lang='lat' dir='ltr'>substantiae</span> <span class='ocrx_word' id='word_1_265' title='bbox 925 1523 1215 1560; x_wconf 84' lang='lat' dir='ltr'>intellectuales</span> <span class='ocrx_word' id='word_1_266' title='bbox 1236 1532 1304 1568; x_wconf 92' lang='lat' dir='ltr'>per</span> <span class='ocrx_word' id='word_1_267' title='bbox 1326 1522 1429 1560; x_wconf 88' lang='lat' dir='ltr'>viam</span> <span class='ocrx_word' id='word_1_268' title='bbox 1453 1522 1697 1568; x_wconf 82' lang='lat' dir='ltr'>cognitionis</span> <span class='ocrx_word' id='word_1_269' title='bbox 1717 1525 1758 1559; x_wconf 89' lang='lat' dir='ltr'>ut</span> 
     </span>
     <span class='ocr_line' id='line_1_30' title="bbox 133 1569 1755 1615; baseline 0 -9"><span class='ocrx_word' id='word_1_270' title='bbox 133 1580 179 1606; x_wconf 77' lang='lat' dir='ltr'>ex</span> <span class='ocrx_word' id='word_1_271' title='bbox 196 1569 394 1615; x_wconf 76' lang='lat' dir='ltr'>praedictis</span> <span class='ocrx_word' id='word_1_272' title='bbox 414 1573 533 1615; x_wconf 86' lang='lat' dir='ltr'>patet.</span> <span class='ocrx_word' id='word_1_273' title='bbox 554 1570 629 1606; x_wconf 88' lang='lat' dir='ltr'>Res</span> <span class='ocrx_word' id='word_1_274' title='bbox 648 1571 779 1605; x_wconf 86' lang='lat' dir='ltr'>autem</span> <span class='ocrx_word' id='word_1_275' title='bbox 800 1570 1002 1607; x_wconf 88' lang='lat' dir='ltr'>intellectu</span> <span class='ocrx_word' id='word_1_276' title='bbox 1026 1574 1205 1607; x_wconf 81' lang='lat' dir='ltr'>carentes</span> <span class='ocrx_word' id='word_1_277' title='bbox 1234 1569 1307 1606; x_wconf 85' lang='lat' dir='ltr'>etsi</span> <span class='ocrx_word' id='word_1_278' title='bbox 1325 1569 1488 1607; x_wconf 85' lang='lat' dir='ltr'>tendant</span> <span class='ocrx_word' id='word_1_279' title='bbox 1507 1570 1548 1606; x_wconf 92' lang='lat' dir='ltr'>in</span> <span class='ocrx_word' id='word_1_280' title='bbox 1569 1569 1755 1606; x_wconf 85' lang='lat' dir='ltr'>similitu—</span> 
     </span>
     <span class='ocr_line' id='line_1_31' title="bbox 123 1615 1756 1664; baseline 0.001 -12"><span class='ocrx_word' id='word_1_281' title='bbox 123 1616 265 1653; x_wconf 84' lang='lat' dir='ltr'>dinem</span> <span class='ocrx_word' id='word_1_282' title='bbox 275 1617 546 1663; x_wconf 78' lang='lat' dir='ltr'>proximorum</span> <span class='ocrx_word' id='word_1_283' title='bbox 561 1615 778 1661; x_wconf 83' lang='lat' dir='ltr'>agentium,</span> <span class='ocrx_word' id='word_1_284' title='bbox 798 1626 879 1653; x_wconf 88' lang='lat' dir='ltr'>non</span> <span class='ocrx_word' id='word_1_285' title='bbox 897 1620 1029 1654; x_wconf 85' lang='lat' dir='ltr'>tamen</span> <span class='ocrx_word' id='word_1_286' title='bbox 1050 1617 1105 1654; x_wconf 91' lang='lat' dir='ltr'>ibi</span> <span class='ocrx_word' id='word_1_287' title='bbox 1126 1617 1297 1664; x_wconf 82' lang='lat' dir='ltr'>quiescit</span> <span class='ocrx_word' id='word_1_288' title='bbox 1315 1620 1465 1654; x_wconf 80' lang='lat' dir='ltr'>naturae</span> <span class='ocrx_word' id='word_1_289' title='bbox 1483 1616 1665 1658; x_wconf 83' lang='lat' dir='ltr'>intentio,</span> <span class='ocrx_word' id='word_1_290' title='bbox 1685 1615 1756 1653; x_wconf 87' lang='lat' dir='ltr'>sed</span> 
     </span>
     <span class='ocr_line' id='line_1_32' title="bbox 132 1663 1754 1710; baseline 0 -10"><span class='ocrx_word' id='word_1_291' title='bbox 132 1664 249 1700; x_wconf 82' lang='lat' dir='ltr'>habet</span> <span class='ocrx_word' id='word_1_292' title='bbox 274 1673 345 1709; x_wconf 86' lang='lat' dir='ltr'>pro</span> <span class='ocrx_word' id='word_1_293' title='bbox 365 1664 442 1700; x_wconf 85' lang='lat' dir='ltr'>sine</span> <span class='ocrx_word' id='word_1_294' title='bbox 463 1663 794 1701; x_wconf 82' lang='lat' dir='ltr'>assimilationem</span> <span class='ocrx_word' id='word_1_295' title='bbox 813 1664 861 1700; x_wconf 88' lang='lat' dir='ltr'>ad</span> <span class='ocrx_word' id='word_1_296' title='bbox 885 1673 1083 1701; x_wconf 91' lang='lat' dir='ltr'>summum</span> <span class='ocrx_word' id='word_1_297' title='bbox 1100 1664 1264 1709; x_wconf 89' lang='lat' dir='ltr'>bonum,</span> <span class='ocrx_word' id='word_1_298' title='bbox 1286 1668 1327 1701; x_wconf 84' lang='lat' dir='ltr'>ut</span> <span class='ocrx_word' id='word_1_299' title='bbox 1345 1674 1392 1701; x_wconf 85' lang='lat' dir='ltr'>ex</span> <span class='ocrx_word' id='word_1_300' title='bbox 1407 1664 1523 1702; x_wconf 88' lang='lat' dir='ltr'>dictis</span> <span class='ocrx_word' id='word_1_301' title='bbox 1543 1667 1662 1710; x_wconf 84' lang='lat' dir='ltr'>patet,</span> <span class='ocrx_word' id='word_1_302' title='bbox 1679 1663 1754 1701; x_wconf 86' lang='lat' dir='ltr'>etsi</span> 
     </span>
     <span class='ocr_line' id='line_1_33' title="bbox 131 1710 1753 1758; baseline 0.001 -12"><span class='ocrx_word' id='word_1_303' title='bbox 131 1711 478 1756; x_wconf 79' lang='lat' dir='ltr'>imperfectissime</span> <span class='ocrx_word' id='word_1_304' title='bbox 504 1711 553 1748; x_wconf 88' lang='lat' dir='ltr'>ad</span> <span class='ocrx_word' id='word_1_305' title='bbox 586 1711 689 1747; x_wconf 88' lang='lat' dir='ltr'>hanc</span> <span class='ocrx_word' id='word_1_306' title='bbox 724 1711 1028 1749; x_wconf 85' lang='lat' dir='ltr'>similitudinem</span> <span class='ocrx_word' id='word_1_307' title='bbox 1058 1712 1216 1756; x_wconf 85' lang='lat' dir='ltr'>possint</span> <span class='ocrx_word' id='word_1_308' title='bbox 1249 1711 1486 1758; x_wconf 85' lang='lat' dir='ltr'>pertingere.</span> <span class='ocrx_word' id='word_1_309' title='bbox 1523 1710 1753 1749; x_wconf 83' lang='lat' dir='ltr'>Intellectus</span> 
     </span>
     <span class='ocr_line' id='line_1_34' title="bbox 131 1757 1752 1805; baseline 0.001 -12"><span class='ocrx_word' id='word_1_310' title='bbox 131 1758 253 1803; x_wconf 87' lang='lat' dir='ltr'>igitur</span> <span class='ocrx_word' id='word_1_311' title='bbox 270 1762 632 1805; x_wconf 84' lang='lat' dir='ltr'>quantumcumque</span> <span class='ocrx_word' id='word_1_312' title='bbox 664 1759 864 1795; x_wconf 88' lang='lat' dir='ltr'>modicum</span> <span class='ocrx_word' id='word_1_313' title='bbox 883 1759 1012 1803; x_wconf 86' lang='lat' dir='ltr'>possit</span> <span class='ocrx_word' id='word_1_314' title='bbox 1043 1759 1090 1795; x_wconf 88' lang='lat' dir='ltr'>de</span> <span class='ocrx_word' id='word_1_315' title='bbox 1118 1759 1250 1796; x_wconf 84' lang='lat' dir='ltr'>divina</span> <span class='ocrx_word' id='word_1_316' title='bbox 1272 1758 1502 1805; x_wconf 86' lang='lat' dir='ltr'>cognitione</span> <span class='ocrx_word' id='word_1_317' title='bbox 1533 1757 1752 1804; x_wconf 86' lang='lat' dir='ltr'>percipere,</span> 
     </span>
     <span class='ocr_line' id='line_1_35' title="bbox 131 1805 1752 1889; baseline 0 -48"><span class='ocrx_word' id='word_1_318' title='bbox 131 1805 330 1889; x_wconf 60' lang='lat' dir='ltr'>illudllerilt3</span> <span class='ocrx_word' id='word_1_319' title='bbox 342 1805 417 1888; x_wconf 49' lang='lat' dir='ltr'>siibi</span> <span class='ocrx_word' id='word_1_320' title='bbox 440 1814 509 1851; x_wconf 84' lang='lat' dir='ltr'>pro</span> <span class='ocrx_word' id='word_1_321' title='bbox 539 1805 680 1842; x_wconf 81' lang='lat' dir='ltr'>ultimo</span> <span class='ocrx_word' id='word_1_322' title='bbox 708 1805 786 1842; x_wconf 88' lang='lat' dir='ltr'>fine</span> <span class='ocrx_word' id='word_1_323' title='bbox 814 1805 944 1852; x_wconf 84' lang='lat' dir='ltr'>magis</span> <span class='ocrx_word' id='word_1_324' title='bbox 964 1815 1083 1852; x_wconf 84' lang='lat' dir='ltr'>quam</span> <span class='ocrx_word' id='word_1_325' title='bbox 1112 1806 1286 1852; x_wconf 82' lang='lat' dir='ltr'>perfecta</span> <span class='ocrx_word' id='word_1_326' title='bbox 1310 1805 1489 1851; x_wconf 82' lang='lat' dir='ltr'>cognitio</span> <span class='ocrx_word' id='word_1_327' title='bbox 1516 1805 1752 1842; x_wconf 84' lang='lat' dir='ltr'>inferiorum</span> 
     </span>
     <span class='ocr_line' id='line_1_36' title="bbox 131 1852 461 1897; baseline 0.003 -10"><span class='ocrx_word' id='word_1_328' title='bbox 131 1855 215 1888; x_wconf 80' lang='lat' dir='ltr'>lnte</span> <span class='ocrx_word' id='word_1_329' title='bbox 250 1852 302 1897; x_wconf 89' lang='lat' dir='ltr'>igi</span> <span class='ocrx_word' id='word_1_330' title='bbox 335 1852 461 1888; x_wconf 89' lang='lat' dir='ltr'>iium.</span> 
     </span>
    </p>

    <p class='ocr_par' dir='ltr' id='par_1_6' title="bbox 130 1897 1756 2134">
     <span class='ocr_line' id='line_1_37' title="bbox 177 1897 1753 1947; baseline -0.001 -12"><span class='ocrx_word' id='word_1_331' title='bbox 177 1899 361 1944; x_wconf 80' lang='lat' dir='ltr'>Amplius,</span> <span class='ocrx_word' id='word_1_332' title='bbox 389 1898 699 1947; x_wconf 84' lang='lat' dir='ltr'>unumquodque</span> <span class='ocrx_word' id='word_1_333' title='bbox 718 1899 890 1936; x_wconf 80' lang='lat' dir='ltr'>maxime</span> <span class='ocrx_word' id='word_1_334' title='bbox 921 1898 1120 1936; x_wconf 86' lang='lat' dir='ltr'>desiderat</span> <span class='ocrx_word' id='word_1_335' title='bbox 1137 1907 1255 1936; x_wconf 89' lang='lat' dir='ltr'>suum</span> <span class='ocrx_word' id='word_1_336' title='bbox 1276 1898 1461 1936; x_wconf 89' lang='lat' dir='ltr'>ultimum</span> <span class='ocrx_word' id='word_1_337' title='bbox 1481 1897 1615 1935; x_wconf 88' lang='lat' dir='ltr'>finem.</span> <span class='ocrx_word' id='word_1_338' title='bbox 1634 1897 1753 1934; x_wconf 90' lang='lat' dir='ltr'>Intel-</span> 
     </span>
     <span class='ocr_line' id='line_1_38' title="bbox 130 1945 1754 1992; baseline -0.001 -9"><span class='ocrx_word' id='word_1_339' title='bbox 130 1945 256 1983; x_wconf 75' lang='lat' dir='ltr'>lectus</span> <span class='ocrx_word' id='word_1_340' title='bbox 276 1949 406 1982; x_wconf 88' lang='lat' dir='ltr'>autem</span> <span class='ocrx_word' id='word_1_341' title='bbox 428 1946 627 1983; x_wconf 81' lang='lat' dir='ltr'>humanus</span> <span class='ocrx_word' id='word_1_342' title='bbox 656 1946 785 1992; x_wconf 84' lang='lat' dir='ltr'>magis</span> <span class='ocrx_word' id='word_1_343' title='bbox 817 1946 1015 1983; x_wconf 80' lang='lat' dir='ltr'>desiderat</span> <span class='ocrx_word' id='word_1_344' title='bbox 1045 1949 1083 1982; x_wconf 89' lang='lat' dir='ltr'>et</span> <span class='ocrx_word' id='word_1_345' title='bbox 1103 1949 1208 1983; x_wconf 83' lang='lat' dir='ltr'>amat</span> <span class='ocrx_word' id='word_1_346' title='bbox 1241 1948 1280 1982; x_wconf 88' lang='lat' dir='ltr'>et</span> <span class='ocrx_word' id='word_1_347' title='bbox 1310 1945 1526 1982; x_wconf 85' lang='lat' dir='ltr'>delectatur</span> <span class='ocrx_word' id='word_1_348' title='bbox 1554 1945 1597 1983; x_wconf 91' lang='lat' dir='ltr'>in</span> <span class='ocrx_word' id='word_1_349' title='bbox 1617 1945 1754 1991; x_wconf 88' lang='lat' dir='ltr'>cogni-</span> 
     </span>
     <span class='ocr_line' id='line_1_39' title="bbox 130 1992 1752 2039; baseline -0.001 -10"><span class='ocrx_word' id='word_1_350' title='bbox 130 1993 240 2029; x_wconf 86' lang='lat' dir='ltr'>tione</span> <span class='ocrx_word' id='word_1_351' title='bbox 274 1992 514 2036; x_wconf 86' lang='lat' dir='ltr'>divinorum,</span> <span class='ocrx_word' id='word_1_352' title='bbox 550 1994 731 2039; x_wconf 76' lang='lat' dir='ltr'>quamvis</span> <span class='ocrx_word' id='word_1_353' title='bbox 762 1993 963 2030; x_wconf 86' lang='lat' dir='ltr'>modicum</span> <span class='ocrx_word' id='word_1_354' title='bbox 1001 1992 1162 2039; x_wconf 86' lang='lat' dir='ltr'>quidem</span> <span class='ocrx_word' id='word_1_355' title='bbox 1182 1992 1230 2030; x_wconf 89' lang='lat' dir='ltr'>de</span> <span class='ocrx_word' id='word_1_356' title='bbox 1267 1992 1348 2029; x_wconf 91' lang='lat' dir='ltr'>illis</span> <span class='ocrx_word' id='word_1_357' title='bbox 1370 1992 1571 2038; x_wconf 88' lang='lat' dir='ltr'>percipere</span> <span class='ocrx_word' id='word_1_358' title='bbox 1607 1992 1752 2039; x_wconf 89' lang='lat' dir='ltr'>possit,</span> 
     </span>
     <span class='ocr_line' id='line_1_40' title="bbox 132 2038 1756 2087; baseline -0.001 -11"><span class='ocrx_word' id='word_1_359' title='bbox 132 2049 252 2086; x_wconf 80' lang='lat' dir='ltr'>quam</span> <span class='ocrx_word' id='word_1_360' title='bbox 273 2039 315 2076; x_wconf 90' lang='lat' dir='ltr'>in</span> <span class='ocrx_word' id='word_1_361' title='bbox 348 2039 523 2085; x_wconf 78' lang='lat' dir='ltr'>perfecta</span> <span class='ocrx_word' id='word_1_362' title='bbox 562 2041 792 2087; x_wconf 87' lang='lat' dir='ltr'>cognitione</span> <span class='ocrx_word' id='word_1_363' title='bbox 812 2049 931 2086; x_wconf 79' lang='lat' dir='ltr'>quam</span> <span class='ocrx_word' id='word_1_364' title='bbox 965 2039 1084 2076; x_wconf 87' lang='lat' dir='ltr'>habet</span> <span class='ocrx_word' id='word_1_365' title='bbox 1103 2039 1150 2076; x_wconf 89' lang='lat' dir='ltr'>de</span> <span class='ocrx_word' id='word_1_366' title='bbox 1184 2039 1304 2076; x_wconf 89' lang='lat' dir='ltr'>rebus</span> <span class='ocrx_word' id='word_1_367' title='bbox 1339 2038 1508 2076; x_wconf 86' lang='lat' dir='ltr'>infimis.</span> <span class='ocrx_word' id='word_1_368' title='bbox 1530 2041 1596 2076; x_wconf 85' lang='lat' dir='ltr'>Est</span> <span class='ocrx_word' id='word_1_369' title='bbox 1632 2039 1756 2086; x_wconf 89' lang='lat' dir='ltr'>igitur</span> 
     </span>
     <span class='ocr_line' id='line_1_41' title="bbox 130 2085 1325 2134; baseline 0 -11"><span class='ocrx_word' id='word_1_370' title='bbox 130 2087 296 2124; x_wconf 87' lang='lat' dir='ltr'>ultimus</span> <span class='ocrx_word' id='word_1_371' title='bbox 313 2085 406 2123; x_wconf 88' lang='lat' dir='ltr'>finis</span> <span class='ocrx_word' id='word_1_372' title='bbox 428 2086 603 2124; x_wconf 88' lang='lat' dir='ltr'>hominis</span> <span class='ocrx_word' id='word_1_373' title='bbox 630 2087 852 2133; x_wconf 85' lang='lat' dir='ltr'>intelligere</span> <span class='ocrx_word' id='word_1_374' title='bbox 870 2096 1031 2134; x_wconf 84' lang='lat' dir='ltr'>quoquo</span> <span class='ocrx_word' id='word_1_375' title='bbox 1052 2087 1172 2124; x_wconf 90' lang='lat' dir='ltr'>modo</span> <span class='ocrx_word' id='word_1_376' title='bbox 1188 2088 1325 2124; x_wconf 88' lang='lat' dir='ltr'>Deum.</span> 
     </span>
    </p>

    <p class='ocr_par' dir='ltr' id='par_1_7' title="bbox 128 2133 1773 2688">
     <span class='ocr_line' id='line_1_42' title="bbox 177 2133 1773 2180; baseline 0.001 -12"><span class='ocrx_word' id='word_1_377' title='bbox 177 2134 321 2178; x_wconf 68' lang='lat' dir='ltr'>Adhuc,</span> <span class='ocrx_word' id='word_1_378' title='bbox 354 2135 666 2180; x_wconf 82' lang='lat' dir='ltr'>unumquodque</span> <span class='ocrx_word' id='word_1_379' title='bbox 696 2134 822 2171; x_wconf 83' lang='lat' dir='ltr'>tendit</span> <span class='ocrx_word' id='word_1_380' title='bbox 852 2134 892 2170; x_wconf 89' lang='lat' dir='ltr'>in</span> <span class='ocrx_word' id='word_1_381' title='bbox 926 2134 1099 2171; x_wconf 88' lang='lat' dir='ltr'>divinam</span> <span class='ocrx_word' id='word_1_382' title='bbox 1135 2133 1440 2171; x_wconf 85' lang='lat' dir='ltr'>similitudinem</span> <span class='ocrx_word' id='word_1_383' title='bbox 1472 2133 1637 2171; x_wconf 84' lang='lat' dir='ltr'>sicutin</span> <span class='ocrx_word' id='word_1_384' title='bbox 1661 2142 1773 2178; x_wconf 85' lang='lat' dir='ltr'>pro--</span> 
     </span>
     <span class='ocr_line' id='line_1_43' title="bbox 129 2180 1755 2232; baseline -0.001 -15"><span class='ocrx_word' id='word_1_385' title='bbox 129 2182 261 2227; x_wconf 87' lang='lat' dir='ltr'>prium</span> <span class='ocrx_word' id='word_1_386' title='bbox 283 2180 418 2218; x_wconf 87' lang='lat' dir='ltr'>finem.</span> <span class='ocrx_word' id='word_1_387' title='bbox 438 2181 538 2218; x_wconf 90' lang='lat' dir='ltr'>Illud</span> <span class='ocrx_word' id='word_1_388' title='bbox 558 2181 681 2228; x_wconf 85' lang='lat' dir='ltr'>igitur</span> <span class='ocrx_word' id='word_1_389' title='bbox 709 2191 778 2227; x_wconf 89' lang='lat' dir='ltr'>per</span> <span class='ocrx_word' id='word_1_390' title='bbox 806 2180 913 2228; x_wconf 88' lang='lat' dir='ltr'>quod</span> <span class='ocrx_word' id='word_1_391' title='bbox 937 2181 1248 2228; x_wconf 86' lang='lat' dir='ltr'>unumquodque</span> <span class='ocrx_word' id='word_1_392' title='bbox 1267 2181 1439 2217; x_wconf 85' lang='lat' dir='ltr'>maxime</span> <span class='ocrx_word' id='word_1_393' title='bbox 1458 2182 1537 2218; x_wconf 86' lang='lat' dir='ltr'>Deo</span> <span class='ocrx_word' id='word_1_394' title='bbox 1558 2180 1755 2232; x_wconf 77' lang='lat' dir='ltr'>assimila·</span> 
     </span>
     <span class='ocr_line' id='line_1_44' title="bbox 129 2227 1754 2274; baseline 0 -10"><span class='ocrx_word' id='word_1_395' title='bbox 129 2232 195 2265; x_wconf 85' lang='lat' dir='ltr'>tur</span> <span class='ocrx_word' id='word_1_396' title='bbox 211 2232 271 2265; x_wconf 85' lang='lat' dir='ltr'>est</span> <span class='ocrx_word' id='word_1_397' title='bbox 292 2228 455 2265; x_wconf 91' lang='lat' dir='ltr'>ultimus</span> <span class='ocrx_word' id='word_1_398' title='bbox 475 2228 566 2266; x_wconf 86' lang='lat' dir='ltr'>finis</span> <span class='ocrx_word' id='word_1_399' title='bbox 588 2228 688 2274; x_wconf 87' lang='lat' dir='ltr'>ejus.</span> <span class='ocrx_word' id='word_1_400' title='bbox 708 2230 788 2265; x_wconf 89' lang='lat' dir='ltr'>Deo</span> <span class='ocrx_word' id='word_1_401' title='bbox 823 2231 954 2266; x_wconf 87' lang='lat' dir='ltr'>autem</span> <span class='ocrx_word' id='word_1_402' title='bbox 975 2229 1222 2266; x_wconf 85' lang='lat' dir='ltr'>assimilatur</span> <span class='ocrx_word' id='word_1_403' title='bbox 1244 2228 1415 2265; x_wconf 81' lang='lat' dir='ltr'>maxime</span> <span class='ocrx_word' id='word_1_404' title='bbox 1440 2231 1620 2265; x_wconf 85' lang='lat' dir='ltr'>creatura</span> <span class='ocrx_word' id='word_1_405' title='bbox 1640 2227 1754 2264; x_wconf 82' lang='lat' dir='ltr'>lntel·</span> 
     </span>
     <span class='ocr_line' id='line_1_45' title="bbox 129 2274 1754 2321; baseline -0.001 -10"><span class='ocrx_word' id='word_1_406' title='bbox 129 2274 312 2312; x_wconf 83' lang='lat' dir='ltr'>lectualis</span> <span class='ocrx_word' id='word_1_407' title='bbox 328 2284 396 2320; x_wconf 86' lang='lat' dir='ltr'>per</span> <span class='ocrx_word' id='word_1_408' title='bbox 417 2276 492 2313; x_wconf 89' lang='lat' dir='ltr'>hoc</span> <span class='ocrx_word' id='word_1_409' title='bbox 517 2277 624 2321; x_wconf 75' lang='lat' dir='ltr'>quod.</span> <span class='ocrx_word' id='word_1_410' title='bbox 643 2275 926 2313; x_wconf 85' lang='lat' dir='ltr'>intellectualis</span> <span class='ocrx_word' id='word_1_411' title='bbox 948 2280 1033 2320; x_wconf 88' lang='lat' dir='ltr'>est;</span> <span class='ocrx_word' id='word_1_412' title='bbox 1055 2276 1157 2312; x_wconf 83' lang='lat' dir='ltr'>hanc</span> <span class='ocrx_word' id='word_1_413' title='bbox 1181 2276 1288 2312; x_wconf 82' lang='lat' dir='ltr'>enim</span> <span class='ocrx_word' id='word_1_414' title='bbox 1308 2274 1612 2313; x_wconf 76' lang='lat' dir='ltr'>similitudinem</span> <span class='ocrx_word' id='word_1_415' title='bbox 1635 2274 1754 2312; x_wconf 79' lang='lat' dir='ltr'>habet</span> 
     </span>
     <span class='ocr_line' id='line_1_46' title="bbox 128 2322 1754 2368; baseline 0.001 -11"><span class='ocrx_word' id='word_1_416' title='bbox 128 2331 209 2367; x_wconf 81' lang='lat' dir='ltr'>prae</span> <span class='ocrx_word' id='word_1_417' title='bbox 247 2322 401 2359; x_wconf 67' lang='lat' dir='ltr'>caeteris</span> <span class='ocrx_word' id='word_1_418' title='bbox 436 2323 642 2368; x_wconf 87' lang='lat' dir='ltr'>creaturis,</span> <span class='ocrx_word' id='word_1_419' title='bbox 681 2327 719 2360; x_wconf 84' lang='lat' dir='ltr'>et</span> <span class='ocrx_word' id='word_1_420' title='bbox 738 2323 815 2360; x_wconf 88' lang='lat' dir='ltr'>hoc</span> <span class='ocrx_word' id='word_1_421' title='bbox 852 2323 1020 2360; x_wconf 86' lang='lat' dir='ltr'>includit</span> <span class='ocrx_word' id='word_1_422' title='bbox 1057 2332 1197 2360; x_wconf 90' lang='lat' dir='ltr'>omnes</span> <span class='ocrx_word' id='word_1_423' title='bbox 1232 2322 1358 2368; x_wconf 86' lang='lat' dir='ltr'>alias;</span> <span class='ocrx_word' id='word_1_424' title='bbox 1379 2322 1422 2359; x_wconf 89' lang='lat' dir='ltr'>in</span> <span class='ocrx_word' id='word_1_425' title='bbox 1442 2331 1586 2368; x_wconf 84' lang='lat' dir='ltr'>genere</span> <span class='ocrx_word' id='word_1_426' title='bbox 1621 2324 1754 2358; x_wconf 86' lang='lat' dir='ltr'>autem</span> 
     </span>
     <span class='ocr_line' id='line_1_47' title="bbox 130 2368 1750 2417; baseline -0.001 -12"><span class='ocrx_word' id='word_1_427' title='bbox 130 2368 252 2415; x_wconf 80' lang='lat' dir='ltr'>liujus</span> <span class='ocrx_word' id='word_1_428' title='bbox 273 2369 548 2406; x_wconf 85' lang='lat' dir='ltr'>similitudinis</span> <span class='ocrx_word' id='word_1_429' title='bbox 564 2370 692 2417; x_wconf 87' lang='lat' dir='ltr'>magis</span> <span class='ocrx_word' id='word_1_430' title='bbox 707 2369 954 2408; x_wconf 84' lang='lat' dir='ltr'>assimilatur</span> <span class='ocrx_word' id='word_1_431' title='bbox 970 2372 1066 2415; x_wconf 88' lang='lat' dir='ltr'>Deo,</span> <span class='ocrx_word' id='word_1_432' title='bbox 1085 2369 1303 2407; x_wconf 89' lang='lat' dir='ltr'>secundum</span> <span class='ocrx_word' id='word_1_433' title='bbox 1319 2369 1424 2417; x_wconf 88' lang='lat' dir='ltr'>quod</span> <span class='ocrx_word' id='word_1_434' title='bbox 1439 2369 1626 2415; x_wconf 87' lang='lat' dir='ltr'>intelligit</span> <span class='ocrx_word' id='word_1_435' title='bbox 1645 2372 1750 2412; x_wconf 86' lang='lat' dir='ltr'>actu,</span> 
     </span>
     <span class='ocr_line' id='line_1_48' title="bbox 130 2416 1755 2467; baseline -0.001 -14"><span class='ocrx_word' id='word_1_436' title='bbox 130 2425 249 2462; x_wconf 84' lang='lat' dir='ltr'>quam</span> <span class='ocrx_word' id='word_1_437' title='bbox 271 2417 491 2454; x_wconf 86' lang='lat' dir='ltr'>secundum</span> <span class='ocrx_word' id='word_1_438' title='bbox 512 2418 618 2464; x_wconf 88' lang='lat' dir='ltr'>quod</span> <span class='ocrx_word' id='word_1_439' title='bbox 639 2417 826 2463; x_wconf 86' lang='lat' dir='ltr'>intelligit</span> <span class='ocrx_word' id='word_1_440' title='bbox 844 2417 886 2454; x_wconf 89' lang='lat' dir='ltr'>in</span> <span class='ocrx_word' id='word_1_441' title='bbox 905 2416 1043 2455; x_wconf 87' lang='lat' dir='ltr'>habitu</span> <span class='ocrx_word' id='word_1_442' title='bbox 1065 2417 1127 2455; x_wconf 89' lang='lat' dir='ltr'>vel</span> <span class='ocrx_word' id='word_1_443' title='bbox 1147 2417 1337 2463; x_wconf 85' lang='lat' dir='ltr'>potentia,</span> <span class='ocrx_word' id='word_1_444' title='bbox 1362 2416 1457 2464; x_wconf 88' lang='lat' dir='ltr'>quia</span> <span class='ocrx_word' id='word_1_445' title='bbox 1476 2418 1580 2453; x_wconf 90' lang='lat' dir='ltr'>Deus</span> <span class='ocrx_word' id='word_1_446' title='bbox 1598 2423 1755 2467; x_wconf 82' lang='lat' dir='ltr'>semper</span> 
     </span>
     <span class='ocr_line' id='line_1_49' title="bbox 131 2462 1754 2511; baseline -0.001 -11"><span class='ocrx_word' id='word_1_447' title='bbox 131 2467 220 2500; x_wconf 87' lang='lat' dir='ltr'>actu</span> <span class='ocrx_word' id='word_1_448' title='bbox 240 2463 471 2511; x_wconf 87' lang='lat' dir='ltr'>intelligens</span> <span class='ocrx_word' id='word_1_449' title='bbox 491 2468 564 2505; x_wconf 85' lang='lat' dir='ltr'>est,</span> <span class='ocrx_word' id='word_1_450' title='bbox 586 2468 629 2501; x_wconf 89' lang='lat' dir='ltr'>ut</span> <span class='ocrx_word' id='word_1_451' title='bbox 649 2464 859 2510; x_wconf 85' lang='lat' dir='ltr'>probatum</span> <span class='ocrx_word' id='word_1_452' title='bbox 879 2468 940 2502; x_wconf 82' lang='lat' dir='ltr'>est</span> <span class='ocrx_word' id='word_1_453' title='bbox 959 2464 1001 2511; x_wconf 90' lang='lat' dir='ltr'>(l.</span> <span class='ocrx_word' id='word_1_454' title='bbox 1023 2473 1050 2509; x_wconf 89' lang='lat'>1,</span> <span class='ocrx_word' id='word_1_455' title='bbox 1068 2474 1104 2502; x_wconf 89' lang='lat' dir='ltr'>c.</span> <span class='ocrx_word' id='word_1_456' title='bbox 1124 2464 1183 2511; x_wconf 87' lang='lat'>56)</span> <span class='ocrx_word' id='word_1_457' title='bbox 1201 2476 1210 2508; x_wconf 91' lang='lat'>;</span> <span class='ocrx_word' id='word_1_458' title='bbox 1228 2467 1265 2501; x_wconf 85' lang='lat' dir='ltr'>et</span> <span class='ocrx_word' id='word_1_459' title='bbox 1285 2464 1327 2501; x_wconf 92' lang='lat' dir='ltr'>in</span> <span class='ocrx_word' id='word_1_460' title='bbox 1347 2463 1424 2501; x_wconf 89' lang='lat' dir='ltr'>hoc</span> <span class='ocrx_word' id='word_1_461' title='bbox 1441 2463 1548 2510; x_wconf 88' lang='lat' dir='ltr'>quod</span> <span class='ocrx_word' id='word_1_462' title='bbox 1567 2462 1754 2507; x_wconf 82' lang='lat' dir='ltr'>intelligit</span> 
     </span>
     <span class='ocr_line' id='line_1_50' title="bbox 131 2510 1750 2559; baseline -0.001 -13"><span class='ocrx_word' id='word_1_463' title='bbox 131 2514 234 2555; x_wconf 87' lang='lat' dir='ltr'>actu,</span> <span class='ocrx_word' id='word_1_464' title='bbox 256 2510 427 2548; x_wconf 81' lang='lat' dir='ltr'>maxime</span> <span class='ocrx_word' id='word_1_465' title='bbox 457 2511 705 2549; x_wconf 85' lang='lat' dir='ltr'>assimilatur</span> <span class='ocrx_word' id='word_1_466' title='bbox 734 2512 828 2555; x_wconf 91' lang='lat' dir='ltr'>Deo,</span> <span class='ocrx_word' id='word_1_467' title='bbox 851 2511 1072 2549; x_wconf 88' lang='lat' dir='ltr'>secundum</span> <span class='ocrx_word' id='word_1_468' title='bbox 1102 2512 1209 2558; x_wconf 83' lang='lat' dir='ltr'>quod</span> <span class='ocrx_word' id='word_1_469' title='bbox 1231 2511 1419 2559; x_wconf 87' lang='lat' dir='ltr'>intelligit</span> <span class='ocrx_word' id='word_1_470' title='bbox 1450 2512 1582 2557; x_wconf 85' lang='lat' dir='ltr'>ipsum</span> <span class='ocrx_word' id='word_1_471' title='bbox 1602 2511 1750 2553; x_wconf 81' lang='lat' dir='ltr'>Deum3</span> 
     </span>
     <span class='ocr_line' id='line_1_51' title="bbox 130 2557 1756 2607; baseline -0.001 -14"><span class='ocrx_word' id='word_1_472' title='bbox 130 2566 222 2594; x_wconf 88' lang='lat' dir='ltr'>nam</span> <span class='ocrx_word' id='word_1_473' title='bbox 255 2558 342 2604; x_wconf 91' lang='lat' dir='ltr'>ipse</span> <span class='ocrx_word' id='word_1_474' title='bbox 373 2559 478 2596; x_wconf 88' lang='lat' dir='ltr'>Deus</span> <span class='ocrx_word' id='word_1_475' title='bbox 509 2557 769 2605; x_wconf 86' lang='lat' dir='ltr'>intelligendo</span> <span class='ocrx_word' id='word_1_476' title='bbox 807 2568 851 2596; x_wconf 92' lang='lat' dir='ltr'>se</span> <span class='ocrx_word' id='word_1_477' title='bbox 871 2558 1060 2606; x_wconf 87' lang='lat' dir='ltr'>iutelligit</span> <span class='ocrx_word' id='word_1_478' title='bbox 1094 2559 1231 2596; x_wconf 86' lang='lat' dir='ltr'>omnia</span> <span class='ocrx_word' id='word_1_479' title='bbox 1267 2558 1359 2599; x_wconf 86' lang='lat' dir='ltr'>alia,</span> <span class='ocrx_word' id='word_1_480' title='bbox 1381 2561 1424 2596; x_wconf 83' lang='lat' dir='ltr'>ut</span> <span class='ocrx_word' id='word_1_481' title='bbox 1449 2557 1655 2605; x_wconf 86' lang='lat' dir='ltr'>probatum</span> <span class='ocrx_word' id='word_1_482' title='bbox 1694 2558 1756 2607; x_wconf 83' lang='lat' dir='ltr'>est</span> 
     </span>
     <span class='ocr_line' id='line_1_52' title="bbox 132 2602 1753 2687; baseline 0.001 -48"><span class='ocrx_word' id='word_1_483' title='bbox 132 2602 220 2684; x_wconf 60' lang='grc'><strong>(1.11,</strong></span> <span class='ocrx_word' id='word_1_484' title='bbox 235 2614 272 2685; x_wconf 75' lang='lat' dir='ltr'>tc.</span> <span class='ocrx_word' id='word_1_485' title='bbox 301 2604 376 2687; x_wconf 44' lang='grc' dir='ltr'>ἐῢ).</span> <span class='ocrx_word' id='word_1_486' title='bbox 395 2605 620 2653; x_wconf 87' lang='lat' dir='ltr'>Intelligere</span> <span class='ocrx_word' id='word_1_487' title='bbox 640 2605 763 2653; x_wconf 88' lang='lat' dir='ltr'>igitur</span> <span class='ocrx_word' id='word_1_488' title='bbox 782 2606 906 2644; x_wconf 90' lang='lat' dir='ltr'>Deum</span> <span class='ocrx_word' id='word_1_489' title='bbox 926 2609 987 2644; x_wconf 83' lang='lat' dir='ltr'>est</span> <span class='ocrx_word' id='word_1_490' title='bbox 1019 2605 1184 2644; x_wconf 87' lang='lat' dir='ltr'>ultimus</span> <span class='ocrx_word' id='word_1_491' title='bbox 1204 2605 1298 2643; x_wconf 89' lang='lat' dir='ltr'>finis</span> <span class='ocrx_word' id='word_1_492' title='bbox 1319 2605 1453 2643; x_wconf 88' lang='lat' dir='ltr'>omnis</span> <span class='ocrx_word' id='word_1_493' title='bbox 1472 2602 1753 2641; x_wconf 79' lang='lat' dir='ltr'>intellectualis</span> 
     </span>
     <span class='ocr_line' id='line_1_53' title="bbox 131 2657 377 2688; baseline 0.012 -3"><span class='ocrx_word' id='word_1_494' title='bbox 131 2657 178 2686; x_wconf 90' lang='lat' dir='ltr'>su</span> <span class='ocrx_word' id='word_1_495' title='bbox 194 2659 228 2686; x_wconf 72' lang='lat' dir='ltr'>is</span> <span class='ocrx_word' id='word_1_496' title='bbox 248 2660 297 2687; x_wconf 88' lang='lat' dir='ltr'>an</span> <span class='ocrx_word' id='word_1_497' title='bbox 317 2661 377 2688; x_wconf 81' lang='lat' dir='ltr'>iae.</span> 
     </span>
    </p>

    <p class='ocr_par' dir='ltr' id='par_1_8' title="bbox 128 2696 1756 2981">
     <span class='ocr_line' id='line_1_54' title="bbox 176 2696 1753 2750; baseline 0.001 -19"><span class='ocrx_word' id='word_1_498' title='bbox 176 2697 276 2737; x_wconf 77' lang='lat' dir='ltr'>Item,</span> <span class='ocrx_word' id='word_1_499' title='bbox 299 2698 404 2743; x_wconf 85' lang='lat' dir='ltr'>quod</span> <span class='ocrx_word' id='word_1_500' title='bbox 435 2702 497 2736; x_wconf 85' lang='lat' dir='ltr'>est</span> <span class='ocrx_word' id='word_1_501' title='bbox 528 2702 682 2737; x_wconf 86' lang='lat' dir='ltr'>tantum</span> <span class='ocrx_word' id='word_1_502' title='bbox 701 2705 862 2746; x_wconf 84' lang='lat' dir='ltr'>propter</span> <span class='ocrx_word' id='word_1_503' title='bbox 881 2700 989 2738; x_wconf 86' lang='lat' dir='ltr'>aliud</span> <span class='ocrx_word' id='word_1_504' title='bbox 1021 2699 1231 2746; x_wconf 84' lang='lat' dir='ltr'>diligibile,</span> <span class='ocrx_word' id='word_1_505' title='bbox 1252 2702 1314 2737; x_wconf 85' lang='lat' dir='ltr'>est</span> <span class='ocrx_word' id='word_1_506' title='bbox 1348 2701 1508 2750; x_wconf 81' lang='lat' dir='ltr'>propter</span> <span class='ocrx_word' id='word_1_507' title='bbox 1526 2697 1625 2749; x_wconf 79' lang='lat' dir='ltr'>illud</span> <span class='ocrx_word' id='word_1_508' title='bbox 1646 2696 1753 2743; x_wconf 81' lang='lat' dir='ltr'>quod</span> 
     </span>
     <span class='ocr_line' id='line_1_55' title="bbox 131 2744 1754 2796; baseline 0.001 -18"><span class='ocrx_word' id='word_1_509' title='bbox 131 2746 192 2795; x_wconf 74' lang='lat' dir='ltr'>est</span> <span class='ocrx_word' id='word_1_510' title='bbox 210 2746 363 2780; x_wconf 84' lang='lat' dir='ltr'>tantuin</span> <span class='ocrx_word' id='word_1_511' title='bbox 383 2750 542 2791; x_wconf 68' lang='lat' dir='ltr'>propter</span> <span class='ocrx_word' id='word_1_512' title='bbox 555 2755 599 2784; x_wconf 91' lang='lat' dir='ltr'>se</span> <span class='ocrx_word' id='word_1_513' title='bbox 619 2747 840 2795; x_wconf 86' lang='lat' dir='ltr'>diligibile;</span> <span class='ocrx_word' id='word_1_514' title='bbox 862 2756 943 2784; x_wconf 90' lang='lat' dir='ltr'>non</span> <span class='ocrx_word' id='word_1_515' title='bbox 966 2747 1071 2784; x_wconf 89' lang='lat' dir='ltr'>enim</span> <span class='ocrx_word' id='word_1_516' title='bbox 1093 2751 1155 2785; x_wconf 86' lang='lat' dir='ltr'>est</span> <span class='ocrx_word' id='word_1_517' title='bbox 1174 2746 1282 2784; x_wconf 89' lang='lat' dir='ltr'>abire</span> <span class='ocrx_word' id='word_1_518' title='bbox 1296 2746 1339 2782; x_wconf 88' lang='lat' dir='ltr'>in</span> <span class='ocrx_word' id='word_1_519' title='bbox 1358 2744 1558 2796; x_wconf 85' lang='lat' dir='ltr'>infinitum</span> <span class='ocrx_word' id='word_1_520' title='bbox 1579 2753 1621 2780; x_wconf 89' lang='grc'>111</span> <span class='ocrx_word' id='word_1_521' title='bbox 1640 2753 1754 2796; x_wconf 84' lang='lat' dir='ltr'>appe·</span> 
     </span>
     <span class='ocr_line' id='line_1_56' title="bbox 128 2790 1756 2843; baseline 0.001 -17"><span class='ocrx_word' id='word_1_522' title='bbox 128 2792 202 2827; x_wconf 82' lang='lat' dir='ltr'>titu</span> <span class='ocrx_word' id='word_1_523' title='bbox 224 2793 502 2843; x_wconf 35' lang='lat' dir='ltr'>natu-remquia</span> <span class='ocrx_word' id='word_1_524' title='bbox 522 2793 763 2832; x_wconf 85' lang='lat' dir='ltr'>desiderium</span> <span class='ocrx_word' id='word_1_525' title='bbox 786 2798 937 2832; x_wconf 81' lang='lat' dir='ltr'>naturae</span> <span class='ocrx_word' id='word_1_526' title='bbox 954 2794 1224 2838; x_wconf 80' lang='lat' dir='ltr'>frustraretur,</span> <span class='ocrx_word' id='word_1_527' title='bbox 1243 2800 1366 2839; x_wconf 82' lang='lat' dir='ltr'>quum</span> <span class='ocrx_word' id='word_1_528' title='bbox 1384 2799 1466 2828; x_wconf 89' lang='lat' dir='ltr'>non</span> <span class='ocrx_word' id='word_1_529' title='bbox 1487 2795 1539 2843; x_wconf 81' lang='lat' dir='ltr'>sit</span> <span class='ocrx_word' id='word_1_530' title='bbox 1561 2790 1756 2837; x_wconf 83' lang='lat' dir='ltr'>possibile</span> 
     </span>
     <span class='ocr_line' id='line_1_57' title="bbox 129 2837 1753 2885; baseline 0.001 -12"><span class='ocrx_word' id='word_1_531' title='bbox 129 2839 371 2883; x_wconf 83' lang='lat' dir='ltr'>pertransire</span> <span class='ocrx_word' id='word_1_532' title='bbox 391 2837 560 2876; x_wconf 84' lang='lat' dir='ltr'>1nfinita.</span> <span class='ocrx_word' id='word_1_533' title='bbox 582 2842 730 2878; x_wconf 87' lang='lat' dir='ltr'>Omnes</span> <span class='ocrx_word' id='word_1_534' title='bbox 749 2845 882 2878; x_wconf 87' lang='lat' dir='ltr'>autem</span> <span class='ocrx_word' id='word_1_535' title='bbox 902 2841 1082 2878; x_wconf 77' lang='lat' dir='ltr'>scientiae</span> <span class='ocrx_word' id='word_1_536' title='bbox 1114 2844 1152 2877; x_wconf 86' lang='lat' dir='ltr'>et</span> <span class='ocrx_word' id='word_1_537' title='bbox 1172 2843 1277 2876; x_wconf 85' lang='lat' dir='ltr'>artes</span> <span class='ocrx_word' id='word_1_538' title='bbox 1297 2843 1336 2875; x_wconf 86' lang='lat' dir='ltr'>et</span> <span class='ocrx_word' id='word_1_539' title='bbox 1363 2842 1549 2885; x_wconf 58' lang='lat' dir='ltr'>potentiae</span> <span class='ocrx_word' id='word_1_540' title='bbox 1570 2839 1753 2884; x_wconf 79' lang='lat' dir='ltr'>practicae</span> 
     </span>
     <span class='ocr_line' id='line_1_58' title="bbox 131 2884 1754 2934; baseline 0.001 -14"><span class='ocrx_word' id='word_1_541' title='bbox 131 2887 226 2921; x_wconf 86' lang='lat' dir='ltr'>sunt</span> <span class='ocrx_word' id='word_1_542' title='bbox 244 2887 397 2921; x_wconf 82' lang='lat' dir='ltr'>tautum</span> <span class='ocrx_word' id='word_1_543' title='bbox 413 2889 572 2930; x_wconf 88' lang='lat' dir='ltr'>propter</span> <span class='ocrx_word' id='word_1_544' title='bbox 589 2886 698 2924; x_wconf 89' lang='lat' dir='ltr'>aliud</span> <span class='ocrx_word' id='word_1_545' title='bbox 718 2887 938 2934; x_wconf 87' lang='lat' dir='ltr'>diligibiles</span> <span class='ocrx_word' id='word_1_546' title='bbox 955 2899 965 2932; x_wconf 88' lang='lat'><strong>;</strong></span> <span class='ocrx_word' id='word_1_547' title='bbox 984 2896 1076 2925; x_wconf 87' lang='lat' dir='ltr'>nam</span> <span class='ocrx_word' id='word_1_548' title='bbox 1097 2887 1140 2924; x_wconf 91' lang='lat' dir='ltr'>in</span> <span class='ocrx_word' id='word_1_549' title='bbox 1161 2886 1219 2923; x_wconf 90' lang='lat' dir='ltr'>eis</span> <span class='ocrx_word' id='word_1_550' title='bbox 1246 2885 1339 2922; x_wconf 89' lang='lat' dir='ltr'>finis</span> <span class='ocrx_word' id='word_1_551' title='bbox 1354 2893 1435 2922; x_wconf 90' lang='lat' dir='ltr'>non</span> <span class='ocrx_word' id='word_1_552' title='bbox 1463 2889 1524 2923; x_wconf 87' lang='lat' dir='ltr'>est</span> <span class='ocrx_word' id='word_1_553' title='bbox 1543 2886 1660 2929; x_wconf 84' lang='lat' dir='ltr'>scire,</span> <span class='ocrx_word' id='word_1_554' title='bbox 1681 2884 1754 2923; x_wconf 74' lang='lat' dir='ltr'>sed</span> 
     </span>
     <span class='ocr_line' id='line_1_59' title="bbox 129 2931 1751 2981; baseline 0.001 -12"><span class='ocrx_word' id='word_1_555' title='bbox 129 2931 301 2977; x_wconf 82' lang='lat' dir='ltr'>operari.</span> <span class='ocrx_word' id='word_1_556' title='bbox 336 2931 520 2970; x_wconf 76' lang='lat' dir='ltr'>scientiae</span> <span class='ocrx_word' id='word_1_557' title='bbox 558 2936 691 2971; x_wconf 81' lang='lat' dir='ltr'>autem</span> <span class='ocrx_word' id='word_1_558' title='bbox 728 2935 985 2981; x_wconf 53' lang='lat' dir='ltr'>speculativae</span> <span class='ocrx_word' id='word_1_559' title='bbox 1003 2937 1099 2972; x_wconf 83' lang='lat' dir='ltr'>sunt.</span> <span class='ocrx_word' id='word_1_560' title='bbox 1132 2935 1291 2980; x_wconf 84' lang='lat' dir='ltr'>propter</span> <span class='ocrx_word' id='word_1_561' title='bbox 1322 2931 1478 2980; x_wconf 84' lang='lat' dir='ltr'>seipsas</span> <span class='ocrx_word' id='word_1_562' title='bbox 1510 2932 1751 2981; x_wconf 83' lang='lat' dir='ltr'>diligibiles;</span> 
     </span>
    </p>
   </div>
  </div>
 </body>
</html>
