1894 3223
645 99 732 136 LIB.
762 99 807 143 ll,
836 99 937 136 CAP.
966 99 1043 136 vll.
1586 105 1659 140 1112

33 183 203 238 primum
223 190 389 221 movens
409 181 626 225 immobile,
642 180 748 228 quod
769 182 891 218 Deum
915 181 1101 220 dicimus.
1120 180 1294 220 Primum
1315 185 1447 220 autem
1467 192 1650 232 movens,

33 240 74 268 111
111 229 290 278 quolibet
309 228 448 267 ordine
483 231 677 271 motuum,
699 231 760 265 est
785 238 906 266 causa
924 229 1104 266 omnium
1131 232 1311 267 motuum
1330 230 1396 278 qui
1418 235 1513 268 sunt
1538 231 1661 272 illius*

32 277 198 315 ordinis.
222 278 349 321 Quum
370 275 491 322 igitur
510 275 634 312 multa
648 283 693 312 ex
715 275 890 313 motibus
904 276 992 313 coeli
1014 275 1284 322 producantur
1303 277 1344 313 in
1365 286 1469 323 esse,
1488 279 1529 316 in
1550 289 1650 326 quo-

33 333 120 362 rum
142 323 280 362 ordine
307 325 428 360 Deum
450 331 540 360 esse
560 322 730 368 primum
760 326 1153 375 movensostensum
1175 326 1235 361 est
1251 323 1333 371 (ubi
1356 325 1476 372 sup.),
1495 331 1651 372 oportet

32 370 138 419 quod
156 373 260 408 Deus
281 370 334 408 sit
351 369 489 407 multis
506 368 625 406 rebus
645 377 768 407 causa
787 369 962 407 essendi.

78 418 262 465 Amplius,
286 416 391 463 quod
412 425 481 462 per
500 425 542 453 se
563 416 682 453 alicui
704 417 902 461 convenit,
924 417 1156 469 naturaiiter
1175 417 1209 454 ei
1233 418 1366 456 inesse
1386 428 1551 458 necesse
1570 426 1650 467 est;

33 464 138 503 sicut
170 464 322 502 homini
344 463 536 501 rationale
557 467 595 500 et
628 463 710 510 igni
732 472 893 501 sursum
929 472 1091 501 moveri.
1112 467 1236 511 Agere
1268 470 1399 503 autem
1420 476 1489 513 per
1515 477 1558 506 se
1580 469 1649 506 ali-

61 521 149 550 uem
172 511 354 549 effectum
388 510 574 548 convenit
595 510 674 547 enti
708 510 748 547 in
779 514 887 554 actu:
908 519 999 548 nam
1021 512 1332 560 unumquodque
1354 523 1478 561 agens
1514 524 1653 554 secun-

32 521 125 597 aum
148 559 224 597 hoc
243 558 325 606 agit
345 557 451 605 quod
481 557 520 594 in
561 561 650 595 actu
688 561 760 595 est.
784 559 907 595 Omne
928 559 1050 605 igitur
1070 568 1141 596 ens
1162 562 1266 604 actu,
1290 563 1422 597 natum
1445 564 1507 599 est
1532 572 1650 610 agere

32 606 183 653 aliquid
202 609 291 643 actu
311 605 525 643 exsistens.
547 604 620 642 Sed
643 605 747 642 Deus
765 608 826 643 est
844 614 915 643 ens
936 609 1040 650 actu,
1055 609 1098 643 ut
1113 610 1319 644 ostensum
1336 611 1396 645 est
1410 608 1457 692 Sl.
1473 618 1502 654 1,
1521 619 1555 647 c.
1574 610 1629 658 16)

33 652 245 701 igituripsi
259 652 448 699 competit
466 661 583 700 agere
604 651 754 700 aliquid
775 661 847 690 ens
864 655 968 697 actu,
990 653 1052 690 cui
1076 653 1128 690 sit
1147 661 1269 690 causa
1288 660 1405 692 essen
1437 656 1464 693 i.

79 700 225 742 Adhuc,
248 699 409 747 signum
429 699 686 746 perfectionis
702 700 742 736 in
757 699 1324 747 rebusinferiorihusestquod
1334 707 1503 747 possunt
1513 704 1589 742 sihi
1605 705 1654 743 si-

33 747 145 786 milia
164 747 306 790 facere,
328 751 371 784 ut
390 750 496 792 patet
508 755 578 793 per
593 746 878 793 Philosophum
895 747 1082 793 (Meteon,
1100 755 1157 790 IV,
1176 750 1268 784 text.
1289 757 1432 786 comm.
1457 750 1527 797 18).
1551 753 1661 790 Deus-

33 797 169 833 autem
199 798 260 832 est
290 795 460 832 maxime
496 793 708 840 perfectuS‚
741 798 784 831 ut
814 798 1021 831 ostensum
1052 797 1111 830 est
1140 794 1228 846 (1.1,
1252 803 1290 847 c..
1317 797 1393 842 28).
1418 798 1494 842 lpsi
1530 798 1652 844 igitur

34 841 221 888 competit
241 841 368 879 facere
396 841 545 888 aliquid
575 841 650 878 sibi
675 841 806 877 simile
829 849 900 877 ens
924 841 964 877 in
992 843 1095 884 actu,
1119 844 1162 877 ut
1179 849 1238 878 slc
1258 844 1310 878 sit
1335 852 1458 880 causa
1477 846 1652 883 essendi.

80 890 182 933 Item,
201 892 407 926 ostensum
425 892 488 926 est
513 888 553 934 (l.
573 896 600 932 1,
621 897 706 933 cap.
729 887 787 933 82)
809 887 914 934 quod
947 888 1052 924 Dens
1070 887 1153 940 vult
1182 897 1299 926 suurn
1326 898 1416 927 esse
1436 891 1526 929 aliis
1547 901 1655 930 com-

36 937 240 974 municare
260 944 331 982 per
366 935 527 973 modum
549 934 838 986 similitudinis.
862 936 914 971 De
936 934 1175 987 perfecuone
1204 939 1334 973 autem
1355 938 1572 977 voluntatis
1594 944 1655 977 est

36 983 141 1031 quod
163 984 215 1021 sit
245 982 415 1021 actionis
435 985 474 1019 et
509 985 642 1018 motus
662 981 915 1027 principium,
932 984 974 1018 ut
994 984 1101 1028 patet
1119 990 1158 1018 tn
1191 983 1308 1020 tertio
1328 985 1379 1020 De
1400 987 1524 1022 anima
1545 987 1653 1033 (text.

34 1039 180 1069 comm.
200 1028 276 1076 50).
297 1029 427 1074 Quum
447 1027 569 1076 igitur
587 1027 721 1065 divina
740 1028 925 1066 voluntas
946 1028 998 1065 sit
1018 1028 1202 1082 perfec-ta,
1225 1038 1306 1067 non
1330 1031 1454 1068 deerit
1474 1033 1509 1070 ei
1530 1034 1655 1072 virtus

35 1075 358 1160 communicagdi
385 1083 476 1114 esse
493 1082 612 1112 suum
642 1075 762 1113 alicui
779 1084 849 1122 per
879 1075 1042 1113 modum
1063 1076 1361 1123 similitudinis3
1380 1082 1418 1115 et
1437 1079 1497 1117 sic
1517 1081 1592 1118 erit
1618 1081 1655 1119 ei

34 1132 156 1162 eausa
172 1131 290 1161 essen
319 1133 346 1160 1.

80 1170 226 1214 Adhuc,
248 1173 403 1217 quanto*
418 1169 588 1216 alicujus
608 1169 779 1207 actionis
797 1169 1038 1216 principium
1059 1174 1119 1208 est
1139 1171 1366 1217 perfectius,
1388 1176 1499 1212 tanto
1528 1174 1652 1213 actio-

34 1225 125 1255 nem
163 1226 277 1256 suam
297 1220 427 1264 potest
448 1217 488 1254 in
506 1217 620 1264 plura
639 1217 849 1254 extendere
870 1220 908 1254 et
927 1218 1057 1264 magis
1072 1222 1244 1263 remota3
1267 1219 1374 1266 ignis
1401 1221 1523 1267 enim,
1547 1222 1581 1259 si
1601 1222 1655 1260 sit

35 1264 191 1310 debilis,
225 1264 358 1302 solum
388 1264 611 1311 propinqua
643 1263 892 1308 calefacit;si
928 1269 1059 1302 autem
1095 1266 1147 1302 sit
1178 1266 1306 1311 fortis,
1335 1267 1452 1305 etiam
1490 1273 1654 1307 remota.

36 1313 158 1350 Actus
177 1315 308 1350 autem
330 1321 455 1359 purus
475 1312 542 1358 qui
563 1313 668 1349 Deus
687 1315 761 1356 est,
782 1312 996 1358 perfectior
1014 1316 1074 1350 est
1092 1322 1210 1359 quam
1222 1317 1340 1365 ,actus
1361 1316 1548 1360 potentiae
1569 1326 1655 1363 per-

37 1359 201 1405 mixtus,
225 1359 329 1397 sicut
357 1359 397 1396 in
419 1359 536 1397 nohis
573 1362 652 1404 est;
673 1362 785 1396 actus
804 1362 936 1396 autem
964 1360 1134 1397 actionis
1171 1361 1411 1407 prlncipium
1430 1366 1502 1400 est.
1526 1365 1655 1408 Quum

35 1405 160 1454 igitur
178 1415 248 1453 per
284 1408 416 1443 actum
452 1406 519 1453 qui
557 1406 598 1442 in
620 1405 737 1444 nobis
758 1410 831 1450 est,
853 1406 1058 1453 possimus
1077 1415 1158 1444 non
1191 1408 1321 1445 solum
1353 1409 1395 1446 in
1415 1410 1594 1448 actiones
1614 1411 1654 1449 in

36 1452 156 1492 nobis
178 1457 401 1498 manentes,
423 1453 528 1491 sicut
545 1457 639 1490 sunt
657 1453 881 1500 intelligere
902 1457 940 1491 et
954 1454 1068 1499 velle,
1091 1454 1160 1492 sed
1182 1455 1300 1492 etiam
1315 1455 1357 1493 in
1374 1457 1552 1495 actiones
1568 1467 1655 1505 quae

36 1499 80 1537 in
101 1499 297 1537 exteriora
331 1499 512 1545 tendunt,
536 1509 607 1546 per
643 1509 744 1547 quas
780 1500 915 1547 aliqua
951 1501 1054 1539 facta
1073 1501 1345 1547 producimus,
1364 1504 1488 1541 multo
1527 1505 1655 1552 magis

37 1546 144 1584 Deus
163 1550 307 1594 potest,
325 1556 395 1593 per
431 1546 506 1584 hoo
533 1546 640 1593 quod
672 1551 762 1600 actu
780 1550 854 1591 est,
876 1556 957 1585 non
978 1548 1110 1600 solum
1143 1548 1365 1596 intelligere
1384 1554 1422 1587 et
1451 1551 1565 1598 velle,
1586 1552 1654 1590 sed

37 1593 157 1631 etiam
176 1593 394 1641 producere
415 1593 598 1631 effectum
615 1605 624 1637 ;
643 1597 680 1630 et
702 1603 761 1630 slc
780 1598 911 1640 potest
930 1594 1021 1632 aliis
1042 1603 1130 1632 esse
1151 1605 1272 1633 causa
1291 1598 1464 1634 essendi.

85 1641 183 1678 Hinc
203 1640 576 1735 astbquod93iicitur:
597 1640 667 1685 Qua·
683 1641 778 1685 facit
793 1651 928 1687 maana
947 1644 981 1677 et
997 1643 1252 1680 inscrutabilia
1264 1646 1299 1680 et
1314 1645 1502 1682 mirabilia
1519 1646 1654 1692 absque

36 1696 184 1725 numero
239 1696 262 1725 o
294 1715 303 1732 ,
325 1695 365 1733 v,
426 1715 434 1723 .

697 1797 866 1841 CAPUT
900 1799 990 1842 vll.

461 1912 563 1947 QUOD
592 1911 786 1943 POTENTIA
811 1912 960 1943 ACTIVA
993 1911 1053 1944 81⁶1·
1076 1913 1118 1944 IN
1142 1914 1231 1946 DEO.

87 2017 141 2054 Ex
159 2015 237 2054 hoc
255 2018 386 2054 autem
418 2019 579 2063 apparet
610 2016 716 2064 quod
737 2017 842 2054 Deus
861 2019 924 2054 est
938 2019 1096 2063 potens,
1118 2021 1157 2055 et
1175 2018 1282 2065 quod
1302 2020 1337 2056 ei
1375 2021 1672 2062 convenienter·

37 2063 217 2110 potentia
235 2063 362 2100 activa
381 2063 619 2100 attribuitur.

86 2109 267 2147 Potentia
286 2110 391 2146 enim
411 2110 539 2147 activa
557 2113 618 2148 est
642 2109 882 2156 principium
906 2111 1050 2158 agendi
1086 2111 1128 2148 in
1160 2112 1284 2158 aliud,
1305 2115 1525 2153 secundum
1551 2124 1655 2164 quoa

40 2159 101 2194 est
119 2155 239 2193 aliud.
262 2157 341 2194 Deo
361 2160 491 2194 autem
511 2157 697 2195 convenit
717 2166 806 2195 esse
826 2157 918 2196 aliis
936 2158 1175 2205 principium
1203 2161 1379 2199 essendi.
1394 2163 1496 2209 Ergo
1513 2172 1655 2201 conve-

40 2203 99 2241 nit
119 2202 194 2241 sihi
213 2211 302 2241 esse
321 2207 534 2250 potentem.

86 2250 269 2296 Amplius,
290 2251 394 2288 sicut
431 2251 608 2297 potentia
637 2251 798 2298 passiva
821 2251 1003 2300 sequitur
1021 2261 1094 2291 ens
1117 2252 1159 2290 in
1189 2255 1381 2300 potentia,
1403 2256 1458 2293 ita
1476 2257 1656 2303 potentia

41 2297 170 2349 activa
186 2296 366 2344 sequitur
378 2306 449 2336 ens
462 2297 504 2335 in
524 2302 613 2336 actu
626 2309 636 2343 ;
650 2299 961 2347 unumquodque
979 2299 1085 2337 enim
1099 2309 1148 2338 ex
1163 2300 1239 2353 hoo
1255 2302 1338 2348 agit
1350 2303 1455 2350 quod
1468 2307 1529 2341 est
1551 2308 1656 2348 actu,

41 2346 188 2390 patitur
206 2353 298 2381 vero
318 2354 366 2381 ex
385 2353 432 2382 eo
449 2345 556 2392 quod
581 2349 642 2383 est
658 2347 848 2392 potentia.
864 2347 940 2384 Sed
962 2348 1043 2384 Deo
1068 2351 1254 2385 convenit
1273 2357 1363 2387 esse
1399 2353 1504 2387 actu.
1528 2351 1656 2396 Igitur

42 2390 229 2428 convenit
249 2390 326 2428 sibi
346 2391 522 2437 potentia
540 2393 679 2429 activa.

88 2436 233 2478 Adhuc,
256 2437 389 2474 divina
407 2438 595 2484 perfectio
630 2439 808 2477 omnium
829 2440 1094 2487 perfectiones
1114 2441 1156 2477 in
1192 2449 1236 2478 se
1255 2441 1438 2487 includit,
1458 2446 1502 2480 ut
1520 2447 1652 2481 osten-

43 2492 133 2522 sum
159 2487 219 2522 est
237 2483 277 2531 (l.
296 2493 324 2528 1,
345 2493 380 2522 c.
399 2485 475 2532 28).
494 2485 625 2523 Virtus
663 2490 793 2524 autem
814 2487 942 2524 activa
968 2487 1017 2525 de
1048 2487 1292 2533 perfectione
1321 2488 1379 2526 rei
1409 2492 1496 2530 est;
1513 2499 1657 2527 unum-¹

40 2530 228 2614 Quodque
259 2531 364 2568 enim
396 2534 506 2569 tanto
534 2531 697 2579 majoris
727 2534 885 2571 virtutis
912 2533 1124 2579 invenitur,
1155 2538 1304 2581 quanto
1338 2536 1554 2582 perfectius
1583 2541 1642 2575 est

68 2576 173 2616 >irtus
193 2577 316 2625 igitur
330 2577 458 2616 activa
476 2579 557 2616 Deo
579 2587 661 2617 non
680 2583 810 2626 potest
826 2580 979 2618 deesse.

90 2626 280 2671 Praeterea,
301 2633 419 2664 omne
439 2625 545 2673 quod
559 2626 794 2673 agitpotens
815 2631 875 2665 est
888 2636 1027 2673 agere;
1045 2634 1136 2664 nam
1156 2628 1262 2675 quod
1277 2637 1356 2667 non
1372 2633 1503 2676 potest
1518 2639 1652 2678 agere,

43 2671 294 2719 impossibile
313 2676 374 2710 est
393 2681 535 2720 agere3
557 2677 594 2709 et
627 2673 734 2720 quod
753 2674 1001 2720 impossihile
1036 2677 1097 2712 est
1125 2684 1255 2722 agere,
1277 2684 1442 2715 necesse
1479 2680 1540 2715 est
1573 2687 1654 2717 non

44 2727 175 2766 agere.
191 2720 296 2756 Deus
316 2722 448 2757 autem
467 2723 526 2757 est
543 2728 667 2766 agens
681 2722 720 2757 et
738 2728 916 2766 movens,
935 2723 1109 2767 utsupra
1128 2721 1168 2768 (l.
1181 2731 1209 2766 1,
1225 2732 1260 2760 c.
1284 2723 1341 2776 13)
1352 2728 1562 2763 ostensum
1581 2729 1654 2763 est.

43 2765 169 2813 Igitur
187 2769 328 2819 potens
341 2770 403 2805 est
421 2775 552 2814 agere,
567 2770 605 2803 et
623 2767 800 2813 potentia
819 2767 854 2804 ei
870 2767 1152 2805 convenienter
1165 2769 1404 2809 adscrilntur
1423 2772 1564 2816 activa,
1586 2771 1653 2809 sed

45 2820 127 2851 non
171 2821 316 2850 ass1va.

93 2821 190 2898 Higc
222 2864 283 2898 est
307 2860 414 2909 quod
436 2860 580 2899 dicitur
601 2873 609 2898 :
630 2863 758 2897 Potens
788 2871 838 2907 es,
853 2862 1002 2899 Domine
1021 2861 1140 2910 (Psal.
1169 2865 1445 2912 LXXXV111,⁷9);
1467 2868 1508 2903 et
1535 2865 1628 2904 alibi
1646 2877 1655 2901 ε
