1894 3223
141 163 208 199 378
700 156 787 192 LtB.
816 156 880 199 111,
908 155 1009 192 CAP.
1037 155 1206 192 LXXXIX.

143 246 202 279 est
223 249 338 277 suum
359 237 570 283 objectum,
593 239 631 273 et
649 238 829 272 movetur
846 235 894 272 ab
914 235 1003 281 ipso
1023 235 1127 273 sicut
1145 236 1258 274 visus
1274 245 1299 273 a
1323 235 1471 274 colore.
1495 234 1612 272 Nulla
1641 234 1766 281 igitur

144 285 366 325 substantia
386 287 518 321 creata
533 286 663 329 potest
684 281 1101 334 movere-voluntatem
1116 282 1195 320 nisi
1210 282 1408 320 mediante
1424 283 1531 321 bono
1545 280 1762 319 intellecto.

144 336 223 371 Hoc
244 334 375 368 autem
395 334 455 366 est
476 330 517 366 in
536 332 728 376 quantum
747 328 976 366 manifestat
994 329 1030 366 ei
1050 329 1201 376 aliquid
1215 338 1304 367 esse
1320 329 1471 366 bonum
1486 329 1536 367 ad
1550 328 1763 374 agendum,

143 378 247 426 quod
268 381 328 415 est
346 376 598 423 persuadere.
619 375 734 413 Nulla
751 375 873 422 igitur
889 375 1114 413 substantia
1131 380 1264 413 creata
1281 380 1412 422 potest
1430 385 1548 422 agere
1569 376 1611 412 in
1623 375 1764 412 volun—

143 430 261 463 tatem
282 423 343 461 vel
364 432 454 460 esse
473 431 596 460 causa
615 422 822 460 electionis
842 426 988 460 nostrae
1009 422 1088 460 nisi
1105 431 1175 469 per
1194 425 1356 460 modum
1383 422 1676 468 persuadentis.

188 474 288 512 Item,
312 471 360 508 ab
380 471 449 508 illo
469 472 611 517 agente
630 468 782 515 aliquid
805 472 942 506 natum
962 472 1023 506 est
1041 469 1191 506 moveri
1209 473 1249 507 et
1267 469 1362 515 pati,
1383 479 1453 516 per
1469 469 1583 516 cujus
1598 469 1768 506 formam

143 518 277 556 reduci
298 520 428 563 potest
447 517 488 553 in
508 519 654 554 actum.
675 517 772 553 Nam
792 524 910 553 omne
927 525 1050 562 agens
1068 516 1151 563 agit
1169 525 1239 562 per
1250 516 1417 553 formam
1433 515 1766 554 suam.v01untas

143 569 274 603 autem
296 564 497 601 reducitur
517 563 559 600 in
580 566 710 600 actum
732 572 800 608 per
819 563 1044 608 appetibile,
1066 562 1173 609 quod
1193 566 1325 600 motus
1344 563 1531 600 desiderii
1553 562 1638 609 ejus
1659 562 1767 608 quie·

144 616 210 649 tat.
230 614 274 648 In
295 611 382 648 solo
399 614 531 648 autem
550 609 658 647 bono
687 609 822 646 divino
853 609 1051 656 quietatur
1071 609 1313 646 desiderium
1332 610 1563 653 voluntatis,
1586 609 1690 646 sicut
1724 609 1767 645 in

144 659 284 696 ultimo
302 657 394 702 fine,
413 660 456 694 ut
473 667 519 694 ex
541 656 780 702 supradictis
800 660 919 703 patet.
943 656 1060 693 Solus
1078 656 1201 703 igitur
1219 658 1325 693 Deus
1344 660 1477 703 potest
1505 665 1664 694 movere
1698 664 1769 694 vo-

145 706 335 743 luntatem
354 713 423 750 per
441 703 604 741 modum
624 703 794 755 agentis.

191 752 333 792 Adhuc,
355 751 459 788 sicut
478 751 519 787 in
539 759 581 787 re
601 753 774 787 animata
795 759 838 788 se
871 749 987 786 habet
1019 750 1227 787 inclinatio
1260 749 1454 787 naturalis
1483 749 1532 787 ad
1564 749 1770 796 proprium

144 798 198 835 fin
226 808 279 843 m,
300 807 387 845 quae
406 797 525 835 etiam
546 797 743 843 appetitus
760 797 954 833 naturalis
975 796 1133 842 dicitur,
1154 797 1210 834 ita
1242 805 1286 833 50
1300 796 1438 833 -habet
1472 796 1513 832 in
1544 795 1771 833 substantia

145 847 202 882 int
230 844 403 882 llectuali
429 844 629 889 voluntas,
651 853 738 891 quae
768 844 912 881 dicitur
937 844 1135 889 appetitus
1166 843 1460 880 intellectualis.
1482 842 1770 879 Inclinationes

146 896 276 929 autem
294 891 496 928 naturales
515 890 608 928 dare
628 899 710 928 non
732 894 793 928 est
822 890 900 928 nisi
935 890 1046 927 illius
1078 890 1146 937 qui
1181 893 1363 928 naturam
1388 889 1575 927 instituit.
1598 891 1699 936 Ergo
1733 891 1774 926 et

145 940 392 976 voluntatem
412 937 604 975 inclinare
623 937 665 974 in
683 937 834 984 aliquid
855 946 933 974 non
955 940 1016 975 est
1036 937 1115 975 nisi
1136 937 1222 984 ejus
1239 937 1307 984 qui
1329 940 1388 974 est
1408 939 1560 973 naturae
1591 935 1771 973 intellec·

146 986 265 1023 tualis
285 994 420 1022 causa.
443 986 524 1021 Hoc
543 988 675 1022 autem
695 985 823 1022 solius
843 984 912 1021 Dei
933 988 1007 1029 est,
1027 983 1470 1030 sicutexsuperioribus
1485 982 1772 1029 (lib.11‚cap.21)

148 1036 268 1079 patet.
290 1035 378 1077 Ipse
398 1032 520 1078 igitur
536 1031 649 1069 solus
669 1032 911 1068 voluntatem
934 1035 1111 1068 nostram
1144 1031 1193 1068 ad
1225 1031 1374 1078 aliquid
1407 1030 1600 1067 inclinare
1625 1032 1770 1076 potest.

192 1080 373 1125 Amplius,
395 1078 682 1122 violentum,ut
702 1078 895 1115 diciturin
911 1078 1027 1115 tertio
1039 1078 1228 1125 Eth.(cap.
1249 1078 1300 1124 2),
1322 1082 1383 1115 est
1397 1077 1511 1124 cujus
1531 1076 1770 1123 principium

149 1131 207 1163 est
229 1130 349 1169 extra,
372 1125 471 1162 nihil
493 1126 720 1162 conterente
749 1126 828 1162 vim
849 1134 983 1170 passo,
1005 1125 1042 1162 Si
1066 1125 1188 1171 igitur
1206 1125 1390 1162 voluntas
1410 1128 1614 1161 moveatur
1633 1123 1681 1160 ab
1703 1122 1770 1159 ali·

149 1182 226 1220 quo
248 1172 430 1209 exteriori
466 1172 677 1218 principio,
697 1172 770 1208 erit
789 1172 988 1208 violentus
1008 1176 1155 1209 motus.
1174 1171 1270 1209 Dico
1291 1175 1422 1209 autem
1443 1171 1593 1208 moveri
1613 1179 1636 1207 a
1662 1170 1770 1215 prin-

149 1220 253 1265 cipio
274 1219 497 1256 extrinseco
520 1219 626 1265 quod
646 1222 802 1256 moveat
827 1228 897 1265 per
924 1218 1086 1255 modum
1120 1218 1290 1266 agentis,
1323 1222 1360 1254 et
1396 1227 1477 1256 non
1510 1226 1580 1263 per
1607 1216 1771 1254 modum

148 1267 254 1303 finis.
275 1266 500 1302 Violentum
518 1269 650 1303 autem
677 1265 903 1302 voluntario
935 1269 1142 1312 repugnat.
1167 1264 1419 1312 Impossibile
1441 1267 1502 1302 051
1534 1273 1644 1311 ergo,
1665 1262 1771 1310 quod

149 1314 335 1350 voluntas
353 1315 597 1349 moveatura
616 1312 812 1358 principio
844 1312 1067 1349 extrinseco
1096 1312 1211 1358 quasi
1244 1312 1292 1350 ab
1324 1314 1480 1358 agente,
1516 1311 1586 1348 sed
1617 1313 1773 1355 oportet

149 1360 255 1406 quod
277 1359 409 1396 omnis
430 1362 562 1396 motus
582 1359 798 1396 voluntatis
819 1358 868 1395 ab
889 1358 1068 1396 interiori
1085 1359 1285 1405 procedat.
1303 1359 1419 1396 Nulla
1438 1361 1569 1395 autem
1591 1357 1773 1394 substan-

148 1408 203 1443 tia
228 1410 358 1443 creata
381 1405 637 1451 conjungitur
653 1406 796 1442 animae
816 1405 1074 1442 intellectuali
1095 1409 1287 1452 quantum
1308 1405 1357 1442 ad
1380 1414 1453 1442 sua
1470 1404 1662 1442 interiora
1692 1403 1771 1440 nisi

149 1454 260 1490 solus
282 1455 398 1496 Deus,
418 1452 484 1498 qui
505 1456 566 1490 est
585 1452 697 1489 solus
717 1461 837 1489 causa
857 1461 946 1488 esse
962 1452 1103 1497 ipsius,
1125 1452 1398 1497 etvsustinens
1430 1460 1517 1488 earn
1545 1451 1588 1487 in
1619 1459 1722 1488 esse.
1742 1452 1775 1488 A

151 1500 238 1538 solo
262 1500 382 1545 igitur
400 1500 480 1536 Deo
497 1502 628 1544 potest
646 1502 778 1536 motus
797 1499 1014 1536 voluntatis
1035 1499 1204 1536 causari.

194 1547 341 1590 Adhuc,
367 1546 585 1583 violentum
605 1546 819 1592 opponitur
838 1545 1008 1582 naturali
1031 1549 1068 1583 et
1088 1545 1315 1584 voluntario
1335 1544 1476 1588 motui,
1497 1544 1591 1591 quia
1622 1547 1772 1580 utrum-

150 1603 224 1640 que
257 1595 411 1638 oportet
440 1593 545 1638 quod
575 1592 628 1630 sit
661 1602 683 1629 a
708 1592 904 1639 principio
933 1592 1164 1630 intrinseco.
1188 1595 1320 1639 Agens
1351 1595 1482 1629 autem
1512 1591 1685 1628 exterius
1714 1590 1773 1629 sio

150 1641 281 1677 501001
301 1639 532 1676 naturaliter
551 1644 694 1684 movet,
717 1640 755 1676 in
778 1643 970 1686 quantum
1003 1643 1141 1677 causat
1162 1639 1204 1676 in
1224 1638 1362 1677 mobili
1383 1638 1645 1675 intrinsecum
1664 1637 1772 1683 prin-

149 1687 295 1733 cipium
317 1689 463 1730 motus,
485 1686 589 1723 sicut
609 1695 818 1733 generans,
840 1686 946 1733 quod
965 1686 1031 1724 dat
1049 1686 1216 1724 formam
1240 1686 1445 1733 gravitatis
1476 1685 1633 1731 corpori
1663 1684 1772 1731 gravi

150 1737 350 1780 generato,
367 1737 498 1770 movet
517 1734 647 1779 ipsum
669 1733 901 1771 naturaliter
917 1734 1117 1771 deorsum.
1128 1733 1232 1771 Nihil
1242 1738 1373 1771 autem
1382 1732 1490 1770 aliud
1505 1733 1771 1770 extrinsecum

152 1790 308 1817 movere
330 1783 459 1825 potest
479 1780 629 1826 absque
650 1781 841 1818 violentia
860 1789 1004 1826 corpus
1025 1781 1217 1825 naturale,
1239 1780 1319 1817 nisi
1340 1780 1440 1817 forte
1476 1789 1546 1825 per
1570 1778 1771 1821 accidens,

151 1828 253 1864 sicut
273 1836 482 1863 removens
498 1827 729 1872 prohibens,
753 1827 859 1873 quod
895 1828 1024 1873 magis
1057 1827 1180 1864 utitur
1196 1831 1305 1864 motu
1327 1826 1499 1864 naturali
1519 1826 1580 1863 vel
1615 1825 1771 1862 actione

150 1883 266 1919 quam
289 1877 425 1910 causet
445 1874 590 1919 ipsum.
610 1874 710 1910 Illud
731 1874 853 1919 igitur
873 1874 1005 1911 solum
1026 1883 1149 1921 agens
1181 1877 1312 1920 potest
1339 1882 1504 1911 causare
1525 1875 1676 1909 motum
1708 1880 1773 1908 vo-

149 1920 312 1957 luntatis
349 1920 498 1967 absque
532 1920 722 1957 violentia
751 1920 857 1966 quod
896 1924 1034 1958 causat
1074 1920 1314 1967 principium
1352 1920 1613 1957 intrinsecum
1652 1919 1772 1965 hujus

150 1971 297 2011 motus,
317 1966 422 2013 quod
458 1970 518 2003 est
555 1967 731 2013 potentia
751 1967 838 2012 ipsa
862 1967 1091 2004 voluntatis.
1114 1969 1194 2004 Hoc
1215 1971 1346 2004 autem
1367 1970 1428 2004 est
1446 1968 1564 2011 Deus,
1588 1966 1655 2013 qui
1687 1966 1771 2002 ani-

148 2023 253 2050 mam
275 2014 387 2050 solus
408 2017 527 2057 creat,
549 2017 592 2050 ut
611 2013 653 2050 in
673 2014 848 2051 secundo
870 2019 1076 2051 ostensum
1098 2018 1158 2051 est
1182 2014 1281 2060 (cap.
1303 2017 1344 2050 21
1369 2017 1406 2050 et
1423 2013 1497 2060 87).
1519 2013 1636 2051 Solus
1651 2013 1774 2060 igitur

149 2061 254 2111 Deus
274 2063 405 2106 potest
424 2069 581 2097 movere
600 2060 843 2097 voluntatem
864 2070 933 2106 per
953 2061 1113 2098 modum
1132 2062 1287 2108 agentis
1308 2060 1458 2107 absque
1477 2060 1681 2097 violentia.

198 2109 295 2144 Hinc
317 2111 377 2144 est
397 2107 501 2153 quod
522 2107 678 2151 dicitur,
700 2109 827 2148 Prov„
847 2116 927 2151 XXI,
952 2112 966 2144 1
991 2121 1002 2144 .-
1025 2109 1091 2145 Gor
1109 2110 1204 2153 reqis
1235 2110 1275 2143 in
1293 2118 1405 2144 manu
1445 2109 1600 2151 Domini,
1622 2110 1655 2142 et
1685 2117 1772 2153 quo-

149 2164 296 2198 cumque
320 2155 486 2198 voluerit,
508 2155 757 2199 inclinabitur,
773 2158 809 2191 et
823 2155 1008 2200 Philipp„
1028 2164 1072 2199 11,
1093 2157 1134 2191 13
1152 2167 1160 2191 :
1176 2157 1270 2191 Deus
1289 2157 1341 2191 est
1359 2155 1423 2200 qui
1435 2157 1606 2199 operatur
1618 2155 1658 2190 in
1671 2154 1775 2190 nobis

149 2202 342 2293 gittiilleffleg
355 2203 526 2294 1190ςῇ00νο
551 2211 622 2247 pro
656 2202 748 2238 bona
776 2203 972 2239 voluntate.
1006 2201 1035 2249 (1
1074 2205 1190 2249 part„
1229 2212 1268 2250 q.
1302 2209 1391 2247 cxv,
1428 2204 1499 2239 art.
1538 2204 1586 2246 4;
1623 2204 1659 2238 et
1690 2202 1773 2244 1-11,

150 2260 185 2283 t.
222 2256 258 2293 J,
344 2276 351 2285 .
401 2275 408 2284 .

752 2394 919 2436 CAPUT
953 2395 1161 2436 LXXXIX.

231 2507 330 2540 QUOD
356 2507 481 2538 MOTUS
506 2507 748 2538 VOLUNTATIS
773 2508 977 2538 CAUSATUR
1001 2509 1029 2538 A
1054 2509 1144 2546 DEO,
1170 2509 1219 2539 ΕΤ
1243 2508 1321 2539 ΝΟΝ
1347 2509 1472 2539 SOLUM
1495 2509 1685 2540 POTENTIA

829 2562 1088 2592 VOLUNTATIS.

199 2666 362 2709 Quidam
382 2677 474 2720 vero
494 2677 576 2706 non
595 2669 865 2716 intelligentes
884 2670 1053 2717 qualiter
1073 2675 1226 2708 motum
1245 2671 1462 2708 voluntatis
1478 2672 1582 2707 Deus
1598 2670 1638 2706 in
1652 2670 1769 2708 uobis

149 2720 312 2764 causare
331 2718 458 2758 possit
480 2715 630 2763 absque
643 2717 873 2763 praejudicio
913 2717 1107 2755 libertatis
1137 2718 1369 2762 voluntatis,
1403 2717 1534 2754 conati
1567 2721 1660 2754 sunt
1696 2717 1769 2755 has

149 2762 403 2796 auctoritates
424 2762 524 2798 male
545 2772 756 2809 exponere,
778 2767 821 2800 ut
841 2764 995 2801 50111001
1013 2764 1190 2802 dicerent
1208 2765 1314 2812 quod
1334 2766 1438 2801 Deus
1453 2764 1638 2801 causatin
1652 2764 1769 2802 uobis

149 2805 245 2842 velle
267 2810 303 2842 et
323 2806 508 2857 perficere
529 2809 570 2845 in
589 2814 779 2856 quantum
801 2810 866 2848 dat
890 2811 1009 2848 nobis
1024 2812 1207 2849 virtutem
1229 2810 1386 2848 volendi
1409 2822 1416 2846 :
1443 2819 1523 2846 non
1546 2815 1676 2848 autem
1694 2812 1768 2856 sic,

149 2851 253 2898 quod
275 2852 392 2904 faciat
412 2862 485 2890 nos
504 2855 603 2906 vell-e
630 2856 706 2907 1100
727 2857 788 2894 vel
813 2857 925 2901 illud,
948 2858 1052 2895 sicut
1077 2858 1268 2904 Origenes
1283 2857 1443 2903 exponit
1470 2857 1511 2893 in
1529 2858 1644 2896 tertio
1664 2859 1768 2894 Peri-

150 2899 294 2945 archon,
315 2899 482 2938 l1berum
503 2901 708 2941 arbitrium
727 2903 943 2942 defendens
964 2908 1102 2942 contra
1116 2904 1370 2943 auctoritates
1389 2904 1610 2950 praedictas.
1649 2907 1690 2942 Et
1720 2914 1767 2943 ex
