1894 3223
720 79 806 114 ΜΒ.
839 80 902 122 ΙΙΙ,
931 79 1030 115 CAP.
1058 80 1172 116 xxix.
1690 82 1760 116 295

762 225 930 268 CAPUT
958 227 1138 269 XXVIII.

461 338 564 373 QUOD
589 338 790 375 FELICITAS
816 339 896 370 NON
923 340 1120 370 GONSISTIT
1144 341 1185 370 IN
1211 341 1441 372 HONORIBUS·

183 445 238 482 Ex
255 442 457 490 praedictis
477 447 584 489 patet
603 443 710 496 quod
729 443 848 480 eliam
871 452 943 481 nec
964 443 1004 481 in
1027 443 1249 482 honoribus
1276 447 1335 481 est
1355 453 1556 482 summum
1578 444 1757 483 homini-s

136 490 288 529 bonum
310 490 417 538 quod
441 494 501 528 est
522 490 705 529 felicitas.

183 537 291 576 Finis
312 537 418 575 enim
434 537 599 575 ultimus
622 537 798 575 hominis
817 541 855 574 et
875 547 949 575 sua
971 537 1139 576 felicitas
1159 542 1221 576 cst
1236 537 1322 584 ejus
1342 537 1635 583 perfectissima
1667 547 1761 586 ope·

133 585 251 629 ratio,
288 588 330 622 ut
361 594 410 623 ex
440 585 718 632 superioribus
751 584 799 631 (c.
821 587 867 621 26
888 589 926 621 et
943 585 1002 631 27)
1025 589 1143 631 patet.
1166 586 1301 623 Honor
1326 588 1456 622 autem
1481 584 1656 624 hominis
1678 594 1760 624 non

137 631 324 670 oensistit
343 632 384 669 in
405 641 479 669 sua
493 633 724 678 operatione
746 631 815 669 sed
835 632 998 669 alterius
1019 633 1066 669 ad
1089 633 1233 678 ipsum,
1247 631 1314 679 qui
1331 632 1365 668 ei
1380 632 1638 669 reverentiam
1654 632 1762 672 exhi-

134 678 213 717 bet.
236 680 323 716 Non
350 683 409 717 est
430 678 551 717 icitur
572 679 742 716 felicitas
764 679 940 716 hominis
960 680 1000 715 in
1019 679 1240 717 honoribus
1260 679 1458 725 ponenda.

182 726 328 769 Adhuc,
359 706 466 773 (11103
497 730 557 764 est
588 730 747 773 propter
775 727 939 762 alterum
962 726 1109 763 bonurn
1132 730 1169 762 et
1187 725 1450 763 desiderabile
1471 734 1551 762 non
1581 730 1640 762 est
1668 726 1761 764 ulti-

138 782 228 810 mus
258 772 365 810 finis.
390 773 479 809 Tale
513 777 642 811 autern
675 778 734 810 cst
752 773 905 817 honor;
925 782 1004 810 non
1026 773 1131 809 enim
1154 773 1299 820 aliquis
1317 776 1420 809 reete
1442 773 1662 810 honoratur
1682 773 1760 811 nisi

136 823 296 866 propter
313 820 474 867 aliquod
496 820 645 857 honuni
667 820 707 856 in
729 830 776 856 eo
799 821 998 864 existens3
1021 824 1057 856 et
1077 824 1234 866 propter
1254 821 1328 857 1100
1356 820 1540 857 homines
1572 820 1761 858 honorari

134 871 331 914 quierunt,
359 867 473 914 quasi
495 868 587 905 boni
609 867 777 913 aliqu'us
796 867 900 913 quod
921 868 960 904 in
981 867 1040 904 eis
1055 871 1114 904 est
1129 866 1401 904 testimonium
1417 867 1560 904 habere
1576 867 1757 905 volentes

138 914 242 952 unde
262 918 301 951 et
332 915 461 961 magis
493 914 666 960 gaudent
689 914 873 951 homines
894 924 916 950 a
936 914 1094 960 magnis
1115 918 1153 951 et
1173 914 1420 961 sapientibus
1447 914 1650 951 honorari.
1673 916 1761 951 Non

137 964 197 998 est
217 961 339 1007 igilur
356 961 397 998 in
415 962 636 998 honoribus
654 961 822 998 felicitas
843 961 1019 998 hoininis
1039 962 1236 1007 ponenda.

183 1009 367 1054 Amplius,
386 1008 435 1045 ad
456 1008 682 1045 felicitatem
706 1018 774 1053 per
792 1008 971 1044 virtutem
995 1009 1233 1054 pervenitur.
1256 1008 1516 1054 operationes
1537 1011 1668 1045 autem
1689 1008 1763 1045 vir-

136 1058 264 1092 tutum
285 1058 379 1092 sunt
397 1055 630 1092 voluntari-te
649 1067 656 1098 ;
680 1054 793 1091 aliter
812 1055 914 1091 enirn
935 1064 1014 1091 non
1036 1059 1172 1092 essent
1206 1055 1439 1092 laudabiles.
1461 1055 1622 1100 Oportet
1640 1055 1763 1101 igitur

136 1101 367 1140 felicitatem
399 1111 489 1140 esse
516 1102 680 1149 aliquod
712 1101 861 1139 bonum
889 1102 938 1139 ad
959 1102 1065 1149 quod
1087 1102 1206 1140 1101110
1225 1111 1300 1141 sua
1319 1102 1520 1138 voluntate
1542 1102 1758 1147 perveniat.

139 1149 222 1187 Hoc
254 1152 387 1187 autem
407 1148 513 1196 quod
534 1149 728 1187 honorem
758 1153 994 1200 assequatur
1015 1158 1096 1186 non
1117 1153 1178 1187 est
1199 1149 1240 1187 in
1260 1152 1454 1195 potestate
1478 1148 1668 1201 hominis,
1692 1148 1762 1187 sed

134 1195 266 1244 magis
294 1196 338 1234 in
364 1199 557 1280 pogestate
593 1196 844 1234 honorantis.
866 1198 952 1237 Non
974 1200 1035 1233 est
1054 1197 1176 1243 igitur
1194 1197 1235 1234 in
1256 1195 1478 1234 honoribus
1499 1195 1668 1234 felicitas
1689 1196 1762 1233 hu-

137 1251 258 1280 mana
303 1252 406 1281 onen
438 1253 474 1280 a.

182 1252 424 1331 ItemPomne
444 1290 610 1338 dignum
631 1291 783 1328 bonore
804 1299 884 1327 non
904 1295 1034 1337 potest
1055 1290 1131 1328 nisi
1154 1290 1273 1328 bonis
1294 1290 1440 1328 inesse.
1465 1290 1658 1327 Honorari
1693 1299 1762 1328 au·

136 1340 217 1375 tem
237 1341 411 1385 possunt.
437 1338 556 1375 etiam
577 1338 686 1376 mali.
707 1338 847 1375 Melius
869 1342 928 1375 est
958 1338 1079 1385 igitur
1098 1337 1183 1375 fieri
1204 1338 1355 1376 honore
1375 1337 1540 1385 dignum
1558 1346 1676 1384 quarn
1696 1337 1764 1375 ho-

139 1385 285 1422 norari.
306 1386 394 1422 Non
415 1385 611 1431 estigilur
631 1385 760 1422 honor
776 1394 976 1422 summum
996 1385 1172 1422 hominis
1193 1385 1358 1422 bonum.

183 1433 374 1473 Praeterea,
410 1441 611 1470 summum
643 1432 795 1469 bonum
826 1436 886 1469 est
918 1432 1134 1477 perfeetum
1164 1432 1326 1470 bonum.
1365 1431 1587 1468 Perfectum
1629 1435 1762 1469 autem

138 1478 288 1516 bonum
308 1487 388 1516 non
410 1479 649 1525 compatitur
665 1478 824 1525 aliquod
852 1479 1026 1523 malum3
1050 1479 1112 1516 eui
1137 1482 1267 1517 autem
1298 1479 1402 1515 inest
1418 1478 1579 1526 aliquod
1612 1478 1762 1516 malum

139 1525 391 1571 impossibile
409 1529 580 1564 estesse
601 1525 773 1564 beatum.
792 1526 1045 1572 Impossibile
1066 1530 1127 1564 est
1147 1526 1265 1572 igitur
1286 1534 1375 1563 esse
1397 1525 1545 1563 malum
1566 1525 1630 1563 cui
1651 1525 1765 1563 adest

136 1581 340 1625 summum
351 1572 515 1611 bonum.
534 1574 670 1611 Potest
689 1576 818 1611 autem
839 1573 985 1620 aliquis
1011 1573 1141 1611 malus
1162 1574 1355 1611 honorem
1376 1571 1584 1623 consequi.
1598 1573 1685 1612 Non
1702 1575 1765 1610 est

136 1619 259 1668 igitur
278 1620 408 1659 honor
428 1628 631 1659 summum
646 1620 822 1659 hominis
838 1620 1003 1658 bonum,
1020 1622 1111 1666 (1-11,
1132 1630 1170 1667 q.
1186 1628 1241 1666 XI,
1257 1623 1330 1658 art.
1349 1619 1401 1668 2.)

783 1765 951 1808 CAPUT
977 1764 1121 1808 XXIX.

303 1887 405 1921 QUOD
427 1887 630 1917 FELICITAS
653 1886 817 1917 HOMINIS
843 1886 921 1917 NON
948 1886 1148 1917 CONSISTIT
1173 1886 1214 1915 IN
1240 1886 1382 1916 GLORIA
1410 1886 1590 1917 HUMANA.

185 1998 240 2034 Ex
267 2004 348 2043 quo
381 1995 498 2034 etiam
530 2000 692 2043 apparet
712 1996 819 2044 quod
846 2005 918 2034 nec
938 1996 981 2034 in
1002 1996 1132 2044 gloria
1152 2006 1239 2044 quae
1257 1999 1316 2035 est
1336 1996 1379 2034 in
1401 1996 1627 2034 celebritate
1647 1997 1763 2035 famae

135 2042 323 2082 consistit
341 2051 543 2081 summum
563 2043 740 2082 hominis
759 2044 922 2081 bonum.

184 2091 251 2127 Est
281 2089 390 2127 enim
420 2090 562 2138 gloria,
594 2091 815 2128 secundum
840 2091 1026 2135 Tullium,
1063 2091 1293 2138 «frequens
1321 2090 1370 2129 de
1389 2091 1524 2138 aliquo
1545 2091 1650 2129 fama
1670 2100 1760 2128 cum

136 2136 253 2174 laude
273 2149 308 2178 »‚
331 2139 381 2181 et,
417 2138 638 2175 secundum
667 2137 936 2183 Ambrosium,
959 2151 978 2171 «
996 2138 1103 2175 clara
1131 2147 1222 2175 011111
1254 2137 1370 2175 laude
1390 2137 1531 2175 notitia
1551 2152 1588 2175 n.
1609 2138 1664 2176 Ad
1685 2138 1761 2176 hoc

139 2187 272 2223 autem
290 2183 430 2221 volunt
458 2184 643 2222 homines
676 2184 927 2222 innotescere
948 2194 1038 2222 cum
1060 2185 1174 2223 laude
1195 2188 1233 2222 et
1251 2185 1428 2223 claritate
1448 2185 1632 2232 quadam,
1655 2188 1697 2221 ut
1711 2185 1760 2222 ab

135 2230 197 2283 eis
214 2228 361 2283 quibus
379 2230 609 2269 inotescunt
628 2231 888 2270 honorentur.
910 2233 976 2269 Est
996 2232 1118 2279 igitur
1137 2232 1265 2280 gloria
1280 2235 1438 2278 propter
1453 2232 1645 2270 honorem
1658 2240 1762 2278 quae·

135 2280 226 2316 sita.
248 2278 286 2314 Sl
305 2280 427 2325 igitur
446 2277 576 2316 honor
594 2287 672 2317 non
693 2282 752 2317 est
774 2287 974 2317 summum
992 2279 1156 2324 bonum,
1178 2279 1304 2317 multo
1322 2279 1456 2316 minus
1477 2279 1618 2326 gloria.

181 2324 327 2369 Adhuc,
349 2323 565 2377 laudabilia
578 2325 684 2363 bona
700 2329 794 2363 sunt
814 2327 1034 2364 secundum
1054 2335 1141 2374 quae
1156 2325 1303 2373 aliquis
1318 2325 1540 2364 ostenditur
1551 2324 1759 2364 ordinatus

132 2371 185 2410 ad
203 2371 337 2409 finem.
359 2371 434 2416 Qu1
454 2375 586 2409 autern
606 2373 814 2410 ordinatur
828 2373 876 2410 ad
899 2373 1017 2410 finem
1040 2373 1217 2410 nondum
1236 2376 1296 2409 est
1310 2372 1494 2409 ultimum
1512 2371 1632 2409 finem
1653 2380 1760 2409 asse-

133 2421 266 2457 cutus.
286 2419 389 2456 Laus
406 2418 529 2465 igitur
548 2427 630 2456 non
650 2419 879 2457 attribuitur
897 2420 932 2457 ei
954 2420 1021 2466 qui
1038 2421 1120 2466 jam
1141 2423 1202 2457 est
1230 2419 1414 2456 ultimum
1447 2417 1565 2455 finem
1595 2427 1757 2456 assecu-

132 2469 214 2512 tus,
246 2464 318 2504 sed
352 2465 482 2512 magis
502 2465 644 2510 honor,
683 2469 727 2504 ut
746 2466 1016 2513 Philosophus
1038 2466 1134 2504 dicit
1153 2465 1307 2513 (Ethic.‚
1326 2474 1354 2509 1,
1370 2475 1404 2502 0.
1425 2466 1496 2512 16).
1518 2467 1607 2503 Νο11
1626 2469 1758 2512 potest

133 2512 258 2559 igilur
295 2511 425 2559 gloria
452 2521 542 2551 esse
570 2522 771 2550 summum
809 2513 958 2551 bonum
998 2521 1121 2560 quum
1157 2512 1429 2559 principaliter
1459 2513 1502 2550 in
1529 2511 1646 2551 laude
1665 2521 1758 2550 con-

132 2561 262 2597 sistat.

179 2607 364 2654 Amplius,
385 2615 630 2654 cognoscere
646 2605 825 2644 nobilius
839 2609 900 2644 est
915 2616 1032 2653 quam
1049 2606 1241 2653 cognosci
1259 2617 1268 2650 ;
1288 2614 1370 2643 non
1383 2605 1489 2644 enim
1503 2611 1755 2654 cognoscunt

132 2652 213 2691 nisi
233 2662 321 2701 quae
338 2657 433 2692 sunt
448 2653 648 2691 nobiliora
666 2653 707 2691 in
725 2653 844 2691 rebus
861 2665 869 2698 ;
892 2656 1192 2700 cognoscuntur
1211 2653 1329 2690 etiam
1346 2652 1496 2691 infima.
1515 2655 1602 2691 Non
1622 2657 1755 2700 potest

132 2699 147 2741 i
177 2700 256 2755 itur
288 2709 491 2739 summum
527 2701 704 2739 hominis
732 2699 882 2739 bonum
900 2709 989 2739 esse
1010 2700 1152 2747 gloria,
1171 2709 1259 2748 quae
1278 2700 1465 2738 consistit
1483 2700 1525 2738 in
1546 2700 1625 2738 hoe
1646 2700 1752 2748 quod

132 2755 156 2785 a
174 2756 279 2794 iquis
293 2751 573 2795 cognoscatur.

177 2794 278 2836 Item.
300 2795 490 2843 cognosci
528 2794 674 2843 aliquis
710 2803 791 2832 non
826 2793 1025 2832 desiderat
1054 2794 1134 2833 nisi
1171 2794 1213 2833 in
1248 2793 1391 2839 bonis;
1417 2795 1459 2832 in
1485 2795 1602 2832 malis
1620 2798 1750 2832 autem

130 2840 273 2887 quaerit
300 2841 435 2881 latere.
457 2842 655 2890 cognosci
687 2842 808 2891 igitur
836 2841 986 2879 bonum
1021 2844 1081 2880 est
1112 2844 1152 2879 et
1177 2841 1441 2880 desiderabile
1462 2845 1621 2888 propter
1645 2841 1752 2877 bona
