1894 3223
663 111 750 146 Llss.
781 111 807 153 i,
837 111 936 146 0111).
967 111 1068 146 Lvii.
1623 100 1670 145 ‘231

49 191 185 230 omnia
205 191 323 228 simut
345 194 435 228 actu
455 190 654 237 intelligit,
671 194 714 227 ut
736 191 944 237 probatum
961 196 1020 228 cst
1044 191 1143 239 (cap.
1164 190 1237 238 55).
1258 192 1344 228 Non
1361 193 1422 228 est
1438 190 1558 238 igitur
1574 191 1612 226 in
1630 201 1677 228 co

51 238 266 277 habitualis
288 237 478 285 cognitio.
564 247 572 253 ·

94 287 285 325 Praeterea,
309 284 459 321 liabens
479 283 654 321 habitum
675 288 711 320 et
733 293 811 321 non
847 285 1106 322 considerans
1137 289 1198 322 est
1227 284 1522 331 quodammodo
1543 284 1585 321 in
1606 293 1672 331 po-

51 332 188 374 tentia,
211 332 324 368 aliter
357 335 488 368 tamen
521 340 637 378 quam
674 336 885 378 antequam
924 332 1175 378 intelligeret.
1209 335 1418 371 ostensum
1453 335 1513 368 est
1544 337 1672 368 auten]

49 378 149 426 (cap.
173 378 230 425 55)
246 378 349 426 quod
371 378 597 415 intellectus
617 378 776 415 divinus
795 379 902 414 nulio
925 379 1042 416 inodo
1064 384 1123 416 est
1140 379 1181 415 in
1202 379 1392 426 potentia.
1409 379 1525 416 Nullo
1550 379 1672 425 igitur

50 426 169 464 modo
188 431 247 463 cst
269 427 307 462 iu
330 425 417 471 ipso
440 425 656 462 habitualis
671 426 861 472 cognitio.

95 473 240 518 Adhuc,
262 473 394 510 omnis
415 472 640 510 intellectus
661 473 914 509 liabitualiter
950 473 1103 519 aliquid
1141 472 1432 520 cognoscentis
1469 475 1529 510 est
1549 472 1672 509 ‘alind

50 519 136 567 eJus
155 520 330 557 essentia
347 529 462 566 quam
487 529 560 556 sua
580 520 757 565 operatio
775 520 1068 561 intellectualis,
1089 530 1178 567 quae
1198 525 1259 558 est
1279 521 1366 566 ipsa
1381 520 1665 557 consideratio.

49 567 272 604 intellectui
293 568 398 604 enirn
420 566 675 604 habitualiter
695 568 954 612 cognoscenti
977 568 1087 604 deest
1108 577 1182 604 sua
1204 567 1396 613 operatio,
1426 576 1505 604 non
1540 571 1671 604 autem

50 613 138 661 ejus
158 614 333 652 essentia
347 613 486 651 deesse
507 614 539 650 ei
564 617 705 659 potest.
729 615 770 650 111
793 616 871 650 Deo
895 619 1023 650 autem
1045 624 1117 651 sua
1137 615 1314 651 essentia
1335 619 1392 656 est
1418 615 1608 660 operatio.
1633 618 1672 651 ut

50 670 170 708 supra
191 663 292 708 (cap.
313 661 374 709 45)
395 664 601 698 ostensum
623 665 695 699 est.
719 663 804 698 Non
820 665 880 698 est
899 662 1018 708 igitur
1042 662 1080 698 in
1106 662 1191 707 ejus
1220 662 1423 698 intelle-ctu
1456 661 1671 698 habitualis

51 717 98 746 co
131 708 242 746 nitio.

96 718 196 795 gem,
215 755 442 792 intellectus
460 754 714 792 habitualitcr
737 759 887 792 tantum
906 764 1157 801 cognoscens
1180 764 1260 792 non
1281 758 1343 792 est
1361 755 1497 791 in'sua
1533 756 1671 791 uitinia

51 802 309 850 perfectione,
331 802 435 839 uude
457 811 528 839 nec
549 803 716 840 felicitas
737 812 824 848 quie
845 807 905 838 est
930 803 1123 847 optimum
1144 802 1305 847 ponitur
1325 802 1544 839 secundum
1567 803 1672 838 liabi-

50 853 151 894 tum,
175 849 242 886 sed
265 850 485 887 secuudum
505 853 650 886 actum.
672 849 711 886 si
734 850 854 895 igitur
875 850 978 885 Deus
1001 849 1326 885 estliabituaiiter
1341 858 1589 894 cognoscens
1607 858 1673 893 per

51 905 166 934 suam
188 897 468 941 substantiam,
490 905 581 933 secu
592 897 711 933 ndum
735 905 852 932 suam
873 895 1139 932 substantiam
1157 896 1448 939 consideratus,
1481 905 1560 932 non
1599 896 1671 932 crit

51 943 329 980 universaliter
348 944 558 989 perfectus,
580 943 694 990 cujus
713 942 954 979 contrarium
978 947 1185 979 ostensum
1214 947 1272 979 est
1291 952 1410 988 supra
1432 942 1617 990 (cap.28).

98 991 282 1036 Amplius,
305 995 509 1027 ostensum
530 994 590 1026 est
610 989 708 1036 (cap.
731 989 790 1036 [16)
813 989 916 1036 quod
939 990 1024 1035 ipse
1047 995 1106 1025 est
1128 990 1355 1036 intelligens
1371 999 1436 1035 per
1457 990 1669 1027 essentiam

53 1046 181 1080 suam,
202 1041 425 1074 nouantem
447 1046 516 1083 per
535 1036 689 1083 aliquas
707 1037 861 1082 species
882 1037 1152 1083 intelligibiles
1174 1037 1358 1074 essentiis
1378 1037 1667 1082 superadditas.

53 1085 190 1122 omnis
211 1088 343 1120 autem
364 1083 587 1120 intellectus
611 1084 650 1119 iii
675 1084 810 1120 habitu
832 1084 987 1130 aliquas
1003 1084 1157 1129 species
1177 1084 1378 1129 intelligit.
1401 1086 1494 1121 Nam
1513 1084 1670 1120 babitus

53 1131 113 1168 vel
134 1135 194 1168 est
211 1131 437 1167 habilitatio
459 1131 639 1176 quaedam
660 1131 886 1167 intellectus
907 1131 955 1167 ad
978 1131 1250 1176 recipiendum
1288 1131 1443 1176 species
1479 1131 1667 1177 intelligi—

51 1178 167 1223 biles,
189 1178 334 1225 qnibus
355 1181 446 1215 actu
466 1177 510 1214 sit
529 1178 772 1224 intelligens,
796 1178 852 1215 vei
875 1181 935 1216 cst
955 1179 1137 1215 ordinata
1157 1178 1576 1226 aggregatioipsarum
1588 1186 1672 1222 spe-

52 1225 199 1263 cierum
235 1225 490 1262 existentium
526 1225 568 1261 in
602 1225 821 1268 intellectu,
852 1234 933 1262 non
981 1226 1198 1262 secundum
1243 1225 1484 1271 completum
1523 1228 1668 1265 actum,

53 1272 122 1356 lsed
144 1271 274 1325 medio
293 1271 412 1309 modo
433 1272 537 1309 inter
555 1273 773 1319 potentiam
793 1276 830 1310 et
850 1276 997 1310 actum.
1015 1274 1101 1309 Non
1117 1276 1177 1310 est
1196 1272 1318 1320 igitur
1332 1273 1372 1308 in
1390 1272 1478 1319 ipso
1497 1271 1673 1310 habitua-

69 1329 103 1357 is
125 1323 305 1356 scientia.

98 1367 290 1412 Praeterea,
313 1365 473 1404 habitus
493 1366 677 1414 quaedam
703 1367 874 1414 qualitas
887 1370 959 1404 est.
982 1369 1062 1404 Deo
1078 1370 1206 1404 autem
1229 1375 1309 1404 non
1330 1369 1460 1412 potest
1478 1374 1551 1402 nec
1577 1374 1673 1413 qua-

53 1413 158 1457 litas,
182 1423 254 1450 nec
273 1413 422 1461 aliquid
444 1414 630 1452 accidens
653 1415 846 1455 accidere,
871 1418 912 1451 ut
932 1423 1051 1461 supra
1072 1414 1170 1461 (cap.
1193 1413 1252 1461 23)
1270 1413 1476 1459 probatum
1489 1415 1570 1457 est3
1593 1420 1673 1449 non

52 1461 175 1509 igitur
196 1462 275 1498 Deo
291 1461 479 1507 competit
496 1461 712 1498 habitualis
732 1461 923 1508 cognitio.

99 1507 202 1552 Quia
224 1517 317 1545 vero
357 1508 570 1554 dispositio
591 1518 668 1555 qua
689 1509 778 1555 quis
801 1513 861 1546 est
899 1508 1034 1545 habitu
1055 1512 1207 1545 tantum
1231 1507 1504 1546 considerans,
1526 1510 1591 1543 aut
1606 1515 1671 1542 vo-

53 1552 142 1591 lens
161 1554 222 1590 vel
241 1563 379 1601 agens,
401 1555 647 1592 assimiletur
666 1555 922 1601 dispositioni
946 1556 1194 1599 dormi-entis,
1216 1555 1308 1591 hinc
1329 1558 1388 1592 est
1409 1554 1514 1600 quod
1532 1553 1668 1593 David,

53 1604 99 1639 ut
124 1601 362 1638 habitualem
397 1602 703 1648 dispositionem
733 1613 752 1638 a
775 1604 855 1639 Deo
874 1606 1106 1647 removeret,
1127 1602 1248 1639 dicit:
1269 1603 1358 1638 Ecce
1374 1611 1445 1637 iioii
1461 1601 1672 1636 dormitabit

53 1657 166 1693 neque
185 1648 336 1685 dormiet
353 1650 416 1694 qui
434 1649 589 1685 custodit
607 1650 719 1684 Israel
740 1649 859 1695 (psal.
881 1658 967 1693 cxx,
988 1650 1037 1696 4).

101 1697 199 1732 Hinc
217 1696 333 1732 etiam
352 1696 535 1741 estquod
555 1696 720 1733 Eccles..
743 1705 854 1739 xxin,
876 1699 935 1738 28,
957 1697 1101 1732 dicitur
1123 1708 1130 1732 ε
1159 1697 1262 1733 Oculi·
1287 1696 1432 1732 Domini
1450 1695 1559 1731 multo
1584 1695 1670 1739 plus

56 1748 360 1792 lucidioressuper
369 1746 486 1788 solem,
497 1756 587 1785 nam
598 1748 658 1784 sol
668 1756 748 1784 sem
756 1756 823 1793 per
832 1750 892 1783 est
902 1750 943 1783 in
955 1749 1043 1784 actu
1056 1746 1228 1783 lucendi.
1239 1747 1440 1792 (ipart.,q.
1451 1748 1614 1788 xiv,art.
1626 1743 1669 1791 1.)

707 1897 875 1938 CAPUT
913 1898 1033 1940 LVII.

439 2004 538 2039 0000
565 2005 744 2035 coem'rio
768 2006 835 2035 nni
859 2005 939 2035 NON
962 2006 1033 2036 Esr
1057 2006 1301 2036 DISGURSIVA.

89 2094 260 2148 ‘Ex-hoe
283 2098 414 2148 autem
433 2094 601 2148 ulterius
621 2096 800 2143 hahetur,
815 2097 920 2144 quod
941 2098 1075 2135 divina
1093 2098 1361 2136 consideratio
1383 2107 1464 2137 non
1485 2102 1545 2136 est
1562 2099 1680 2137 ratio-

62 2145 235 2180 cinativa
254 2141 316 2178 vel
336 2141 571 2180 discursiva.
592 2145 700 2181 Tunc
734 2145 840 2181 enim
862 2145 1136 2182 ratiocinativa
1157 2149 1218 2183 est
1239 2149 1379 2183 nostra
1398 2146 1680 2190 consideratio,

61 2187 305 2242 quandonab
343 2197 426 2226 uno
456 2190 709 2243 considerato
732 2192 773 2227 in
806 2192 913 2228 aliud
952 2193 1182 2237 transimus,
1215 2193 1319 2230 sicut
1353 2193 1624 2240 syllogizando
1660 2202 1681 2233 a

61 2243 272 2288 principiis
292 2244 334 2272 in
352 2236 648 2290 conclusiones.
672 2240 758 2275 Non
780 2239 884 2275 enim
908 2249 954 2276 ex
975 2240 1050 2276 1100
1071 2240 1216 2286 aliquis
1240 2240 1499 2277 ratiocinatur
1518 2240 1580 2277 vel
1601 2240 1680 2277 dis-

63 2285 199 2327 currit,
221 2282 327 2330 quod
364 2288 527 2329 inspicit
563 2285 734 2331 qualiter
765 2286 973 2323 conclusio
995 2296 1042 2323 ex
1077 2287 1299 2333 praemissis
1336 2290 1537 2334 sequatur,
1560 2286 1680 2324 simui

65 2332 276 2376 utrumque
319 2331 593 2369 considerans.
635 2334 715 2369 Hoc
748 2333 852 2370 enim
891 2334 1088 2381 contingit
1123 2343 1203 2371 non
1246 2334 1575 2381 argumentando,
1613 2332 1680 2370 sed

65 2379 299 2429 argumenta
333 2377 550 2423 judicando
573 2390 581 2414 :
604 2380 706 2415 sicut
738 2389 810 2417 nec
846 2381 1021 2427 cognitio
1056 2381 1273 2418 materialis
1311 2384 1371 2418 est
1404 2390 1451 2417 ex
1470 2381 1545 2418 hoc
1575 2379 1681 2427 quod

63 2423 286 2460 materialia
303 2422 504 2470 dijudicat.
528 2425 740 2477 Qstensum
760 2426 821 2464 est
841 2431 972 2464 autem
994 2427 1093 2475 (cap.
1110 2428 1169 2475 55)
1191 2427 1297 2475 quod
1317 2429 1421 2464 Deus
1441 2435 1524 2465 non
1549 2426 1680 2464 consi-

63 2469 180 2522 derat·
206 2478 333 2522 unum
366 2474 458 2516 post
495 2471 615 2524 alium
636 2473 752 2519 quasi
790 2475 1030 2515 successive,
1051 2474 1120 2511 sed
1144 2474 1264 2511 simul
1292 2473 1429 2511 omnia
1451 2485 1461 2509 :
1482 2482 1563 2511 non
1586 2482 1680 2520 ergo

63 2520 242 2563 cognitio
262 2525 347 2563 ejus
363 2521 423 2554 est
440 2520 714 2556 ratiocinativa
732 2520 794 2557 vel
815 2520 1049 2565 discursive,
1063 2521 1245 2567 quamvis
1261 2529 1420 2558 omnem
1453 2519 1679 2558 discursum

1 2615 3 2617 ι
65 2566 102 2600 et
122 2564 468 2601 ratiocinationem
489 2568 719 2611 cognoscat.

109 2611 210 2651 Item,
235 2611 368 2648 omnis
389 2612 632 2649 ratiocinans
671 2612 747 2650 alia
768 2613 1087 2650 consideratione
1126 2614 1301 2651 intuetur
1319 2613 1513 2661 principia
1530 2617 1566 2651 et
1587 2624 1680 2651 con-

64 2656 301 2694 clusionem.
321 2659 407 2701 Non
431 2659 534 2695 enim
558 2662 756 2711 oporteret
784 2660 1046 2698 consideratis
1069 2661 1276 2707 principiis
1297 2661 1345 2698 ad
1378 2661 1678 2698 conclusionem

0 2732 9 2754 ἶ
63 2704 290 2750 procedere,
308 2705 341 2742 si
379 2715 426 2741 ex
464 2706 538 2742 1100
571 2714 660 2751 ipso
696 2706 801 2752 quod
823 2707 1017 2752 principia
1056 2708 1360 2745 considerantur
1399 2708 1679 2746 conclusiones

20 2785 32 2798 ,κ
65 2751 181 2788 etiam
210 2751 569 2804 considerarentur.
587 2754 690 2789 Deus
712 2758 841 2789 autem
863 2754 1071 2799 cognoscit
1090 2755 1224 2791 omnia
1236 2755 1465 2801 operatione
1481 2764 1573 2800 una,
1594 2764 1680 2802 quae

64 2801 483 2883 gsikigulaagzsceirlilgaffigt
500 2808 620 2845 supra
639 2799 847 2845 probatum
864 2805 924 2837 est
946 2800 1044 2847 (cap.
1066 2801 1140 2848 55).
1162 2804 1248 2839 Non
1273 2806 1334 2840 est
1353 2802 1474 2849 igitur
1493 2810 1566 2840 sua
1592 2811 1682 2848 cog-

0 2888 3 2914 i

110 2891 302 2937 Praetereci,
323 2893 455 2930 omnis
494 2893 770 2930 ratiocinativa
805 2893 982 2940 cognitio
1019 2893 1140 2932 hahet
1172 2895 1323 2943 aliquid
1353 2895 1400 2933 de
1432 2896 1620 2943 potentia,
1643 2897 1682 2932 et
