1894 3223
164 94 220 141 '76
787 100 875 135 ΜΒ.
904 101 931 138 1,
960 99 1061 135 CAP.
1089 99 1186 135 Lxx.

176 187 269 233 qnia
284 194 352 231 per
370 185 545 220 diversas
562 181 715 227 species
728 181 882 216 diversa
896 180 1117 226 cognoscit,
1136 189 1217 216 non
1232 182 1362 226 potest
1377 179 1496 217 simul
1515 178 1638 216 multa
1652 188 1795 227 cogno-

176 242 299 276 scere,
320 235 356 267 et
375 232 428 267 ita
448 230 602 266 infinita
620 236 862 273 cognoscere
878 236 958 263 non
975 231 1125 272 posset,
1142 227 1220 263 nisi
1237 227 1462 264 successive
1477 236 1522 262 ea
1534 228 1797 272 numerando,

176 279 281 326 quod
302 286 382 314 non
404 277 523 313 estin
553 274 755 310 intellectu
782 273 929 317 divino,
969 274 1035 320 qui
1069 274 1188 310 simul
1220 274 1344 310 multa
1377 274 1552 310 intuetur
1581 275 1695 319 quasi
1727 283 1798 320 per

176 334 295 362 unam
316 324 487 370 speciem
518 321 616 357 visa.
639 321 828 363 Quartum
851 324 910 357 est
931 321 1024 366 quia
1043 320 1269 357 intellectus
1291 320 1450 357 divinus
1470 324 1531 356 est
1551 329 1688 357 eorum
1709 330 1796 368 quae

176 376 281 413 sunt,
303 375 339 407 et
360 378 496 406 eorum
517 376 604 413 quae
628 375 706 403 non
727 370 834 411 sunt,
858 371 899 403 ut
921 371 1127 404 ostensum
1149 371 1208 403 est
1230 366 1328 413 (cap.
1351 367 1423 413 66).

225 421 331 454 Patet
362 417 477 452 etiam
511 414 712 460 quomodo
731 413 894 450 verbum
924 414 1156 459 Philosophi
1179 414 1364 460 (physio,
1386 423 1413 458 1,
1436 416 1528 450 text.
1551 423 1695 450 comm.
1719 414 1794 461 35),

175 465 241 512 qni
263 464 356 500 dicit
377 461 480 509 quod
500 460 714 505 infinitum,
734 461 952 497 secundum
970 461 1074 507 quod
1088 461 1302 505 infinitum,
1319 465 1378 497 est
1396 462 1590 507 ignotum,
1608 462 1793 506 praesenti

175 510 380 548 sententiae
402 517 483 544 non
498 508 651 551 obviat3
674 507 768 553 quia
785 517 875 544 cum
901 507 1045 543 infiniti
1066 508 1166 544 ratio
1188 508 1395 554 quantitati
1421 512 1630 553 competat,
1647 512 1690 545 ut
1709 509 1794 554 ipse

175 558 282 599 dicit,
304 556 503 592 infinitum
536 558 578 591 ut
611 553 809 590 infinitum
852 558 1173 600 cognosceretur,
1196 554 1229 591 si
1251 564 1320 600 per
1339 555 1679 592 mensurationem
1703 564 1795 592 sua-

173 614 260 641 rum
279 603 446 649 partium
469 605 607 638 notum
628 604 746 638 esset.
770 602 858 637 Haec
880 605 939 637 est
960 601 1066 636 enim
1086 602 1246 646 propria
1265 602 1442 648 cognitio
1464 602 1711 647 quantitatis.
1732 603 1796 639 Sic

174 656 305 688 autern
326 652 430 686 Deus
452 658 533 686 non
551 648 782 694 cognoscit:
803 647 921 691 unde,
938 652 980 684 ut
994 648 1047 683 ita
1065 648 1229 691 dicatur,
1253 657 1329 685 non
1351 649 1559 695 cognoscit
1578 649 1794 693 infinitum,

175 697 394 734 secundum
418 696 523 743 quod
544 700 603 732 est
622 695 833 735 infinitum,
856 695 925 731 sed
945 694 1165 731 secundum
1186 695 1292 741 quod
1313 695 1361 732 ad
1382 704 1496 732 suam
1520 695 1730 732 scientiam
1751 705 1795 733 se

174 745 292 781 habet
313 754 356 780 ac
376 744 409 780 si
429 746 535 780 esset
553 742 722 785 finitum,
744 746 785 778 ut
804 745 1009 778 ostensum
1033 746 1105 778 est.

222 791 432 827 Sciendum
455 794 601 833 tamen,
624 788 733 835 quod
751 791 854 825 Deus
874 789 1030 825 infinita
1045 798 1125 825 non
1143 789 1351 835 cognoscit
1365 789 1533 826 scientia
1551 789 1735 833 visionis,
1752 793 1796 826 ut

173 838 304 874 verbis
325 838 493 874 aliorum
510 840 681 880 utamur,
703 836 795 882 quia
816 835 971 872 infinita
990 845 1061 872 nec
1077 840 1170 872 sunt
1187 839 1290 879 actu,
1306 844 1379 872 nec
1394 836 1566 880 fuerunt,
1581 845 1653 872 nec
1667 841 1796 882 erunt,

175 895 264 921 cnm
286 885 488 930 generatio
511 893 557 920 ex
578 887 717 919 neutra
737 887 845 928 parte
865 883 917 919 sit
938 883 1105 926 infinita,
1144 883 1363 919 secundum
1400 883 1515 919 fidem
1544 883 1794 920 catholicam.

175 933 255 968 Scit
274 936 403 968 tamen
426 930 583 966 infinita
599 930 766 966 scientia
785 929 979 975 simplicis
1000 930 1285 975 intelligentiae.
1309 929 1389 966 Scit
1409 931 1514 966 enim
1537 931 1641 966 Deus
1668 930 1798 967 infini-

173 984 227 1021 ta,
250 988 336 1024 quae
356 987 427 1014 nec
452 981 558 1021 sunt,
581 986 654 1013 nec
674 980 802 1021 erunt,
819 986 891 1013 nec
909 977 1081 1020 fuerunt,
1103 986 1189 1023 quae
1206 981 1337 1012 tamen
1356 980 1449 1013 sunt
1469 977 1507 1013 in
1524 977 1700 1022 potentia
1718 986 1799 1014 cre-

176 1030 317 1069 aturae3
341 1028 377 1061 et
400 1025 476 1062 scit
510 1025 627 1060 etiam
660 1023 828 1067 infinita,
861 1033 947 1069 quae
980 1027 1073 1060 sunt
1104 1024 1144 1059 in
1174 1034 1245 1060 sua
1266 1024 1455 1068 potentia,
1479 1033 1564 1069 quae
1594 1033 1667 1060 nec
1688 1027 1796 1069 sunt,

175 1081 248 1108 nec
279 1075 406 1115 erunt,
438 1081 510 1107 nec
546 1071 718 1107 fuerunt.
754 1071 873 1114 Unde,
909 1074 1098 1117 quantum
1133 1070 1179 1106 ad
1215 1070 1477 1116 quaestionem
1499 1070 1544 1106 de
1567 1071 1798 1116 cognitione

176 1119 439 1164 singularium
458 1118 640 1163 pertinet,
659 1117 888 1163 responderi
910 1121 1039 1162 potest
1059 1127 1127 1162 per
1148 1117 1476 1162 interruptionem
1512 1117 1688 1164 majoris.
1711 1120 1798 1154 Non

176 1166 281 1201 enini
319 1164 538 1211 singularia
570 1168 662 1200 sunt
702 1164 870 1207 infinita,
905 1165 937 1201 si
971 1168 1103 1200 tamen
1136 1168 1291 1208 essent,
1323 1163 1586 1201 nihilominus
1615 1166 1719 1201 Deus
1751 1174 1798 1202 ea

176 1215 449 1258 cognosceret.
473 1213 502 1257 (I
521 1214 636 1257 part„
657 1221 693 1258 q.
715 1219 798 1255 xlv,
821 1214 893 1247 art.
918 1211 987 1257 12.)

828 1311 994 1351 CAPUT
1022 1312 1139 1352 LXX.

682 1410 782 1444 QUOD
807 1410 905 1438 DEL‘S
930 1410 1137 1438 COGNOSCIT
1162 1410 1284 1439 VILIA.

223 1539 302 1574 Hoc
323 1540 455 1573 autem
476 1535 625 1580 habito,
647 1534 937 1572 ostendendum
953 1540 1013 1572 est
1033 1535 1139 1581 quod
1161 1536 1265 1572 Deus
1282 1535 1491 1581 cognoscit
1510 1535 1618 1579 vilia,
1635 1538 1673 1572 et
1687 1536 1793 1583 quod

174 1585 251 1622 hoc
270 1583 466 1621 nobilitati
481 1583 567 1630 eJ'us
584 1582 761 1620 scientiae
786 1591 867 1619 non
885 1586 1092 1628 repugnat.
1110 1583 1266 1626 Quanto
1284 1583 1390 1619 enim
1412 1583 1545 1629 aliqua
1574 1582 1699 1620 virtus
1730 1592 1794 1620 ac-

172 1633 253 1668 tiva
269 1634 329 1668 est
355 1630 507 1674 sortior,
528 1633 636 1666 tanto
657 1629 698 1665 in
719 1629 933 1666 remotiora
948 1638 1062 1666 suam
1097 1629 1295 1666 actionem
1320 1629 1508 1673 extendit,
1531 1632 1574 1666 ut
1594 1629 1713 1666 etiam
1747 1630 1790 1666 in

174 1678 426 1716 sensibilium
446 1677 670 1713 actionibus
692 1679 863 1722 apparet.
886 1676 952 1712 Vis
983 1680 1115 1712 autem
1140 1676 1261 1712 divini
1297 1676 1537 1721 intellectus,
1571 1676 1613 1713 in
1643 1685 1792 1723 cogno·

174 1725 323 1763 scendo
336 1734 414 1769 res,
428 1723 763 1761 similaturvirtuti
775 1724 922 1760 activae.
934 1723 1162 1759 Intellectus
1180 1723 1285 1759 enim
1298 1723 1456 1760 divinus
1469 1733 1548 1760 non
1564 1723 1792 1769 recipiendo

173 1781 197 1809 a
222 1772 341 1808 rebus
369 1771 590 1817 cognoscit,
619 1770 687 1807 sed
709 1770 837 1815 magis
859 1779 927 1815 per
953 1770 1029 1807 hoc
1055 1770 1161 1815 quod
1181 1770 1239 1806 eis
1259 1769 1391 1806 influit
1423 1782 1431 1806 :
1468 1779 1558 1807 cum
1587 1770 1710 1817 igitur
1741 1771 1794 1807 sit

173 1819 339 1856 inlinitae
360 1818 517 1854 virtutis
537 1817 579 1853 in
599 1816 873 1862 intelligendo,
896 1820 938 1852 ut
956 1826 1003 1852 ex
1030 1816 1229 1862 praedictis
1253 1816 1352 1862 (cap.
1386 1817 1447 1863 43)
1479 1820 1598 1862 patet,
1638 1821 1793 1862 oportet

174 1865 279 1912 quod
301 1865 385 1911 eJ'us
406 1865 581 1910 cognitio
602 1873 728 1910 usque
743 1863 791 1899 ad
813 1863 1082 1900 remotissima
1102 1863 1357 1907 emendatum
1381 1864 1451 1900 sed
1469 1864 1616 1910 gradus
1646 1863 1793 1901 nobili·

172 1913 266 1949 tatis
287 1916 324 1948 et
344 1911 505 1948 vilitatis
524 1912 564 1947 in
583 1911 768 1947 omnibus
789 1911 948 1947 entibus
968 1910 1182 1947 attenditur
1201 1910 1420 1947 secundum
1454 1911 1790 1958 propinquitatem

174 1963 211 1996 et
231 1958 459 1996 distantiam
474 1967 497 1994 a
513 1959 606 2002 Deo,
629 1958 695 2005 qui
717 1961 776 1994 est
796 1957 836 1993 in
859 1957 936 1994 tine
958 1958 1190 1994 nobilitatis.
1214 1959 1314 2003 Ergo
1335 1961 1699 2004 quantumcumque
1732 1958 1791 1995 vi-

172 2006 329 2043 lissima
364 2006 405 2041 in
443 2005 601 2042 entibus
618 2032 628 2050 ‚
667 2006 772 2041 Deus
805 2008 965 2051 propter
995 2004 1208 2042 maximam
1246 2005 1430 2041 virtutem
1464 2005 1528 2042 sui
1566 2005 1791 2042 intellectus

175 2053 397 2098 cognoscit.

220 2102 411 2140 Praeterea.
434 2107 551 2136 omne
569 2098 689 2145 quod,
711 2098 753 2135 in
772 2108 819 2136 eo
838 2099 943 2146 quod
965 2102 1025 2136 est
1042 2099 1103 2135 vel
1124 2098 1240 2145 quale
1261 2099 1421 2146 quidem
1441 2101 1515 2142 est,
1537 2102 1626 2136 actu
1657 2101 1730 2143 est,
1752 2102 1792 2136 et

173 2146 393 2184 similitudo
414 2146 529 2192 primi
552 2150 663 2183 actus
682 2149 754 2190 est,
774 2150 812 2182 et
830 2156 877 2182 ex
898 2146 972 2183 hoc
992 2146 1239 2183 nobilitatem
1261 2146 1392 2190 habet,
1409 2146 1514 2192 quod
1528 2146 1645 2183 etiam
1656 2150 1792 2190 poten-

172 2194 228 2230 tia
247 2197 318 2238 est,
339 2203 387 2230 ex
405 2193 543 2230 ordine
562 2193 610 2229 ad
629 2196 759 2229 actum
781 2193 1001 2230 nobilitatis
1020 2197 1080 2230 est
1098 2193 1308 2239 particeps,
1332 2193 1389 2230 sic
1405 2193 1510 2229 enim
1527 2202 1616 2229 esse
1630 2193 1788 2230 dicitur.

173 2241 423 2287 Relinquitur
442 2240 564 2286 igitur
583 2239 689 2286 quod
711 2240 1023 2287 unumquodque
1040 2241 1081 2276 in
1101 2249 1144 2277 se
1164 2240 1457 2277 consideratum
1478 2239 1610 2276 nobile
1625 2243 1698 2283 est,
1720 2239 1791 2277 sed

172 2288 249 2324 vile
272 2288 416 2324 dicitur
435 2290 616 2332 respectu
638 2286 863 2324 nobilioris.
885 2290 915 2324 A
933 2289 1011 2324 Deo
1032 2291 1162 2324 autem
1179 2287 1326 2324 distant
1346 2286 1609 2324 nobilissimae
1623 2287 1791 2324 aliarum

173 2344 318 2380 rerum,
338 2344 419 2371 non
440 2334 575 2371 minus
594 2342 713 2381 quam
733 2334 882 2371 ultimae
908 2343 1039 2371 rerum
1058 2338 1278 2371 creatarum
1299 2333 1448 2371 distant
1472 2344 1494 2370 a
1516 2334 1727 2380 supremis.
1750 2335 1791 2371 Si

172 2382 296 2428 igitur
317 2382 401 2419 haec
423 2381 613 2418 distantia
631 2381 838 2427 impediret
860 2381 1033 2418 divinam
1055 2381 1340 2426 cognitionem,
1369 2381 1494 2418 multo
1516 2381 1645 2428 magis
1665 2381 1790 2426 impe·

173 2428 273 2465 diret
292 2428 373 2473 illa,
394 2432 432 2465 et
451 2428 510 2465 sic
531 2432 763 2475 sequeretur
783 2428 888 2475 quod
908 2428 1008 2464 nihil
1030 2430 1134 2465 Deus
1154 2433 1414 2475 cognosceret
1431 2428 1538 2464 aliud
1558 2437 1582 2464 a
1602 2437 1658 2472 se,
1682 2426 1790 2474 quod

173 2484 293 2521 supra
309 2475 573 2521 improbatum
591 2479 664 2512 est.
687 2475 726 2513 Si
746 2475 869 2522 igitur
882 2475 1032 2523 aliquid
1052 2475 1159 2512 aliud
1177 2484 1200 2512 a
1213 2484 1255 2512 se
1276 2478 1550 2523 cognosceret,
1580 2478 1789 2521 quantum·

172 2531 342 2568 cumque
359 2523 670 2563 nobilissimum,
692 2523 776 2570 pari
797 2522 951 2560 ratione
980 2526 1242 2570 cognosceret
1261 2522 1465 2570 quodlibet
1483 2525 1788 2569 quantumcum-

173 2577 248 2615 que
268 2569 420 2606 dicatur
439 2569 694 2607 vilissimum.

219 2616 402 2660 Amplius,
416 2616 562 2653 bonum
577 2616 730 2654 ordinis
742 2617 918 2654 universi
933 2616 1110 2654 nobilius
1118 2620 1179 2654 est
1189 2616 1364 2664 qualibet
1377 2618 1486 2661 parte
1500 2613 1787 2657 universi,cum

172 2665 304 2707 partes
322 2662 491 2709 singulae
513 2663 746 2700 ordinentur
765 2664 814 2701 ad
834 2665 982 2701 bonum
1002 2664 1240 2711 ordinis,qui
1259 2663 1467 2700 estintoto
1477 2660 1787 2707 sicutadfinem,

173 2712 216 2745 ut
237 2718 307 2754 per
326 2710 613 2755 Philosophum
625 2714 730 2756 patet
748 2711 789 2747 in
805 2711 1041 2748 duodecimo
1056 2713 1215 2756 Metaph.
1235 2710 1494 2758 (text.comm.
1517 2707 1590 2755 52).
1611 2708 1647 2744 Si
1664 2708 1788 2754 igitur

173 2757 278 2793 Deus
300 2757 510 2803 cognoscit
531 2757 705 2803 aliquam
725 2758 843 2794 aliam
862 2762 1043 2796 naturam
1064 2756 1432 2802 nobilem,maxime
1453 2759 1711 2801 cognosceret
1726 2763 1786 2792 or·

173 2802 306 2840 dinem
325 2803 514 2840 universi.
538 2804 619 2841 Hoc
639 2807 768 2841 autem
786 2806 976 2852 cognosci
999 2814 1079 2843 non
1093 2809 1222 2851 potest
1242 2804 1319 2841 nisi
1339 2805 1634 2849 cognoscantur
1654 2805 1692 2838 et
1713 2810 1785 2839 no-

173 2849 316 2888 biliora
331 2853 369 2888 et
387 2850 596 2897 viliora‚in
613 2860 782 2898 quorum
803 2852 1004 2890 distantiis
1015 2856 1054 2890 et
1067 2850 1367 2890 habitudinibus
1385 2849 1482 2888 ordo
1504 2849 1679 2888 universi
1694 2856 1787 2887 con·
