1894 3223
683 98 768 133 LIB.
799 97 861 141 ΙΙΙ,
890 97 989 132 CAP.
1018 96 1133 132 XCIV.
1645 100 1711 135 387

94 178 246 216 ordinis
263 177 653 224 praemeditationem,
681 180 719 212 et
747 176 1000 221 praemeditati
1021 176 1173 213 ordinis
1200 176 1504 221 institutionem,
1531 178 1570 214 in
1590 179 1710 217 rebus

94 236 181 273 quae
195 225 451 272 providentiae
467 224 703 266 subduntur,
727 232 894 269 quorum
917 224 1084 268 primum
1120 222 1167 260 ad
1189 225 1501 269 cognoscitivam
1522 226 1702 264 virtutem

95 273 274 319 pertinet,
297 271 402 308 aliud
423 281 513 308 vero
535 271 582 307 ad
604 271 859 316 operativam,
884 270 956 306 hoc
980 270 1080 306 inter
1115 274 1326 317 utrumque
1353 270 1495 315 differt,
1532 273 1636 319 quod
1670 274 1710 310 in

97 319 396 366 praemeditanto
418 318 612 362 ordinem,
646 322 752 354 tanto
789 322 848 354 est
879 317 1124 362 providentia
1151 317 1374 364 perfectior,
1409 321 1712 367 quantomagis

94 376 220 413 usque
253 366 300 403 ad
332 366 497 402 minima
526 365 624 402 ordo
659 364 914 410 providentiae
951 368 1080 410 potest
1121 364 1294 410 perduci.
1339 366 1450 409 Quod
1490 367 1595 404 enim
1634 376 1711 405 nos

94 413 271 451 omnium
293 412 587 458 particularium
609 411 787 449 ordinem
809 411 1068 456 praemeditari
1093 421 1171 448 non
1193 421 1408 457 possumus
1430 414 1534 450 circa
1556 424 1602 452 ea
1623 423 1711 462 quae

95 464 188 498 sunt
208 459 455 505 disponenda
477 459 647 503 anobis,
676 469 722 495 ex
755 459 908 495 delectu
941 463 1085 495 nOSil'tB
1121 459 1363 505 cognitionis
1395 461 1588 505 provenit,
1622 469 1711 508 quae

94 511 238 544 cuncta
258 507 478 553 singularia
500 506 707 553 complecti
724 515 803 543 non
822 510 962 551 potest.
985 507 1106 542 Tanto
1125 509 1255 542 autem
1270 506 1310 542 in
1330 507 1570 552 providendo
1586 517 1711 546 unus·

94 555 263 601 quisque
284 554 684 598 sollicitiorhabetur,
701 557 848 600 quanto
873 553 985 598 plura
1005 552 1259 598 singulariter
1281 555 1541 598 praemeditari
1557 559 1711 601 potest;

95 603 208 647 cujus
229 605 359 637 autem
377 601 551 647 provisio
573 602 611 637 in
629 601 727 637 solis
745 599 1036 637 universalibus
1058 600 1308 643 consisteret,
1327 610 1464 646 parum
1483 601 1530 638 de
1545 602 1714 648 pruden-

96 649 150 685 tia
171 648 434 694 participaret,
457 649 588 685 simile
611 652 740 684 autem
763 648 802 683 in
825 647 1011 684 omnibus
1040 646 1253 693 operativis
1285 648 1435 684 artibus
1467 649 1712 698 considerari

93 699 237 742 potest.
257 696 387 732 Sedin
413 696 487 732 lioc
508 695 611 742 quod
634 695 731 732 ordo
765 694 1058 740 praemeditatus
1094 693 1212 742 rebus
1244 693 1473 739 imponitur,
1509 699 1618 733 tanto
1653 699 1715 734 est

95 742 254 789 dignior
274 747 310 778 et
331 743 540 788 perlectior
577 742 822 788 providentia
856 741 1128 787 gubernatum,
1163 744 1311 792 quanto
1344 745 1403 778 est
1432 741 1711 788 universalior,

96 794 131 826 et
157 798 224 835 per
252 789 366 835 plura
398 790 620 826 ministeria
648 798 762 826 suam
798 788 961 834 explieat
998 787 1390 833 praemeditationem,
1424 789 1516 835 quia
1550 794 1587 827 et
1625 790 1714 836 ipsa

96 836 409 873 ministeriorum
432 837 642 882 dispositio
661 844 843 882 magnam
867 839 1014 880 partem
1036 835 1184 887 provisi
1214 834 1367 886 ordinis
1401 835 1529 874 habet.
1553 838 1714 884 Oportet

96 888 226 920 autem
242 883 346 929 quod
361 883 494 920 divina
510 883 755 929 providentia
774 882 812 918 in
829 890 985 919 summo
1012 882 1266 927 perfectionis
1291 883 1499 928 consistat,
1513 884 1606 930 quia
1627 885 1713 930 ipse

99 934 157 967 est
181 930 414 976 simpliciter
431 935 467 966 ct
488 930 762 967 universaliter
779 930 989 975 perlectus,
1013 933 1052 965 ut
1075 929 1113 964 in
1136 929 1263 974 primo
1289 929 1354 966 lib.
1375 930 1473 976 (cap.
1495 931 1554 977 28)
1579 936 1712 969 osten-

98 986 186 1014 sum
203 982 275 1014 est.
298 979 339 1013 Iu
362 977 604 1023 providendo
630 978 750 1023 igitur
770 985 852 1013 suae
875 976 1443 1027 sapientiae*praemeditatione
1473 979 1713 1024 sempiterna

98 1024 231 1061 omnia
268 1023 438 1065 ordinat,
473 1028 836 1070 quantumcumque
871 1023 1036 1058 minima
1065 1022 1284 1060 videantur.
1322 1025 1587 1071 Quaecumque
1620 1034 1714 1063 vero

95 1079 233 1108 eorum
267 1070 544 1115 {idonei-antur,
576 1069 931 1107 instrumentaliter
960 1073 1080 1115 agunt
1106 1069 1153 1105 ab
1175 1079 1222 1106 eo
1245 1074 1364 1115 mota,
1387 1072 1477 1107 etei
1512 1072 1713 1118 obtempe-

95 1117 220 1155 rando
241 1117 480 1160 ministrant,
501 1116 546 1154 ad
567 1118 745 1154 ordinem
768 1115 1022 1162 providentiae
1042 1115 1089 1152 ab
1110 1119 1271 1161 aeterno,
1295 1121 1336 1154 ut
1359 1118 1412 1154 ita
1433 1117 1576 1164 dicam,
1598 1128 1714 1156 exco-

95 1166 260 1211 gitatum
285 1164 560 1210 explicandum
583 1164 623 1200 in
646 1164 778 1200 rebus.
1299 1209 1305 1216 .

143 1211 180 1248 Si
199 1214 328 1248 autem
350 1211 485 1247 omnia
505 1220 591 1258 quae
613 1220 728 1257 agere
749 1214 920 1256 possunt
941 1218 1106 1246 necesse
1130 1213 1191 1246 est
1220 1213 1262 1247 ut
1295 1219 1336 1246 1n
1357 1211 1511 1257 agendo
1539 1212 1572 1248 ei
1595 1213 1712 1250 mini-

96 1261 234 1302 strent,
253 1258 501 1304 impossibile
530 1258 714 1304 estquod
747 1258 904 1304 aliquod
926 1266 1049 1304 agens
1071 1257 1213 1309 divinae
1232 1258 1487 1303 providentiae
1515 1261 1714 1298 executio-

96 1314 186 1342 nem
202 1305 402 1351 impediat,
425 1305 499 1342 sibi
521 1305 762 1342 contrarium
782 1304 949 1350 agendo.
970 1306 1100 1350 Neque
1122 1307 1238 1340 etiam
1260 1305 1450 1350 possibile
1466 1310 1525 1343 est
1540 1306 1713 1345 divinam

95 1352 381 1399 providentiam
403 1352 582 1397 impediri
606 1362 673 1398 per
695 1352 890 1389 defectum
913 1351 1081 1397 alicujus
1118 1352 1286 1398 agentis,
1309 1352 1368 1404 vel
1392 1353 1591 1398 patientis,
1624 1363 1713 1392 cum

97 1400 229 1436 omnis
248 1400 373 1437 virtus
392 1400 517 1436 activa
537 1399 596 1436 vel
617 1399 776 1444 passiva
796 1399 903 1436 sitin
926 1399 1043 1435 rebus
1064 1398 1282 1435 secundum
1300 1398 1471 1436 divinam
1487 1400 1715 1446 dispositio-

97 1455 187 1483 nem
208 1450 383 1482 causata.
405 1446 658 1491 Impossibile
679 1450 740 1483 est
767 1446 881 1482 etiam
905 1445 1009 1492 quod
1034 1445 1275 1498 impediatur
1292 1446 1435 1483 divinae
1456 1448 1713 1492 providentiae

97 1493 277 1531 executio
299 1502 367 1538 per
385 1493 642 1538 providentiae
659 1493 990 1532 immutationem.
1015 1501 1103 1528 cum
1128 1494 1229 1528 Deus
1244 1496 1294 1528 sit
1312 1494 1476 1530 omnino
1492 1495 1716 1532 immutabi-

98 1540 162 1585 lis,
188 1543 370 1585 utsupra
387 1544 593 1577 ostensum
614 1544 674 1576 est
694 1540 775 1586 (lib.
793 1549 819 1584 1,
838 1549 922 1585 cap.
947 1539 1015 1585 15).
1040 1539 1289 1586 Relinquitur
1316 1549 1410 1587 ergo
1437 1541 1542 1587 quod
1579 1542 1714 1581 divina

98 1586 273 1633 provisio
289 1587 437 1624 cassari
460 1595 539 1623 non
561 1590 702 1632 potest.

146 1634 338 1679 Deinceps
376 1638 506 1670 autem
545 1633 877 1671 considerandum
914 1636 974 1670 est
1011 1633 1116 1680 quod
1146 1642 1264 1670 omne
1309 1643 1432 1680 agens
1464 1635 1633 1672 intendit
1663 1637 1713 1675 ad

96 1680 245 1718 honum
282 1684 320 1717 et
338 1681 482 1718 melius
497 1681 715 1718 secundum
737 1680 841 1727 quod
864 1683 1005 1726 potest,
1031 1683 1071 1716 ut
1095 1689 1216 1732 supra
1240 1680 1339 1726 (cap.
1357 1681 1392 1733 3)
1415 1685 1622 1720 ostensum
1638 1688 1711 1722 est.

97 1729 249 1765 Bonum
268 1731 398 1764 autem
421 1731 457 1763 et
485 1728 628 1764 melius
650 1736 729 1764 non
751 1727 888 1764 eodem
912 1727 1029 1764 modo
1051 1727 1357 1764 considerantur
1377 1737 1415 1764 in
1437 1733 1519 1766 toto
1537 1733 1574 1766 et
1593 1731 1713 1776 parti-

95 1774 185 1812 bus.
209 1776 248 1811 In
270 1777 354 1811 toto
372 1773 476 1811 enim
505 1774 655 1811 honum
677 1778 737 1811 est
754 1774 974 1820 integritas,
997 1783 1084 1820 quae
1110 1784 1157 1810 ex
1185 1774 1355 1820 partium
1386 1776 1524 1813 ordine
1545 1781 1582 1812 et
1605 1787 1712 1815 com-

94 1821 295 1868 positione
317 1821 554 1868 relinquitur
573 1832 583 1858 :
607 1821 709 1858 unde
730 1822 873 1858 melius
895 1824 955 1858 est
974 1821 1043 1858 toti
1065 1821 1248 1867 quodsit
1268 1820 1373 1859 inter
1391 1826 1523 1868 partes
1545 1823 1712 1869 dispari-

94 1872 170 1913 tas,
193 1868 280 1906 sine
299 1877 378 1915 qua
400 1868 496 1905 ordo
517 1871 556 1904 et
574 1869 762 1914 persectlo
781 1868 903 1905 totius
922 1877 1011 1905 esse
1033 1877 1112 1905 non
1142 1871 1285 1913 potest,
1307 1878 1423 1916 quam
1447 1870 1552 1916 quod
1573 1876 1714 1910 omnes

93 1918 227 1962 partes
247 1915 328 1952 sint
348 1915 534 1961 aequales,
555 1924 792 1962 unaquaque
813 1924 947 1952 earum
986 1915 1237 1960 perveniente
1270 1915 1317 1953 ad
1348 1916 1513 1963 gradum
1552 1918 1715 1956 nobilis-

95 1962 208 2000 simae
222 1962 357 2009 partis.
380 1962 573 2006 Quaelibet
601 1967 731 1999 autem
754 1972 844 2008 pars
877 1962 1079 1999 inferioris
1112 1962 1260 2009 gradus
1297 1962 1338 1999 in
1368 1972 1410 2000 se
1446 1965 1712 2010 considerata,

93 2009 238 2047 melior
253 2013 373 2053 esset,
395 2009 429 2046 si
451 2012 557 2046 esset
572 2009 614 2046 in
639 2010 763 2056 gradu
785 2010 1003 2055 superioris
1034 2010 1170 2055 partis,
1204 2009 1308 2047 sicut
1341 2014 1447 2056 patet
1475 2011 1516 2047 in
1550 2021 1714 2059 corpore

96 2056 285 2093 humano.
309 2056 473 2101 Dignior
488 2056 592 2092 enim
612 2065 704 2102 pars
724 2060 831 2094 esset
850 2065 918 2102 pes
941 2057 973 2094 si
997 2057 1101 2093 oculi
1123 2057 1458 2102 pulchritudinem
1481 2062 1516 2095 et
1528 2059 1712 2097 virtutem

96 2102 271 2139 haberet.
289 2103 439 2147 Corpus
457 2107 587 2139 autem
605 2107 732 2140 totum
752 2107 859 2140 esset
876 2104 1158 2149 imperfectius,
1182 2104 1215 2141 si
1237 2104 1272 2140 ei
1293 2103 1469 2142 officium
1482 2106 1594 2151 pedis
1606 2107 1716 2145 dees-

95 2153 170 2187 set.
187 2148 243 2186 Ad
259 2148 366 2185 aliud
386 2149 508 2195 igitur
523 2149 650 2186 tendit
667 2150 834 2186 intentio
847 2150 1097 2196 particularis
1116 2151 1272 2197 agentis
1293 2155 1330 2188 et
1344 2152 1598 2190 universalis.
1615 2155 1713 2191 Nam

96 2195 332 2242 particulare
353 2204 478 2241 agens
496 2197 620 2232 tendit
637 2196 686 2233 ad
706 2196 853 2234 bonum
873 2197 997 2243 partis
1017 2197 1213 2242 absolute,
1245 2202 1282 2235 et
1313 2199 1405 2234 facit
1443 2209 1528 2236 eam
1563 2206 1715 2248 quanto

96 2243 299 2279 meliorem
322 2246 479 2287 potest3
502 2243 724 2280 universale
742 2247 871 2280 autem
896 2253 1020 2290 agens
1040 2245 1165 2281 tendit
1185 2244 1234 2281 ad
1261 2244 1410 2282 bonum
1431 2247 1554 2283 totins
1577 2259 1586 2283 :
1608 2248 1712 2284 unde

96 2290 241 2336 aliquis
262 2289 439 2326 detectus
457 2293 517 2326 est
534 2294 673 2335 praeter
691 2291 950 2327 intentionem
965 2291 1214 2336 particularis
1229 2292 1397 2338 agentis,
1413 2293 1477 2339 qui
1495 2297 1556 2330 est
1570 2303 1713 2331 secun-

96 2336 189 2373 dum
209 2336 469 2373 intentionem
490 2337 645 2382 agentis
666 2337 917 2378 universalis,
941 2339 1045 2375 sicut
1064 2342 1170 2384 patet
1189 2339 1296 2386 quod
1315 2340 1519 2386 generatio
1540 2340 1713 2379 foeminae

95 2388 154 2421 est
176 2386 314 2429 praeter
332 2383 591 2420 intentionem
611 2388 760 2421 naturae
783 2385 1045 2430 particularis,
1068 2385 1106 2421 id
1129 2389 1188 2422 est
1209 2384 1328 2432 hujUs
1359 2386 1515 2423 virtutis
1546 2396 1633 2434 quae
1655 2393 1713 2425 est

94 2430 135 2467 in
156 2430 230 2467 hoe
245 2430 411 2473 semine,
431 2439 518 2476 quae
539 2431 586 2466 ad
608 2430 683 2467 hoc
704 2432 828 2468 tendit
851 2431 956 2478 quod
976 2430 1154 2477 perficiat
1168 2436 1403 2478 conceptum
1418 2437 1565 2478 quanto
1584 2435 1715 2481 magis

92 2480 236 2524 potest.
260 2479 326 2514 Est
344 2481 474 2514 autem
494 2476 540 2514 de
561 2477 779 2514 intentione
800 2481 949 2515 naturae
969 2478 1220 2522 universalis,
1243 2478 1282 2514 id
1304 2482 1363 2515 est
1383 2479 1538 2517 virtutis
1562 2481 1716 2518 univer-

94 2524 192 2562 salis
216 2523 371 2570 agentis
396 2523 442 2560 ad
464 2524 758 2569 generationem
786 2524 1033 2568 inferiorum,
1056 2525 1161 2571 quod
1184 2525 1345 2562 foemina
1365 2530 1588 2572 generetur,
1625 2528 1715 2566 sine

92 2580 172 2618 qua
190 2571 394 2618 generatio
415 2570 628 2607 multorum
647 2571 878 2608 animalium
899 2572 1087 2617 compleri
1103 2580 1183 2609 non
1206 2575 1355 2618 posset.
1369 2575 1413 2609 Et
1432 2573 1570 2611 eodem
1590 2575 1712 2613 modo

93 2618 294 2665 corruptio
319 2621 356 2654 et
374 2617 584 2654 diminutio
609 2620 646 2654 et
662 2618 794 2654 omnis
815 2618 992 2655 defectus
1013 2621 1072 2655 est
1092 2618 1139 2655 de
1154 2618 1375 2656 intentione
1390 2623 1540 2658 naturae
1554 2622 1711 2659 univer-

93 2664 204 2709 salis,
228 2673 309 2702 non
333 2667 462 2702 autem
487 2668 636 2702 naturae
656 2664 907 2710 particularis
927 2676 936 2709 ;
956 2674 1049 2702 nam
1078 2665 1264 2712 quaelibet
1293 2675 1357 2703 res
1378 2666 1479 2714 fugit
1500 2668 1711 2715 defectum,

91 2711 218 2748 tendit
234 2720 326 2748 vero
346 2711 395 2748 ad
414 2711 695 2757 perfectionem
716 2715 904 2758 quantum
922 2711 962 2748 in
983 2721 1026 2749 se
1043 2716 1114 2749 est.
1137 2714 1246 2749 Patet
1263 2722 1358 2760 ergo
1384 2714 1487 2760 quod
1511 2715 1557 2752 de
1579 2715 1710 2753 inten-

90 2757 201 2795 tione
221 2759 377 2805 agentis
394 2758 645 2804 particularis
665 2761 726 2796 est
759 2759 865 2805 quod
887 2757 1050 2811 effectus
1070 2768 1169 2796 suus
1189 2759 1257 2798 fiat
1281 2759 1479 2806 persectus
1499 2766 1711 2809 quantum·

92 2813 276 2852 cumque,
299 2809 429 2851 potest
462 2805 503 2841 in
534 2814 678 2851 genere
710 2813 809 2848 suo;
832 2805 879 2842 de
897 2809 1116 2842 intentione
1137 2810 1268 2844 autem
1291 2810 1441 2845 naturae
1469 2810 1708 2847 universalis

92 2855 152 2888 est
185 2852 291 2899 quod
330 2852 393 2890 hic
427 2851 591 2889 effectus
623 2851 691 2889 fiat
723 2853 922 2899 perfectus
947 2853 1016 2889 tali
1046 2853 1303 2899 perfectione,
1336 2858 1431 2901 puta
1463 2856 1705 2903 perfectione
