1894 3223
697 155 783 190 Lm.
814 155 841 198 ι,
869 155 969 191 car.
997 155 1093 190 LXV.
1669 161 1712 195 00

93 238 260 276 inferior
292 247 335 275 se
355 237 530 274 estendit
558 236 607 273 ad
639 236 899 282 pauciormct
931 240 1058 272 tamen
1088 235 1371 280 multiplicatur
1405 240 1585 281 respectu
1622 237 1710 275 illo-

93 295 194 328 rum,
227 285 332 322 sicut
362 288 467 331 patet
499 285 539 320 in
573 283 803 328 imagitionc
825 287 862 318 et
891 292 1026 319 sensu.
1050 285 1144 318 Nam
1180 292 1259 319 una
1291 282 1349 318 vis
1384 282 1629 327 imagitionis
1667 294 1712 321 se

93 332 266 369 extendit
285 331 333 368 ad
366 331 500 368 omnia
520 340 606 377 quae
628 330 802 376 quinque
832 330 935 365 vires
957 338 1147 365 sensuum
1170 334 1432 375 cognoscunt,
1459 334 1496 365 ct
1516 331 1563 365 a‹l
1583 331 1710 375 plura.

93 379 164 417 Sed
196 379 257 415 vis
289 378 560 425 cognoscitiva
590 378 629 412 in
666 379 742 412 Deo
774 380 834 412 cst
867 377 1048 421 superior
1085 386 1201 422 quam
1235 377 1274 412 in
1305 376 1477 412 homine.
1514 378 1710 423 Quicquid

95 435 188 472 ergo
207 426 327 462 homo
357 425 525 462 diversis
553 423 703 460 viribus
738 424 944 468 cognoscit
970 423 1196 467 intellectu,
1230 423 1476 468 imagitione,
1498 428 1535 459 ct
1570 433 1708 470 sensu,

94 473 170 510 1100
188 474 291 509 Deus
313 481 393 509 uno
427 481 501 509 suo
520 471 689 516 simplici
719 470 921 506 intellectu
955 470 1192 506 considerat.
1213 472 1278 505 Est
1299 470 1418 515 igitur
1445 470 1709 517 singularium

95 519 408 565 cognoscitivus,
427 528 514 565 quae
536 527 610 554 nos
631 526 752 553 sensu
775 521 808 553 et
833 517 1063 563 imagitionc
1082 517 1428 562 apprehendimus.

140 568 322 612 Amplius,
346 565 505 603 divinus
543 564 768 600 intellectus
807 575 852 600 ex
883 565 1000 600 rebus
1033 564 1301 609 cognitionem
1339 574 1414 599 non
1451 564 1572 601 sumit
1606 565 1710 602 sicut

95 618 244 656 noster,
265 613 335 650 sed
357 613 484 659 magis
505 621 574 658 per
594 621 706 648 suam
725 611 993 657 cognitionem
1015 615 1073 647 cst
1094 620 1215 647 causa
1235 620 1378 648 rerum,
1400 615 1439 645 ut
1459 612 1560 648 inl'ra
1580 617 1710 649 osten-

95 660 209 697 detur
237 660 276 705 (l.
298 669 341 705 11,
373 670 407 697 c.
429 658 519 705 24),
540 663 576 695 et
606 659 664 695 sic
699 658 784 703 ejus
812 658 1002 703 cognitio,
1025 667 1141 704 quam
1178 658 1224 693 de
1246 657 1362 708 rebus
1385 658 1474 694 aliis
1502 659 1629 704 habet,
1651 664 1711 697 est

95 707 143 744 ad
162 708 323 744 modum
357 707 538 753 practicae
561 706 817 751 cognitionis.
859 705 1032 741 practica
1064 708 1193 741 autem
1216 705 1392 750 cognitio
1428 714 1507 741 non
1533 710 1593 742 est
1624 716 1712 751 per-

96 754 211 798 fecta,
232 754 310 791 nisi
335 754 381 790 ad
416 753 636 800 singularia
665 752 925 798 perveniatur.
948 754 1042 787 Nam
1073 751 1254 796 practicae
1275 751 1517 796 cognitionis
1538 753 1629 789 finis
1651 757 1711 790 cst

96 801 288 847 operatio,
310 810 397 847 quae
431 801 472 836 in
505 799 777 846 singularibus
799 803 870 835 est.
895 798 1032 834 Divina
1059 797 1188 849 'igitur
1207 798 1383 843 cognitio
1413 808 1530 844 quam
1552 799 1598 835 dc
1620 800 1711 837 aliis

96 848 216 885 rebus
239 848 367 890 habet,
391 857 433 884 se
456 856 580 893 usque
602 847 648 882 ad
669 845 892 892 singularia
912 844 1097 880 extendit.

144 895 288 935 Adhuc,
306 894 476 941 primum
510 894 656 930 mobile
688 896 865 928 movetur
895 895 1046 928 motore
1077 894 1257 927 movente
1289 901 1358 937 per
1398 893 1642 929 intellectum
1675 897 1713 930 et

98 942 326 988 appetitum,
349 945 390 978 ut
420 951 540 986 supra
560 944 763 976 ostensum
789 942 848 974 cst
881 939 980 984 (cap.
1012 937 1100 984 44).
1135 940 1220 974 Non
1253 942 1381 975 autem
1418 944 1551 984 posset
1584 944 1713 977 motor

98 989 243 1035 aliquis
264 998 332 1034 per
351 987 592 1024 intellectum
612 995 775 1022 causare
795 989 960 1029 motum,
983 985 1060 1021 nisi
1081 990 1340 1029 cognosceret
1361 987 1505 1022 mobile
1527 988 1567 1022 in
1588 997 1712 1033 quan·

96 1040 179 1073 tum
209 1039 344 1071 natum
365 1039 425 1071 est
458 1034 605 1070 moveri
641 1032 859 1069 secundum
894 1032 1023 1069 locum
1048 1044 1055 1067 :
1078 1032 1153 1068 1100
1186 1036 1259 1076 est,
1281 1033 1322 1068 in
1351 1037 1544 1079 quantum
1566 1038 1626 1070 est
1647 1035 1710 1071 hic

97 1086 135 1120 et
155 1091 274 1126 nunc,
296 1085 333 1117 et
353 1090 422 1127 per
449 1088 700 1126 consequens
721 1080 760 1115 in
783 1083 974 1126 quantum
996 1082 1054 1115 est
1076 1079 1292 1124 singulare.
1324 1080 1549 1117 Intellectus
1576 1081 1710 1126 igitur,

96 1129 163 1176 qui
185 1132 246 1165 est
277 1131 406 1165 motor
425 1128 540 1173 primi
572 1126 744 1171 mobilis,
765 1127 974 1172 cognoscit
1006 1126 1175 1171 primum
1198 1126 1342 1162 mobile
1369 1127 1410 1162 in
1431 1131 1622 1174 quantum
1650 1132 1710 1164 est

97 1175 314 1222 singulare,
336 1175 401 1222 qui
424 1174 582 1221 quidem
600 1178 730 1210 motor
743 1174 800 1209 vel
818 1174 977 1219 ponitur
999 1175 1115 1216 Deus,
1139 1174 1247 1209 etsie
1262 1173 1428 1210 habetur
1446 1174 1708 1219 propositum,

96 1223 158 1259 vel
179 1222 329 1269 aliquid
363 1222 466 1268 quod
500 1225 560 1258 cst
589 1221 692 1257 infra
724 1222 857 1261 Deum,
877 1221 991 1266 cujus
1012 1220 1237 1256 intellectus
1260 1221 1292 1257 si
1315 1224 1445 1266 potest
1466 1230 1708 1267 cognoscere

96 1269 300 1316 singulare
324 1278 397 1306 sua
426 1269 583 1312 virtute,
605 1267 710 1314 quod
745 1268 972 1304 intellectus
993 1271 1129 1305 noster
1162 1276 1243 1304 non
1275 1271 1418 1313 potest,
1441 1268 1565 1304 multo
1584 1268 1712 1315 magis

96 1316 172 1354 hoc
193 1316 336 1361 poterit
356 1315 579 1352 intellectus
600 1316 683 1351 Dei.

142 1364 243 1404 Item,
275 1372 398 1410 agens
428 1362 704 1400 honorabilius
754 1365 813 1399 est
844 1361 1017 1408 patiente
1047 1364 1084 1397 et
1112 1364 1214 1405 acto,
1247 1361 1350 1398 sicut
1378 1365 1490 1399 actus
1521 1363 1710 1409 potentia.

97 1410 239 1448 Forma
272 1410 395 1457 igitur
423 1419 510 1456 quae
531 1413 591 1446 est
624 1409 826 1446 inferioris
855 1408 1002 1455 gradus
1035 1417 1115 1445 non
1149 1412 1280 1454 potest
1308 1409 1462 1455 agendo
1495 1410 1711 1455 producere

97 1465 211 1495 suam
245 1457 547 1494 similitudinem
581 1456 621 1492 in
657 1456 821 1503 gradum
867 1455 1044 1492 altiorem
1067 1467 1075 1500 ;
1098 1456 1167 1492 scd
1198 1456 1323 1492 forma
1358 1456 1539 1502 superior
1567 1457 1710 1502 poterit

95 1504 314 1550 producere
343 1504 498 1550 agendo
530 1512 644 1540 suam
676 1502 977 1539 similitudinem
1000 1503 1040 1538 in
1074 1502 1240 1548 gradum
1272 1502 1515 1546 inferiorem,
1545 1505 1648 1540 sicut
1666 1513 1714 1540 ex

96 1550 309 1588 virtutibus
341 1550 709 1596 incorruptibilibus
743 1550 945 1586 stellarum
975 1549 1246 1594 producuntur
1279 1550 1414 1586 formae
1435 1551 1713 1595 corruptibiles

94 1597 139 1633 in
170 1597 260 1634 istis
291 1597 561 1633 inferioribus.
585 1597 715 1633 Virtus
749 1600 878 1632 autem
910 1596 1180 1641 corruptibilis
1217 1605 1296 1633 non
1335 1601 1462 1642 potest
1495 1598 1712 1642 producere

98 1644 267 1681 sormam
299 1643 653 1689 incorruptibilem.
688 1643 869 1689 Cognitio
902 1646 1033 1679 autem
1064 1644 1254 1679 omnistit
1282 1653 1352 1689 per
1381 1644 1712 1681 assimilationem

100 1691 383 1737 cognoscentis
414 1694 452 1726 et
482 1691 645 1737 cogniti.
671 1692 714 1730 Lu
748 1690 822 1726 hoc
856 1693 988 1725 tamen
1021 1689 1220 1734 differunt,
1258 1690 1361 1736 quod
1397 1691 1634 1728 assimilatio
1670 1692 1711 1727 in

101 1738 331 1784 cognitione
355 1738 530 1774 humana
549 1737 592 1773 fit
613 1746 681 1782 per
710 1737 905 1773 actionem
927 1746 1058 1773 rerum
1078 1737 1330 1773 sensibilium
1364 1737 1403 1773 in
1426 1738 1534 1774 vires
1565 1747 1711 1784 cogno—

101 1785 264 1822 scitivas
285 1785 495 1821 humanas.
517 1786 561 1820 In
579 1783 809 1830 cognitione
830 1787 959 1819 autem
982 1784 1048 1819 Dei
1071 1787 1131 1820 est
1161 1794 1181 1820 e
1208 1793 1415 1828 converso,
1431 1794 1499 1830 per
1516 1785 1713 1821 actionem

102 1831 240 1869 formae
261 1831 488 1868 intellectus
508 1831 629 1867 divini
651 1831 691 1866 in
713 1839 775 1867 res
796 1831 991 1877 cognitas.
1014 1832 1155 1867 Forma
1174 1830 1295 1877 igitur
1316 1831 1371 1867 rei
1393 1832 1597 1868 sensibilis
1621 1841 1711 1868 cum

99 1878 152 1916 sit
172 1887 241 1924 per
255 1887 367 1915 suam
390 1878 705 1915 materialitatem
727 1877 985 1921 individuam,
1007 1886 1088 1914 suae
1102 1878 1390 1924 singularitatis
1410 1879 1713 1915 similitudinem

96 1925 316 1971 producere
349 1933 431 1962 non
456 1928 600 1971 potest,
622 1925 661 1960 in
682 1925 757 1961 1100
778 1925 883 1970 quod
917 1925 969 1961 sit
990 1924 1154 1961 omnino
1176 1925 1464 1969 immaterialis,
1490 1926 1559 1962 sed
1580 1926 1712 1963 solum

96 1981 224 2019 usque
244 1972 293 2009 ad
313 1972 418 2009 vires
451 1982 538 2018 quae
561 1972 724 2018 organis
742 1971 1014 2008 materialibus
1035 1975 1211 2008 utuntur.
1232 1972 1287 2008 Ad
1311 1972 1553 2010 intellectum
1581 1977 1712 2009 autem

95 2019 327 2066 perducitur
344 2028 414 2065 per
433 2019 617 2056 virtutem
637 2018 863 2055 intellectus
884 2019 1053 2065 agentis,
1074 2019 1114 2054 in
1136 2022 1326 2065 quantum
1348 2021 1512 2056 omnino
1534 2030 1557 2056 a
1578 2020 1713 2057 condi·

97 2066 277 2103 tionibus
308 2066 483 2103 materiae
513 2066 682 2106 exuitur,
704 2069 742 2101 et
776 2066 833 2102 sic
866 2065 1086 2102 similitudo
1111 2066 1399 2112 singularitatis
1422 2068 1556 2104 formae
1584 2067 1712 2104 sensi-

94 2111 188 2149 bilis
206 2122 286 2150 non
321 2116 450 2159 potest
484 2113 687 2159 pervenire
708 2121 835 2159 usque
868 2112 917 2149 ad
938 2112 1181 2149 intellectum
1212 2113 1444 2150 humanum.
1484 2114 1709 2151 Similitudo

97 2162 229 2197 autem
266 2160 402 2197 formae
435 2160 661 2197 intellectus
691 2159 828 2204 divini,
849 2168 939 2196 cum
958 2159 1155 2206 pertingat
1175 2168 1301 2206 usque
1326 2161 1375 2197 ad
1396 2170 1524 2197 rerum
1547 2161 1712 2197 minima

98 2206 146 2244 ad
167 2215 255 2254 quae
275 2207 463 2253 pertingit
484 2216 557 2244 sua
576 2206 804 2249 causantes,
825 2207 1003 2252 pervenit
1023 2215 1149 2252 usque
1170 2207 1218 2243 ad
1239 2207 1555 2253 singularitatem
1578 2210 1713 2245 tormae

95 2253 302 2291 sensibilis
323 2257 361 2290 et
380 2253 611 2291 materialis.
633 2253 863 2290 Intellectus
882 2253 1005 2299 igitur
1029 2253 1187 2291 divinus
1207 2258 1339 2299 potest
1367 2264 1609 2302 cognoscere
1631 2255 1712 2292 sin·

94 2300 263 2348 gularia‚
281 2309 363 2338 non
382 2304 513 2337 autem
534 2301 747 2337 humanus.

142 2348 332 2393 Praeterm,
360 2350 593 2394 sequeretur
619 2346 920 2392 inconveniens,
956 2347 1062 2394 quod
1105 2347 1373 2393 Philosophus
1410 2348 1477 2394 (De
1499 2348 1645 2392 anima,
1680 2357 1709 2392 1,

94 2396 189 2430 text.
220 2403 323 2431 com.
347 2394 407 2441 80)
428 2398 567 2431 contra
606 2394 882 2440 Empedoclem
901 2394 1069 2439 inducit,
1090 2395 1242 2432 scilicet
1262 2397 1384 2431 Deum
1406 2403 1495 2431 esse
1518 2395 1709 2440 insipien-

94 2439 312 2485 tissimum,
333 2440 368 2476 si
398 2440 620 2487 singularia
638 2450 720 2477 000
746 2441 969 2487 cognoscit,
993 2451 1080 2487 0000
1101 2441 1219 2477 etiam
1241 2441 1424 2477 homines
1447 2445 1710 2487 cognoscunt.

143 2488 233 2523 Haec
252 2489 383 2524 autem
400 2487 566 2533 probata
584 2487 729 2525 veritas
748 2488 867 2524 etiam
888 2488 1098 2533 scripturae
1117 2496 1239 2523 sacrae
1267 2488 1498 2524 auctoritate
1518 2487 1709 2525 firmatur.

95 2533 247 2570 Dicitur
273 2533 394 2578 enim,
423 2532 555 2578 Helm,
574 2541 633 2578 lv,
653 2536 695 2570 13
720 2545 729 2570 ε
750 2535 830 2571 Non
855 2537 908 2569 est
927 2535 1005 2569 ulla
1033 2537 1201 2569 creatura
1233 2534 1429 2570 invisibilis
1455 2536 1497 2570 in
1523 2538 1715 2580 conspectu

93 2580 186 2626 ejus.
208 2582 325 2617 Error
343 2580 461 2617 etiam
483 2579 707 2617 contrarius
728 2580 963 2623 excluditur,
977 2581 1110 2625 Eccli.,
1131 2588 1218 2625 xvr,
1242 2582 1286 2617 16
1307 2592 1316 2617 :
1337 2583 1418 2618 Non
1435 2580 1535 2617 dicas
1555 2594 1567 2617 ε
1585 2584 1620 2619 A
1639 2583 1712 2618 Deo

94 2627 310 2668 abscondar,
332 2630 366 2673 et
381 2637 426 2663 em
444 2636 581 2663 summo
598 2628 680 2672 quis
695 2628 766 2662 mei
787 2628 1045 2663 memorabitur
1060 2629 1078 2663 ?

145 2676 252 2711 Patet
283 2674 401 2711 etiam
428 2683 477 2711 ex
496 2672 613 2711 dictis
644 2673 813 2719 qualiter
849 2673 1018 2719 objectio
1040 2673 1082 2710 in
1108 2673 1350 2711 contrarium
1371 2674 1475 2712 sacta
1506 2684 1587 2712 non
1607 2678 1711 2713 recte

95 2720 311 2759 concludit.
329 2723 426 2759 Nam
446 2721 486 2758 id
508 2729 587 2767 quo
601 2720 828 2756 intellectus
852 2719 1010 2757 divinus
1049 2721 1249 2768 intelligit,
1269 2721 1344 2758 etsi
1363 2721 1625 2759 immateriale
1643 2723 1708 2766 sit,

93 2770 156 2805 est
184 2770 317 2805 tamen
349 2771 387 2805 et
420 2767 596 2805 materiae
626 2769 666 2804 et
695 2767 833 2804 tormae
860 2766 1095 2810 similitudo,
1124 2767 1230 2806 sicut
1263 2768 1436 2813 primum
1470 2769 1709 2815 principium

94 2814 370 2860 productivum
385 2815 609 2863 utriusque.
629 2817 659 2863 (1
683 2818 798 2862 part„
819 2826 859 2864 q.
879 2824 965 2863 ΧΠ,
984 2822 1056 2856 art.
1079 2821 1153 2868 11.)
