1894 3223
0 0 51 128 F.
659 82 746 118 LtB.
774 82 833 125 lv,
861 81 961 117 CAP.
987 81 1120 118 Lxxlt.
1625 82 1695 118 609

81 164 199 211 sequi
228 172 307 201 non
337 171 554 209 possumus
593 163 670 200 nisi
702 172 770 208 per
807 162 1003 199 medicum
1043 162 1263 199 animarum
1298 165 1539 206 nostrarum,
1559 163 1692 199 Jcsum

85 211 296 254 Christum,
310 210 377 257 qui
397 209 521 247 salvat
534 210 720 256 populum
734 219 850 246 suum
870 219 891 246 a
906 210 1077 255 peccatis
1097 218 1233 246 eorum
1251 221 1259 245 :
1276 209 1390 255 cujus
1410 209 1566 256 quidem
1578 209 1693 246 meri-

83 262 168 295 tum
189 256 393 295 sufficiens
413 260 472 293 est
493 256 539 292 ad
563 257 697 293 omnia
718 261 876 302 peccata
897 256 1066 293 totaliter
1084 256 1259 293 tollenda
1279 268 1287 292 :
1307 256 1389 302 ipse
1410 260 1469 293 est
1505 256 1609 293 enim
1630 257 1695 302 qui

85 306 180 341 toltit
194 306 343 350 peccata
361 303 502 347 mundi,
525 307 564 339 ut
586 304 741 343 dicitur,
766 305 920 346 Joann.‚
945 313 970 342 ι,
991 306 1050 340 29.
1073 303 1144 340 Sed
1166 306 1296 339 tamen
1318 313 1397 339 non
1416 312 1556 340 omnes
1577 302 1692 342 effec-

85 356 169 389 tum
188 350 439 387 remissionis
457 351 623 395 perfecte
642 354 952 396 consequuntur,
971 350 1039 386 sed
1058 350 1333 396 unusquisque
1349 351 1540 386 intantum
1558 359 1695 387 conse-

83 399 231 445 quitur.
250 397 483 444 inquantum
503 397 657 433 Clu-isio
679 406 748 442 pro
771 397 939 441 pcccatis
961 396 1120 441 patienti
1147 397 1413 442 coujtingitur.
1446 398 1545 440 Quia
1576 398 1695 444 igitur

80 444 314 491 conjunctio
338 445 462 480 nostri
485 444 531 480 ad
555 445 750 480 Clu-istum
773 443 812 478 in
833 443 1029 488 baptismo
1051 452 1131 479 non
1153 448 1213 479 est.
1245 444 1462 480 secundum
1498 444 1694 489 operatio-

85 501 175 528 nem
196 495 372 527 nostram
393 491 506 537 quasi
529 491 576 526 ab
594 490 785 533 interiori,
807 490 898 536 quia
919 490 1026 525 nulla
1057 499 1120 526 res
1162 490 1331 535 seipsam
1366 496 1526 536 generat
1559 496 1599 527 ut
1627 492 1693 537 sit,

85 539 154 575 sed
175 547 198 575 a
217 537 384 581 Christo,
407 538 473 583 qui
496 547 568 574 nos
588 540 790 583 regenerat
810 536 847 571 in
871 546 979 581 spem
1001 536 1146 578 vivam;
1170 536 1350 573 remissio
1382 542 1628 582 peccatorum
1653 538 1694 575 in

85 584 283 630 Baptismo
306 584 579 620 sitsecuudum
614 586 845 629 potestatem
884 583 1009 628 ipsius
1031 583 1172 619 Christi
1209 592 1283 620 nos
1313 584 1384 619 sibi
1416 585 1694 632 conjungentis

85 632 255 678 perfecte
277 635 314 668 et
335 632 499 677 integre,
519 635 556 667 ut
579 640 658 667 non
679 631 808 667 solum
833 630 1037 675 impuritas
1079 631 1227 675 peccati
1267 630 1439 674 tollatur,
1474 632 1541 668 sed
1576 633 1693 669 etiam

85 679 262 717 solvatur
281 678 437 724 penitus
455 678 584 714 omnis
606 686 730 723 poenae
751 681 897 719 reatus,
919 677 995 713 nisi
1019 677 1116 713 sorte
1145 687 1213 722 per
1245 677 1429 714 accidens
1463 678 1500 714 in
1532 679 1595 715 his
1627 679 1692 726 qui

86 734 164 762 nou
187 729 485 771 consequuntur
504 723 686 760 effectum
708 724 943 761 sacramenti
964 727 1121 769 propter
1140 724 1213 760 hoc
1234 725 1338 770 quod
1367 724 1454 761 ficte
1488 726 1692 763 accedunt.

84 774 127 809 In
149 773 223 809 hac
242 782 332 808 vero
354 771 547 818 spirituali
566 772 771 808 sanatione
794 770 947 807 Christo
964 771 1244 817 conjungimur
1264 772 1480 808 secundum
1505 773 1696 818 operatio-

85 828 174 856 nem
193 823 367 856 nostram
389 819 517 855 divina
537 818 659 864 gratia
683 818 933 854 informatam
955 828 963 851 :
987 818 1088 854 unde
1111 827 1188 854 non
1221 827 1376 863 semper
1406 819 1590 860 totaliter,
1622 829 1694 858 nec

83 875 225 903 omnes
244 865 445 912 aequaliter
465 865 714 901 remissionis
749 863 930 900 effectum
972 874 1039 909 per
1065 864 1166 901 hanc
1200 865 1518 911 conjunctittuuun
1553 876 1692 903 conse-

85 917 273 959 quuntur.
293 915 423 949 Potest
438 912 541 948 enim
561 922 648 948 esse
670 911 876 948 conversio
898 912 1042 948 mentis
1063 912 1102 947 in
1125 914 1260 956 Deum,
1278 913 1369 948 etin
1391 913 1692 951 detestationem

84 960 233 1006 peccati
254 963 333 995 tam
354 959 580 1002 vehemens,
602 959 707 1005 quod
727 958 894 1004 perfecte
918 958 1190 995 remissionem
1227 960 1371 1005 peccati
1405 959 1524 996 homo
1559 970 1695 998 conse-

86 1007 234 1053 quitur,
257 1015 336 1043 non
360 1006 490 1043 solum
517 1010 707 1052 quantum
727 1005 773 1042 ad
797 1006 1069 1050 purgationem
1093 1006 1230 1051 culpae,
1254 1007 1320 1042 sed
1355 1007 1470 1043 etiam
1504 1012 1694 1053 quantum

86 1054 135 1090 ad
156 1053 433 1090 remissionem
454 1053 731 1097 totiuspoenae.
766 1054 845 1089 Hoc
879 1056 1007 1088 autem
1039 1062 1119 1088 non
1151 1062 1306 1098 semper
1343 1054 1549 1100 contingit.
1590 1055 1694 1092 Unde

84 1100 323 1147 quandoque
343 1109 410 1145 per
426 1100 705 1136 contritionem
720 1103 850 1136 amota
869 1099 997 1144 culpa,
1021 1103 1057 1135 et
1078 1104 1185 1135 reatu
1208 1109 1332 1144 poence
1365 1105 1518 1137 aeternae
1549 1102 1694 1146 soluto,

86 1150 128 1184 ut
149 1147 293 1183 dictum
310 1150 382 1189 est,
405 1150 580 1192 remanet
601 1146 788 1191 obligatio
810 1146 857 1182 ad
874 1146 1045 1192 aliquam
1068 1156 1222 1191 poenam
1245 1149 1514 1192 temporalem,
1544 1152 1585 1184 ut
1610 1148 1695 1194 jus-

83 1193 171 1231 titia
190 1193 459 1237 Dei'salvetur,
481 1194 698 1229 secundum
716 1202 830 1239 quam
850 1193 965 1238 culpa
984 1193 1189 1230 ordinatur
1211 1203 1279 1238 per
1296 1203 1464 1239 poenam.

134 1241 263 1284 Quum
295 1243 423 1277 autem
447 1240 576 1276 subire
599 1250 751 1286 pcenam
785 1249 854 1285 pro
890 1241 1018 1286 culpa,
1051 1240 1241 1285 judicium
1275 1241 1472 1287 quoddam
1511 1242 1694 1288 requirat,

84 1289 242 1333 oportet
260 1287 365 1333 quod
385 1288 593 1333 poenitens,
614 1288 680 1334 qui
702 1296 744 1324 se
766 1287 918 1323 Christo
939 1287 1160 1324 sanandum
1182 1288 1392 1332 commisit,
1424 1288 1564 1325 Christi
1593 1289 1696 1335 J'udi-

85 1335 193 1371 cium
214 1334 254 1370 in
273 1334 469 1370 taxatione
487 1343 611 1379 poenae
631 1338 807 1380 expectet
829 1346 836 1370 ε
856 1334 958 1380 quod
982 1334 1139 1380 quidem
1160 1344 1229 1380 per
1248 1344 1343 1371 suos
1369 1335 1572 1372 ministros
1592 1335 1698 1372 exhi-

87 1381 154 1418 bet
174 1380 363 1424 Christus‚
385 1381 488 1417 sicut
508 1385 544 1417 et
565 1385 705 1418 caetera
722 1384 980 1418 sacramenta.
1004 1381 1142 1417 Nullus
1163 1385 1293 1418 autem
1308 1386 1438 1427 potest
1452 1382 1631 1428 Judicare
1647 1383 1694 1420 de

85 1429 216 1474 culpis
237 1437 336 1474 quas
358 1428 525 1474 ignorat.
545 1428 815 1464 Necessarium
839 1427 958 1474 igitur
979 1428 1049 1464 fuit
1070 1428 1364 1465 confessionem
1394 1429 1547 1466 institui
1582 1429 1695 1476 quasi

88 1475 302 1511 secundam
326 1479 472 1520 partem
495 1474 722 1519 hujusmodi
745 1475 994 1518 sacramenti,
1018 1479 1058 1511 ut
1079 1475 1193 1519 culpa
1215 1476 1442 1521 poenitentis
1474 1477 1696 1514 innotescat

83 1521 226 1558 Christi
249 1522 441 1558 ministro.
466 1522 623 1566 Oportet
642 1522 758 1568 igitur
787 1521 1010 1558 ministrum
1041 1522 1104 1558 cui
1139 1522 1181 1558 sit
1209 1523 1422 1566 confessio,
1448 1523 1694 1569 Judiciariam

89 1571 320 1615 potestatem
339 1568 481 1605 habere
502 1568 583 1604 vice
605 1568 758 1612 Christi,
779 1569 843 1615 qui
867 1569 1105 1605 constitutus
1126 1573 1186 1605 est
1201 1569 1320 1613 judex
1342 1570 1518 1606 vivorum
1536 1574 1572 1606 et
1589 1580 1693 1607 mor-

85 1619 258 1652 tuorum.
278 1615 332 1652 Ad
349 1615 595 1661 judiciariam
619 1620 749 1652 autem
770 1619 999 1661 potestatem
1024 1616 1101 1652 duo
1121 1616 1385 1662 requiruntur,
1400 1617 1550 1653 scilicet
1564 1621 1696 1654 aucto-

87 1662 183 1700 ritas
206 1662 474 1710 cognoscendi
496 1662 542 1698 de
563 1662 750 1710 culpa‚‚et
771 1666 944 1707 potestas
966 1662 1209 1707 absolvendi,
1231 1664 1289 1699 vel
1325 1664 1628 1701 condemnandi.
1651 1666 1695 1700 Et

86 1709 169 1746 haec
188 1709 267 1746 duo
288 1709 472 1746 dicuntur
492 1709 577 1746 duce
600 1710 729 1745 claves
751 1710 948 1751 Ecclesiae‚
981 1710 1131 1746 scilicet
1163 1711 1329 1747 scientia
1363 1711 1626 1755 discernendi,
1659 1715 1696 1747 et

86 1757 263 1802 potentia
280 1756 426 1803 ligandi
447 1759 484 1792 et
504 1756 695 1800 solvendi,
717 1766 816 1802 quas
847 1757 1038 1793 Dominus
1071 1759 1184 1793 Petro
1214 1758 1425 1802 commisit,
1449 1758 1561 1804 Juxta
1580 1757 1693 1802 illud,

87 1802 235 1846 Matth..
258 1811 341 1844 xvi,
366 1805 408 1839 19
430 1815 438 1838 ε
463 1804 544 1838 Tibi
563 1803 654 1838 dabo
673 1804 788 1839 claves
804 1807 904 1847 reynz'
923 1804 1099 1839 coetorum.
1122 1806 1204 1840 Non
1224 1808 1354 1840 autem
1373 1805 1432 1841 sic
1463 1805 1695 1852 intelligitur

91 1851 206 1887 Petro
226 1849 475 1887 commisisse
497 1854 538 1886 ut
557 1850 640 1896 ipse
663 1850 774 1887 solus
802 1850 976 1894 haberet,
999 1851 1068 1887 sed
1088 1854 1128 1887 ut
1149 1861 1216 1896 per
1232 1861 1321 1888 eum
1351 1852 1620 1889 derivarentur
1648 1851 1695 1888 ad

86 1896 218 1934 alios:
241 1897 339 1934 alias
359 1905 439 1934 non
460 1900 567 1933 esset
585 1896 828 1933 sufficienter
857 1896 1030 1933 fidelium
1066 1898 1183 1934 saluti
1219 1898 1433 1944 provisum.
1464 1898 1694 1946 Hujusmodi

85 1948 218 1980 autem
248 1943 379 1980 claves
409 1953 432 1980 a
462 1943 647 1989 passione
678 1944 818 1980 Christi
850 1943 1065 1980 efficaciam
1097 1944 1256 1989 habent,
1290 1955 1359 1991 per
1393 1955 1511 1992 quam
1545 1946 1696 1982 scilicet

87 1991 266 2027 Christus
287 1990 401 2028 nobis
416 1991 745 2038 aperuitjanuam
771 1991 882 2038 regni
913 1991 1098 2028 coelestis.
1121 1992 1212 2029 Ideo
1234 1992 1337 2029 sicut
1364 1993 1450 2029 sine
1480 1994 1694 2038 Baptismo,

86 2037 127 2074 in
148 2046 226 2084 quo
249 2041 432 2083 operatur
452 2038 586 2083 passio
608 2037 746 2074 Christi
766 2047 846 2074 non
867 2042 996 2083 potest
1016 2047 1104 2075 esse
1126 2039 1235 2076 salus
1266 2039 1507 2081 hominibus,
1539 2043 1581 2076 ut
1612 2049 1695 2077 rea-

86 2084 174 2120 liter
196 2088 394 2129 suscepto,
417 2084 475 2120 vet
495 2085 712 2121 secundum
731 2085 974 2130 propositum
996 2085 1232 2129 desiderato,
1266 2087 1424 2132 quando
1460 2087 1694 2131 necessitas,

87 2139 169 2168 non
190 2133 452 2176 contemptus,
474 2135 763 2173 sacramentum
785 2131 956 2167 excludit
971 2144 979 2174 ;
997 2132 1050 2168 ita
1069 2133 1323 2177 peccantibus
1345 2138 1434 2179 post
1453 2134 1696 2179 Baptismum

86 2177 198 2215 salus
219 2187 306 2214 esse
331 2186 408 2214 non
431 2181 572 2223 potest,
597 2178 670 2213 nisi
693 2178 869 2214 clavibus
891 2179 1072 2215 Ecclesiae
1092 2188 1134 2215 se
1155 2179 1379 2224 subjiciant,
1400 2181 1459 2216 vel
1493 2184 1581 2217 actu
1602 2189 1698 2216 con-

86 2224 248 2268 fitendo,
270 2224 515 2270 etJ'udicium
543 2224 813 2260 ministrorum
845 2225 1028 2261 Ecclesiae
1062 2226 1282 2269 subeundo,
1312 2227 1371 2262 vel
1407 2227 1546 2263 saltem
1578 2226 1696 2272 hujus

86 2271 144 2308 rei
164 2273 412 2318 propositum
434 2271 629 2315 habendo,
652 2275 694 2307 ut
712 2271 921 2316 impleatur
938 2274 1114 2317 tempore
1135 2276 1382 2318 opportuno:
1409 2273 1513 2320 quia,
1542 2277 1583 2309 ut
1603 2273 1698 2309 dicit

87 2320 240 2362 Petrus,
260 2322 357 2359 Act.‚
380 2327 435 2362 lv,
460 2321 515 2362 12,
534 2329 604 2353 non
622 2322 673 2353 est
692 2318 794 2352 atiud
812 2329 936 2353 nomen
956 2318 1125 2355 datum...
1147 2320 1362 2360 hominibus,
1387 2322 1426 2355 in
1440 2331 1508 2365 quo
1540 2322 1698 2365 oporteat

86 2375 152 2401 nos
170 2367 287 2401 salvos
305 2367 395 2411 fieri,
417 2365 495 2402 nisi
517 2365 557 2400 in
580 2365 738 2401 nomine
759 2365 912 2401 Domini
936 2365 1059 2402 nostri
1074 2367 1165 2402 Jesu
1188 2367 1343 2403 Christi.

135 2413 209 2448 Per
234 2413 309 2448 hoc
341 2415 470 2448 autem
501 2412 720 2447 excluditur
749 2412 1008 2457 quorumdam
1042 2421 1162 2456 error,
1186 2414 1251 2460 qui
1282 2414 1464 2450 dixerunt
1496 2414 1697 2450 hominem

86 2467 206 2504 posse
227 2461 477 2504 peccatorum
498 2459 653 2494 veniam
675 2459 864 2504 consequi
896 2459 982 2495 sine
1003 2459 1268 2500 confessione,
1297 2464 1334 2496 et
1354 2461 1557 2505 proposito
1576 2460 1698 2497 confi-

87 2504 210 2548 tendi,
239 2505 300 2541 vel
321 2505 425 2551 quod
444 2515 512 2550 per
530 2505 712 2550 praelatos
734 2505 916 2542 Ecclesiae
936 2506 1157 2550 dispensari
1179 2509 1307 2552 potest
1336 2508 1440 2553 quod
1473 2507 1521 2543 ad
1542 2507 1698 2544 confes-

87 2551 245 2588 sionem
264 2551 410 2598 aliquis
431 2561 511 2588 non
532 2555 724 2588 teneatur.
745 2553 832 2588 Non
851 2553 953 2588 enim
978 2553 1052 2588 hoc
1069 2557 1238 2598 possunt
1265 2555 1412 2599 praelati
1440 2554 1637 2599 Ecclesiae,
1655 2556 1699 2591 ut

89 2598 221 2635 claves
255 2599 492 2634 frustrentur
524 2598 720 2642 Ecclesiae,
757 2598 796 2634 in
834 2598 976 2644 quibus
1013 2603 1095 2635 tota
1127 2609 1263 2636 eorum
1292 2605 1469 2645 potestas
1498 2600 1696 2645 consistit,

87 2653 216 2691 neque
250 2647 293 2681 ut
324 2644 408 2681 sine
439 2648 700 2688 sacramento,
722 2654 745 2680 a
763 2645 950 2690 passione
976 2645 1118 2682 Christi
1138 2646 1318 2683 virtutem
1347 2647 1528 2692 habente,
1551 2647 1697 2694 aliquis

89 2692 369 2728 remissionem
391 2695 639 2737 peccatorum
662 2696 952 2737 consequatur3
976 2692 1051 2728 hoc
1084 2692 1187 2729 enim
1221 2699 1280 2730 est
1302 2694 1428 2731 solius
1450 2695 1606 2739 Christi,
1630 2694 1698 2740 qui

89 2742 150 2775 est
169 2742 506 2775 sacramentorum
529 2738 730 2774 institutor
750 2742 787 2774 et
802 2742 950 2775 auctor.
966 2738 1074 2774 Sicut
1093 2739 1213 2785 igitur
1234 2740 1452 2786 dispensari
1474 2750 1553 2778 non
1569 2744 1698 2787 potest

87 2794 157 2830 per
184 2785 368 2830 praelatos
389 2784 570 2821 Ecclesiae
591 2788 633 2820 ut
665 2784 807 2830 aliquis
828 2785 914 2821 sine
941 2785 1141 2830 Baptismo
1172 2786 1367 2830 salvetur;
1401 2788 1455 2824 ita
1487 2797 1559 2825 nec
1592 2786 1698 2835 quod

87 2831 234 2879 aliquis
254 2831 527 2869 remissionem
545 2831 630 2868 sine
650 2831 904 2868 confessione
925 2835 963 2868 et
982 2832 1273 2870 absolutionem
1293 2839 1571 2881 consequatur.

1499 2911 1540 2940 39
