1894 3223
667 81 754 118 LIB.
782 82 846 126 111,
875 81 976 119 CAP.
1004 80 1124 117 Lvm.
1642 81 1703 116 13t

85 162 135 203 ad
171 163 313 201 divinae
351 161 584 200 substantiae
618 162 830 208 visionem,
860 172 939 200 non
975 161 1212 209 impediente
1251 160 1508 198 inferioritate
1541 163 1704 197 naturzr.

131 211 230 249 Hinc
250 214 323 255 est,
346 209 625 257 quod‚Matth.‚
642 217 742 254 xxn,
764 211 1021 254 30‚Dominus
1039 209 1267 247 hominibus
1282 208 1520 254 repromittit
1536 207 1703 253 gloriam

85 257 332 304 angelorum.
356 259 488 301 Erunt,
511 256 652 303 inquit,
675 256 721 293 de
744 257 974 293 hominibus
996 257 1177 303 loquens,
1199 257 1292 292 sicut
1309 256 1429 300 anqeli
1457 257 1524 292 Dei
1544 257 1581 290 in
1602 255 1703 298 coelo3

87 303 602 352 etApocalypsis,x‚eadem
617 312 777 341 mesura
793 304 968 340 hominis
985 303 1162 350 etangeli
1178 312 1266 339 esse
1283 302 1521 348 perhibetur.
1544 304 1704 348 Propter

86 351 192 399 quod
215 360 318 398 saepe
339 350 381 387 in
398 359 512 388 sacra
533 350 732 396 Scriptura
747 351 878 397 angeli
901 351 940 387 in
965 352 1087 387 torma
1108 350 1313 387 hominum
1335 349 1627 392 describuntur,
1642 349 1703 401 vel

86 399 127 434 in
147 402 245 442 toto,
267 398 370 435 sicut
389 401 492 444 patet
522 397 569 434 de
590 397 744 444 angelis
766 398 832 444 qui
875 402 1140 444 apparuerunt
1171 397 1335 434 Abrahae
1370 397 1409 432 in
1442 396 1702 433 similitudine

84 445 273 489 virorum,
307 445 415 488 Gen„
437 452 554 489 xvm,
574 445 634 481 vel
656 445 696 481 in
717 448 838 490 parte,
862 446 963 482 sicut
985 448 1087 490 patet
1109 445 1154 480 do
1176 443 1430 487 animalibus,
1456 443 1606 483 Ezech.,
1627 452 1652 486 1,
1669 445 1702 485 8,

95 492 142 528 de
162 492 308 539 quibus
323 491 467 528 dicitur
486 491 590 538 quod
611 502 741 527 manus
762 492 916 527 hominis
939 495 1040 527 erunt
1060 492 1124 527 sub
1139 492 1267 537 pennis
1293 501 1423 526 corzon.

136 540 209 576 Per
230 539 305 576 hoc
323 542 453 575 autem
473 538 694 575 excluditur
715 548 824 575 error
851 538 1111 585 quorumdam
1140 538 1205 584 qui
1241 537 1422 574 dicebant
1448 536 1551 583 quod
1578 537 1710 573 anima

87 585 261 622 humana
279 589 643 632 quantumcumque
659 586 845 631 elevetur,
867 595 945 622 non
962 585 1149 632 potestad
1165 584 1428 632 aequalitatem
1457 584 1707 631 superiorum

88 632 359 671 intellectuum
379 633 596 680 pervenire.
1420 636 1430 644 '

721 734 888 775 CAPUT
937 733 1074 774 LVIII.

349 854 448 888 QUOD
475 854 573 883 UNUS
601 853 692 883 ALIO
718 853 949 882 PERFECTIUS
981 853 1087 882 DEUM
1119 853 1264 882 VIDERE
1289 852 1447 884 POTEST.

138 963 238 1008 Quia
259 971 349 1000 vero
370 961 513 1000 modus
530 960 774 1008 operationis
796 962 1054 1009 consequitur
1073 961 1237 999 sormam
1260 971 1346 1008 quae
1382 966 1441 999 est
1462 962 1708 1008 operationis

90 1010 343 1057 principium,
376 1008 546 1046 visionis
565 1012 695 1046 autem
718 1019 796 1056 qua
822 1009 1048 1045 intellectus
1070 1012 1227 1045 creatus
1250 1009 1423 1046 divinam
1443 1010 1709 1047 substantiam

90 1057 209 1102 videt,
229 1055 469 1103 principium
489 1055 687 1103 quoddam
710 1059 770 1093 est
799 1056 932 1093 lumen
966 1056 1209 1101 praedictum,
1233 1060 1277 1092 ut
1306 1065 1353 1092 ex
1387 1056 1503 1093 dictis
1526 1056 1625 1103 (cap.
1650 1057 1707 1104 55)

89 1106 208 1150 patet,
235 1111 400 1140 necesse
433 1105 494 1140 est
525 1102 630 1149 quod
655 1102 874 1140 secundum
911 1102 1072 1139 modum
1115 1102 1234 1148 hujus
1270 1101 1437 1140 luminis
1475 1103 1527 1141 sit
1563 1103 1708 1142 modus

90 1149 233 1188 divinae
252 1149 435 1188 visionis.
457 1149 652 1187 Possibile
671 1153 731 1187 cst
754 1153 885 1187 autem
904 1149 1022 1195 liujus
1044 1149 1209 1186 luminis
1230 1149 1410 1187 diversos
1441 1159 1530 1188 esse
1552 1151 1710 1197 partici-

91 1196 266 1244 pationis
298 1196 460 1244 gradus,
481 1196 537 1234 ita
564 1196 669 1244 quod
697 1205 804 1234 unus
837 1205 883 1234 eo
919 1196 1134 1242 perfectius
1166 1197 1401 1241 illustretur,
1435 1207 1555 1244 quam
1592 1198 1708 1236 alius.

95 1243 289 1282 possibile
307 1244 429 1291 igitur
448 1246 509 1281 est
529 1244 635 1291 quod
652 1253 756 1281 unus
776 1245 899 1281 Deum
913 1244 1130 1280 videntium
1146 1253 1235 1280 eum
1245 1244 1459 1290 perfectius
1472 1245 1551 1282 alio
1566 1245 1709 1289 videat,

93 1291 275 1339 quamvis
295 1296 461 1338 uterque
481 1290 610 1329 videat
630 1291 715 1338 ejus
736 1291 1014 1328 substantiam.

139 1339 283 1380 Adhuc,
306 1338 348 1375 in
370 1347 621 1386 quocumque
639 1347 783 1386 genere
805 1342 865 1376 est
888 1338 1051 1385 aliquod
1074 1347 1276 1376 summum
1308 1339 1414 1386 quod
1447 1339 1600 1376 excedit
1620 1339 1710 1384 alia,

93 1389 155 1423 est
173 1385 291 1423 etiam
309 1385 487 1422 invenire
507 1385 636 1432 magis
658 1388 695 1422 et
713 1385 848 1422 minus
880 1385 1101 1423 secundum
1136 1385 1326 1432 majorem
1361 1386 1710 1433 propinquitatem,

95 1432 155 1469 vel
173 1431 401 1469 distantiam
423 1431 470 1469 ab
490 1432 593 1478 ipso,
613 1432 717 1469 sicut
738 1432 870 1479 aliqua
899 1436 993 1469 sunt
1030 1432 1160 1479 magis
1190 1436 1227 1469 et
1247 1432 1381 1470 minus
1414 1433 1543 1470 calida
1570 1441 1712 1470 secun-

95 1479 188 1517 dum
209 1479 315 1526 quod
345 1479 474 1525 magis
504 1479 566 1516 vel
594 1479 727 1516 minus
753 1480 1073 1526 appropinquant
1108 1479 1156 1516 ad
1189 1479 1336 1526 ignem,
1372 1480 1439 1526 qui
1468 1483 1529 1517 est
1558 1489 1713 1517 summe

94 1526 262 1564 calidus.
285 1527 388 1563 Deus
411 1529 541 1563 autem
563 1534 676 1563 suam
709 1525 974 1564 substantiam
1007 1525 1295 1572 perfectissime
1328 1526 1446 1572 videt,
1481 1530 1616 1573 utpote
1646 1528 1712 1574 qui

96 1573 208 1611 solus
230 1582 315 1610 eam
337 1572 649 1618 comprehendit,
675 1576 718 1613 ut
738 1582 858 1618 supra
885 1573 983 1619 (cap.
1008 1572 1067 1620 55)
1087 1576 1293 1610 ostensum
1320 1578 1392 1610 est.
1416 1574 1539 1620 Igitur
1565 1577 1603 1611 et
1623 1583 1713 1611 eum

94 1620 312 1662 videntium
334 1628 440 1657 unus
457 1619 535 1657 alio
557 1620 685 1672 magis
708 1620 767 1656 vel
788 1620 922 1657 minus
946 1619 1210 1657 substantiam
1237 1620 1322 1666 ejus
1343 1620 1460 1661 videt,
1493 1621 1712 1658 secundum

95 1666 199 1715 quod
220 1667 349 1714 magis
369 1666 429 1703 vel
447 1666 580 1704 minus
603 1676 638 1703 ei
657 1667 958 1714 appropinquat.

140 1714 323 1760 Ampium,
342 1713 478 1750 lumen
498 1713 634 1759 gloriae
656 1724 703 1750 ex
734 1714 810 1751 boe
845 1714 894 1750 ad
920 1713 1094 1750 divinam
1124 1713 1320 1751 visionem
1353 1714 1492 1759 elevat,
1526 1715 1632 1763 quod
1653 1718 1713 1754 est

95 1760 275 1808 quaedam
309 1760 530 1798 similitudo
561 1759 787 1798 intellectus
817 1760 953 1804 divini,
989 1761 1092 1798 sicut
1119 1761 1199 1807 jam
1226 1761 1326 1808 (cap.
1363 1762 1421 1809 53)
1457 1762 1605 1799 dictum
1636 1765 1710 1800 est.

94 1807 296 1855 Contingit
315 1811 447 1845 autem
466 1807 617 1855 aliquid
645 1807 774 1855 magis
802 1808 863 1845 vel
896 1808 1030 1845 minus
1058 1808 1274 1849 assimilari
1305 1810 1398 1846 Deo.
1434 1809 1630 1847 Possibile
1653 1812 1713 1848 est

93 1855 216 1903 igitur
235 1854 408 1902 aliquem
423 1854 637 1900 perfectius
652 1855 714 1892 vel
737 1854 871 1907 minus
890 1855 1061 1901 perfecte
1082 1855 1256 1892 divinam
1277 1856 1542 1895 substantiam
1564 1856 1710 1894 videre.

139 1902 241 1948 Item,
262 1910 353 1940 cum
385 1900 478 1939 finis
504 1901 854 1949 proportionaliter
885 1901 1123 1949 respondeat
1155 1902 1218 1940 bis
1246 1912 1332 1949 quae
1369 1907 1462 1940 sunt
1499 1903 1548 1941 ad
1580 1903 1712 1948 finem,

95 1952 250 1996 oportet
263 1948 369 1996 quod
387 1949 492 1987 sicut
510 1948 643 1996 aliqua
674 1949 939 1986 diversimode
968 1953 1239 1996 praeparantur
1270 1950 1319 1987 ad
1350 1950 1484 1995 finem,
1506 1951 1559 1987 ita
1593 1951 1716 1989 diver-

95 1995 248 2034 simode
266 1995 503 2042 participent
518 1995 653 2034 finem.
671 1996 779 2034 Visio
798 2000 929 2033 autem
950 1996 1092 2034 divinae
1114 1997 1347 2035 substantiae
1364 2001 1423 2035 est
1439 1998 1604 2035 ultimus
1620 1998 1712 2037 finis

94 2042 308 2089 cujuslibet
340 2042 622 2081 intellectualis
651 2044 898 2088 substantiae,
934 2047 976 2081 ut
1009 2052 1056 2080 ex
1088 2043 1205 2082 dictis
1240 2043 1339 2091 (cap.
1375 2047 1421 2082 25
1453 2048 1490 2082 et
1511 2046 1568 2092 50)
1594 2048 1711 2091 patet.

94 2088 387 2127 Intellectuales
420 2092 553 2127 autem
585 2089 818 2128 substantiae
854 2099 935 2128 non
968 2099 1108 2129 omnes
1142 2091 1346 2138 aequaliter
1370 2097 1646 2139 praeparantur
1665 2092 1714 2130 ad

94 2135 229 2182 finem,
249 2135 429 2188 quaedam
450 2136 557 2189 enim
586 2140 680 2189 sunt
708 2136 871 2183 majoris
900 2137 1072 2183 virtutis,
1093 2141 1132 2175 et
1162 2138 1343 2185 quaedam
1376 2140 1559 2177 minoris.
1584 2139 1713 2177 Virtus

96 2186 228 2221 autern
248 2185 310 2220 est
330 2192 391 2220 via
415 2182 465 2220 ad
489 2182 731 2221 felicltatem.
758 2184 917 2230 Oportet
950 2184 1073 2230 igitur
1102 2185 1208 2232 quod
1240 2185 1281 2222 in
1311 2186 1467 2224 visione
1503 2186 1635 2224 divina
1663 2186 1716 2224 sit

95 2229 600 2314 diversitashquatquidam
618 2230 846 2278 perfectius,
869 2230 1030 2278 quidam
1053 2232 1186 2269 minus
1207 2232 1379 2279 perfecte
1399 2233 1574 2271 divinam
1597 2233 1715 2270 subs·

95 2281 162 2315 tan
182 2285 261 2314 lam
273 2285 311 2314 vi
342 2285 416 2314 ean
436 2304 445 2314 .

126 2323 242 2376 ‘Hinc
262 2323 444 2371 estquod
460 2323 511 2362 ad
539 2324 642 2363 hanc
675 2323 875 2362 felicitatis
908 2324 1172 2364 differentiam
1203 2326 1491 2373 designandam
1519 2326 1713 2366 Dominus

95 2370 206 2416 dicit,
223 2372 352 2416 Joan.‚
372 2378 470 2408 xrw:
489 2371 534 2408 In
564 2371 667 2408 domo
683 2372 808 2408 Patris
823 2372 894 2408 mei
910 2374 1115 2410 mansiones
1131 2373 1254 2410 multae
1275 2375 1376 2410 sunt.

144 2419 216 2454 Per
230 2417 306 2455 hoc
323 2420 454 2501 {mmm
475 2417 697 2455 excluditur
716 2427 826 2456 error
853 2419 1103 2466 quorundam
1127 2420 1194 2466 qui
1232 2419 1368 2457 dicunt
1399 2419 1536 2458 omnia
1554 2421 1716 2467 praemia

96 2473 187 2503 esse
206 2473 238 2502 ae
269 2474 319 2502 ua
337 2474 387 2502 ia.

143 2473 412 2557 Sicutqautem‚
431 2521 478 2548 ex
490 2510 610 2549 modo
625 2511 808 2554 visionis,
825 2515 985 2558 apparet
999 2512 1179 2550 diversus
1195 2512 1343 2560 gradus
1386 2513 1496 2553 loriae
1516 2514 1558 2551 in
1571 2514 1712 2557 beatis,

94 2558 164 2604 ita,
183 2567 231 2597 ex
249 2567 297 2597 eo
317 2558 425 2606 quod
443 2557 610 2604 videtur,
631 2562 792 2605 apparet
810 2559 937 2605 gloria
964 2558 1114 2597 eadem.
1135 2560 1232 2597 Nam
1249 2560 1362 2607 cujus
1382 2560 1462 2598 ibet
1478 2560 1648 2600 felicitas
1668 2572 1716 2600 ex

96 2605 173 2644 hoc
192 2609 252 2644 est
270 2606 376 2653 quod
397 2605 465 2642 Dei
487 2605 751 2643 substantiam
770 2606 888 2651 videt,
908 2609 950 2643 ut
967 2605 1176 2652 probatum
1205 2609 1266 2645 est
1286 2607 1385 2654 (cap.
1402 2608 1477 2656 25).
1499 2608 1607 2646 Idem
1619 2619 1713 2656 ergo

97 2656 159 2690 est
177 2652 284 2701 quod
299 2662 440 2690 omnes
448 2652 586 2690 beatos
597 2653 702 2698 facit,
713 2661 793 2690 non
804 2656 936 2690 tamen
946 2653 993 2690 ab
1004 2662 1050 2691 eo
1065 2661 1205 2692 omnes
1215 2654 1419 2702 aequaliter
1427 2655 1713 2693 beatitudinem

96 2699 272 2746 capiunt.
294 2700 402 2737 Unde
418 2699 617 2746 praedictis
639 2708 718 2737 non
750 2699 881 2738 obviat
906 2700 1012 2747 quod
1027 2701 1235 2748 Dominus,
1265 2703 1416 2748 Metili„
1438 2710 1507 2749 xx,
1526 2703 1713 2741 omnibus

97 2744 372 2799 laborantibus
391 2747 431 2784 in
452 2747 582 2792 vinea,
602 2746 695 2785 licet
713 2755 796 2784 non
814 2746 1018 2795 aequaliter
1037 2747 1314 2796 laboraverint,
1335 2749 1442 2788 idem
1459 2753 1591 2788 tamen
1615 2759 1713 2796 prae-

98 2799 223 2831 mium
239 2793 436 2832 redditum
467 2794 595 2840 docet,
630 2793 782 2832 scilicet
813 2794 1034 2840 denarium,
1057 2795 1150 2843 quia
1169 2795 1274 2834 idem
1301 2800 1362 2835 est
1381 2797 1488 2845 quod
1526 2797 1713 2836 omnibus

98 2837 276 2879 daturin
293 2841 500 2889 praemium
523 2842 572 2880 ad
590 2841 805 2880 videndum
827 2845 865 2879 et
885 2841 1109 2889 fruendum,
1131 2843 1282 2883 scilicet
1299 2845 1418 2883 Deus.
