1894 3223
131 159 197 194 526
728 153 816 188 LIB.
843 153 901 196 lv,
931 153 1030 187 CAP.
1059 152 1145 188 XIX.

131 237 294 283 implere
316 236 373 271 vel
394 234 612 270 inhabitare
650 233 812 277 dicitur3
834 231 1000 268 habetur
1017 232 1122 268 enim
1150 232 1196 269 de
1213 232 1313 269 Juda
1332 233 1434 280 quod
1455 236 1536 278 post
1556 232 1749 268 buccellam

131 285 295 320 introit-it
328 284 366 316 in
392 292 468 315 eum
492 281 649 316 Satanas
670 279 827 326 (Joaim.‚
860 287 946 323 XIII,
967 278 1048 325 27);
1069 283 1105 315 et
1125 279 1218 316 dicit
1239 281 1389 324 Petrus,
1409 283 1449 316 ut
1478 279 1637 325 quidam
1660 279 1747 315 libri

133 331 276 367 habent
299 340 306 363 ε
329 328 490 371 Αηαηία,
518 337 582 362 cur
599 327 762 372 implevit
782 326 939 362 Satanas
971 336 1030 361 cor
1062 329 1162 361 tuum
1177 328 1195 362 ?
1215 325 1309 372 (Act.
1332 331 1461 372 apost„
1484 335 1524 369 v,
1547 326 1596 372 3.)
1621 326 1750 369 Quum

133 377 235 412 enini
260 374 442 411 diabolus
462 376 640 410 creatura
658 373 722 418 sit,
751 375 794 409 ut
810 382 857 409 ex
890 372 1161 418 superioribus
1183 372 1223 419 (l.
1245 382 1304 416 111,
1326 383 1359 409 c.
1383 373 1439 420 to)
1475 377 1535 410 est
1561 372 1751 409 manifes-

132 429 228 465 tum,
252 431 331 456 non
354 421 490 466 implet
511 421 683 467 aliquem
705 420 1006 466 participatione
1028 420 1105 463 sui,
1127 428 1255 465 neque
1276 423 1404 465 potest
1443 424 1611 456 mentem
1635 419 1752 455 inha-

132 470 256 506 bitare
280 478 353 504 sua
374 467 674 513 participatione
694 467 756 503 vel
783 476 852 512 per
876 472 988 504 sitam
1022 466 1301 509 substantiam,
1324 467 1393 503 sed
1427 467 1570 503 dicitur
1589 466 1748 512 aliquos

134 516 293 560 implere
319 525 384 559 per
407 514 588 550 effectum
614 523 695 550 suae
719 513 900 558 malitiae3
922 513 1026 550 unde
1046 516 1082 550 et
1103 513 1250 549 Paulus
1272 513 1366 549 dicit
1395 514 1443 549 ad
1464 513 1674 559 quemdam
1699 513 1753 549 :O

131 564 232 608 plene
251 563 347 597 omni
366 562 445 597 dolo
465 564 497 596 et
517 563 614 597 omni
630 561 794 604 fallacia,
816 561 871 606 fili
890 561 1039 596 diaboli.
1074 559 1169 606 (Act.
1205 562 1335 605 apost„
1356 567 1442 603 XIII,
1474 560 1545 607 10.)
1581 560 1752 606 SpIritus

134 613 261 645 autem
286 612 462 651 sanctus,
484 617 605 653 quum
624 610 728 644 Deus
750 607 813 647 sit,
839 617 907 652 per
927 616 1039 643 suam
1062 606 1325 644 substantiam
1359 610 1530 643 mentem
1552 607 1751 643 inhabitat

134 656 249 691 etsui
284 655 584 701 participatione
616 655 746 691 bonos
778 654 888 697 facit3
912 654 996 699 ipse
1017 657 1076 690 est
1102 653 1205 690 enim
1239 662 1312 690 sua
1342 652 1514 693 bonitas,
1548 663 1669 700 quum
1701 653 1754 689 sit

137 705 262 745 Deus3
285 702 387 748 quot]
412 703 458 738 de
492 702 601 738 nulla
623 705 803 737 creatura
834 710 968 737 verum
1005 709 1094 737 esse
1125 703 1270 746 potest.
1300 701 1376 752 Nec
1406 704 1538 736 tamen
1570 710 1640 745 per
1675 699 1751 736 hoc

135 753 359 785 removetur
380 749 475 795 quin
491 758 560 795 per
581 748 764 785 effectum
786 757 867 784 suae
887 747 1044 784 virtutis
1066 751 1293 784 sanctorum
1315 746 1477 792 lmpleat
1498 751 1664 783 mentes.

790 894 956 934 CAPUT
990 894 1095 934 XIX.

255 1015 436 1049 QUOMODO
457 1014 741 1043 INTELLIGENDA
761 1014 858 1042 SUNT
881 1015 966 1047 QUAE
992 1014 1041 1042 DE
1068 1014 1218 1042 SPIRITU
1255 1013 1400 1042 SANGTO
1429 1013 1634 1042 DICUNTL’R.

185 1124 417 1160 Sanctarum
439 1122 560 1168 igitur
580 1122 868 1167 scripturarum
892 1121 1133 1158 testimoniis
1155 1120 1297 1165 edocti,
1317 1121 1392 1157 hoc
1421 1120 1583 1157 firmiter
1603 1121 1649 1158 de
1666 1121 1754 1166 Spi-

140 1171 216 1208 sitn
240 1174 378 1206 sancto
396 1173 578 1205 tenemus
600 1169 702 1214 quod
724 1177 841 1204 verus
863 1169 914 1204 sit
948 1170 1050 1204 Deus
1083 1167 1308 1205 subsistens
1336 1172 1373 1204 et
1391 1167 1654 1213 personaliter
1672 1167 1752 1204 dis-

138 1217 286 1253 tinctus
308 1226 329 1252 a
350 1218 460 1252 Patre
485 1219 521 1251 et
545 1215 658 1251 Filio.
688 1217 848 1260 Oportet
878 1218 1007 1251 autem
1039 1214 1292 1251 considerare
1326 1214 1492 1260 qualiter
1523 1214 1753 1260 hujusmodi

139 1263 284 1300 veritas
307 1264 490 1309 utrinque
515 1262 638 1307 accipi
662 1261 812 1305 debeat,
837 1264 878 1297 ut
909 1261 955 1297 ab
989 1261 1358 1308 impugnationibus
1379 1260 1598 1298 infidelium
1619 1261 1753 1298 defen-

139 1310 266 1347 datur.
321 1310 324 1311 ’

189 1357 243 1393 Ad
263 1356 376 1402 cujus
409 1355 658 1399 evidentiam,
681 1355 859 1400 praemitti
891 1359 1042 1400 oportet
1075 1355 1182 1401 quod
1222 1356 1260 1391 in
1293 1355 1466 1401 qualibet
1495 1355 1752 1392 intellectuali

140 1408 278 1440 natura
304 1406 454 1447 oportet
477 1402 645 1438 inveniri
665 1402 921 1438 voluntatem.
948 1401 1172 1438 intellectus
1194 1402 1298 1438 enim
1332 1401 1373 1437 fit
1403 1403 1443 1437 in
1477 1406 1565 1438 actu
1586 1411 1655 1447 per
1674 1403 1751 1438 sor-

138 1459 241 1486 mam
257 1449 558 1495 intelligibilem,
572 1449 619 1485 .in
640 1452 828 1494 quantum
852 1453 911 1485 est
930 1448 1171 1495 intelligens,
1194 1448 1298 1485 sicut
1309 1457 1371 1484 res
1390 1448 1580 1485 naturalis
1602 1449 1644 1484 tit
1664 1453 1751 1485 actu

139 1497 179 1533 in
196 1505 284 1533 esse
307 1496 474 1531 naturali
496 1505 565 1541 per
582 1496 780 1541 propriam
804 1496 983 1530 sormam.
1006 1496 1081 1531 Res
1112 1498 1239 1531 autem
1275 1495 1467 1531 naturalis
1489 1504 1555 1540 per
1585 1495 1750 1532 formant

140 1553 217 1590 qua
237 1543 437 1588 perficitur
458 1543 496 1578 in
519 1552 591 1578 sua
613 1542 742 1587 specie
762 1542 879 1578 habet
901 1541 1196 1578 inclinationem
1218 1543 1258 1578 in
1290 1542 1466 1587 proprias
1502 1543 1752 1587 operationes

140 1594 175 1627 et
196 1591 400 1636 proprium
433 1589 566 1633 tinem,
588 1598 704 1636 quem
727 1598 795 1634 per
815 1588 1066 1634 operationes
1100 1589 1377 1635 consequitur3
1407 1589 1522 1635 quale
1555 1589 1660 1625 enim
1696 1594 1756 1626 est

140 1637 465 1682 unumquodque,
486 1636 579 1673 talia
615 1640 799 1682 operatur
819 1640 855 1672 et
881 1635 922 1671 in
952 1635 1025 1672 sibi
1050 1636 1324 1672 convenientia
1345 1636 1479 1672 tendit.
1508 1636 1613 1672 Unde
1633 1635 1751 1673 etiam

141 1688 294 1730 oportet
315 1683 419 1730 quod
440 1693 486 1720 ex
507 1684 634 1720 forma
654 1682 893 1729 intelligibili
915 1686 1184 1729 consequatur
1201 1683 1244 1719 in
1265 1683 1509 1730 intelligente
1546 1683 1754 1720 inclinatio

140 1732 187 1767 ad
209 1732 388 1777 proprias
412 1731 663 1776 operationes
687 1733 723 1766 et
744 1730 943 1775 proprium
970 1728 1102 1766 finem.
1126 1731 1213 1767 Haec
1234 1734 1362 1766 autem
1400 1730 1604 1767 inclinatio
1621 1730 1663 1767 in
1691 1730 1752 1766 in-

139 1777 353 1814 tellectuali
375 1782 516 1814 natura
532 1778 717 1814 voluntas
739 1781 811 1820 est,
833 1786 920 1823 quae
942 1781 1002 1813 est
1034 1777 1270 1822 principium
1304 1777 1577 1822 operationum
1606 1786 1693 1824 quae
1712 1777 1752 1813 in

142 1824 256 1861 nobis
290 1828 395 1867 sunt,
418 1824 561 1871 quibus
581 1824 806 1860 intellectus
831 1827 986 1869 propter
1006 1824 1124 1859 tinem
1148 1828 1350 1869 operatur;
1372 1824 1462 1860 finis
1494 1825 1598 1860 enim
1624 1827 1660 1860 et
1681 1825 1752 1860 bo-

140 1880 235 1907 num
256 1875 315 1907 est
336 1872 549 1908 voluntatis
572 1871 780 1916 objectum.
803 1871 961 1916 Oportet
980 1870 1101 1917 igitur
1119 1870 1157 1906 in
1181 1871 1357 1917 quolibet
1378 1871 1623 1918 intelligente
1644 1871 1751 1907 inve-

141 1918 217 1953 niri
239 1918 354 1953 etiam
377 1922 413 1953 et
440 1919 694 1954 voluntatem.

188 1965 313 2008 Quum
337 1969 465 2000 autem
489 1965 534 2000 ad
555 1965 796 2000 voluntatem
819 1965 951 2009 plures
986 1968 1098 2001 actus
1117 1964 1313 2009 pertinere
1334 1964 1554 2009 videantur,
1578 1968 1620 2001 ut
1649 1965 1752 2002 desi-

141 2010 290 2055 derare,
315 2011 513 2055 delectari,
534 2011 642 2047 odire
680 2015 716 2047 et
752 2011 994 2056 hujusmodi,
1019 2012 1198 2048 omnium
1240 2015 1370 2047 tamen
1410 2021 1520 2048 amor
1557 2014 1595 2048 et
1627 2021 1751 2049 unum

140 2057 375 2102 principium
399 2060 436 2093 et
456 2058 679 2094 communis
713 2057 823 2093 radix
849 2058 1060 2094 invenitur.
1084 2058 1195 2102 Quod
1229 2068 1275 2094 ex
1296 2058 1357 2095 liis
1379 2059 1503 2104 accipi
1522 2061 1652 2104 potest
1675 2071 1683 2095 z
1707 2079 1752 2086 —

139 2105 330 2141 Voluntas
362 2105 480 2148 enim,
506 2108 544 2140 ut
576 2104 722 2141 dictum
741 2108 797 2141 est
820 2103 859 2150 (l.
880 2114 937 2147 111,
957 2105 1030 2151 88),
1052 2105 1109 2141 sic
1143 2114 1184 2142 se
1218 2104 1335 2141 habet
1366 2106 1407 2141 in
1443 2105 1561 2142 rebus
1579 2105 1753 2143 intellec-

139 2151 314 2188 tualibus
340 2152 442 2187 sicut
472 2151 665 2188 naturalis
686 2151 890 2187 inclinatio
912 2152 950 2187 in
975 2152 1092 2188 rebus
1115 2151 1374 2196 naturalibus,
1396 2162 1482 2198 quae
1501 2156 1537 2188 et
1559 2152 1752 2190 naturalis

141 2198 335 2243 appetitus
354 2198 509 2235 dicitur.
530 2200 583 2234 Ex
604 2198 678 2235 hoc
699 2201 828 2234 autem
851 2199 976 2234 oritur
996 2198 1198 2236 inclinatio
1220 2199 1412 2235 naturalis
1433 2199 1538 2245 quod
1559 2208 1623 2236 res
1642 2203 1753 2236 natu-

141 2245 236 2280 ralis
259 2244 375 2281 habet
392 2244 621 2281 affinitatem
643 2249 677 2281 et
708 2245 1024 2282 convenientiam
1061 2246 1280 2282 secundum
1312 2246 1493 2291 formam,
1518 2255 1635 2292 quam
1657 2247 1753 2282 dixi-

139 2300 227 2328 mus
250 2301 338 2328 esse
359 2292 631 2328 inclinationis
653 2292 905 2338 principium,
927 2302 1016 2329 curn
1037 2302 1084 2329 eo
1105 2292 1152 2329 ad
1175 2293 1280 2339 quod
1301 2297 1492 2337 movetur,
1509 2294 1613 2329 sicut
1632 2302 1749 2339 grave

139 2348 226 2374 cum
259 2339 346 2375 loco
380 2339 571 2375 inferiori.
595 2340 701 2375 Unde
724 2339 839 2375 etiam
864 2340 955 2376 hinc
973 2340 1099 2377 oritur
1127 2340 1258 2377 omnis
1290 2340 1497 2376 inclinatio
1518 2340 1749 2385 voluntatis,

139 2394 185 2422 eo
207 2386 311 2431 quod
331 2395 401 2431 per
422 2386 588 2422 sormam
619 2386 910 2431 intelligibilem
932 2387 1079 2433 aliquid
1104 2387 1412 2432 apprehenditur
1443 2391 1481 2423 ut
1502 2387 1746 2424 conveniens

138 2432 197 2484 yel
215 2432 409 2470 afficiens.
428 2432 538 2469 Affici
571 2437 701 2470 autem
719 2433 766 2470 ad
788 2434 951 2480 aliquid,
973 2434 1011 2470 in
1049 2438 1238 2481 quantum
1262 2434 1503 2480 hujusmodi,
1527 2438 1587 2470 est
1617 2443 1750 2471 amare

137 2488 282 2525 ipsum.
303 2479 440 2516 Omnis
461 2480 581 2527 igitur
601 2480 806 2517 inclinatio
830 2481 1046 2517 voluntatis
1067 2484 1105 2517 et
1123 2481 1239 2517 etiam
1261 2481 1458 2527 appetitus
1479 2480 1680 2518 sensibilis
1701 2490 1749 2518 ex

138 2535 270 2562 amore
292 2526 485 2572 originem
508 2527 637 2563 habet.
655 2529 709 2563 Ex
736 2527 810 2564 hoc
831 2528 935 2564 enim
957 2528 1062 2574 quod
1092 2528 1236 2575 aliquid
1259 2537 1452 2572 amamus,
1475 2527 1746 2565 desideramus

136 2571 247 2624 illud,
270 2573 304 2610 si
326 2573 430 2610 absit
448 2585 457 2618 ;
478 2574 698 2620 gaudemus
716 2578 860 2619 autem,
882 2584 1004 2621 quum
1033 2575 1169 2619 adest;
1192 2579 1230 2611 et
1249 2575 1467 2618 tristamur,
1489 2584 1609 2622 quum
1633 2574 1680 2611 ab
1699 2582 1748 2611 eo

136 2619 396 2672 impedimur;
420 2625 457 2657 et
474 2621 633 2657 odimus
656 2631 742 2668 quae
766 2630 839 2658 nos
857 2621 905 2658 ab
924 2625 1055 2659 amato
1084 2621 1305 2668 impediunt
1323 2627 1361 2658 et
1379 2622 1590 2659 irascimur
1609 2623 1746 2658 contra

138 2674 197 2716 ea.
220 2667 282 2702 Sic
296 2668 416 2713 igitur
430 2668 536 2714 quod
553 2671 707 2705 amatur
726 2677 806 2705 nou
828 2668 958 2706 solum
974 2669 1089 2706 estin
1110 2669 1312 2706 intellectu
1331 2669 1514 2713 amantis,
1537 2667 1605 2705 sed
1622 2667 1744 2704 etiam

137 2720 176 2747 in
204 2713 403 2764 voluntate
436 2714 586 2761 ipsius3
615 2715 728 2752 aliter
747 2719 879 2752 tamen
899 2719 937 2752 et
952 2716 1076 2753 aliter.
1099 2717 1142 2752 In
1175 2716 1375 2754 intellectu
1397 2715 1501 2752 enim
1523 2718 1583 2752 est
1601 2722 1745 2751 secun-

138 2756 555 2810 dumsunilitudinem
589 2771 672 2799 suae
704 2762 848 2808 speciei
868 2774 876 2806 ;
898 2762 939 2799 in
959 2763 1160 2800 voluntate
1191 2766 1322 2800 autem
1345 2761 1528 2806 amantis,
1548 2764 1608 2798 est
1641 2760 1744 2799 sicut

136 2806 331 2842 terminus
352 2812 483 2844 motus
502 2807 543 2845 in
563 2808 754 2855 principio
786 2809 932 2847 motivo
953 2810 1251 2856 proportionato
1279 2819 1349 2855 per
1369 2807 1684 2846 convenientiam
1707 2811 1746 2845 et

136 2852 432 2904 proportionem
450 2863 567 2900 quam
583 2855 698 2892 habet
719 2856 765 2893 ad
784 2856 913 2902 ipsum
932 2868 940 2901 ;
963 2857 1068 2894 sicut
1087 2857 1233 2904 inigne
1245 2854 1538 2903 quodammodo
1553 2858 1614 2892 est
1631 2854 1744 2892 locus

137 2906 311 2944 sursum,
330 2903 481 2936 ratione
502 2901 685 2946 levitatiS,
708 2903 927 2940 secundum
945 2913 1063 2950 quam
1083 2903 1201 2941 habet
1227 2902 1524 2950 proportionem
1545 2905 1583 2939 et
1602 2910 1725 2940 conve

1845 3115 1876 3223 Εἰἃιτ
1864 3070 1876 3090 a
