<?xml version="1.0" encoding="UTF-8"?>
<!DOCTYPE html PUBLIC "-//W3C//DTD XHTML 1.0 Transitional//EN"
    "http://www.w3.org/TR/xhtml1/DTD/xhtml1-transitional.dtd">
<html xmlns="http://www.w3.org/1999/xhtml" xml:lang="en" lang="en">
 <head>
  <title>
</title>
<meta http-equiv="Content-Type" content="text/html;charset=utf-8" />
  <meta name='ocr-system' content='tesseract 3.04.00' />
  <meta name='ocr-capabilities' content='ocr_page ocr_carea ocr_par ocr_line ocrx_word'/>
</head>
<body>
  <div class='ocr_page' id='page_1' title='image "./deveritatecathol00thomuoft_0445.png"; bbox 0 0 1894 3223; ppageno 0'>
   <div class='ocr_carea' id='block_1_1' title="bbox 665 110 1683 163">
    <p class='ocr_par' dir='ltr' id='par_1_1' title="bbox 665 110 1683 163">
     <span class='ocr_line' id='line_1_1' title="bbox 665 110 1683 163; baseline -0.011 -9"><span class='ocrx_word' id='word_1_1' title='bbox 665 118 752 154; x_wconf 74' lang='grc' dir='ltr'>ΗΒ.</span> <span class='ocrx_word' id='word_1_2' title='bbox 783 118 846 163; x_wconf 86' lang='lat'>111,</span> <span class='ocrx_word' id='word_1_3' title='bbox 874 118 974 155; x_wconf 80' lang='lat' dir='ltr'><strong>CAP.</strong></span> <span class='ocrx_word' id='word_1_4' title='bbox 1003 118 1072 155; x_wconf 86' lang='lat' dir='ltr'>CV.</span> <span class='ocrx_word' id='word_1_5' title='bbox 1613 110 1683 144; x_wconf 75' lang='lat'>405</span> 
     </span>
    </p>
   </div>
   <div class='ocr_carea' id='block_1_2' title="bbox 733 261 1005 304">
    <p class='ocr_par' dir='ltr' id='par_1_2' title="bbox 733 261 1005 304">
     <span class='ocr_line' id='line_1_2' title="bbox 733 261 1005 304; baseline 0 -1"><span class='ocrx_word' id='word_1_6' title='bbox 733 261 900 303; x_wconf 83' lang='lat' dir='ltr'><strong>CAPUT</strong></span> <span class='ocrx_word' id='word_1_7' title='bbox 929 262 1005 304; x_wconf 55' lang='lat' dir='ltr'>CV,</span> 
     </span>
    </p>
   </div>
   <div class='ocr_carea' id='block_1_3' title="bbox 293 374 1441 406">
    <p class='ocr_par' dir='ltr' id='par_1_3' title="bbox 293 374 1441 406">
     <span class='ocr_line' id='line_1_3' title="bbox 293 374 1441 406; baseline 0.001 -1"><span class='ocrx_word' id='word_1_8' title='bbox 293 375 396 405; x_wconf 74' lang='lat' dir='ltr'>UNDE</span> <span class='ocrx_word' id='word_1_9' title='bbox 438 374 631 404; x_wconf 73' lang='lat' dir='ltr'>MAGORUM</span> <span class='ocrx_word' id='word_1_10' title='bbox 665 374 930 405; x_wconf 78' lang='lat' dir='ltr'><strong>OPERATIONES</strong></span> <span class='ocrx_word' id='word_1_11' title='bbox 971 375 1205 405; x_wconf 78' lang='lat' dir='ltr'>EFFICACIAM</span> <span class='ocrx_word' id='word_1_12' title='bbox 1246 377 1441 406; x_wconf 74' lang='lat' dir='ltr'>HABEANT-</span> 
     </span>
    </p>
   </div>
   <div class='ocr_carea' id='block_1_4' title="bbox 18 484 1680 2928">
    <p class='ocr_par' dir='ltr' id='par_1_4' title="bbox 57 484 1680 1378">
     <span class='ocr_line' id='line_1_4' title="bbox 107 484 1680 532; baseline 0.001 -9"><span class='ocrx_word' id='word_1_13' title='bbox 107 484 427 532; x_wconf 78' lang='lat' dir='ltr'>investigandum</span> <span class='ocrx_word' id='word_1_14' title='bbox 466 488 597 522; x_wconf 87' lang='lat' dir='ltr'>autem</span> <span class='ocrx_word' id='word_1_15' title='bbox 628 484 865 531; x_wconf 80' lang='lat' dir='ltr'>relinquitur</span> <span class='ocrx_word' id='word_1_16' title='bbox 897 484 1002 521; x_wconf 90' lang='lat' dir='ltr'>unde</span> <span class='ocrx_word' id='word_1_17' title='bbox 1035 489 1139 522; x_wconf 85' lang='lat' dir='ltr'>artes</span> <span class='ocrx_word' id='word_1_18' title='bbox 1173 485 1337 531; x_wconf 85' lang='lat' dir='ltr'>magicae</span> <span class='ocrx_word' id='word_1_19' title='bbox 1370 486 1585 524; x_wconf 80' lang='lat' dir='ltr'>efficaciam</span> <span class='ocrx_word' id='word_1_20' title='bbox 1615 488 1680 525; x_wconf 84' lang='lat' dir='ltr'>lia-</span> 
     </span>
     <span class='ocr_line' id='line_1_5' title="bbox 57 531 1675 584; baseline 0.001 -13"><span class='ocrx_word' id='word_1_21' title='bbox 57 533 177 571; x_wconf 87' lang='lat' dir='ltr'>beant</span> <span class='ocrx_word' id='word_1_22' title='bbox 198 545 206 568; x_wconf 90' lang='lat'>:</span> <span class='ocrx_word' id='word_1_23' title='bbox 224 531 331 579; x_wconf 91' lang='lat' dir='ltr'>quod</span> <span class='ocrx_word' id='word_1_24' title='bbox 349 531 508 579; x_wconf 90' lang='lat' dir='ltr'>quidem</span> <span class='ocrx_word' id='word_1_25' title='bbox 530 531 645 569; x_wconf 80' lang='lat' dir='ltr'>facile</span> <span class='ocrx_word' id='word_1_26' title='bbox 661 531 847 578; x_wconf 79' lang='lat' dir='ltr'>perpendi</span> <span class='ocrx_word' id='word_1_27' title='bbox 863 536 1006 578; x_wconf 88' lang='lat' dir='ltr'>potest,</span> <span class='ocrx_word' id='word_1_28' title='bbox 1029 532 1062 569; x_wconf 90' lang='lat' dir='ltr'>si</span> <span class='ocrx_word' id='word_1_29' title='bbox 1092 532 1235 584; x_wconf 82' lang='lat' dir='ltr'>modus</span> <span class='ocrx_word' id='word_1_30' title='bbox 1267 534 1510 578; x_wconf 79' lang='lat' dir='ltr'>operationis</span> <span class='ocrx_word' id='word_1_31' title='bbox 1543 545 1675 572; x_wconf 82' lang='lat' dir='ltr'>earum</span> 
     </span>
     <span class='ocr_line' id='line_1_6' title="bbox 58 578 1678 628; baseline 0 -10"><span class='ocrx_word' id='word_1_32' title='bbox 58 579 296 618; x_wconf 83' lang='lat' dir='ltr'>attendatur.</span> <span class='ocrx_word' id='word_1_33' title='bbox 318 581 361 616; x_wconf 88' lang='lat' dir='ltr'>In</span> <span class='ocrx_word' id='word_1_34' title='bbox 383 579 469 617; x_wconf 90' lang='lat' dir='ltr'>suis</span> <span class='ocrx_word' id='word_1_35' title='bbox 488 579 593 616; x_wconf 89' lang='lat' dir='ltr'>enim</span> <span class='ocrx_word' id='word_1_36' title='bbox 615 578 915 625; x_wconf 77' lang='lat' dir='ltr'>operationibus</span> <span class='ocrx_word' id='word_1_37' title='bbox 937 583 1101 616; x_wconf 88' lang='lat' dir='ltr'>utuntur</span> <span class='ocrx_word' id='word_1_38' title='bbox 1119 579 1284 616; x_wconf 87' lang='lat' dir='ltr'>vocibus</span> <span class='ocrx_word' id='word_1_39' title='bbox 1300 580 1538 626; x_wconf 86' lang='lat' dir='ltr'>quibusdam</span> <span class='ocrx_word' id='word_1_40' title='bbox 1557 582 1678 628; x_wconf 79' lang='lat' dir='ltr'>signi-</span> 
     </span>
     <span class='ocr_line' id='line_1_7' title="bbox 58 624 1677 676; baseline 0.001 -11"><span class='ocrx_word' id='word_1_41' title='bbox 58 626 227 665; x_wconf 86' lang='lat' dir='ltr'>ficativis</span> <span class='ocrx_word' id='word_1_42' title='bbox 247 627 295 663; x_wconf 84' lang='lat' dir='ltr'>ad</span> <span class='ocrx_word' id='word_1_43' title='bbox 317 626 599 664; x_wconf 85' lang='lat' dir='ltr'>determinatos</span> <span class='ocrx_word' id='word_1_44' title='bbox 626 624 790 663; x_wconf 78' lang='lat' dir='ltr'>effectus</span> <span class='ocrx_word' id='word_1_45' title='bbox 812 626 1102 672; x_wconf 90' lang='lat' dir='ltr'>producendos.</span> <span class='ocrx_word' id='word_1_46' title='bbox 1119 628 1201 676; x_wconf 71' lang='lat' dir='ltr'>Vox</span> <span class='ocrx_word' id='word_1_47' title='bbox 1231 630 1375 671; x_wconf 87' lang='lat' dir='ltr'>autem,</span> <span class='ocrx_word' id='word_1_48' title='bbox 1414 627 1452 664; x_wconf 90' lang='lat' dir='ltr'>in</span> <span class='ocrx_word' id='word_1_49' title='bbox 1486 633 1677 675; x_wconf 84' lang='lat' dir='ltr'>quantum</span> 
     </span>
     <span class='ocr_line' id='line_1_8' title="bbox 59 673 1679 721; baseline 0.001 -9"><span class='ocrx_word' id='word_1_50' title='bbox 59 678 119 712; x_wconf 86' lang='lat' dir='ltr'>est</span> <span class='ocrx_word' id='word_1_51' title='bbox 139 673 416 721; x_wconf 81' lang='lat' dir='ltr'>significativa,</span> <span class='ocrx_word' id='word_1_52' title='bbox 438 683 519 711; x_wconf 88' lang='lat' dir='ltr'>non</span> <span class='ocrx_word' id='word_1_53' title='bbox 541 674 656 710; x_wconf 87' lang='lat' dir='ltr'>habet</span> <span class='ocrx_word' id='word_1_54' title='bbox 677 674 857 710; x_wconf 85' lang='lat' dir='ltr'>virtutem</span> <span class='ocrx_word' id='word_1_55' title='bbox 880 673 1019 710; x_wconf 88' lang='lat' dir='ltr'>nisiex</span> <span class='ocrx_word' id='word_1_56' title='bbox 1035 673 1168 719; x_wconf 83' lang='lat' dir='ltr'>aliquo</span> <span class='ocrx_word' id='word_1_57' title='bbox 1186 673 1414 710; x_wconf 88' lang='lat' dir='ltr'>intellectu:</span> <span class='ocrx_word' id='word_1_58' title='bbox 1432 675 1679 713; x_wconf 79' lang='lat' dir='ltr'>velexintel-</span> 
     </span>
     <span class='ocr_line' id='line_1_9' title="bbox 59 720 1677 767; baseline 0.001 -8"><span class='ocrx_word' id='word_1_59' title='bbox 59 721 160 759; x_wconf 89' lang='lat' dir='ltr'>lectu</span> <span class='ocrx_word' id='word_1_60' title='bbox 185 721 433 767; x_wconf 81' lang='lat' dir='ltr'>proferentis,</span> <span class='ocrx_word' id='word_1_61' title='bbox 452 721 513 758; x_wconf 88' lang='lat' dir='ltr'>vel</span> <span class='ocrx_word' id='word_1_62' title='bbox 532 730 579 757; x_wconf 82' lang='lat' dir='ltr'>ex</span> <span class='ocrx_word' id='word_1_63' title='bbox 597 721 800 758; x_wconf 88' lang='lat' dir='ltr'>intellectu</span> <span class='ocrx_word' id='word_1_64' title='bbox 822 720 908 766; x_wconf 87' lang='lat' dir='ltr'>ejus</span> <span class='ocrx_word' id='word_1_65' title='bbox 928 720 974 757; x_wconf 88' lang='lat' dir='ltr'>ad</span> <span class='ocrx_word' id='word_1_66' title='bbox 997 729 1113 766; x_wconf 90' lang='lat' dir='ltr'>quem</span> <span class='ocrx_word' id='word_1_67' title='bbox 1133 720 1341 766; x_wconf 80' lang='lat' dir='ltr'>profertur.</span> <span class='ocrx_word' id='word_1_68' title='bbox 1368 723 1422 757; x_wconf 60' lang='lat' dir='ltr'>Ea·</span> <span class='ocrx_word' id='word_1_69' title='bbox 1442 723 1677 767; x_wconf 79' lang='lat' dir='ltr'>proferentis</span> 
     </span>
     <span class='ocr_line' id='line_1_10' title="bbox 59 767 1679 815; baseline 0.001 -10"><span class='ocrx_word' id='word_1_70' title='bbox 59 768 216 815; x_wconf 86' lang='lat' dir='ltr'>quidem</span> <span class='ocrx_word' id='word_1_71' title='bbox 241 768 456 812; x_wconf 82' lang='lat' dir='ltr'>intellectu,</span> <span class='ocrx_word' id='word_1_72' title='bbox 479 768 582 805; x_wconf 89' lang='lat' dir='ltr'>sicut</span> <span class='ocrx_word' id='word_1_73' title='bbox 603 768 636 805; x_wconf 90' lang='lat' dir='ltr'>si</span> <span class='ocrx_word' id='word_1_74' title='bbox 657 767 801 814; x_wconf 89' lang='lat' dir='ltr'>aliquis</span> <span class='ocrx_word' id='word_1_75' title='bbox 824 767 1047 804; x_wconf 87' lang='lat' dir='ltr'>intellectus</span> <span class='ocrx_word' id='word_1_76' title='bbox 1069 767 1120 804; x_wconf 85' lang='lat' dir='ltr'>sit</span> <span class='ocrx_word' id='word_1_77' title='bbox 1144 771 1260 804; x_wconf 84' lang='lat' dir='ltr'>tantae</span> <span class='ocrx_word' id='word_1_78' title='bbox 1280 768 1451 813; x_wconf 89' lang='lat' dir='ltr'>virtutis,</span> <span class='ocrx_word' id='word_1_79' title='bbox 1473 770 1578 815; x_wconf 90' lang='lat' dir='ltr'>quod</span> <span class='ocrx_word' id='word_1_80' title='bbox 1605 779 1679 807; x_wconf 88' lang='lat' dir='ltr'>sua</span> 
     </span>
     <span class='ocr_line' id='line_1_11' title="bbox 59 814 1677 861; baseline 0.001 -8"><span class='ocrx_word' id='word_1_81' title='bbox 59 815 319 861; x_wconf 80' lang='lat' dir='ltr'>conceptione</span> <span class='ocrx_word' id='word_1_82' title='bbox 338 825 400 852; x_wconf 89' lang='lat' dir='ltr'>res</span> <span class='ocrx_word' id='word_1_83' title='bbox 419 816 546 861; x_wconf 86' lang='lat' dir='ltr'>possit</span> <span class='ocrx_word' id='word_1_84' title='bbox 563 824 746 857; x_wconf 81' lang='lat' dir='ltr'>causare3</span> <span class='ocrx_word' id='word_1_85' title='bbox 767 823 883 861; x_wconf 87' lang='lat' dir='ltr'>quam</span> <span class='ocrx_word' id='word_1_86' title='bbox 900 814 1057 861; x_wconf 86' lang='lat' dir='ltr'>quidem</span> <span class='ocrx_word' id='word_1_87' title='bbox 1073 815 1388 860; x_wconf 78' lang='lat' dir='ltr'>conceptionem,</span> <span class='ocrx_word' id='word_1_88' title='bbox 1404 817 1514 853; x_wconf 87' lang='lat' dir='ltr'>vocis</span> <span class='ocrx_word' id='word_1_89' title='bbox 1529 815 1677 861; x_wconf 84' lang='lat' dir='ltr'>officio,</span> 
     </span>
     <span class='ocr_line' id='line_1_12' title="bbox 59 861 1677 910; baseline 0.001 -11"><span class='ocrx_word' id='word_1_90' title='bbox 59 862 327 909; x_wconf 81' lang='lat' dir='ltr'>producendis</span> <span class='ocrx_word' id='word_1_91' title='bbox 343 862 549 900; x_wconf 75' lang='lat' dir='ltr'>effectibus</span> <span class='ocrx_word' id='word_1_92' title='bbox 562 861 856 909; x_wconf 83' lang='lat' dir='ltr'>quodammodo</span> <span class='ocrx_word' id='word_1_93' title='bbox 871 865 1094 907; x_wconf 81' lang='lat' dir='ltr'>praesentat.</span> <span class='ocrx_word' id='word_1_94' title='bbox 1114 864 1163 898; x_wconf 82' lang='lat' dir='ltr'>Ex</span> <span class='ocrx_word' id='word_1_95' title='bbox 1177 862 1378 899; x_wconf 87' lang='lat' dir='ltr'>intellectu</span> <span class='ocrx_word' id='word_1_96' title='bbox 1393 868 1522 899; x_wconf 84' lang='lat' dir='ltr'>autem</span> <span class='ocrx_word' id='word_1_97' title='bbox 1534 864 1677 910; x_wconf 76' lang='lat' dir='ltr'>eJusad</span> 
     </span>
     <span class='ocr_line' id='line_1_13' title="bbox 59 908 1675 956; baseline 0.001 -10"><span class='ocrx_word' id='word_1_98' title='bbox 59 919 175 956; x_wconf 89' lang='lat' dir='ltr'>quem</span> <span class='ocrx_word' id='word_1_99' title='bbox 193 919 324 947; x_wconf 88' lang='lat' dir='ltr'>sermo</span> <span class='ocrx_word' id='word_1_100' title='bbox 346 909 541 955; x_wconf 82' lang='lat' dir='ltr'>dirigitur,</span> <span class='ocrx_word' id='word_1_101' title='bbox 576 909 678 946; x_wconf 90' lang='lat' dir='ltr'>sicut</span> <span class='ocrx_word' id='word_1_102' title='bbox 699 918 786 945; x_wconf 87' lang='lat' dir='ltr'>cum</span> <span class='ocrx_word' id='word_1_103' title='bbox 811 918 879 954; x_wconf 84' lang='lat' dir='ltr'>per</span> <span class='ocrx_word' id='word_1_104' title='bbox 898 908 1231 954; x_wconf 79' lang='lat' dir='ltr'>significationem</span> <span class='ocrx_word' id='word_1_105' title='bbox 1251 909 1361 946; x_wconf 88' lang='lat' dir='ltr'>vocis</span> <span class='ocrx_word' id='word_1_106' title='bbox 1379 909 1418 945; x_wconf 92' lang='lat' dir='ltr'>in</span> <span class='ocrx_word' id='word_1_107' title='bbox 1435 910 1675 948; x_wconf 88' lang='lat' dir='ltr'>intellectum</span> 
     </span>
     <span class='ocr_line' id='line_1_14' title="bbox 59 955 1676 1002; baseline 0.001 -8"><span class='ocrx_word' id='word_1_108' title='bbox 59 960 255 1002; x_wconf 81' lang='lat' dir='ltr'>receptam</span> <span class='ocrx_word' id='word_1_109' title='bbox 276 956 442 993; x_wconf 90' lang='lat' dir='ltr'>audiens</span> <span class='ocrx_word' id='word_1_110' title='bbox 464 956 664 992; x_wconf 78' lang='lat' dir='ltr'>inducitur</span> <span class='ocrx_word' id='word_1_111' title='bbox 679 956 725 992; x_wconf 91' lang='lat' dir='ltr'>ad</span> <span class='ocrx_word' id='word_1_112' title='bbox 742 955 888 1001; x_wconf 83' lang='lat' dir='ltr'>aliquid</span> <span class='ocrx_word' id='word_1_113' title='bbox 912 956 1150 992; x_wconf 79' lang='lat' dir='ltr'>laciendum.</span> <span class='ocrx_word' id='word_1_114' title='bbox 1174 958 1260 993; x_wconf 90' lang='lat' dir='ltr'>Non</span> <span class='ocrx_word' id='word_1_115' title='bbox 1287 961 1416 993; x_wconf 88' lang='lat' dir='ltr'>autem</span> <span class='ocrx_word' id='word_1_116' title='bbox 1447 962 1577 1002; x_wconf 87' lang='lat' dir='ltr'>potest</span> <span class='ocrx_word' id='word_1_117' title='bbox 1600 958 1676 996; x_wconf 88' lang='lat' dir='ltr'>dici</span> 
     </span>
     <span class='ocr_line' id='line_1_15' title="bbox 60 1002 1677 1050; baseline 0.001 -10"><span class='ocrx_word' id='word_1_118' title='bbox 60 1004 167 1050; x_wconf 86' lang='lat' dir='ltr'>quod</span> <span class='ocrx_word' id='word_1_119' title='bbox 182 1003 389 1040; x_wconf 70' lang='lat' dir='ltr'>vocesillae</span> <span class='ocrx_word' id='word_1_120' title='bbox 406 1002 679 1049; x_wconf 81' lang='lat' dir='ltr'>significativae</span> <span class='ocrx_word' id='word_1_121' title='bbox 694 1012 716 1039; x_wconf 86' lang='lat' dir='ltr'>a</span> <span class='ocrx_word' id='word_1_122' title='bbox 736 1003 864 1048; x_wconf 79' lang='lat' dir='ltr'>magis</span> <span class='ocrx_word' id='word_1_123' title='bbox 885 1003 1046 1048; x_wconf 67' lang='lat' dir='ltr'>prolatae</span> <span class='ocrx_word' id='word_1_124' title='bbox 1075 1002 1292 1040; x_wconf 83' lang='lat' dir='ltr'>efficaciam</span> <span class='ocrx_word' id='word_1_125' title='bbox 1311 1003 1481 1040; x_wconf 77' lang='lat' dir='ltr'>habeant</span> <span class='ocrx_word' id='word_1_126' title='bbox 1502 1015 1550 1042; x_wconf 81' lang='lat' dir='ltr'>ex</span> <span class='ocrx_word' id='word_1_127' title='bbox 1564 1005 1677 1042; x_wconf 91' lang='lat' dir='ltr'>intel·</span> 
     </span>
     <span class='ocr_line' id='line_1_16' title="bbox 60 1050 1678 1096; baseline 0.002 -10"><span class='ocrx_word' id='word_1_128' title='bbox 60 1050 164 1087; x_wconf 88' lang='lat' dir='ltr'>lectu</span> <span class='ocrx_word' id='word_1_129' title='bbox 178 1050 429 1096; x_wconf 78' lang='lat' dir='ltr'>proferentis.</span> <span class='ocrx_word' id='word_1_130' title='bbox 452 1051 546 1086; x_wconf 87' lang='lat' dir='ltr'>Cum</span> <span class='ocrx_word' id='word_1_131' title='bbox 568 1050 673 1085; x_wconf 87' lang='lat' dir='ltr'>enim</span> <span class='ocrx_word' id='word_1_132' title='bbox 694 1050 818 1085; x_wconf 90' lang='lat' dir='ltr'>virtus</span> <span class='ocrx_word' id='word_1_133' title='bbox 840 1050 1053 1085; x_wconf 84' lang='lat' dir='ltr'>essentiam</span> <span class='ocrx_word' id='word_1_134' title='bbox 1075 1055 1355 1095; x_wconf 78' lang='lat' dir='ltr'>consequatur,</span> <span class='ocrx_word' id='word_1_135' title='bbox 1377 1051 1533 1089; x_wconf 77' lang='lat' dir='ltr'>virtutis</span> <span class='ocrx_word' id='word_1_136' title='bbox 1552 1052 1678 1089; x_wconf 91' lang='lat' dir='ltr'>diver-</span> 
     </span>
     <span class='ocr_line' id='line_1_17' title="bbox 60 1096 1676 1142; baseline 0.001 -8"><span class='ocrx_word' id='word_1_137' title='bbox 60 1097 159 1135; x_wconf 88' lang='lat' dir='ltr'>sitas</span> <span class='ocrx_word' id='word_1_138' title='bbox 189 1096 462 1134; x_wconf 83' lang='lat' dir='ltr'>essentialium</span> <span class='ocrx_word' id='word_1_139' title='bbox 485 1097 770 1142; x_wconf 86' lang='lat' dir='ltr'>principiorum</span> <span class='ocrx_word' id='word_1_140' title='bbox 792 1096 1057 1132; x_wconf 83' lang='lat' dir='ltr'>diversitatem</span> <span class='ocrx_word' id='word_1_141' title='bbox 1079 1097 1267 1133; x_wconf 82' lang='lat' dir='ltr'>ostendit.</span> <span class='ocrx_word' id='word_1_142' title='bbox 1296 1098 1523 1135; x_wconf 82' lang='lat' dir='ltr'>Intellectus</span> <span class='ocrx_word' id='word_1_143' title='bbox 1546 1104 1676 1136; x_wconf 86' lang='lat' dir='ltr'>autem</span> 
     </span>
     <span class='ocr_line' id='line_1_18' title="bbox 59 1142 1677 1191; baseline 0.001 -10"><span class='ocrx_word' id='word_1_144' title='bbox 59 1143 326 1181; x_wconf 89' lang='lat' dir='ltr'>communiter</span> <span class='ocrx_word' id='word_1_145' title='bbox 345 1143 550 1180; x_wconf 89' lang='lat' dir='ltr'>bominum</span> <span class='ocrx_word' id='word_1_146' title='bbox 572 1143 692 1189; x_wconf 86' lang='lat' dir='ltr'>hujus</span> <span class='ocrx_word' id='word_1_147' title='bbox 711 1142 989 1188; x_wconf 88' lang='lat' dir='ltr'>dispositionis</span> <span class='ocrx_word' id='word_1_148' title='bbox 1008 1142 1220 1187; x_wconf 88' lang='lat' dir='ltr'>invenitur,</span> <span class='ocrx_word' id='word_1_149' title='bbox 1249 1143 1356 1190; x_wconf 89' lang='lat' dir='ltr'>quod</span> <span class='ocrx_word' id='word_1_150' title='bbox 1387 1144 1472 1190; x_wconf 88' lang='lat' dir='ltr'>ejus</span> <span class='ocrx_word' id='word_1_151' title='bbox 1500 1147 1677 1191; x_wconf 75' lang='lat' dir='ltr'>cognitio</span> 
     </span>
     <span class='ocr_line' id='line_1_19' title="bbox 60 1189 1677 1239; baseline 0.001 -11"><span class='ocrx_word' id='word_1_152' title='bbox 60 1199 110 1228; x_wconf 84' lang='lat' dir='ltr'>ex</span> <span class='ocrx_word' id='word_1_153' title='bbox 136 1189 255 1228; x_wconf 88' lang='lat' dir='ltr'>rebus</span> <span class='ocrx_word' id='word_1_154' title='bbox 276 1194 462 1228; x_wconf 87' lang='lat' dir='ltr'>causetur</span> <span class='ocrx_word' id='word_1_155' title='bbox 481 1190 738 1237; x_wconf 83' lang='lat' dir='ltr'>magisquam</span> <span class='ocrx_word' id='word_1_156' title='bbox 759 1198 832 1226; x_wconf 88' lang='lat' dir='ltr'>sua</span> <span class='ocrx_word' id='word_1_157' title='bbox 845 1190 1105 1235; x_wconf 86' lang='lat' dir='ltr'>conceptione</span> <span class='ocrx_word' id='word_1_158' title='bbox 1126 1199 1190 1227; x_wconf 84' lang='lat' dir='ltr'>res</span> <span class='ocrx_word' id='word_1_159' title='bbox 1204 1199 1369 1227; x_wconf 81' lang='lat' dir='ltr'>causare</span> <span class='ocrx_word' id='word_1_160' title='bbox 1386 1191 1525 1236; x_wconf 86' lang='lat' dir='ltr'>possit.</span> <span class='ocrx_word' id='word_1_161' title='bbox 1543 1193 1582 1230; x_wconf 88' lang='lat' dir='ltr'>Si</span> <span class='ocrx_word' id='word_1_162' title='bbox 1604 1193 1677 1239; x_wconf 80' lang='lat' dir='ltr'>igi-</span> 
     </span>
     <span class='ocr_line' id='line_1_20' title="bbox 60 1236 1678 1288; baseline 0.002 -14"><span class='ocrx_word' id='word_1_163' title='bbox 60 1241 127 1275; x_wconf 82' lang='lat' dir='ltr'>tur</span> <span class='ocrx_word' id='word_1_164' title='bbox 145 1237 227 1275; x_wconf 86' lang='lat' dir='ltr'>sint</span> <span class='ocrx_word' id='word_1_165' title='bbox 257 1237 381 1285; x_wconf 88' lang='lat' dir='ltr'>aliqui</span> <span class='ocrx_word' id='word_1_166' title='bbox 402 1237 586 1275; x_wconf 85' lang='lat' dir='ltr'>homines</span> <span class='ocrx_word' id='word_1_167' title='bbox 612 1237 679 1284; x_wconf 90' lang='lat' dir='ltr'>qui</span> <span class='ocrx_word' id='word_1_168' title='bbox 700 1236 830 1274; x_wconf 87' lang='lat' dir='ltr'>verbis</span> <span class='ocrx_word' id='word_1_169' title='bbox 858 1237 1160 1288; x_wconf 78' lang='lat' dir='ltr'>conceptionem</span> <span class='ocrx_word' id='word_1_170' title='bbox 1193 1238 1255 1274; x_wconf 88' lang='lat' dir='ltr'>sui</span> <span class='ocrx_word' id='word_1_171' title='bbox 1295 1238 1520 1276; x_wconf 89' lang='lat' dir='ltr'>intellectus</span> <span class='ocrx_word' id='word_1_172' title='bbox 1550 1241 1678 1286; x_wconf 80' lang='lat' dir='ltr'>expri-</span> 
     </span>
     <span class='ocr_line' id='line_1_21' title="bbox 59 1284 1676 1333; baseline 0.001 -11"><span class='ocrx_word' id='word_1_173' title='bbox 59 1284 262 1322; x_wconf 85' lang='lat' dir='ltr'>mentibus</span> <span class='ocrx_word' id='word_1_174' title='bbox 281 1293 346 1322; x_wconf 89' lang='lat' dir='ltr'>res</span> <span class='ocrx_word' id='word_1_175' title='bbox 366 1284 525 1331; x_wconf 88' lang='lat' dir='ltr'>possint</span> <span class='ocrx_word' id='word_1_176' title='bbox 541 1287 806 1321; x_wconf 84' lang='lat' dir='ltr'>transmutare</span> <span class='ocrx_word' id='word_1_177' title='bbox 828 1292 987 1330; x_wconf 84' lang='lat' dir='ltr'>propria</span> <span class='ocrx_word' id='word_1_178' title='bbox 1004 1284 1162 1329; x_wconf 89' lang='lat' dir='ltr'>virtute,</span> <span class='ocrx_word' id='word_1_179' title='bbox 1184 1288 1299 1322; x_wconf 87' lang='lat' dir='ltr'>erunt</span> <span class='ocrx_word' id='word_1_180' title='bbox 1319 1285 1485 1323; x_wconf 88' lang='lat' dir='ltr'>alterius</span> <span class='ocrx_word' id='word_1_181' title='bbox 1514 1287 1676 1333; x_wconf 88' lang='lat' dir='ltr'>speciei,</span> 
     </span>
     <span class='ocr_line' id='line_1_22' title="bbox 61 1331 731 1378; baseline -0.001 -10"><span class='ocrx_word' id='word_1_182' title='bbox 61 1335 99 1369; x_wconf 87' lang='lat' dir='ltr'>et</span> <span class='ocrx_word' id='word_1_183' title='bbox 119 1331 514 1378; x_wconf 81' lang='lat' dir='ltr'>dicenturaequivoce</span> <span class='ocrx_word' id='word_1_184' title='bbox 533 1332 731 1368; x_wconf 86' lang='lat' dir='ltr'>homines.</span> 
     </span>
    </p>

    <p class='ocr_par' dir='ltr' id='par_1_5' title="bbox 106 1378 1676 1425">
     <span class='ocr_line' id='line_1_23' title="bbox 106 1378 1676 1425; baseline 0.002 -9"><span class='ocrx_word' id='word_1_185' title='bbox 106 1379 290 1425; x_wconf 83' lang='lat' dir='ltr'>Amplius,</span> <span class='ocrx_word' id='word_1_186' title='bbox 312 1379 437 1416; x_wconf 90' lang='lat' dir='ltr'>virtus</span> <span class='ocrx_word' id='word_1_187' title='bbox 458 1378 627 1415; x_wconf 84' lang='lat' dir='ltr'>faciendi</span> <span class='ocrx_word' id='word_1_188' title='bbox 648 1387 727 1415; x_wconf 90' lang='lat' dir='ltr'>non</span> <span class='ocrx_word' id='word_1_189' title='bbox 746 1378 963 1424; x_wconf 87' lang='lat' dir='ltr'>acquiritur</span> <span class='ocrx_word' id='word_1_190' title='bbox 978 1388 1046 1424; x_wconf 87' lang='lat' dir='ltr'>per</span> <span class='ocrx_word' id='word_1_191' title='bbox 1065 1378 1333 1424; x_wconf 82' lang='lat' dir='ltr'>disciplinam,</span> <span class='ocrx_word' id='word_1_192' title='bbox 1355 1380 1424 1417; x_wconf 88' lang='lat' dir='ltr'>sed</span> <span class='ocrx_word' id='word_1_193' title='bbox 1452 1380 1583 1418; x_wconf 89' lang='lat' dir='ltr'>solum</span> <span class='ocrx_word' id='word_1_194' title='bbox 1611 1391 1676 1419; x_wconf 91' lang='lat' dir='ltr'>co-</span> 
     </span>
    </p>

    <p class='ocr_par' dir='ltr' id='par_1_6' title="bbox 61 1425 1676 1566">
     <span class='ocr_line' id='line_1_24' title="bbox 91 1425 1676 1475; baseline 0.003 -13"><span class='ocrx_word' id='word_1_195' title='bbox 91 1425 188 1463; x_wconf 91' lang='lat' dir='ltr'>nitio</span> <span class='ocrx_word' id='word_1_196' title='bbox 209 1426 359 1473; x_wconf 85' lang='lat' dir='ltr'>aliquid</span> <span class='ocrx_word' id='word_1_197' title='bbox 392 1426 576 1463; x_wconf 78' lang='lat' dir='ltr'>faciendi.</span> <span class='ocrx_word' id='word_1_198' title='bbox 610 1427 682 1462; x_wconf 87' lang='lat' dir='ltr'>Per</span> <span class='ocrx_word' id='word_1_199' title='bbox 717 1425 969 1470; x_wconf 81' lang='lat' dir='ltr'>disciplinam</span> <span class='ocrx_word' id='word_1_200' title='bbox 1005 1429 1136 1462; x_wconf 88' lang='lat' dir='ltr'>autem</span> <span class='ocrx_word' id='word_1_201' title='bbox 1170 1426 1292 1472; x_wconf 81' lang='lat' dir='ltr'>aliqui</span> <span class='ocrx_word' id='word_1_202' title='bbox 1331 1427 1541 1473; x_wconf 86' lang='lat' dir='ltr'>acquirunt</span> <span class='ocrx_word' id='word_1_203' title='bbox 1572 1429 1676 1475; x_wconf 91' lang='lat' dir='ltr'>quod</span> 
     </span>
     <span class='ocr_line' id='line_1_25' title="bbox 61 1435 1676 1522; baseline 0.002 -12"><span class='ocrx_word' id='word_1_204' title='bbox 61 1435 292 1519; x_wconf 48' lang='lat' dir='ltr'>{ujusmodi</span> <span class='ocrx_word' id='word_1_205' title='bbox 307 1473 560 1518; x_wconf 86' lang='lat' dir='ltr'>operationes</span> <span class='ocrx_word' id='word_1_206' title='bbox 581 1473 756 1519; x_wconf 84' lang='lat' dir='ltr'>magicas</span> <span class='ocrx_word' id='word_1_207' title='bbox 778 1472 965 1510; x_wconf 81' lang='lat' dir='ltr'>efficiant.</span> <span class='ocrx_word' id='word_1_208' title='bbox 984 1473 1072 1510; x_wconf 90' lang='lat' dir='ltr'>Non</span> <span class='ocrx_word' id='word_1_209' title='bbox 1092 1472 1214 1519; x_wconf 83' lang='lat' dir='ltr'>igitur</span> <span class='ocrx_word' id='word_1_210' title='bbox 1233 1477 1292 1510; x_wconf 88' lang='lat' dir='ltr'>est</span> <span class='ocrx_word' id='word_1_211' title='bbox 1313 1473 1354 1510; x_wconf 92' lang='lat' dir='ltr'>in</span> <span class='ocrx_word' id='word_1_212' title='bbox 1380 1474 1439 1511; x_wconf 88' lang='lat' dir='ltr'>eis</span> <span class='ocrx_word' id='word_1_213' title='bbox 1460 1474 1509 1512; x_wconf 89' lang='lat' dir='ltr'>ad</span> <span class='ocrx_word' id='word_1_214' title='bbox 1538 1475 1676 1522; x_wconf 91' lang='lat' dir='ltr'>hujus-</span> 
     </span>
     <span class='ocr_line' id='line_1_26' title="bbox 62 1519 1369 1566; baseline 0 -9"><span class='ocrx_word' id='word_1_215' title='bbox 62 1519 169 1557; x_wconf 89' lang='lat' dir='ltr'>modi</span> <span class='ocrx_word' id='word_1_216' title='bbox 189 1519 353 1557; x_wconf 78' lang='lat' dir='ltr'>effectus</span> <span class='ocrx_word' id='word_1_217' title='bbox 367 1519 645 1565; x_wconf 89' lang='lat' dir='ltr'>producendos</span> <span class='ocrx_word' id='word_1_218' title='bbox 666 1519 791 1556; x_wconf 85' lang='lat' dir='ltr'>virtus</span> <span class='ocrx_word' id='word_1_219' title='bbox 810 1519 956 1565; x_wconf 84' lang='lat' dir='ltr'>aliqua.</span> <span class='ocrx_word' id='word_1_220' title='bbox 979 1519 1048 1556; x_wconf 91' lang='lat' dir='ltr'>sed</span> <span class='ocrx_word' id='word_1_221' title='bbox 1070 1520 1246 1566; x_wconf 85' lang='lat' dir='ltr'>cognitio</span> <span class='ocrx_word' id='word_1_222' title='bbox 1269 1520 1369 1557; x_wconf 87' lang='lat' dir='ltr'>sola.</span> 
     </span>
    </p>

    <p class='ocr_par' dir='ltr' id='par_1_7' title="bbox 18 1566 1679 1942">
     <span class='ocr_line' id='line_1_27' title="bbox 110 1566 1677 1613; baseline 0.002 -10"><span class='ocrx_word' id='word_1_223' title='bbox 110 1567 150 1604; x_wconf 91' lang='lat' dir='ltr'>Si</span> <span class='ocrx_word' id='word_1_224' title='bbox 170 1567 259 1613; x_wconf 86' lang='lat' dir='ltr'>quis</span> <span class='ocrx_word' id='word_1_225' title='bbox 278 1570 409 1604; x_wconf 86' lang='lat' dir='ltr'>autem</span> <span class='ocrx_word' id='word_1_226' title='bbox 427 1566 545 1610; x_wconf 86' lang='lat' dir='ltr'>dicat,</span> <span class='ocrx_word' id='word_1_227' title='bbox 563 1566 669 1613; x_wconf 87' lang='lat' dir='ltr'>quod</span> <span class='ocrx_word' id='word_1_228' title='bbox 690 1566 918 1611; x_wconf 89' lang='lat' dir='ltr'>hujusmodi</span> <span class='ocrx_word' id='word_1_229' title='bbox 948 1566 1132 1603; x_wconf 86' lang='lat' dir='ltr'>homines</span> <span class='ocrx_word' id='word_1_230' title='bbox 1152 1575 1175 1603; x_wconf 88' lang='lat' dir='ltr'>a</span> <span class='ocrx_word' id='word_1_231' title='bbox 1197 1575 1272 1604; x_wconf 87' lang='lat' dir='ltr'>sua</span> <span class='ocrx_word' id='word_1_232' title='bbox 1294 1568 1496 1605; x_wconf 86' lang='lat' dir='ltr'>nativitate</span> <span class='ocrx_word' id='word_1_233' title='bbox 1528 1579 1576 1606; x_wconf 82' lang='lat' dir='ltr'>ex</span> <span class='ocrx_word' id='word_1_234' title='bbox 1602 1570 1677 1606; x_wconf 88' lang='lat' dir='ltr'>vir-</span> 
     </span>
     <span class='ocr_line' id='line_1_28' title="bbox 18 1613 1679 1663; baseline 0.002 -13"><span class='ocrx_word' id='word_1_235' title='bbox 18 1650 20 1653; x_wconf 84' lang='grc'><strong>,</strong></span> <span class='ocrx_word' id='word_1_236' title='bbox 60 1617 142 1651; x_wconf 88' lang='lat' dir='ltr'>tute</span> <span class='ocrx_word' id='word_1_237' title='bbox 159 1613 363 1651; x_wconf 86' lang='lat' dir='ltr'>stellarum</span> <span class='ocrx_word' id='word_1_238' title='bbox 385 1613 606 1651; x_wconf 87' lang='lat' dir='ltr'>sortiuntur</span> <span class='ocrx_word' id='word_1_239' title='bbox 625 1622 706 1659; x_wconf 85' lang='lat' dir='ltr'>prae</span> <span class='ocrx_word' id='word_1_240' title='bbox 725 1614 878 1650; x_wconf 75' lang='lat' dir='ltr'>caeteris</span> <span class='ocrx_word' id='word_1_241' title='bbox 894 1613 1079 1650; x_wconf 86' lang='lat' dir='ltr'>virtutem</span> <span class='ocrx_word' id='word_1_242' title='bbox 1101 1613 1340 1659; x_wconf 85' lang='lat' dir='ltr'>praedictam,</span> <span class='ocrx_word' id='word_1_243' title='bbox 1357 1615 1411 1652; x_wconf 87' lang='lat' dir='ltr'>ita</span> <span class='ocrx_word' id='word_1_244' title='bbox 1431 1616 1536 1662; x_wconf 91' lang='lat' dir='ltr'>quod</span> <span class='ocrx_word' id='word_1_245' title='bbox 1557 1626 1679 1663; x_wconf 85' lang='lat' dir='ltr'>quan—</span> 
     </span>
     <span class='ocr_line' id='line_1_29' title="bbox 60 1660 1676 1707; baseline 0.002 -9"><span class='ocrx_word' id='word_1_246' title='bbox 60 1664 318 1707; x_wconf 89' lang='lat' dir='ltr'>tumcumque</span> <span class='ocrx_word' id='word_1_247' title='bbox 338 1660 405 1698; x_wconf 88' lang='lat' dir='ltr'>alii</span> <span class='ocrx_word' id='word_1_248' title='bbox 428 1661 675 1698; x_wconf 89' lang='lat' dir='ltr'>instruantur</span> <span class='ocrx_word' id='word_1_249' title='bbox 694 1660 760 1707; x_wconf 91' lang='lat' dir='ltr'>qui</span> <span class='ocrx_word' id='word_1_250' title='bbox 783 1660 857 1697; x_wconf 86' lang='lat' dir='ltr'>hoc</span> <span class='ocrx_word' id='word_1_251' title='bbox 879 1670 926 1697; x_wconf 83' lang='lat' dir='ltr'>ex</span> <span class='ocrx_word' id='word_1_252' title='bbox 945 1660 1148 1697; x_wconf 87' lang='lat' dir='ltr'>nativitate</span> <span class='ocrx_word' id='word_1_253' title='bbox 1159 1669 1241 1698; x_wconf 88' lang='lat' dir='ltr'>non</span> <span class='ocrx_word' id='word_1_254' title='bbox 1262 1661 1420 1705; x_wconf 88' lang='lat' dir='ltr'>habent,</span> <span class='ocrx_word' id='word_1_255' title='bbox 1434 1662 1617 1701; x_wconf 82' lang='lat' dir='ltr'>efficaces</span> <span class='ocrx_word' id='word_1_256' title='bbox 1636 1664 1676 1700; x_wconf 92' lang='lat' dir='ltr'>in</span> 
     </span>
     <span class='ocr_line' id='line_1_30' title="bbox 62 1707 1675 1759; baseline 0.002 -14"><span class='ocrx_word' id='word_1_257' title='bbox 62 1707 291 1754; x_wconf 87' lang='lat' dir='ltr'>hujusmodi</span> <span class='ocrx_word' id='word_1_258' title='bbox 313 1707 500 1753; x_wconf 89' lang='lat' dir='ltr'>operibus</span> <span class='ocrx_word' id='word_1_259' title='bbox 521 1716 609 1745; x_wconf 91' lang='lat' dir='ltr'>esse</span> <span class='ocrx_word' id='word_1_260' title='bbox 627 1712 707 1745; x_wconf 87' lang='lat' dir='ltr'>non</span> <span class='ocrx_word' id='word_1_261' title='bbox 724 1711 907 1753; x_wconf 86' lang='lat' dir='ltr'>possunt,</span> <span class='ocrx_word' id='word_1_262' title='bbox 928 1708 1057 1759; x_wconf 85' lang='lat' dir='ltr'>primo</span> <span class='ocrx_word' id='word_1_263' title='bbox 1072 1708 1232 1754; x_wconf 87' lang='lat' dir='ltr'>quidem</span> <span class='ocrx_word' id='word_1_264' title='bbox 1250 1708 1461 1746; x_wconf 90' lang='lat' dir='ltr'>dicendum</span> <span class='ocrx_word' id='word_1_265' title='bbox 1489 1715 1549 1747; x_wconf 88' lang='lat' dir='ltr'>est</span> <span class='ocrx_word' id='word_1_266' title='bbox 1571 1711 1675 1758; x_wconf 88' lang='lat' dir='ltr'>quod</span> 
     </span>
     <span class='ocr_line' id='line_1_31' title="bbox 61 1754 1675 1803; baseline 0.001 -11"><span class='ocrx_word' id='word_1_267' title='bbox 61 1763 230 1801; x_wconf 86' lang='lat' dir='ltr'>corpora</span> <span class='ocrx_word' id='word_1_268' title='bbox 259 1754 438 1792; x_wconf 83' lang='lat' dir='ltr'>coelestia</span> <span class='ocrx_word' id='word_1_269' title='bbox 469 1763 590 1800; x_wconf 86' lang='lat' dir='ltr'>super</span> <span class='ocrx_word' id='word_1_270' title='bbox 618 1754 860 1791; x_wconf 86' lang='lat' dir='ltr'>intellectum</span> <span class='ocrx_word' id='word_1_271' title='bbox 894 1755 1120 1800; x_wconf 84' lang='lat' dir='ltr'>imprimere</span> <span class='ocrx_word' id='word_1_272' title='bbox 1150 1763 1231 1791; x_wconf 89' lang='lat' dir='ltr'>non</span> <span class='ocrx_word' id='word_1_273' title='bbox 1261 1760 1443 1802; x_wconf 88' lang='lat' dir='ltr'>possunt,</span> <span class='ocrx_word' id='word_1_274' title='bbox 1480 1761 1522 1794; x_wconf 87' lang='lat' dir='ltr'>ut</span> <span class='ocrx_word' id='word_1_275' title='bbox 1558 1767 1675 1803; x_wconf 87' lang='lat' dir='ltr'>supra</span> 
     </span>
     <span class='ocr_line' id='line_1_32' title="bbox 61 1801 1678 1850; baseline 0.001 -11"><span class='ocrx_word' id='word_1_276' title='bbox 61 1801 162 1848; x_wconf 89' lang='lat' dir='ltr'>(cap.</span> <span class='ocrx_word' id='word_1_277' title='bbox 186 1801 244 1848; x_wconf 78' lang='lat'>84)</span> <span class='ocrx_word' id='word_1_278' title='bbox 265 1805 471 1839; x_wconf 89' lang='lat' dir='ltr'>ostensum</span> <span class='ocrx_word' id='word_1_279' title='bbox 496 1805 569 1838; x_wconf 88' lang='lat' dir='ltr'>est.</span> <span class='ocrx_word' id='word_1_280' title='bbox 583 1802 669 1838; x_wconf 87' lang='lat' dir='ltr'>Non</span> <span class='ocrx_word' id='word_1_281' title='bbox 697 1802 819 1847; x_wconf 80' lang='lat' dir='ltr'>igitur</span> <span class='ocrx_word' id='word_1_282' title='bbox 839 1811 885 1838; x_wconf 81' lang='lat' dir='ltr'>ex</span> <span class='ocrx_word' id='word_1_283' title='bbox 905 1801 1048 1838; x_wconf 83' lang='lat' dir='ltr'>virtute</span> <span class='ocrx_word' id='word_1_284' title='bbox 1067 1801 1272 1839; x_wconf 89' lang='lat' dir='ltr'>stellarum</span> <span class='ocrx_word' id='word_1_285' title='bbox 1294 1803 1428 1840; x_wconf 87' lang='lat' dir='ltr'>sortiri</span> <span class='ocrx_word' id='word_1_286' title='bbox 1458 1807 1590 1850; x_wconf 90' lang='lat' dir='ltr'>potest</span> <span class='ocrx_word' id='word_1_287' title='bbox 1617 1806 1678 1841; x_wconf 86' lang='lat' dir='ltr'>in-</span> 
     </span>
     <span class='ocr_line' id='line_1_33' title="bbox 59 1848 1678 1898; baseline 0.002 -13"><span class='ocrx_word' id='word_1_288' title='bbox 59 1848 243 1886; x_wconf 89' lang='lat' dir='ltr'>tellectus</span> <span class='ocrx_word' id='word_1_289' title='bbox 275 1848 444 1895; x_wconf 79' lang='lat' dir='ltr'>alicujus</span> <span class='ocrx_word' id='word_1_290' title='bbox 480 1848 584 1885; x_wconf 89' lang='lat' dir='ltr'>hanc</span> <span class='ocrx_word' id='word_1_291' title='bbox 611 1849 793 1885; x_wconf 85' lang='lat' dir='ltr'>virtutem</span> <span class='ocrx_word' id='word_1_292' title='bbox 826 1848 933 1895; x_wconf 91' lang='lat' dir='ltr'>quod</span> <span class='ocrx_word' id='word_1_293' title='bbox 961 1849 1258 1895; x_wconf 71' lang='lat' dir='ltr'>repraesentatio</span> <span class='ocrx_word' id='word_1_294' title='bbox 1290 1859 1374 1887; x_wconf 80' lang='lat' dir='ltr'>suae</span> <span class='ocrx_word' id='word_1_295' title='bbox 1405 1852 1678 1898; x_wconf 85' lang='lat' dir='ltr'>conceptionis</span> 
     </span>
     <span class='ocr_line' id='line_1_34' title="bbox 60 1894 748 1942; baseline -0.001 -9"><span class='ocrx_word' id='word_1_296' title='bbox 60 1904 130 1942; x_wconf 84' lang='lat' dir='ltr'>per</span> <span class='ocrx_word' id='word_1_297' title='bbox 143 1904 279 1933; x_wconf 87' lang='lat' dir='ltr'>vocem</span> <span class='ocrx_word' id='word_1_298' title='bbox 300 1895 536 1942; x_wconf 84' lang='lat' dir='ltr'>sitalicujus</span> <span class='ocrx_word' id='word_1_299' title='bbox 556 1894 748 1933; x_wconf 83' lang='lat' dir='ltr'>effectiva.</span> 
     </span>
    </p>

    <p class='ocr_par' dir='ltr' id='par_1_8' title="bbox 60 1942 1678 2270">
     <span class='ocr_line' id='line_1_35' title="bbox 107 1942 1676 1990; baseline 0.002 -11"><span class='ocrx_word' id='word_1_300' title='bbox 107 1942 146 1979; x_wconf 91' lang='lat' dir='ltr'>Si</span> <span class='ocrx_word' id='word_1_301' title='bbox 163 1946 293 1980; x_wconf 87' lang='lat' dir='ltr'>autem</span> <span class='ocrx_word' id='word_1_302' title='bbox 313 1942 466 1980; x_wconf 82' lang='lat' dir='ltr'>dicatur</span> <span class='ocrx_word' id='word_1_303' title='bbox 490 1943 593 1989; x_wconf 88' lang='lat' dir='ltr'>quod</span> <span class='ocrx_word' id='word_1_304' title='bbox 625 1943 742 1979; x_wconf 88' lang='lat' dir='ltr'>etiam</span> <span class='ocrx_word' id='word_1_305' title='bbox 767 1942 1001 1988; x_wconf 79' lang='lat' dir='ltr'>imaginatio</span> <span class='ocrx_word' id='word_1_306' title='bbox 1029 1943 1179 1990; x_wconf 87' lang='lat' dir='ltr'>aliquid</span> <span class='ocrx_word' id='word_1_307' title='bbox 1209 1943 1249 1980; x_wconf 86' lang='lat' dir='ltr'>in</span> <span class='ocrx_word' id='word_1_308' title='bbox 1281 1943 1504 1989; x_wconf 87' lang='lat' dir='ltr'>prolatione</span> <span class='ocrx_word' id='word_1_309' title='bbox 1535 1954 1676 1982; x_wconf 85' lang='lat' dir='ltr'>vocum</span> 
     </span>
     <span class='ocr_line' id='line_1_36' title="bbox 61 1988 1678 2039; baseline 0.001 -12"><span class='ocrx_word' id='word_1_310' title='bbox 61 1988 415 2036; x_wconf 84' lang='lat' dir='ltr'>significativarum</span> <span class='ocrx_word' id='word_1_311' title='bbox 436 1993 634 2036; x_wconf 87' lang='lat' dir='ltr'>operatur,</span> <span class='ocrx_word' id='word_1_312' title='bbox 656 1999 776 2036; x_wconf 87' lang='lat' dir='ltr'>super</span> <span class='ocrx_word' id='word_1_313' title='bbox 800 1999 918 2037; x_wconf 88' lang='lat' dir='ltr'>quam</span> <span class='ocrx_word' id='word_1_314' title='bbox 951 1994 1122 2036; x_wconf 87' lang='lat' dir='ltr'>possunt</span> <span class='ocrx_word' id='word_1_315' title='bbox 1145 1999 1313 2036; x_wconf 86' lang='lat' dir='ltr'>corpora</span> <span class='ocrx_word' id='word_1_316' title='bbox 1341 1992 1520 2029; x_wconf 86' lang='lat' dir='ltr'>coelestia</span> <span class='ocrx_word' id='word_1_317' title='bbox 1542 1993 1678 2039; x_wconf 88' lang='lat' dir='ltr'>impri-</span> 
     </span>
     <span class='ocr_line' id='line_1_37' title="bbox 60 2036 1676 2086; baseline 0.002 -13"><span class='ocrx_word' id='word_1_318' title='bbox 60 2045 182 2081; x_wconf 91' lang='lat' dir='ltr'>mere,</span> <span class='ocrx_word' id='word_1_319' title='bbox 200 2045 290 2074; x_wconf 91' lang='lat' dir='ltr'>cum</span> <span class='ocrx_word' id='word_1_320' title='bbox 306 2036 535 2083; x_wconf 82' lang='lat' dir='ltr'>huJ&#39;usmodi</span> <span class='ocrx_word' id='word_1_321' title='bbox 555 2038 732 2083; x_wconf 83' lang='lat' dir='ltr'>operatio</span> <span class='ocrx_word' id='word_1_322' title='bbox 754 2037 806 2074; x_wconf 87' lang='lat' dir='ltr'>sit</span> <span class='ocrx_word' id='word_1_323' title='bbox 824 2047 894 2083; x_wconf 90' lang='lat' dir='ltr'>per</span> <span class='ocrx_word' id='word_1_324' title='bbox 912 2046 1107 2084; x_wconf 86' lang='lat' dir='ltr'>organum</span> <span class='ocrx_word' id='word_1_325' title='bbox 1125 2037 1330 2083; x_wconf 86' lang='lat' dir='ltr'>corporale</span> <span class='ocrx_word' id='word_1_326' title='bbox 1346 2066 1356 2083; x_wconf 91' lang='lat'>,</span> <span class='ocrx_word' id='word_1_327' title='bbox 1390 2039 1465 2076; x_wconf 89' lang='lat' dir='ltr'>hoc</span> <span class='ocrx_word' id='word_1_328' title='bbox 1498 2048 1577 2076; x_wconf 89' lang='lat' dir='ltr'>non</span> <span class='ocrx_word' id='word_1_329' title='bbox 1607 2049 1676 2086; x_wconf 88' lang='lat' dir='ltr'>po—</span> 
     </span>
     <span class='ocr_line' id='line_1_38' title="bbox 61 2083 1676 2131; baseline 0.003 -13"><span class='ocrx_word' id='word_1_330' title='bbox 61 2086 138 2120; x_wconf 89' lang='lat' dir='ltr'>test</span> <span class='ocrx_word' id='word_1_331' title='bbox 159 2092 248 2120; x_wconf 82' lang='lat' dir='ltr'>esse</span> <span class='ocrx_word' id='word_1_332' title='bbox 268 2087 456 2130; x_wconf 85' lang='lat' dir='ltr'>quantum</span> <span class='ocrx_word' id='word_1_333' title='bbox 479 2083 528 2120; x_wconf 88' lang='lat' dir='ltr'>ad</span> <span class='ocrx_word' id='word_1_334' title='bbox 549 2092 688 2121; x_wconf 88' lang='lat' dir='ltr'>omnes</span> <span class='ocrx_word' id='word_1_335' title='bbox 710 2083 873 2121; x_wconf 85' lang='lat' dir='ltr'>effectus</span> <span class='ocrx_word' id='word_1_336' title='bbox 893 2084 960 2131; x_wconf 85' lang='lat' dir='ltr'>qui</span> <span class='ocrx_word' id='word_1_337' title='bbox 985 2094 1054 2130; x_wconf 88' lang='lat' dir='ltr'>per</span> <span class='ocrx_word' id='word_1_338' title='bbox 1078 2085 1307 2131; x_wconf 80' lang='lat' dir='ltr'>huJusmodi</span> <span class='ocrx_word' id='word_1_339' title='bbox 1335 2089 1440 2123; x_wconf 87' lang='lat' dir='ltr'>artes</span> <span class='ocrx_word' id='word_1_340' title='bbox 1460 2085 1560 2123; x_wconf 87' lang='lat' dir='ltr'>fiunt</span> <span class='ocrx_word' id='word_1_341' title='bbox 1581 2099 1590 2131; x_wconf 79' lang='lat'><em>3</em></span> <span class='ocrx_word' id='word_1_342' title='bbox 1612 2096 1676 2124; x_wconf 85' lang='lat' dir='ltr'>os—</span> 
     </span>
     <span class='ocr_line' id='line_1_39' title="bbox 60 2130 1674 2178; baseline 0.003 -13"><span class='ocrx_word' id='word_1_343' title='bbox 60 2133 219 2166; x_wconf 86' lang='lat' dir='ltr'>tensum</span> <span class='ocrx_word' id='word_1_344' title='bbox 251 2134 311 2167; x_wconf 89' lang='lat' dir='ltr'>est</span> <span class='ocrx_word' id='word_1_345' title='bbox 343 2130 447 2166; x_wconf 83' lang='lat' dir='ltr'>enim</span> <span class='ocrx_word' id='word_1_346' title='bbox 481 2130 587 2176; x_wconf 90' lang='lat' dir='ltr'>quod</span> <span class='ocrx_word' id='word_1_347' title='bbox 618 2139 698 2167; x_wconf 89' lang='lat' dir='ltr'>non</span> <span class='ocrx_word' id='word_1_348' title='bbox 732 2135 899 2176; x_wconf 87' lang='lat' dir='ltr'>possunt</span> <span class='ocrx_word' id='word_1_349' title='bbox 926 2140 1065 2168; x_wconf 84' lang='lat' dir='ltr'>omnes</span> <span class='ocrx_word' id='word_1_350' title='bbox 1095 2131 1325 2178; x_wconf 69' lang='lat' dir='ltr'>huiusmodi</span> <span class='ocrx_word' id='word_1_351' title='bbox 1347 2131 1511 2169; x_wconf 80' lang='lat' dir='ltr'>effectus</span> <span class='ocrx_word' id='word_1_352' title='bbox 1535 2134 1674 2170; x_wconf 73' lang='lat' dir='ltr'>virtute</span> 
     </span>
     <span class='ocr_line' id='line_1_40' title="bbox 63 2176 1673 2226; baseline 0.003 -14"><span class='ocrx_word' id='word_1_353' title='bbox 63 2177 269 2213; x_wconf 86' lang='lat' dir='ltr'>stellarum</span> <span class='ocrx_word' id='word_1_354' title='bbox 289 2176 467 2222; x_wconf 87' lang='lat' dir='ltr'>produci.</span> <span class='ocrx_word' id='word_1_355' title='bbox 489 2179 590 2223; x_wconf 82' lang='lat' dir='ltr'>Ergo</span> <span class='ocrx_word' id='word_1_356' title='bbox 618 2186 665 2213; x_wconf 90' lang='lat' dir='ltr'>ne</span> <span class='ocrx_word' id='word_1_357' title='bbox 697 2187 744 2214; x_wconf 89' lang='lat' dir='ltr'>uc</span> <span class='ocrx_word' id='word_1_358' title='bbox 764 2187 810 2214; x_wconf 76' lang='lat' dir='ltr'>cx</span> <span class='ocrx_word' id='word_1_359' title='bbox 831 2178 971 2214; x_wconf 87' lang='lat' dir='ltr'>virtute</span> <span class='ocrx_word' id='word_1_360' title='bbox 992 2178 1196 2215; x_wconf 88' lang='lat' dir='ltr'>stellarum</span> <span class='ocrx_word' id='word_1_361' title='bbox 1230 2179 1374 2226; x_wconf 89' lang='lat' dir='ltr'>aliquis</span> <span class='ocrx_word' id='word_1_362' title='bbox 1395 2180 1528 2216; x_wconf 89' lang='lat' dir='ltr'>sortiri</span> <span class='ocrx_word' id='word_1_363' title='bbox 1548 2185 1673 2226; x_wconf 86' lang='lat' dir='ltr'>potest</span> 
     </span>
     <span class='ocr_line' id='line_1_41' title="bbox 63 2223 1041 2270; baseline 0.002 -11"><span class='ocrx_word' id='word_1_364' title='bbox 63 2223 167 2260; x_wconf 86' lang='lat' dir='ltr'>hanc</span> <span class='ocrx_word' id='word_1_365' title='bbox 186 2223 384 2268; x_wconf 87' lang='lat' dir='ltr'>virtutem,</span> <span class='ocrx_word' id='word_1_366' title='bbox 404 2227 448 2259; x_wconf 88' lang='lat' dir='ltr'>ut</span> <span class='ocrx_word' id='word_1_367' title='bbox 471 2224 632 2260; x_wconf 90' lang='lat' dir='ltr'>eosdem</span> <span class='ocrx_word' id='word_1_368' title='bbox 653 2233 673 2260; x_wconf 94' lang='lat' dir='ltr'>e</span> <span class='ocrx_word' id='word_1_369' title='bbox 708 2228 818 2261; x_wconf 88' lang='lat' dir='ltr'>ectus</span> <span class='ocrx_word' id='word_1_370' title='bbox 837 2224 1041 2270; x_wconf 85' lang='lat' dir='ltr'>producat.</span> 
     </span>
    </p>

    <p class='ocr_par' dir='ltr' id='par_1_9' title="bbox 63 2269 1672 2366">
     <span class='ocr_line' id='line_1_42' title="bbox 112 2269 1672 2320; baseline 0.003 -14"><span class='ocrx_word' id='word_1_371' title='bbox 112 2269 361 2316; x_wconf 83' lang='lat' dir='ltr'>Relinquitur</span> <span class='ocrx_word' id='word_1_372' title='bbox 381 2269 502 2317; x_wconf 83' lang='lat' dir='ltr'>igitur</span> <span class='ocrx_word' id='word_1_373' title='bbox 519 2270 624 2317; x_wconf 88' lang='lat' dir='ltr'>quod</span> <span class='ocrx_word' id='word_1_374' title='bbox 655 2270 882 2317; x_wconf 82' lang='lat' dir='ltr'>huJ&#39;usmodi</span> <span class='ocrx_word' id='word_1_375' title='bbox 912 2270 1076 2308; x_wconf 84' lang='lat' dir='ltr'>effectus</span> <span class='ocrx_word' id='word_1_376' title='bbox 1102 2272 1376 2318; x_wconf 88' lang='lat' dir='ltr'>compleantur</span> <span class='ocrx_word' id='word_1_377' title='bbox 1405 2283 1474 2319; x_wconf 88' lang='lat' dir='ltr'>per</span> <span class='ocrx_word' id='word_1_378' title='bbox 1505 2274 1672 2320; x_wconf 86' lang='lat' dir='ltr'>aliquem</span> 
     </span>
     <span class='ocr_line' id='line_1_43' title="bbox 63 2315 1521 2366; baseline 0.002 -13"><span class='ocrx_word' id='word_1_379' title='bbox 63 2315 307 2354; x_wconf 86' lang='lat' dir='ltr'>intellectum</span> <span class='ocrx_word' id='word_1_380' title='bbox 328 2315 378 2354; x_wconf 90' lang='lat' dir='ltr'>ad</span> <span class='ocrx_word' id='word_1_381' title='bbox 394 2326 511 2364; x_wconf 89' lang='lat' dir='ltr'>quem</span> <span class='ocrx_word' id='word_1_382' title='bbox 533 2325 664 2354; x_wconf 90' lang='lat' dir='ltr'>sermo</span> <span class='ocrx_word' id='word_1_383' title='bbox 684 2317 921 2364; x_wconf 87' lang='lat' dir='ltr'>proferentis</span> <span class='ocrx_word' id='word_1_384' title='bbox 940 2318 1168 2365; x_wconf 89' lang='lat' dir='ltr'>hujusmodi</span> <span class='ocrx_word' id='word_1_385' title='bbox 1187 2328 1306 2356; x_wconf 85' lang='lat' dir='ltr'>voces</span> <span class='ocrx_word' id='word_1_386' title='bbox 1325 2319 1521 2366; x_wconf 83' lang='lat' dir='ltr'>dirigitur.</span> 
     </span>
    </p>

    <p class='ocr_par' dir='ltr' id='par_1_10' title="bbox 62 2362 1675 2505">
     <span class='ocr_line' id='line_1_44' title="bbox 111 2362 1674 2414; baseline 0.004 -15"><span class='ocrx_word' id='word_1_387' title='bbox 111 2362 236 2410; x_wconf 85' lang='lat' dir='ltr'>Hujus</span> <span class='ocrx_word' id='word_1_388' title='bbox 255 2366 386 2400; x_wconf 86' lang='lat' dir='ltr'>autem</span> <span class='ocrx_word' id='word_1_389' title='bbox 419 2363 578 2411; x_wconf 87' lang='lat' dir='ltr'>signum</span> <span class='ocrx_word' id='word_1_390' title='bbox 602 2367 687 2409; x_wconf 91' lang='lat' dir='ltr'>est;</span> <span class='ocrx_word' id='word_1_391' title='bbox 708 2372 800 2402; x_wconf 87' lang='lat' dir='ltr'>nam</span> <span class='ocrx_word' id='word_1_392' title='bbox 823 2364 1051 2411; x_wconf 89' lang='lat' dir='ltr'>hujusmodi</span> <span class='ocrx_word' id='word_1_393' title='bbox 1081 2365 1354 2412; x_wconf 84' lang='lat' dir='ltr'>significativae</span> <span class='ocrx_word' id='word_1_394' title='bbox 1383 2376 1502 2404; x_wconf 83' lang='lat' dir='ltr'>voces</span> <span class='ocrx_word' id='word_1_395' title='bbox 1532 2367 1674 2414; x_wconf 87' lang='lat' dir='ltr'>quibus</span> 
     </span>
     <span class='ocr_line' id='line_1_45' title="bbox 62 2410 1675 2459; baseline 0.002 -12"><span class='ocrx_word' id='word_1_396' title='bbox 62 2410 168 2457; x_wconf 84' lang='lat' dir='ltr'>magi</span> <span class='ocrx_word' id='word_1_397' title='bbox 187 2413 351 2448; x_wconf 89' lang='lat' dir='ltr'>utuntur</span> <span class='ocrx_word' id='word_1_398' title='bbox 374 2410 648 2448; x_wconf 88' lang='lat' dir='ltr'>invocationes</span> <span class='ocrx_word' id='word_1_399' title='bbox 677 2415 784 2456; x_wconf 91' lang='lat' dir='ltr'>sunt,</span> <span class='ocrx_word' id='word_1_400' title='bbox 805 2412 1131 2457; x_wconf 80' lang='lat' dir='ltr'>supplicationes,</span> <span class='ocrx_word' id='word_1_401' title='bbox 1154 2412 1436 2459; x_wconf 86' lang='lat' dir='ltr'>adjurationes,</span> <span class='ocrx_word' id='word_1_402' title='bbox 1464 2417 1532 2452; x_wconf 89' lang='lat' dir='ltr'>aut</span> <span class='ocrx_word' id='word_1_403' title='bbox 1559 2415 1675 2451; x_wconf 86' lang='lat' dir='ltr'>etiam</span> 
     </span>
     <span class='ocr_line' id='line_1_46' title="bbox 64 2456 914 2505; baseline 0 -11"><span class='ocrx_word' id='word_1_404' title='bbox 64 2457 232 2502; x_wconf 84' lang='lat' dir='ltr'>imperia</span> <span class='ocrx_word' id='word_1_405' title='bbox 251 2457 366 2504; x_wconf 89' lang='lat' dir='ltr'>quasi</span> <span class='ocrx_word' id='word_1_406' title='bbox 384 2456 433 2494; x_wconf 87' lang='lat' dir='ltr'>ad</span> <span class='ocrx_word' id='word_1_407' title='bbox 454 2457 619 2494; x_wconf 87' lang='lat' dir='ltr'>alterum</span> <span class='ocrx_word' id='word_1_408' title='bbox 635 2458 914 2505; x_wconf 87' lang='lat' dir='ltr'>colloquentis.</span> 
     </span>
    </p>

    <p class='ocr_par' dir='ltr' id='par_1_11' title="bbox 62 2503 1679 2928">
     <span class='ocr_line' id='line_1_47' title="bbox 111 2503 1678 2552; baseline 0.003 -12"><span class='ocrx_word' id='word_1_409' title='bbox 111 2505 213 2545; x_wconf 80' lang='lat' dir='ltr'>Item,</span> <span class='ocrx_word' id='word_1_410' title='bbox 231 2504 274 2541; x_wconf 92' lang='lat' dir='ltr'>in</span> <span class='ocrx_word' id='word_1_411' title='bbox 294 2503 641 2542; x_wconf 83' lang='lat' dir='ltr'>observationibus</span> <span class='ocrx_word' id='word_1_412' title='bbox 659 2505 779 2552; x_wconf 89' lang='lat' dir='ltr'>hujus</span> <span class='ocrx_word' id='word_1_413' title='bbox 809 2505 906 2542; x_wconf 89' lang='lat' dir='ltr'>artis</span> <span class='ocrx_word' id='word_1_414' title='bbox 938 2508 1104 2542; x_wconf 85' lang='lat' dir='ltr'>utuntur</span> <span class='ocrx_word' id='word_1_415' title='bbox 1121 2506 1358 2552; x_wconf 89' lang='lat' dir='ltr'>quibusdam</span> <span class='ocrx_word' id='word_1_416' title='bbox 1384 2507 1678 2545; x_wconf 83' lang='lat' dir='ltr'>characteribus</span> 
     </span>
     <span class='ocr_line' id='line_1_48' title="bbox 63 2551 1676 2599; baseline 0.002 -10"><span class='ocrx_word' id='word_1_417' title='bbox 63 2554 102 2590; x_wconf 74' lang='lat' dir='ltr'>ct</span> <span class='ocrx_word' id='word_1_418' title='bbox 120 2551 260 2598; x_wconf 82' lang='lat' dir='ltr'>figuris</span> <span class='ocrx_word' id='word_1_419' title='bbox 278 2551 564 2588; x_wconf 86' lang='lat' dir='ltr'>determinatis.</span> <span class='ocrx_word' id='word_1_420' title='bbox 593 2552 737 2599; x_wconf 86' lang='lat' dir='ltr'>Figura</span> <span class='ocrx_word' id='word_1_421' title='bbox 758 2556 887 2589; x_wconf 88' lang='lat' dir='ltr'>autem</span> <span class='ocrx_word' id='word_1_422' title='bbox 911 2552 1061 2589; x_wconf 93' lang='lat' dir='ltr'>nullius</span> <span class='ocrx_word' id='word_1_423' title='bbox 1082 2553 1252 2590; x_wconf 88' lang='lat' dir='ltr'>actionis</span> <span class='ocrx_word' id='word_1_424' title='bbox 1271 2554 1509 2599; x_wconf 88' lang='lat' dir='ltr'>principium</span> <span class='ocrx_word' id='word_1_425' title='bbox 1530 2559 1588 2592; x_wconf 89' lang='lat' dir='ltr'>est</span> <span class='ocrx_word' id='word_1_426' title='bbox 1609 2564 1676 2592; x_wconf 88' lang='lat' dir='ltr'>ne-</span> 
     </span>
     <span class='ocr_line' id='line_1_49' title="bbox 67 2598 1675 2647; baseline 0.002 -11"><span class='ocrx_word' id='word_1_427' title='bbox 67 2605 138 2645; x_wconf 59' lang='lat' dir='ltr'>lue</span> <span class='ocrx_word' id='word_1_428' title='bbox 158 2598 388 2644; x_wconf 88' lang='lat' dir='ltr'>passionis;</span> <span class='ocrx_word' id='word_1_429' title='bbox 417 2598 517 2635; x_wconf 86' lang='lat' dir='ltr'>alias</span> <span class='ocrx_word' id='word_1_430' title='bbox 537 2598 817 2636; x_wconf 85' lang='lat' dir='ltr'>mathematica</span> <span class='ocrx_word' id='word_1_431' title='bbox 836 2607 1003 2644; x_wconf 85' lang='lat' dir='ltr'>corpora</span> <span class='ocrx_word' id='word_1_432' title='bbox 1022 2603 1157 2636; x_wconf 87' lang='lat' dir='ltr'>essent</span> <span class='ocrx_word' id='word_1_433' title='bbox 1188 2600 1315 2637; x_wconf 85' lang='lat' dir='ltr'>activa</span> <span class='ocrx_word' id='word_1_434' title='bbox 1340 2604 1378 2637; x_wconf 83' lang='lat' dir='ltr'>et</span> <span class='ocrx_word' id='word_1_435' title='bbox 1395 2601 1567 2647; x_wconf 88' lang='lat' dir='ltr'>passiva.</span> <span class='ocrx_word' id='word_1_436' title='bbox 1589 2603 1675 2639; x_wconf 72' lang='lat' dir='ltr'>Non</span> 
     </span>
     <span class='ocr_line' id='line_1_50' title="bbox 62 2644 1675 2694; baseline 0.002 -12"><span class='ocrx_word' id='word_1_437' title='bbox 62 2653 158 2692; x_wconf 78' lang='lat' dir='ltr'>ergo</span> <span class='ocrx_word' id='word_1_438' title='bbox 179 2649 310 2692; x_wconf 86' lang='lat' dir='ltr'>potest</span> <span class='ocrx_word' id='word_1_439' title='bbox 323 2654 393 2692; x_wconf 86' lang='lat' dir='ltr'>per</span> <span class='ocrx_word' id='word_1_440' title='bbox 408 2644 557 2692; x_wconf 84' lang='lat' dir='ltr'>figuras</span> <span class='ocrx_word' id='word_1_441' title='bbox 579 2645 860 2684; x_wconf 88' lang='lat' dir='ltr'>determinatas</span> <span class='ocrx_word' id='word_1_442' title='bbox 876 2645 1035 2692; x_wconf 89' lang='lat' dir='ltr'>disponi</span> <span class='ocrx_word' id='word_1_443' title='bbox 1050 2646 1214 2684; x_wconf 84' lang='lat' dir='ltr'>materia</span> <span class='ocrx_word' id='word_1_444' title='bbox 1233 2647 1281 2684; x_wconf 86' lang='lat' dir='ltr'>ad</span> <span class='ocrx_word' id='word_1_445' title='bbox 1301 2647 1471 2694; x_wconf 86' lang='lat' dir='ltr'>aliquem</span> <span class='ocrx_word' id='word_1_446' title='bbox 1492 2647 1675 2686; x_wconf 86' lang='lat' dir='ltr'>effectum</span> 
     </span>
     <span class='ocr_line' id='line_1_51' title="bbox 63 2692 1674 2743; baseline 0.002 -14"><span class='ocrx_word' id='word_1_447' title='bbox 63 2692 284 2730; x_wconf 88' lang='lat' dir='ltr'>naturalem</span> <span class='ocrx_word' id='word_1_448' title='bbox 311 2692 626 2738; x_wconf 88' lang='lat' dir='ltr'>suscipiendum.</span> <span class='ocrx_word' id='word_1_449' title='bbox 647 2694 734 2730; x_wconf 91' lang='lat' dir='ltr'>Non</span> <span class='ocrx_word' id='word_1_450' title='bbox 752 2702 847 2739; x_wconf 83' lang='lat' dir='ltr'>ergo</span> <span class='ocrx_word' id='word_1_451' title='bbox 868 2695 1032 2730; x_wconf 84' lang='lat' dir='ltr'>utuntur</span> <span class='ocrx_word' id='word_1_452' title='bbox 1056 2693 1162 2740; x_wconf 84' lang='lat' dir='ltr'>magi</span> <span class='ocrx_word' id='word_1_453' title='bbox 1183 2693 1312 2741; x_wconf 84' lang='lat' dir='ltr'>signis</span> <span class='ocrx_word' id='word_1_454' title='bbox 1331 2695 1532 2742; x_wconf 90' lang='lat' dir='ltr'>aliquibus</span> <span class='ocrx_word' id='word_1_455' title='bbox 1561 2697 1674 2743; x_wconf 83' lang='lat' dir='ltr'>quasi</span> 
     </span>
     <span class='ocr_line' id='line_1_52' title="bbox 65 2737 1676 2792; baseline 0.002 -16"><span class='ocrx_word' id='word_1_456' title='bbox 65 2737 412 2786; x_wconf 82' lang='lat' dir='ltr'>dispositionibus.</span> <span class='ocrx_word' id='word_1_457' title='bbox 434 2740 685 2787; x_wconf 86' lang='lat' dir='ltr'>Relinquitur</span> <span class='ocrx_word' id='word_1_458' title='bbox 709 2749 804 2787; x_wconf 86' lang='lat' dir='ltr'>ergo</span> <span class='ocrx_word' id='word_1_459' title='bbox 822 2739 927 2792; x_wconf 85' lang='lat' dir='ltr'>quod</span> <span class='ocrx_word' id='word_1_460' title='bbox 950 2743 1116 2792; x_wconf 81' lang='lat' dir='ltr'>utuntur</span> <span class='ocrx_word' id='word_1_461' title='bbox 1140 2740 1199 2779; x_wconf 86' lang='lat' dir='ltr'>eis</span> <span class='ocrx_word' id='word_1_462' title='bbox 1225 2742 1341 2789; x_wconf 86' lang='lat' dir='ltr'>quasi</span> <span class='ocrx_word' id='word_1_463' title='bbox 1369 2742 1499 2789; x_wconf 83' lang='lat' dir='ltr'>signis</span> <span class='ocrx_word' id='word_1_464' title='bbox 1517 2754 1528 2788; x_wconf 89' lang='grc'>;</span> <span class='ocrx_word' id='word_1_465' title='bbox 1549 2752 1676 2789; x_wconf 90' lang='lat' dir='ltr'>neque</span> 
     </span>
     <span class='ocr_line' id='line_1_53' title="bbox 63 2785 1679 2834; baseline 0.002 -11"><span class='ocrx_word' id='word_1_466' title='bbox 63 2785 172 2823; x_wconf 82' lang='lat' dir='ltr'>enim</span> <span class='ocrx_word' id='word_1_467' title='bbox 191 2790 253 2824; x_wconf 87' lang='lat' dir='ltr'>est</span> <span class='ocrx_word' id='word_1_468' title='bbox 271 2786 379 2824; x_wconf 85' lang='lat' dir='ltr'>aliud</span> <span class='ocrx_word' id='word_1_469' title='bbox 401 2786 705 2824; x_wconf 84' lang='lat' dir='ltr'>determinatum</span> <span class='ocrx_word' id='word_1_470' title='bbox 725 2787 832 2825; x_wconf 89' lang='lat' dir='ltr'>dare.</span> <span class='ocrx_word' id='word_1_471' title='bbox 848 2788 983 2834; x_wconf 85' lang='lat' dir='ltr'>Slgnls</span> <span class='ocrx_word' id='word_1_472' title='bbox 994 2790 1126 2824; x_wconf 88' lang='lat' dir='ltr'>autem</span> <span class='ocrx_word' id='word_1_473' title='bbox 1144 2797 1226 2826; x_wconf 89' lang='lat' dir='ltr'>non</span> <span class='ocrx_word' id='word_1_474' title='bbox 1248 2789 1395 2827; x_wconf 87' lang='lat' dir='ltr'>utimur</span> <span class='ocrx_word' id='word_1_475' title='bbox 1413 2790 1490 2827; x_wconf 89' lang='lat' dir='ltr'>nisi</span> <span class='ocrx_word' id='word_1_476' title='bbox 1513 2789 1561 2827; x_wconf 85' lang='lat' dir='ltr'>ad</span> <span class='ocrx_word' id='word_1_477' title='bbox 1575 2790 1679 2827; x_wconf 90' lang='lat' dir='ltr'>alios</span> 
     </span>
     <span class='ocr_line' id='line_1_54' title="bbox 62 2831 1674 2884; baseline 0.002 -15"><span class='ocrx_word' id='word_1_478' title='bbox 62 2831 345 2880; x_wconf 77' lang='lat' dir='ltr'>intelligentes.</span> <span class='ocrx_word' id='word_1_479' title='bbox 362 2833 512 2871; x_wconf 88' lang='lat' dir='ltr'>Habent</span> <span class='ocrx_word' id='word_1_480' title='bbox 533 2834 655 2880; x_wconf 80' lang='lat' dir='ltr'>igitur</span> <span class='ocrx_word' id='word_1_481' title='bbox 674 2835 839 2882; x_wconf 77' lang='lat' dir='ltr'>magicae</span> <span class='ocrx_word' id='word_1_482' title='bbox 855 2838 960 2872; x_wconf 88' lang='lat' dir='ltr'>artes</span> <span class='ocrx_word' id='word_1_483' title='bbox 979 2833 1197 2874; x_wconf 83' lang='lat' dir='ltr'>efficaciam</span> <span class='ocrx_word' id='word_1_484' title='bbox 1213 2835 1262 2874; x_wconf 86' lang='lat' dir='ltr'>ab</span> <span class='ocrx_word' id='word_1_485' title='bbox 1276 2836 1356 2875; x_wconf 89' lang='lat' dir='ltr'>alio</span> <span class='ocrx_word' id='word_1_486' title='bbox 1370 2836 1615 2884; x_wconf 82' lang='lat' dir='ltr'>intelligente</span> <span class='ocrx_word' id='word_1_487' title='bbox 1628 2837 1674 2873; x_wconf 87' lang='lat' dir='ltr'>ad</span> 
     </span>
     <span class='ocr_line' id='line_1_55' title="bbox 62 2881 676 2928; baseline 0.003 -11"><span class='ocrx_word' id='word_1_488' title='bbox 62 2888 181 2927; x_wconf 86' lang='lat' dir='ltr'>quem</span> <span class='ocrx_word' id='word_1_489' title='bbox 201 2889 332 2918; x_wconf 87' lang='lat' dir='ltr'>sermo</span> <span class='ocrx_word' id='word_1_490' title='bbox 352 2881 460 2928; x_wconf 79' lang='lat' dir='ltr'>magi</span> <span class='ocrx_word' id='word_1_491' title='bbox 481 2881 676 2928; x_wconf 83' lang='lat' dir='ltr'>dirigitur.</span> 
     </span>
    </p>
   </div>
  </div>
 </body>
</html>
