<?xml version="1.0" encoding="UTF-8"?>
<!DOCTYPE html PUBLIC "-//W3C//DTD XHTML 1.0 Transitional//EN"
    "http://www.w3.org/TR/xhtml1/DTD/xhtml1-transitional.dtd">
<html xmlns="http://www.w3.org/1999/xhtml" xml:lang="en" lang="en">
 <head>
  <title>
</title>
<meta http-equiv="Content-Type" content="text/html;charset=utf-8" />
  <meta name='ocr-system' content='tesseract 3.04.00' />
  <meta name='ocr-capabilities' content='ocr_page ocr_carea ocr_par ocr_line ocrx_word'/>
</head>
<body>
  <div class='ocr_page' id='page_1' title='image "./deveritatecathol00thomuoft_0061.png"; bbox 0 0 1894 3223; ppageno 0'>
   <div class='ocr_carea' id='block_1_1' title="bbox 705 181 1691 222">
    <p class='ocr_par' dir='ltr' id='par_1_1' title="bbox 705 181 1691 222">
     <span class='ocr_line' id='line_1_1' title="bbox 705 181 1691 222; baseline 0.003 -7"><span class='ocrx_word' id='word_1_1' title='bbox 705 181 791 215; x_wconf 87' lang='lat' dir='ltr'>LlB.</span> <span class='ocrx_word' id='word_1_2' title='bbox 823 181 849 222; x_wconf 87' lang='lat' dir='ltr'>l,</span> <span class='ocrx_word' id='word_1_3' title='bbox 878 181 977 216; x_wconf 71' lang='lat' dir='ltr'>CAP.</span> <span class='ocrx_word' id='word_1_4' title='bbox 1004 181 1072 216; x_wconf 82' lang='lat' dir='ltr'>XX.</span> <span class='ocrx_word' id='word_1_5' title='bbox 1652 187 1691 218; x_wconf 77' lang='lat'>21</span> 
     </span>
    </p>
   </div>
   <div class='ocr_carea' id='block_1_2' title="bbox 76 261 1697 1068">
    <p class='ocr_par' dir='ltr' id='par_1_2' title="bbox 76 261 1697 499">
     <span class='ocr_line' id='line_1_2' title="bbox 79 261 1697 310; baseline -0.001 -8"><span class='ocrx_word' id='word_1_6' title='bbox 79 265 197 309; x_wconf 89' lang='lat' dir='ltr'>sicut,</span> <span class='ocrx_word' id='word_1_7' title='bbox 219 263 259 301; x_wconf 93' lang='lat' dir='ltr'>in</span> <span class='ocrx_word' id='word_1_8' title='bbox 281 272 424 310; x_wconf 82' lang='lat' dir='ltr'>genere</span> <span class='ocrx_word' id='word_1_9' title='bbox 445 261 577 306; x_wconf 88' lang='lat' dir='ltr'>calidi,</span> <span class='ocrx_word' id='word_1_10' title='bbox 600 262 720 307; x_wconf 75' lang='lat' dir='ltr'>ignis,</span> <span class='ocrx_word' id='word_1_11' title='bbox 741 262 806 308; x_wconf 87' lang='lat' dir='ltr'>qui</span> <span class='ocrx_word' id='word_1_12' title='bbox 831 271 909 299; x_wconf 93' lang='lat' dir='ltr'>non</span> <span class='ocrx_word' id='word_1_13' title='bbox 938 262 1055 299; x_wconf 84' lang='lat' dir='ltr'>habet</span> <span class='ocrx_word' id='word_1_14' title='bbox 1089 263 1260 309; x_wconf 82' lang='lat' dir='ltr'>aliquam</span> <span class='ocrx_word' id='word_1_15' title='bbox 1295 263 1598 309; x_wconf 74' lang='lat' dir='ltr'>permixtionem</span> <span class='ocrx_word' id='word_1_16' title='bbox 1633 265 1697 301; x_wconf 86' lang='lat' dir='ltr'>sri-</span> 
     </span>
     <span class='ocr_line' id='line_1_3' title="bbox 77 308 1695 358; baseline 0 -10"><span class='ocrx_word' id='word_1_17' title='bbox 77 312 173 358; x_wconf 86' lang='lat' dir='ltr'>gidi.</span> <span class='ocrx_word' id='word_1_18' title='bbox 198 311 308 355; x_wconf 80' lang='lat' dir='ltr'>Quod</span> <span class='ocrx_word' id='word_1_19' title='bbox 331 310 452 355; x_wconf 80' lang='lat' dir='ltr'>igitur</span> <span class='ocrx_word' id='word_1_20' title='bbox 472 313 532 346; x_wconf 73' lang='lat' dir='ltr'>est</span> <span class='ocrx_word' id='word_1_21' title='bbox 553 309 592 345; x_wconf 94' lang='lat' dir='ltr'>in</span> <span class='ocrx_word' id='word_1_22' title='bbox 614 308 690 345; x_wconf 87' lang='lat' dir='ltr'>tine</span> <span class='ocrx_word' id='word_1_23' title='bbox 713 309 932 346; x_wconf 79' lang='lat' dir='ltr'>nobilitatis</span> <span class='ocrx_word' id='word_1_24' title='bbox 954 310 1131 347; x_wconf 88' lang='lat' dir='ltr'>omnium</span> <span class='ocrx_word' id='word_1_25' title='bbox 1155 310 1318 354; x_wconf 83' lang='lat' dir='ltr'>entium,</span> <span class='ocrx_word' id='word_1_26' title='bbox 1351 315 1505 356; x_wconf 78' lang='lat' dir='ltr'>oportet</span> <span class='ocrx_word' id='word_1_27' title='bbox 1535 322 1623 348; x_wconf 67' lang='lat' dir='ltr'>esse</span> <span class='ocrx_word' id='word_1_28' title='bbox 1656 313 1695 348; x_wconf 92' lang='lat' dir='ltr'>in</span> 
     </span>
     <span class='ocr_line' id='line_1_4' title="bbox 78 356 1694 404; baseline 0 -9"><span class='ocrx_word' id='word_1_29' title='bbox 78 360 156 396; x_wconf 87' lang='lat' dir='ltr'>tine</span> <span class='ocrx_word' id='word_1_30' title='bbox 177 357 459 404; x_wconf 78' lang='lat' dir='ltr'>simplicitatis.</span> <span class='ocrx_word' id='word_1_31' title='bbox 481 358 560 393; x_wconf 86' lang='lat' dir='ltr'>Hoc</span> <span class='ocrx_word' id='word_1_32' title='bbox 575 361 720 399; x_wconf 79' lang='lat' dir='ltr'>autem,</span> <span class='ocrx_word' id='word_1_33' title='bbox 743 356 846 402; x_wconf 85' lang='lat' dir='ltr'>quod</span> <span class='ocrx_word' id='word_1_34' title='bbox 869 360 929 394; x_wconf 87' lang='lat' dir='ltr'>est</span> <span class='ocrx_word' id='word_1_35' title='bbox 950 357 988 393; x_wconf 92' lang='lat' dir='ltr'>in</span> <span class='ocrx_word' id='word_1_36' title='bbox 1007 357 1082 394; x_wconf 80' lang='lat' dir='ltr'>sine</span> <span class='ocrx_word' id='word_1_37' title='bbox 1099 357 1316 394; x_wconf 81' lang='lat' dir='ltr'>nobilitatis</span> <span class='ocrx_word' id='word_1_38' title='bbox 1330 358 1507 394; x_wconf 86' lang='lat' dir='ltr'>omnium</span> <span class='ocrx_word' id='word_1_39' title='bbox 1529 359 1694 404; x_wconf 77' lang='lat' dir='ltr'>entium,</span> 
     </span>
     <span class='ocr_line' id='line_1_5' title="bbox 77 403 1692 450; baseline 0 -7"><span class='ocrx_word' id='word_1_40' title='bbox 77 406 248 443; x_wconf 86' lang='lat' dir='ltr'>dicimus</span> <span class='ocrx_word' id='word_1_41' title='bbox 272 407 406 449; x_wconf 89' lang='lat' dir='ltr'>Deum,</span> <span class='ocrx_word' id='word_1_42' title='bbox 429 413 550 450; x_wconf 90' lang='lat' dir='ltr'>quum</span> <span class='ocrx_word' id='word_1_43' title='bbox 572 404 624 441; x_wconf 92' lang='lat' dir='ltr'>sit</span> <span class='ocrx_word' id='word_1_44' title='bbox 643 403 768 449; x_wconf 87' lang='lat' dir='ltr'>prima</span> <span class='ocrx_word' id='word_1_45' title='bbox 791 413 911 441; x_wconf 87' lang='lat' dir='ltr'>causa</span> <span class='ocrx_word' id='word_1_46' title='bbox 934 416 942 447; x_wconf 81' lang='lat'>3</span> <span class='ocrx_word' id='word_1_47' title='bbox 965 414 1087 442; x_wconf 87' lang='lat' dir='ltr'>causa</span> <span class='ocrx_word' id='word_1_48' title='bbox 1114 405 1218 442; x_wconf 88' lang='lat' dir='ltr'>enim</span> <span class='ocrx_word' id='word_1_49' title='bbox 1241 408 1300 442; x_wconf 89' lang='lat' dir='ltr'>est</span> <span class='ocrx_word' id='word_1_50' title='bbox 1331 404 1505 443; x_wconf 87' lang='lat' dir='ltr'>nobilior</span> <span class='ocrx_word' id='word_1_51' title='bbox 1536 406 1692 444; x_wconf 82' lang='lat' dir='ltr'>effectu.</span> 
     </span>
     <span class='ocr_line' id='line_1_6' title="bbox 76 450 1008 499; baseline -0.002 -9"><span class='ocrx_word' id='word_1_52' title='bbox 76 453 192 491; x_wconf 82' lang='lat' dir='ltr'>Nulla</span> <span class='ocrx_word' id='word_1_53' title='bbox 209 452 330 499; x_wconf 86' lang='lat' dir='ltr'>igitur</span> <span class='ocrx_word' id='word_1_54' title='bbox 349 451 587 496; x_wconf 85' lang='lat' dir='ltr'>compositio</span> <span class='ocrx_word' id='word_1_55' title='bbox 611 451 644 487; x_wconf 89' lang='lat' dir='ltr'>ei</span> <span class='ocrx_word' id='word_1_56' title='bbox 667 450 845 488; x_wconf 85' lang='lat' dir='ltr'>accidere</span> <span class='ocrx_word' id='word_1_57' title='bbox 866 455 1008 497; x_wconf 89' lang='lat' dir='ltr'>potest.</span> 
     </span>
    </p>

    <p class='ocr_par' dir='ltr' id='par_1_3' title="bbox 76 498 1697 922">
     <span class='ocr_line' id='line_1_7' title="bbox 124 498 1695 547; baseline 0.001 -11"><span class='ocrx_word' id='word_1_58' title='bbox 124 501 315 543; x_wconf 82' lang='lat' dir='ltr'>Praeterea,</span> <span class='ocrx_word' id='word_1_59' title='bbox 338 498 379 535; x_wconf 90' lang='lat' dir='ltr'>in</span> <span class='ocrx_word' id='word_1_60' title='bbox 399 498 507 536; x_wconf 90' lang='lat' dir='ltr'>omni</span> <span class='ocrx_word' id='word_1_61' title='bbox 525 498 762 544; x_wconf 78' lang='lat' dir='ltr'>composite,</span> <span class='ocrx_word' id='word_1_62' title='bbox 782 498 930 535; x_wconf 90' lang='lat' dir='ltr'>bonum</span> <span class='ocrx_word' id='word_1_63' title='bbox 952 507 1031 536; x_wconf 92' lang='lat' dir='ltr'>non</span> <span class='ocrx_word' id='word_1_64' title='bbox 1053 499 1242 547; x_wconf 83' lang='lat' dir='ltr'>esthujus</span> <span class='ocrx_word' id='word_1_65' title='bbox 1257 499 1316 537; x_wconf 91' lang='lat' dir='ltr'>vel</span> <span class='ocrx_word' id='word_1_66' title='bbox 1332 499 1441 538; x_wconf 88' lang='lat' dir='ltr'>illius</span> <span class='ocrx_word' id='word_1_67' title='bbox 1464 501 1601 546; x_wconf 83' lang='lat' dir='ltr'>partis,</span> <span class='ocrx_word' id='word_1_68' title='bbox 1625 501 1695 538; x_wconf 83' lang='lat' dir='ltr'>sed</span> 
     </span>
     <span class='ocr_line' id='line_1_8' title="bbox 78 545 1694 594; baseline 0.001 -10"><span class='ocrx_word' id='word_1_69' title='bbox 78 546 229 591; x_wconf 87' lang='lat' dir='ltr'>totius;</span> <span class='ocrx_word' id='word_1_70' title='bbox 251 549 288 583; x_wconf 90' lang='lat' dir='ltr'>et</span> <span class='ocrx_word' id='word_1_71' title='bbox 305 545 394 583; x_wconf 90' lang='lat' dir='ltr'>dico</span> <span class='ocrx_word' id='word_1_72' title='bbox 413 545 561 582; x_wconf 87' lang='lat' dir='ltr'>bonum</span> <span class='ocrx_word' id='word_1_73' title='bbox 585 545 803 582; x_wconf 88' lang='lat' dir='ltr'>secundum</span> <span class='ocrx_word' id='word_1_74' title='bbox 826 545 933 582; x_wconf 89' lang='lat' dir='ltr'>illam</span> <span class='ocrx_word' id='word_1_75' title='bbox 952 546 1182 591; x_wconf 88' lang='lat' dir='ltr'>bonitatem,</span> <span class='ocrx_word' id='word_1_76' title='bbox 1205 557 1290 594; x_wconf 83' lang='lat' dir='ltr'>quae</span> <span class='ocrx_word' id='word_1_77' title='bbox 1312 550 1372 584; x_wconf 88' lang='lat' dir='ltr'>est</span> <span class='ocrx_word' id='word_1_78' title='bbox 1392 548 1549 594; x_wconf 85' lang='lat' dir='ltr'>propria</span> <span class='ocrx_word' id='word_1_79' title='bbox 1572 548 1694 586; x_wconf 89' lang='lat' dir='ltr'>totius</span> 
     </span>
     <span class='ocr_line' id='line_1_9' title="bbox 79 592 1694 642; baseline 0 -10"><span class='ocrx_word' id='word_1_80' title='bbox 79 597 118 632; x_wconf 88' lang='lat' dir='ltr'>et</span> <span class='ocrx_word' id='word_1_81' title='bbox 137 593 326 640; x_wconf 78' lang='lat' dir='ltr'>perfectio</span> <span class='ocrx_word' id='word_1_82' title='bbox 345 592 445 639; x_wconf 85' lang='lat' dir='ltr'>ejus.</span> <span class='ocrx_word' id='word_1_83' title='bbox 468 594 563 629; x_wconf 88' lang='lat' dir='ltr'>Nam</span> <span class='ocrx_word' id='word_1_84' title='bbox 582 595 713 638; x_wconf 84' lang='lat' dir='ltr'>partes</span> <span class='ocrx_word' id='word_1_85' title='bbox 734 596 828 630; x_wconf 87' lang='lat' dir='ltr'>sunt</span> <span class='ocrx_word' id='word_1_86' title='bbox 847 592 1085 639; x_wconf 79' lang='lat' dir='ltr'>imperfectae</span> <span class='ocrx_word' id='word_1_87' title='bbox 1102 599 1281 640; x_wconf 86' lang='lat' dir='ltr'>respectu</span> <span class='ocrx_word' id='word_1_88' title='bbox 1294 595 1429 638; x_wconf 89' lang='lat' dir='ltr'>totius,</span> <span class='ocrx_word' id='word_1_89' title='bbox 1446 595 1549 632; x_wconf 89' lang='lat' dir='ltr'>sicut</span> <span class='ocrx_word' id='word_1_90' title='bbox 1563 599 1694 642; x_wconf 87' lang='lat' dir='ltr'>partes</span> 
     </span>
     <span class='ocr_line' id='line_1_10' title="bbox 77 639 1696 689; baseline 0.001 -10"><span class='ocrx_word' id='word_1_91' title='bbox 77 640 254 679; x_wconf 91' lang='lat' dir='ltr'>hominis</span> <span class='ocrx_word' id='word_1_92' title='bbox 275 649 354 677; x_wconf 92' lang='lat' dir='ltr'>non</span> <span class='ocrx_word' id='word_1_93' title='bbox 375 643 468 677; x_wconf 92' lang='lat' dir='ltr'>sunt</span> <span class='ocrx_word' id='word_1_94' title='bbox 489 639 624 676; x_wconf 89' lang='lat' dir='ltr'>homo.</span> <span class='ocrx_word' id='word_1_95' title='bbox 650 641 783 677; x_wconf 82' lang='lat' dir='ltr'>Partes</span> <span class='ocrx_word' id='word_1_96' title='bbox 802 640 919 677; x_wconf 81' lang='lat' dir='ltr'>etiam</span> <span class='ocrx_word' id='word_1_97' title='bbox 941 641 1094 677; x_wconf 78' lang='lat' dir='ltr'>numeri</span> <span class='ocrx_word' id='word_1_98' title='bbox 1116 642 1262 678; x_wconf 87' lang='lat' dir='ltr'>senarii</span> <span class='ocrx_word' id='word_1_99' title='bbox 1288 650 1367 678; x_wconf 89' lang='lat' dir='ltr'>non</span> <span class='ocrx_word' id='word_1_100' title='bbox 1391 642 1535 679; x_wconf 83' lang='lat' dir='ltr'>habent</span> <span class='ocrx_word' id='word_1_101' title='bbox 1550 643 1696 689; x_wconf 86' lang='lat' dir='ltr'>perfec-</span> 
     </span>
     <span class='ocr_line' id='line_1_11' title="bbox 78 686 1694 734; baseline 0.001 -9"><span class='ocrx_word' id='word_1_102' title='bbox 78 688 225 726; x_wconf 80' lang='lat' dir='ltr'>tionem</span> <span class='ocrx_word' id='word_1_103' title='bbox 247 686 394 724; x_wconf 83' lang='lat' dir='ltr'>senarii</span> <span class='ocrx_word' id='word_1_104' title='bbox 415 699 423 731; x_wconf 92' lang='lat'>;</span> <span class='ocrx_word' id='word_1_105' title='bbox 446 690 483 723; x_wconf 88' lang='lat' dir='ltr'>et</span> <span class='ocrx_word' id='word_1_106' title='bbox 503 687 688 723; x_wconf 88' lang='lat' dir='ltr'>similiter</span> <span class='ocrx_word' id='word_1_107' title='bbox 706 690 837 733; x_wconf 89' lang='lat' dir='ltr'>partes</span> <span class='ocrx_word' id='word_1_108' title='bbox 859 687 974 725; x_wconf 84' lang='lat' dir='ltr'>lineae</span> <span class='ocrx_word' id='word_1_109' title='bbox 994 697 1074 725; x_wconf 91' lang='lat' dir='ltr'>non</span> <span class='ocrx_word' id='word_1_110' title='bbox 1098 689 1330 734; x_wconf 84' lang='lat' dir='ltr'>perveniunt</span> <span class='ocrx_word' id='word_1_111' title='bbox 1345 688 1392 724; x_wconf 89' lang='lat' dir='ltr'>ad</span> <span class='ocrx_word' id='word_1_112' title='bbox 1410 690 1694 734; x_wconf 76' lang='lat' dir='ltr'>perfectionem</span> 
     </span>
     <span class='ocr_line' id='line_1_12' title="bbox 79 734 1694 783; baseline 0.001 -11"><span class='ocrx_word' id='word_1_113' title='bbox 79 744 290 778; x_wconf 81' lang='lat' dir='ltr'>mensurae,</span> <span class='ocrx_word' id='word_1_114' title='bbox 312 743 399 781; x_wconf 83' lang='lat' dir='ltr'>quae</span> <span class='ocrx_word' id='word_1_115' title='bbox 434 734 474 770; x_wconf 92' lang='lat' dir='ltr'>in</span> <span class='ocrx_word' id='word_1_116' title='bbox 494 737 575 770; x_wconf 88' lang='lat' dir='ltr'>tota</span> <span class='ocrx_word' id='word_1_117' title='bbox 592 734 696 771; x_wconf 81' lang='lat' dir='ltr'>linea</span> <span class='ocrx_word' id='word_1_118' title='bbox 723 734 933 771; x_wconf 84' lang='lat' dir='ltr'>invenitur.</span> <span class='ocrx_word' id='word_1_119' title='bbox 957 734 995 772; x_wconf 91' lang='lat' dir='ltr'>Si</span> <span class='ocrx_word' id='word_1_120' title='bbox 1023 745 1116 781; x_wconf 77' lang='lat' dir='ltr'>ergo</span> <span class='ocrx_word' id='word_1_121' title='bbox 1133 737 1236 772; x_wconf 88' lang='lat' dir='ltr'>Deus</span> <span class='ocrx_word' id='word_1_122' title='bbox 1253 739 1312 772; x_wconf 88' lang='lat' dir='ltr'>est</span> <span class='ocrx_word' id='word_1_123' title='bbox 1335 737 1596 780; x_wconf 87' lang='lat' dir='ltr'>compositus,</span> <span class='ocrx_word' id='word_1_124' title='bbox 1611 747 1694 783; x_wconf 85' lang='lat' dir='ltr'>per-</span> 
     </span>
     <span class='ocr_line' id='line_1_13' title="bbox 76 781 1697 831; baseline 0.001 -11"><span class='ocrx_word' id='word_1_125' title='bbox 76 782 195 820; x_wconf 83' lang='lat' dir='ltr'>fectio</span> <span class='ocrx_word' id='word_1_126' title='bbox 223 785 261 818; x_wconf 91' lang='lat' dir='ltr'>et</span> <span class='ocrx_word' id='word_1_127' title='bbox 297 781 456 818; x_wconf 82' lang='lat' dir='ltr'>bonitas</span> <span class='ocrx_word' id='word_1_128' title='bbox 488 781 573 827; x_wconf 72' lang='lat' dir='ltr'>cjiis</span> <span class='ocrx_word' id='word_1_129' title='bbox 593 782 750 827; x_wconf 85' lang='lat' dir='ltr'>propria</span> <span class='ocrx_word' id='word_1_130' title='bbox 784 782 984 818; x_wconf 72' lang='lat' dir='ltr'>invenitur</span> <span class='ocrx_word' id='word_1_131' title='bbox 1013 781 1052 817; x_wconf 90' lang='lat' dir='ltr'>in</span> <span class='ocrx_word' id='word_1_132' title='bbox 1078 786 1173 826; x_wconf 89' lang='lat' dir='ltr'>toto,</span> <span class='ocrx_word' id='word_1_133' title='bbox 1206 791 1286 819; x_wconf 90' lang='lat' dir='ltr'>non</span> <span class='ocrx_word' id='word_1_134' title='bbox 1322 786 1452 818; x_wconf 81' lang='lat' dir='ltr'>autem</span> <span class='ocrx_word' id='word_1_135' title='bbox 1488 783 1527 819; x_wconf 88' lang='lat' dir='ltr'>in</span> <span class='ocrx_word' id='word_1_136' title='bbox 1562 785 1697 831; x_wconf 79' lang='lat' dir='ltr'>aliqua</span> 
     </span>
     <span class='ocr_line' id='line_1_14' title="bbox 76 828 1692 877; baseline 0 -10"><span class='ocrx_word' id='word_1_137' title='bbox 76 829 163 876; x_wconf 86' lang='lat' dir='ltr'>ejus</span> <span class='ocrx_word' id='word_1_138' title='bbox 183 828 367 875; x_wconf 86' lang='lat' dir='ltr'>partium.</span> <span class='ocrx_word' id='word_1_139' title='bbox 391 830 433 865; x_wconf 89' lang='lat' dir='ltr'>Et</span> <span class='ocrx_word' id='word_1_140' title='bbox 454 828 511 864; x_wconf 88' lang='lat' dir='ltr'>sic</span> <span class='ocrx_word' id='word_1_141' title='bbox 534 838 612 865; x_wconf 91' lang='lat' dir='ltr'>non</span> <span class='ocrx_word' id='word_1_142' title='bbox 633 829 706 864; x_wconf 88' lang='lat' dir='ltr'>crit</span> <span class='ocrx_word' id='word_1_143' title='bbox 726 829 765 864; x_wconf 92' lang='lat' dir='ltr'>in</span> <span class='ocrx_word' id='word_1_144' title='bbox 788 837 835 865; x_wconf 90' lang='lat' dir='ltr'>eo</span> <span class='ocrx_word' id='word_1_145' title='bbox 855 838 951 874; x_wconf 85' lang='lat' dir='ltr'>pure</span> <span class='ocrx_word' id='word_1_146' title='bbox 972 828 1009 865; x_wconf 91' lang='lat' dir='ltr'>id</span> <span class='ocrx_word' id='word_1_147' title='bbox 1034 829 1180 866; x_wconf 91' lang='lat' dir='ltr'>bonum</span> <span class='ocrx_word' id='word_1_148' title='bbox 1203 830 1308 876; x_wconf 81' lang='lat' dir='ltr'>quod</span> <span class='ocrx_word' id='word_1_149' title='bbox 1328 833 1387 865; x_wconf 85' lang='lat' dir='ltr'>est</span> <span class='ocrx_word' id='word_1_150' title='bbox 1406 831 1606 875; x_wconf 85' lang='lat' dir='ltr'>proprium</span> <span class='ocrx_word' id='word_1_151' title='bbox 1628 832 1662 867; x_wconf 88' lang='lat' dir='ltr'>ei</span> <span class='ocrx_word' id='word_1_152' title='bbox 1683 844 1692 877; x_wconf 91' lang='lat'>;</span> 
     </span>
     <span class='ocr_line' id='line_1_15' title="bbox 76 874 1119 922; baseline -0.002 -9"><span class='ocrx_word' id='word_1_153' title='bbox 76 885 156 914; x_wconf 91' lang='lat' dir='ltr'>non</span> <span class='ocrx_word' id='word_1_154' title='bbox 183 879 244 913; x_wconf 85' lang='lat' dir='ltr'>est</span> <span class='ocrx_word' id='word_1_155' title='bbox 264 884 358 922; x_wconf 85' lang='lat' dir='ltr'>ergo</span> <span class='ocrx_word' id='word_1_156' title='bbox 377 875 460 921; x_wconf 84' lang='lat' dir='ltr'>ipse</span> <span class='ocrx_word' id='word_1_157' title='bbox 483 876 651 920; x_wconf 85' lang='lat' dir='ltr'>primum</span> <span class='ocrx_word' id='word_1_158' title='bbox 673 879 710 912; x_wconf 84' lang='lat' dir='ltr'>ct</span> <span class='ocrx_word' id='word_1_159' title='bbox 732 884 934 912; x_wconf 88' lang='lat' dir='ltr'>summum</span> <span class='ocrx_word' id='word_1_160' title='bbox 955 874 1119 912; x_wconf 89' lang='lat' dir='ltr'>bonum.</span> 
     </span>
    </p>

    <p class='ocr_par' dir='ltr' id='par_1_4' title="bbox 76 922 1693 1068">
     <span class='ocr_line' id='line_1_16' title="bbox 123 922 1692 967; baseline 0.002 -8"><span class='ocrx_word' id='word_1_161' title='bbox 123 925 222 963; x_wconf 84' lang='lat' dir='ltr'>Item,</span> <span class='ocrx_word' id='word_1_162' title='bbox 261 926 349 959; x_wconf 87' lang='lat' dir='ltr'>ante</span> <span class='ocrx_word' id='word_1_163' title='bbox 387 922 678 959; x_wconf 72' lang='lat' dir='ltr'>multitudinem</span> <span class='ocrx_word' id='word_1_164' title='bbox 716 925 870 967; x_wconf 85' lang='lat' dir='ltr'>oportet</span> <span class='ocrx_word' id='word_1_165' title='bbox 898 922 1073 959; x_wconf 86' lang='lat' dir='ltr'>invenire</span> <span class='ocrx_word' id='word_1_166' title='bbox 1108 923 1310 961; x_wconf 85' lang='lat' dir='ltr'>unitatem.</span> <span class='ocrx_word' id='word_1_167' title='bbox 1335 927 1376 961; x_wconf 94' lang='lat' dir='ltr'>In</span> <span class='ocrx_word' id='word_1_168' title='bbox 1417 925 1523 961; x_wconf 90' lang='lat' dir='ltr'>omni</span> <span class='ocrx_word' id='word_1_169' title='bbox 1563 929 1692 962; x_wconf 82' lang='lat' dir='ltr'>autem</span> 
     </span>
     <span class='ocr_line' id='line_1_17' title="bbox 76 969 1693 1017; baseline 0.001 -10"><span class='ocrx_word' id='word_1_170' title='bbox 76 970 302 1016; x_wconf 89' lang='lat' dir='ltr'>composito</span> <span class='ocrx_word' id='word_1_171' title='bbox 325 973 384 1008; x_wconf 88' lang='lat' dir='ltr'>est</span> <span class='ocrx_word' id='word_1_172' title='bbox 401 969 627 1006; x_wconf 84' lang='lat' dir='ltr'>multitudo.</span> <span class='ocrx_word' id='word_1_173' title='bbox 650 969 773 1015; x_wconf 83' lang='lat' dir='ltr'>Igitur</span> <span class='ocrx_word' id='word_1_174' title='bbox 793 972 948 1015; x_wconf 84' lang='lat' dir='ltr'>oportet</span> <span class='ocrx_word' id='word_1_175' title='bbox 965 969 1018 1012; x_wconf 88' lang='lat' dir='ltr'>id,</span> <span class='ocrx_word' id='word_1_176' title='bbox 1041 971 1146 1015; x_wconf 85' lang='lat' dir='ltr'>quod</span> <span class='ocrx_word' id='word_1_177' title='bbox 1167 974 1227 1007; x_wconf 91' lang='lat' dir='ltr'>est</span> <span class='ocrx_word' id='word_1_178' title='bbox 1247 975 1337 1008; x_wconf 88' lang='lat' dir='ltr'>ante</span> <span class='ocrx_word' id='word_1_179' title='bbox 1358 972 1506 1017; x_wconf 88' lang='lat' dir='ltr'>omnia,</span> <span class='ocrx_word' id='word_1_180' title='bbox 1542 972 1693 1009; x_wconf 87' lang='lat' dir='ltr'>scilicet</span> 
     </span>
     <span class='ocr_line' id='line_1_18' title="bbox 77 1015 1308 1068; baseline 0.002 -14"><span class='ocrx_word' id='word_1_181' title='bbox 77 1019 216 1063; x_wconf 88' lang='lat' dir='ltr'>Deum,</span> <span class='ocrx_word' id='word_1_182' title='bbox 239 1016 346 1055; x_wconf 89' lang='lat' dir='ltr'>omni</span> <span class='ocrx_word' id='word_1_183' title='bbox 368 1015 658 1064; x_wconf 88' lang='lat' dir='ltr'>compositione</span> <span class='ocrx_word' id='word_1_184' title='bbox 682 1017 868 1062; x_wconf 61' lang='lat' dir='ltr'>careret!</span> <span class='ocrx_word' id='word_1_185' title='bbox 885 1018 1001 1061; x_wconf 64' lang='lat' dir='ltr'>part„</span> <span class='ocrx_word' id='word_1_186' title='bbox 1024 1026 1062 1063; x_wconf 84' lang='lat' dir='ltr'>q.</span> <span class='ocrx_word' id='word_1_187' title='bbox 1083 1026 1142 1065; x_wconf 89' lang='lat'>111,</span> <span class='ocrx_word' id='word_1_188' title='bbox 1163 1023 1235 1056; x_wconf 84' lang='lat' dir='ltr'>art.</span> <span class='ocrx_word' id='word_1_189' title='bbox 1256 1022 1308 1068; x_wconf 81' lang='lat'>7.)</span> 
     </span>
    </p>
   </div>
   <div class='ocr_carea' id='block_1_3' title="bbox 729 1162 1039 1204">
    <p class='ocr_par' dir='ltr' id='par_1_5' title="bbox 729 1162 1039 1204">
     <span class='ocr_line' id='line_1_19' title="bbox 729 1162 1039 1204; baseline -0.003 0"><span class='ocrx_word' id='word_1_190' title='bbox 729 1162 899 1204; x_wconf 88' lang='lat' dir='ltr'><strong>CAPUT</strong></span> <span class='ocrx_word' id='word_1_191' title='bbox 931 1163 1039 1204; x_wconf 75' lang='lat' dir='ltr'>XIX.</span> 
     </span>
    </p>
   </div>
   <div class='ocr_carea' id='block_1_4' title="bbox 213 1283 1549 1323">
    <p class='ocr_par' dir='ltr' id='par_1_6' title="bbox 213 1283 1549 1323">
     <span class='ocr_line' id='line_1_20' title="bbox 213 1283 1549 1323; baseline -0.001 -9"><span class='ocrx_word' id='word_1_192' title='bbox 213 1285 315 1319; x_wconf 74' lang='lat' dir='ltr'>QUOD</span> <span class='ocrx_word' id='word_1_193' title='bbox 334 1284 374 1313; x_wconf 88' lang='lat' dir='ltr'>IN</span> <span class='ocrx_word' id='word_1_194' title='bbox 393 1283 469 1314; x_wconf 89' lang='lat' dir='ltr'>DEO</span> <span class='ocrx_word' id='word_1_195' title='bbox 488 1284 598 1313; x_wconf 82' lang='lat' dir='ltr'>NIHIL</span> <span class='ocrx_word' id='word_1_196' title='bbox 614 1283 931 1323; x_wconf 59' lang='lat' dir='ltr'>ESTJIOLENTUM</span> <span class='ocrx_word' id='word_1_197' title='bbox 948 1285 1135 1319; x_wconf 81' lang='lat' dir='ltr'>NtmLQUE</span> <span class='ocrx_word' id='word_1_198' title='bbox 1159 1286 1320 1315; x_wconf 74' lang='lat' dir='ltr'>PRAETER</span> <span class='ocrx_word' id='word_1_199' title='bbox 1350 1285 1549 1315; x_wconf 78' lang='lat' dir='ltr'><strong>NATURAM.</strong></span> 
     </span>
    </p>
   </div>
   <div class='ocr_carea' id='block_1_5' title="bbox 72 1394 1692 2384">
    <p class='ocr_par' dir='ltr' id='par_1_7' title="bbox 75 1394 1692 1723">
     <span class='ocr_line' id='line_1_21' title="bbox 124 1394 1690 1441; baseline -0.001 -9"><span class='ocrx_word' id='word_1_200' title='bbox 124 1396 178 1432; x_wconf 84' lang='lat' dir='ltr'>Ex</span> <span class='ocrx_word' id='word_1_201' title='bbox 207 1394 282 1432; x_wconf 88' lang='lat' dir='ltr'>hoe</span> <span class='ocrx_word' id='word_1_202' title='bbox 321 1397 452 1432; x_wconf 85' lang='lat' dir='ltr'>autem</span> <span class='ocrx_word' id='word_1_203' title='bbox 484 1394 735 1432; x_wconf 89' lang='lat' dir='ltr'>concluditur</span> <span class='ocrx_word' id='word_1_204' title='bbox 765 1394 870 1441; x_wconf 87' lang='lat' dir='ltr'>quod</span> <span class='ocrx_word' id='word_1_205' title='bbox 899 1394 939 1430; x_wconf 92' lang='lat' dir='ltr'>in</span> <span class='ocrx_word' id='word_1_206' title='bbox 973 1396 1052 1431; x_wconf 86' lang='lat' dir='ltr'>Deo</span> <span class='ocrx_word' id='word_1_207' title='bbox 1073 1395 1172 1431; x_wconf 89' lang='lat' dir='ltr'>nihil</span> <span class='ocrx_word' id='word_1_208' title='bbox 1194 1398 1323 1441; x_wconf 90' lang='lat' dir='ltr'>potest</span> <span class='ocrx_word' id='word_1_209' title='bbox 1348 1404 1436 1432; x_wconf 83' lang='lat' dir='ltr'>esso</span> <span class='ocrx_word' id='word_1_210' title='bbox 1457 1394 1690 1438; x_wconf 86' lang='lat' dir='ltr'>violentum,</span> 
     </span>
     <span class='ocr_line' id='line_1_22' title="bbox 77 1441 1692 1489; baseline -0.001 -10"><span class='ocrx_word' id='word_1_211' title='bbox 77 1451 205 1489; x_wconf 83' lang='lat' dir='ltr'>neque</span> <span class='ocrx_word' id='word_1_212' title='bbox 222 1445 331 1479; x_wconf 85' lang='lat' dir='ltr'>extra</span> <span class='ocrx_word' id='word_1_213' title='bbox 349 1445 544 1478; x_wconf 84' lang='lat' dir='ltr'>naturam.</span> <span class='ocrx_word' id='word_1_214' title='bbox 567 1443 689 1479; x_wconf 90' lang='lat' dir='ltr'>Omne</span> <span class='ocrx_word' id='word_1_215' title='bbox 708 1442 811 1478; x_wconf 91' lang='lat' dir='ltr'>enim</span> <span class='ocrx_word' id='word_1_216' title='bbox 835 1441 931 1478; x_wconf 90' lang='lat' dir='ltr'>illud</span> <span class='ocrx_word' id='word_1_217' title='bbox 954 1442 993 1478; x_wconf 91' lang='lat' dir='ltr'>in</span> <span class='ocrx_word' id='word_1_218' title='bbox 1015 1451 1093 1488; x_wconf 81' lang='lat' dir='ltr'>quo</span> <span class='ocrx_word' id='word_1_219' title='bbox 1115 1442 1265 1489; x_wconf 81' lang='lat' dir='ltr'>aliquid</span> <span class='ocrx_word' id='word_1_220' title='bbox 1288 1442 1504 1478; x_wconf 85' lang='lat' dir='ltr'>violentum</span> <span class='ocrx_word' id='word_1_221' title='bbox 1526 1444 1563 1477; x_wconf 91' lang='lat' dir='ltr'>et</span> <span class='ocrx_word' id='word_1_222' title='bbox 1594 1450 1692 1487; x_wconf 67' lang='lat' dir='ltr'>prin-</span> 
     </span>
     <span class='ocr_line' id='line_1_23' title="bbox 75 1488 1691 1536; baseline -0.001 -10"><span class='ocrx_word' id='word_1_223' title='bbox 75 1493 134 1526; x_wconf 89' lang='lat' dir='ltr'>ter</span> <span class='ocrx_word' id='word_1_224' title='bbox 151 1492 332 1526; x_wconf 85' lang='lat' dir='ltr'>naturam</span> <span class='ocrx_word' id='word_1_225' title='bbox 352 1489 550 1526; x_wconf 86' lang='lat' dir='ltr'>invenitur</span> <span class='ocrx_word' id='word_1_226' title='bbox 571 1488 720 1535; x_wconf 84' lang='lat' dir='ltr'>aliquid</span> <span class='ocrx_word' id='word_1_227' title='bbox 742 1489 817 1525; x_wconf 88' lang='lat' dir='ltr'>sibi</span> <span class='ocrx_word' id='word_1_228' title='bbox 840 1489 1015 1525; x_wconf 86' lang='lat' dir='ltr'>additum</span> <span class='ocrx_word' id='word_1_229' title='bbox 1037 1490 1165 1526; x_wconf 88' lang='lat' dir='ltr'>habet.</span> <span class='ocrx_word' id='word_1_230' title='bbox 1195 1492 1288 1525; x_wconf 77' lang='lat' dir='ltr'>Nam</span> <span class='ocrx_word' id='word_1_231' title='bbox 1313 1489 1418 1536; x_wconf 83' lang='lat' dir='ltr'>quod</span> <span class='ocrx_word' id='word_1_232' title='bbox 1441 1492 1500 1525; x_wconf 88' lang='lat' dir='ltr'>est</span> <span class='ocrx_word' id='word_1_233' title='bbox 1519 1488 1567 1525; x_wconf 88' lang='lat' dir='ltr'>de</span> <span class='ocrx_word' id='word_1_234' title='bbox 1598 1488 1691 1525; x_wconf 89' lang='lat' dir='ltr'>sub-</span> 
     </span>
     <span class='ocr_line' id='line_1_24' title="bbox 76 1536 1690 1582; baseline -0.001 -9"><span class='ocrx_word' id='word_1_235' title='bbox 76 1536 225 1574; x_wconf 85' lang='lat' dir='ltr'>stantia</span> <span class='ocrx_word' id='word_1_236' title='bbox 244 1536 298 1572; x_wconf 83' lang='lat' dir='ltr'>rei</span> <span class='ocrx_word' id='word_1_237' title='bbox 318 1545 399 1573; x_wconf 92' lang='lat' dir='ltr'>non</span> <span class='ocrx_word' id='word_1_238' title='bbox 417 1539 647 1581; x_wconf 85' lang='lat' dir='ltr'>potestesse</span> <span class='ocrx_word' id='word_1_239' title='bbox 662 1536 876 1572; x_wconf 86' lang='lat' dir='ltr'>violentum</span> <span class='ocrx_word' id='word_1_240' title='bbox 894 1545 1019 1582; x_wconf 87' lang='lat' dir='ltr'>neque</span> <span class='ocrx_word' id='word_1_241' title='bbox 1034 1540 1174 1581; x_wconf 82' lang='lat' dir='ltr'>praeter</span> <span class='ocrx_word' id='word_1_242' title='bbox 1189 1542 1382 1572; x_wconf 87' lang='lat' dir='ltr'>naturam.</span> <span class='ocrx_word' id='word_1_243' title='bbox 1404 1536 1543 1572; x_wconf 87' lang='lat' dir='ltr'>Nullus</span> <span class='ocrx_word' id='word_1_244' title='bbox 1560 1539 1690 1571; x_wconf 86' lang='lat' dir='ltr'>autem</span> 
     </span>
     <span class='ocr_line' id='line_1_25' title="bbox 76 1582 1692 1629; baseline -0.001 -9"><span class='ocrx_word' id='word_1_245' title='bbox 76 1583 245 1629; x_wconf 83' lang='lat' dir='ltr'>simplex</span> <span class='ocrx_word' id='word_1_246' title='bbox 263 1583 380 1619; x_wconf 87' lang='lat' dir='ltr'>habet</span> <span class='ocrx_word' id='word_1_247' title='bbox 397 1583 438 1619; x_wconf 93' lang='lat' dir='ltr'>in</span> <span class='ocrx_word' id='word_1_248' title='bbox 459 1592 502 1619; x_wconf 87' lang='lat' dir='ltr'>se</span> <span class='ocrx_word' id='word_1_249' title='bbox 523 1583 672 1629; x_wconf 85' lang='lat' dir='ltr'>aliquid</span> <span class='ocrx_word' id='word_1_250' title='bbox 693 1583 883 1619; x_wconf 84' lang='lat' dir='ltr'>additum.</span> <span class='ocrx_word' id='word_1_251' title='bbox 908 1585 959 1619; x_wconf 86' lang='lat' dir='ltr'>Ex</span> <span class='ocrx_word' id='word_1_252' title='bbox 991 1583 1065 1619; x_wconf 90' lang='lat' dir='ltr'>hoc</span> <span class='ocrx_word' id='word_1_253' title='bbox 1089 1583 1193 1619; x_wconf 89' lang='lat' dir='ltr'>enim</span> <span class='ocrx_word' id='word_1_254' title='bbox 1227 1583 1466 1628; x_wconf 87' lang='lat' dir='ltr'>compositio</span> <span class='ocrx_word' id='word_1_255' title='bbox 1499 1582 1692 1628; x_wconf 81' lang='lat' dir='ltr'>relinque-</span> 
     </span>
     <span class='ocr_line' id='line_1_26' title="bbox 76 1629 1691 1675; baseline -0.001 -8"><span class='ocrx_word' id='word_1_256' title='bbox 76 1633 198 1667; x_wconf 87' lang='lat' dir='ltr'>retur.</span> <span class='ocrx_word' id='word_1_257' title='bbox 221 1631 312 1667; x_wconf 89' lang='lat' dir='ltr'>Cum</span> <span class='ocrx_word' id='word_1_258' title='bbox 331 1629 451 1675; x_wconf 84' lang='lat' dir='ltr'>igitur</span> <span class='ocrx_word' id='word_1_259' title='bbox 472 1631 575 1667; x_wconf 88' lang='lat' dir='ltr'>Deus</span> <span class='ocrx_word' id='word_1_260' title='bbox 597 1630 648 1666; x_wconf 91' lang='lat' dir='ltr'>sit</span> <span class='ocrx_word' id='word_1_261' title='bbox 668 1629 849 1675; x_wconf 84' lang='lat' dir='ltr'>simplex,</span> <span class='ocrx_word' id='word_1_262' title='bbox 877 1633 917 1666; x_wconf 92' lang='lat' dir='ltr'>ut</span> <span class='ocrx_word' id='word_1_263' title='bbox 937 1634 1142 1667; x_wconf 87' lang='lat' dir='ltr'>ostensum</span> <span class='ocrx_word' id='word_1_264' title='bbox 1165 1634 1237 1675; x_wconf 88' lang='lat' dir='ltr'>cst,</span> <span class='ocrx_word' id='word_1_265' title='bbox 1260 1631 1358 1666; x_wconf 85' lang='lat' dir='ltr'>nihil</span> <span class='ocrx_word' id='word_1_266' title='bbox 1378 1631 1419 1666; x_wconf 93' lang='lat' dir='ltr'>in</span> <span class='ocrx_word' id='word_1_267' title='bbox 1440 1638 1487 1666; x_wconf 90' lang='lat' dir='ltr'>eo</span> <span class='ocrx_word' id='word_1_268' title='bbox 1508 1638 1597 1666; x_wconf 85' lang='lat' dir='ltr'>esse</span> <span class='ocrx_word' id='word_1_269' title='bbox 1623 1638 1691 1675; x_wconf 87' lang='lat' dir='ltr'>po-</span> 
     </span>
     <span class='ocr_line' id='line_1_27' title="bbox 76 1677 914 1723; baseline 0 -10"><span class='ocrx_word' id='word_1_270' title='bbox 76 1680 154 1714; x_wconf 85' lang='lat' dir='ltr'>test</span> <span class='ocrx_word' id='word_1_271' title='bbox 172 1677 388 1713; x_wconf 89' lang='lat' dir='ltr'>violentum</span> <span class='ocrx_word' id='word_1_272' title='bbox 410 1685 536 1723; x_wconf 85' lang='lat' dir='ltr'>neque</span> <span class='ocrx_word' id='word_1_273' title='bbox 558 1680 698 1723; x_wconf 73' lang='lat' dir='ltr'>przeter</span> <span class='ocrx_word' id='word_1_274' title='bbox 720 1681 914 1713; x_wconf 78' lang='lat' dir='ltr'>naturam.</span> 
     </span>
    </p>

    <p class='ocr_par' dir='ltr' id='par_1_8' title="bbox 76 1723 1692 1864">
     <span class='ocr_line' id='line_1_28' title="bbox 121 1723 1690 1770; baseline 0 -10"><span class='ocrx_word' id='word_1_275' title='bbox 121 1724 304 1769; x_wconf 82' lang='lat' dir='ltr'>Amplius,</span> <span class='ocrx_word' id='word_1_276' title='bbox 338 1723 556 1760; x_wconf 79' lang='lat' dir='ltr'>necessitas</span> <span class='ocrx_word' id='word_1_277' title='bbox 584 1723 802 1770; x_wconf 70' lang='lat' dir='ltr'>coactionis</span> <span class='ocrx_word' id='word_1_278' title='bbox 836 1727 896 1760; x_wconf 91' lang='lat' dir='ltr'>est</span> <span class='ocrx_word' id='word_1_279' title='bbox 928 1724 1146 1761; x_wconf 85' lang='lat' dir='ltr'>necessitas</span> <span class='ocrx_word' id='word_1_280' title='bbox 1177 1734 1222 1761; x_wconf 82' lang='lat' dir='ltr'>ex</span> <span class='ocrx_word' id='word_1_281' title='bbox 1254 1724 1347 1761; x_wconf 87' lang='lat' dir='ltr'>alio.</span> <span class='ocrx_word' id='word_1_282' title='bbox 1370 1726 1414 1761; x_wconf 90' lang='lat' dir='ltr'>In</span> <span class='ocrx_word' id='word_1_283' title='bbox 1444 1726 1526 1761; x_wconf 89' lang='lat' dir='ltr'>Deo</span> <span class='ocrx_word' id='word_1_284' title='bbox 1558 1727 1690 1761; x_wconf 84' lang='lat' dir='ltr'>autem</span> 
     </span>
     <span class='ocr_line' id='line_1_29' title="bbox 76 1770 1692 1817; baseline 0 -9"><span class='ocrx_word' id='word_1_285' title='bbox 76 1779 158 1808; x_wconf 91' lang='lat' dir='ltr'>non</span> <span class='ocrx_word' id='word_1_286' title='bbox 179 1774 239 1808; x_wconf 86' lang='lat' dir='ltr'>est</span> <span class='ocrx_word' id='word_1_287' title='bbox 258 1770 476 1807; x_wconf 84' lang='lat' dir='ltr'>necessitas</span> <span class='ocrx_word' id='word_1_288' title='bbox 497 1780 544 1807; x_wconf 84' lang='lat' dir='ltr'>ex</span> <span class='ocrx_word' id='word_1_289' title='bbox 563 1770 656 1814; x_wconf 89' lang='lat' dir='ltr'>alio,</span> <span class='ocrx_word' id='word_1_290' title='bbox 679 1771 748 1808; x_wconf 91' lang='lat' dir='ltr'>sed</span> <span class='ocrx_word' id='word_1_291' title='bbox 770 1774 828 1807; x_wconf 88' lang='lat' dir='ltr'>est</span> <span class='ocrx_word' id='word_1_292' title='bbox 852 1780 920 1816; x_wconf 89' lang='lat' dir='ltr'>per</span> <span class='ocrx_word' id='word_1_293' title='bbox 954 1780 997 1807; x_wconf 88' lang='lat' dir='ltr'>se</span> <span class='ocrx_word' id='word_1_294' title='bbox 1028 1771 1158 1817; x_wconf 89' lang='lat' dir='ltr'>ipsum</span> <span class='ocrx_word' id='word_1_295' title='bbox 1193 1771 1464 1808; x_wconf 85' lang='lat' dir='ltr'>necessarium</span> <span class='ocrx_word' id='word_1_296' title='bbox 1499 1775 1538 1808; x_wconf 85' lang='lat' dir='ltr'>et</span> <span class='ocrx_word' id='word_1_297' title='bbox 1571 1780 1692 1808; x_wconf 85' lang='lat' dir='ltr'>causa</span> 
     </span>
     <span class='ocr_line' id='line_1_30' title="bbox 77 1817 1144 1864; baseline 0 -9"><span class='ocrx_word' id='word_1_298' title='bbox 77 1817 330 1855; x_wconf 88' lang='lat' dir='ltr'>necessitatis</span> <span class='ocrx_word' id='word_1_299' title='bbox 350 1817 453 1854; x_wconf 84' lang='lat' dir='ltr'>aliis.</span> <span class='ocrx_word' id='word_1_300' title='bbox 475 1818 600 1864; x_wconf 83' lang='lat' dir='ltr'>Igitur</span> <span class='ocrx_word' id='word_1_301' title='bbox 620 1817 660 1853; x_wconf 94' lang='lat' dir='ltr'>in</span> <span class='ocrx_word' id='word_1_302' title='bbox 681 1827 728 1854; x_wconf 90' lang='lat' dir='ltr'>eo</span> <span class='ocrx_word' id='word_1_303' title='bbox 750 1818 849 1854; x_wconf 83' lang='lat' dir='ltr'>nihil</span> <span class='ocrx_word' id='word_1_304' title='bbox 869 1821 928 1855; x_wconf 89' lang='lat' dir='ltr'>est</span> <span class='ocrx_word' id='word_1_305' title='bbox 948 1823 1144 1855; x_wconf 85' lang='lat' dir='ltr'>coactum.</span> 
     </span>
    </p>

    <p class='ocr_par' dir='ltr' id='par_1_9' title="bbox 74 1864 1692 2101">
     <span class='ocr_line' id='line_1_31' title="bbox 121 1864 1690 1912; baseline 0.001 -12"><span class='ocrx_word' id='word_1_306' title='bbox 121 1864 265 1910; x_wconf 76' lang='lat' dir='ltr'>Adhuc,</span> <span class='ocrx_word' id='word_1_307' title='bbox 291 1864 529 1911; x_wconf 89' lang='lat' dir='ltr'>ubicumque</span> <span class='ocrx_word' id='word_1_308' title='bbox 558 1867 619 1901; x_wconf 92' lang='lat' dir='ltr'>est</span> <span class='ocrx_word' id='word_1_309' title='bbox 637 1864 798 1911; x_wconf 84' lang='lat' dir='ltr'>aliquod</span> <span class='ocrx_word' id='word_1_310' title='bbox 816 1865 1045 1906; x_wconf 85' lang='lat' dir='ltr'>violentum,</span> <span class='ocrx_word' id='word_1_311' title='bbox 1069 1865 1121 1902; x_wconf 90' lang='lat' dir='ltr'>ibi</span> <span class='ocrx_word' id='word_1_312' title='bbox 1146 1869 1273 1911; x_wconf 88' lang='lat' dir='ltr'>potest</span> <span class='ocrx_word' id='word_1_313' title='bbox 1294 1875 1383 1903; x_wconf 85' lang='lat' dir='ltr'>esse</span> <span class='ocrx_word' id='word_1_314' title='bbox 1413 1865 1563 1912; x_wconf 77' lang='lat' dir='ltr'>aliquid</span> <span class='ocrx_word' id='word_1_315' title='bbox 1592 1875 1690 1911; x_wconf 81' lang='lat' dir='ltr'>prae-</span> 
     </span>
     <span class='ocr_line' id='line_1_32' title="bbox 75 1911 1691 1959; baseline 0.001 -11"><span class='ocrx_word' id='word_1_316' title='bbox 75 1915 134 1949; x_wconf 88' lang='lat' dir='ltr'>ter</span> <span class='ocrx_word' id='word_1_317' title='bbox 153 1911 271 1953; x_wconf 87' lang='lat' dir='ltr'>illud,</span> <span class='ocrx_word' id='word_1_318' title='bbox 293 1911 398 1958; x_wconf 89' lang='lat' dir='ltr'>quod</span> <span class='ocrx_word' id='word_1_319' title='bbox 421 1912 475 1948; x_wconf 90' lang='lat' dir='ltr'>rei</span> <span class='ocrx_word' id='word_1_320' title='bbox 494 1921 562 1957; x_wconf 90' lang='lat' dir='ltr'>per</span> <span class='ocrx_word' id='word_1_321' title='bbox 581 1921 624 1948; x_wconf 88' lang='lat' dir='ltr'>se</span> <span class='ocrx_word' id='word_1_322' title='bbox 643 1915 865 1949; x_wconf 83' lang='lat' dir='ltr'>conveniat.</span> <span class='ocrx_word' id='word_1_323' title='bbox 887 1914 981 1948; x_wconf 87' lang='lat' dir='ltr'>Nam</span> <span class='ocrx_word' id='word_1_324' title='bbox 1004 1913 1219 1949; x_wconf 83' lang='lat' dir='ltr'>violentum</span> <span class='ocrx_word' id='word_1_325' title='bbox 1239 1912 1503 1950; x_wconf 81' lang='lat' dir='ltr'>contrariatur</span> <span class='ocrx_word' id='word_1_326' title='bbox 1523 1912 1557 1950; x_wconf 90' lang='lat' dir='ltr'>ei</span> <span class='ocrx_word' id='word_1_327' title='bbox 1585 1912 1691 1959; x_wconf 83' lang='lat' dir='ltr'>quod</span> 
     </span>
     <span class='ocr_line' id='line_1_33' title="bbox 75 1958 1692 2006; baseline 0.001 -11"><span class='ocrx_word' id='word_1_328' title='bbox 75 1961 136 1996; x_wconf 90' lang='lat' dir='ltr'>est</span> <span class='ocrx_word' id='word_1_329' title='bbox 159 1958 373 1996; x_wconf 85' lang='lat' dir='ltr'>secundam</span> <span class='ocrx_word' id='word_1_330' title='bbox 397 1962 578 1996; x_wconf 84' lang='lat' dir='ltr'>naturam</span> <span class='ocrx_word' id='word_1_331' title='bbox 599 1970 607 2003; x_wconf 94' lang='lat'>;</span> <span class='ocrx_word' id='word_1_332' title='bbox 630 1959 700 1996; x_wconf 89' lang='lat' dir='ltr'>sed</span> <span class='ocrx_word' id='word_1_333' title='bbox 721 1959 761 1995; x_wconf 92' lang='lat' dir='ltr'>in</span> <span class='ocrx_word' id='word_1_334' title='bbox 783 1961 863 1996; x_wconf 88' lang='lat' dir='ltr'>Deo</span> <span class='ocrx_word' id='word_1_335' title='bbox 882 1969 962 1996; x_wconf 93' lang='lat' dir='ltr'>non</span> <span class='ocrx_word' id='word_1_336' title='bbox 985 1963 1043 1996; x_wconf 85' lang='lat' dir='ltr'>cst</span> <span class='ocrx_word' id='word_1_337' title='bbox 1063 1960 1256 2005; x_wconf 87' lang='lat' dir='ltr'>possibile</span> <span class='ocrx_word' id='word_1_338' title='bbox 1281 1969 1369 1997; x_wconf 85' lang='lat' dir='ltr'>esse</span> <span class='ocrx_word' id='word_1_339' title='bbox 1386 1960 1535 2006; x_wconf 89' lang='lat' dir='ltr'>aliquid</span> <span class='ocrx_word' id='word_1_340' title='bbox 1551 1963 1692 2005; x_wconf 82' lang='lat' dir='ltr'>praeter</span> 
     </span>
     <span class='ocr_line' id='line_1_34' title="bbox 74 2005 1692 2053; baseline 0 -10"><span class='ocrx_word' id='word_1_341' title='bbox 74 2005 114 2043; x_wconf 89' lang='lat' dir='ltr'>id</span> <span class='ocrx_word' id='word_1_342' title='bbox 134 2005 240 2053; x_wconf 87' lang='lat' dir='ltr'>quod</span> <span class='ocrx_word' id='word_1_343' title='bbox 261 2005 481 2043; x_wconf 89' lang='lat' dir='ltr'>secundum</span> <span class='ocrx_word' id='word_1_344' title='bbox 503 2014 546 2042; x_wconf 91' lang='lat' dir='ltr'>se</span> <span class='ocrx_word' id='word_1_345' title='bbox 567 2006 602 2042; x_wconf 91' lang='lat' dir='ltr'>ei</span> <span class='ocrx_word' id='word_1_346' title='bbox 623 2006 820 2050; x_wconf 87' lang='lat' dir='ltr'>convenit,</span> <span class='ocrx_word' id='word_1_347' title='bbox 842 2016 931 2043; x_wconf 89' lang='lat' dir='ltr'>cum</span> <span class='ocrx_word' id='word_1_348' title='bbox 955 2007 1174 2044; x_wconf 88' lang='lat' dir='ltr'>secundum</span> <span class='ocrx_word' id='word_1_349' title='bbox 1201 2016 1244 2044; x_wconf 91' lang='lat' dir='ltr'>se</span> <span class='ocrx_word' id='word_1_350' title='bbox 1265 2008 1317 2044; x_wconf 87' lang='lat' dir='ltr'>sit</span> <span class='ocrx_word' id='word_1_351' title='bbox 1337 2016 1500 2044; x_wconf 89' lang='lat' dir='ltr'>necesse</span> <span class='ocrx_word' id='word_1_352' title='bbox 1522 2016 1626 2051; x_wconf 85' lang='lat' dir='ltr'>esse,</span> <span class='ocrx_word' id='word_1_353' title='bbox 1649 2010 1692 2044; x_wconf 91' lang='lat' dir='ltr'>ut</span> 
     </span>
     <span class='ocr_line' id='line_1_35' title="bbox 74 2052 1638 2101; baseline 0 -11"><span class='ocrx_word' id='word_1_354' title='bbox 74 2056 280 2090; x_wconf 86' lang='lat' dir='ltr'>ostensum</span> <span class='ocrx_word' id='word_1_355' title='bbox 300 2056 361 2090; x_wconf 88' lang='lat' dir='ltr'>est</span> <span class='ocrx_word' id='word_1_356' title='bbox 380 2052 479 2100; x_wconf 85' lang='lat' dir='ltr'>(cap.</span> <span class='ocrx_word' id='word_1_357' title='bbox 504 2052 584 2099; x_wconf 87' lang='lat'>13);</span> <span class='ocrx_word' id='word_1_358' title='bbox 607 2062 687 2090; x_wconf 92' lang='lat' dir='ltr'>non</span> <span class='ocrx_word' id='word_1_359' title='bbox 709 2053 972 2100; x_wconf 83' lang='lat' dir='ltr'>potestigitur</span> <span class='ocrx_word' id='word_1_360' title='bbox 993 2054 1034 2090; x_wconf 91' lang='lat' dir='ltr'>in</span> <span class='ocrx_word' id='word_1_361' title='bbox 1057 2063 1103 2091; x_wconf 87' lang='lat' dir='ltr'>co</span> <span class='ocrx_word' id='word_1_362' title='bbox 1125 2064 1214 2091; x_wconf 89' lang='lat' dir='ltr'>esse</span> <span class='ocrx_word' id='word_1_363' title='bbox 1235 2055 1384 2101; x_wconf 81' lang='lat' dir='ltr'>aliquid</span> <span class='ocrx_word' id='word_1_364' title='bbox 1405 2054 1638 2091; x_wconf 88' lang='lat' dir='ltr'>violentum.</span> 
     </span>
    </p>

    <p class='ocr_par' dir='ltr' id='par_1_10' title="bbox 72 2100 1689 2288">
     <span class='ocr_line' id='line_1_36' title="bbox 119 2100 1689 2147; baseline 0.002 -12"><span class='ocrx_word' id='word_1_365' title='bbox 119 2101 220 2145; x_wconf 86' lang='lat' dir='ltr'>Item,</span> <span class='ocrx_word' id='word_1_366' title='bbox 239 2109 356 2137; x_wconf 89' lang='lat' dir='ltr'>omne</span> <span class='ocrx_word' id='word_1_367' title='bbox 377 2100 417 2136; x_wconf 89' lang='lat' dir='ltr'>in</span> <span class='ocrx_word' id='word_1_368' title='bbox 437 2109 516 2147; x_wconf 87' lang='lat' dir='ltr'>quo</span> <span class='ocrx_word' id='word_1_369' title='bbox 535 2103 595 2137; x_wconf 91' lang='lat' dir='ltr'>est</span> <span class='ocrx_word' id='word_1_370' title='bbox 614 2100 762 2147; x_wconf 89' lang='lat' dir='ltr'>aliquid</span> <span class='ocrx_word' id='word_1_371' title='bbox 785 2101 1000 2137; x_wconf 90' lang='lat' dir='ltr'>violentum</span> <span class='ocrx_word' id='word_1_372' title='bbox 1029 2102 1089 2137; x_wconf 90' lang='lat' dir='ltr'>vel</span> <span class='ocrx_word' id='word_1_373' title='bbox 1123 2101 1360 2146; x_wconf 88' lang='lat' dir='ltr'>innaturale,</span> <span class='ocrx_word' id='word_1_374' title='bbox 1386 2105 1521 2138; x_wconf 84' lang='lat' dir='ltr'>natum</span> <span class='ocrx_word' id='word_1_375' title='bbox 1553 2106 1613 2138; x_wconf 90' lang='lat' dir='ltr'>est</span> <span class='ocrx_word' id='word_1_376' title='bbox 1641 2101 1689 2138; x_wconf 87' lang='lat' dir='ltr'>ab</span> 
     </span>
     <span class='ocr_line' id='line_1_37' title="bbox 73 2146 1689 2194; baseline 0.001 -11"><span class='ocrx_word' id='word_1_377' title='bbox 73 2146 152 2184; x_wconf 82' lang='lat' dir='ltr'>alio</span> <span class='ocrx_word' id='word_1_378' title='bbox 170 2147 333 2184; x_wconf 86' lang='lat' dir='ltr'>moveri.</span> <span class='ocrx_word' id='word_1_379' title='bbox 354 2148 451 2183; x_wconf 85' lang='lat' dir='ltr'>Nam</span> <span class='ocrx_word' id='word_1_380' title='bbox 473 2147 689 2184; x_wconf 89' lang='lat' dir='ltr'>violentum</span> <span class='ocrx_word' id='word_1_381' title='bbox 709 2150 769 2184; x_wconf 89' lang='lat' dir='ltr'>est</span> <span class='ocrx_word' id='word_1_382' title='bbox 789 2148 903 2194; x_wconf 74' lang='lat' dir='ltr'>qu&#39;us</span> <span class='ocrx_word' id='word_1_383' title='bbox 922 2148 1143 2194; x_wconf 87' lang='lat' dir='ltr'>principum</span> <span class='ocrx_word' id='word_1_384' title='bbox 1166 2152 1224 2185; x_wconf 90' lang='lat' dir='ltr'>est</span> <span class='ocrx_word' id='word_1_385' title='bbox 1256 2152 1387 2189; x_wconf 83' lang='lat' dir='ltr'>extra,</span> <span class='ocrx_word' id='word_1_386' title='bbox 1423 2148 1521 2185; x_wconf 85' lang='lat' dir='ltr'>nihil</span> <span class='ocrx_word' id='word_1_387' title='bbox 1555 2148 1689 2186; x_wconf 85' lang='lat' dir='ltr'>conse-</span> 
     </span>
     <span class='ocr_line' id='line_1_38' title="bbox 73 2194 1687 2240; baseline 0.001 -10"><span class='ocrx_word' id='word_1_388' title='bbox 73 2200 183 2230; x_wconf 87' lang='lat' dir='ltr'>rente</span> <span class='ocrx_word' id='word_1_389' title='bbox 201 2194 280 2231; x_wconf 91' lang='lat' dir='ltr'>vim</span> <span class='ocrx_word' id='word_1_390' title='bbox 312 2203 447 2240; x_wconf 86' lang='lat' dir='ltr'>passo.</span> <span class='ocrx_word' id='word_1_391' title='bbox 466 2196 572 2231; x_wconf 87' lang='lat' dir='ltr'>Deus</span> <span class='ocrx_word' id='word_1_392' title='bbox 602 2198 732 2231; x_wconf 81' lang='lat' dir='ltr'>autem</span> <span class='ocrx_word' id='word_1_393' title='bbox 753 2197 814 2231; x_wconf 89' lang='lat' dir='ltr'>est</span> <span class='ocrx_word' id='word_1_394' title='bbox 844 2195 1008 2232; x_wconf 91' lang='lat' dir='ltr'>omnino</span> <span class='ocrx_word' id='word_1_395' title='bbox 1031 2195 1263 2239; x_wconf 89' lang='lat' dir='ltr'>immobilis,</span> <span class='ocrx_word' id='word_1_396' title='bbox 1285 2199 1328 2232; x_wconf 91' lang='lat' dir='ltr'>ut</span> <span class='ocrx_word' id='word_1_397' title='bbox 1354 2199 1561 2233; x_wconf 88' lang='lat' dir='ltr'>ostensum</span> <span class='ocrx_word' id='word_1_398' title='bbox 1597 2199 1657 2232; x_wconf 91' lang='lat' dir='ltr'>est</span> <span class='ocrx_word' id='word_1_399' title='bbox 1678 2207 1687 2232; x_wconf 91' lang='lat'>:</span> 
     </span>
     <span class='ocr_line' id='line_1_39' title="bbox 72 2240 1439 2288; baseline 0.002 -12"><span class='ocrx_word' id='word_1_400' title='bbox 72 2240 195 2287; x_wconf 85' lang='lat' dir='ltr'>igitur</span> <span class='ocrx_word' id='word_1_401' title='bbox 217 2250 295 2278; x_wconf 91' lang='lat' dir='ltr'>non</span> <span class='ocrx_word' id='word_1_402' title='bbox 318 2244 448 2287; x_wconf 89' lang='lat' dir='ltr'>potest</span> <span class='ocrx_word' id='word_1_403' title='bbox 471 2241 510 2277; x_wconf 91' lang='lat' dir='ltr'>in</span> <span class='ocrx_word' id='word_1_404' title='bbox 532 2250 579 2278; x_wconf 90' lang='lat' dir='ltr'>eo</span> <span class='ocrx_word' id='word_1_405' title='bbox 601 2250 688 2278; x_wconf 89' lang='lat' dir='ltr'>esse</span> <span class='ocrx_word' id='word_1_406' title='bbox 709 2241 858 2288; x_wconf 84' lang='lat' dir='ltr'>aliquid</span> <span class='ocrx_word' id='word_1_407' title='bbox 884 2242 1101 2279; x_wconf 88' lang='lat' dir='ltr'>violentum</span> <span class='ocrx_word' id='word_1_408' title='bbox 1121 2242 1180 2279; x_wconf 88' lang='lat' dir='ltr'>vel</span> <span class='ocrx_word' id='word_1_409' title='bbox 1201 2243 1439 2280; x_wconf 80' lang='lat' dir='ltr'>innaturale.</span> 
     </span>
    </p>

    <p class='ocr_par' dir='ltr' id='par_1_11' title="bbox 73 2287 1690 2384">
     <span class='ocr_line' id='line_1_40' title="bbox 120 2287 1690 2336; baseline 0.001 -12"><span class='ocrx_word' id='word_1_410' title='bbox 120 2287 217 2324; x_wconf 87' lang='lat' dir='ltr'>Hinc</span> <span class='ocrx_word' id='word_1_411' title='bbox 244 2288 427 2335; x_wconf 86' lang='lat' dir='ltr'>estquod</span> <span class='ocrx_word' id='word_1_412' title='bbox 455 2288 723 2334; x_wconf 87' lang='lat' dir='ltr'>Philosophus</span> <span class='ocrx_word' id='word_1_413' title='bbox 745 2289 840 2325; x_wconf 89' lang='lat' dir='ltr'>dicit</span> <span class='ocrx_word' id='word_1_414' title='bbox 867 2288 908 2325; x_wconf 92' lang='lat' dir='ltr'>in</span> <span class='ocrx_word' id='word_1_415' title='bbox 928 2298 956 2326; x_wconf 85' lang='lat' dir='ltr'><strong>v</strong></span> <span class='ocrx_word' id='word_1_416' title='bbox 985 2290 1146 2335; x_wconf 75' lang='lat' dir='ltr'>Metapa.</span> <span class='ocrx_word' id='word_1_417' title='bbox 1182 2289 1287 2336; x_wconf 90' lang='lat' dir='ltr'>quod</span> <span class='ocrx_word' id='word_1_418' title='bbox 1314 2289 1355 2326; x_wconf 91' lang='lat' dir='ltr'>in</span> <span class='ocrx_word' id='word_1_419' title='bbox 1388 2290 1451 2327; x_wconf 89' lang='lat' dir='ltr'>his</span> <span class='ocrx_word' id='word_1_420' title='bbox 1481 2300 1568 2336; x_wconf 74' lang='lat' dir='ltr'>quae</span> <span class='ocrx_word' id='word_1_421' title='bbox 1596 2293 1690 2328; x_wconf 88' lang='lat' dir='ltr'>sunt</span> 
     </span>
     <span class='ocr_line' id='line_1_41' title="bbox 73 2335 1592 2384; baseline 0.001 -12"><span class='ocrx_word' id='word_1_422' title='bbox 73 2335 315 2381; x_wconf 83' lang='lat' dir='ltr'>sempiterna</span> <span class='ocrx_word' id='word_1_423' title='bbox 333 2339 371 2371; x_wconf 91' lang='lat' dir='ltr'>et</span> <span class='ocrx_word' id='word_1_424' title='bbox 387 2335 609 2373; x_wconf 85' lang='lat' dir='ltr'>immobilia</span> <span class='ocrx_word' id='word_1_425' title='bbox 629 2335 729 2373; x_wconf 87' lang='lat' dir='ltr'>nihil</span> <span class='ocrx_word' id='word_1_426' title='bbox 749 2339 811 2373; x_wconf 85' lang='lat' dir='ltr'>est</span> <span class='ocrx_word' id='word_1_427' title='bbox 827 2335 1059 2382; x_wconf 89' lang='lat' dir='ltr'>violentum,</span> <span class='ocrx_word' id='word_1_428' title='bbox 1081 2346 1210 2384; x_wconf 87' lang='lat' dir='ltr'>neque</span> <span class='ocrx_word' id='word_1_429' title='bbox 1231 2341 1372 2383; x_wconf 73' lang='lat' dir='ltr'>praeter</span> <span class='ocrx_word' id='word_1_430' title='bbox 1396 2340 1592 2374; x_wconf 82' lang='lat' dir='ltr'>naturam.</span> 
     </span>
    </p>
   </div>
   <div class='ocr_carea' id='block_1_6' title="bbox 731 2482 1024 2524">
    <p class='ocr_par' dir='ltr' id='par_1_12' title="bbox 731 2482 1024 2524">
     <span class='ocr_line' id='line_1_42' title="bbox 731 2482 1024 2524; baseline 0 -1"><span class='ocrx_word' id='word_1_431' title='bbox 731 2482 902 2524; x_wconf 90' lang='lat' dir='ltr'><strong>CAPUT</strong></span> <span class='ocrx_word' id='word_1_432' title='bbox 937 2483 1024 2524; x_wconf 90' lang='lat' dir='ltr'>XX.</span> 
     </span>
    </p>
   </div>
   <div class='ocr_carea' id='block_1_7' title="bbox 587 2601 1171 2635">
    <p class='ocr_par' dir='ltr' id='par_1_13' title="bbox 587 2601 1171 2635">
     <span class='ocr_line' id='line_1_43' title="bbox 587 2601 1171 2635; baseline -0.003 -1"><span class='ocrx_word' id='word_1_433' title='bbox 587 2601 689 2635; x_wconf 84' lang='lat' dir='ltr'><strong>QUOD</strong></span> <span class='ocrx_word' id='word_1_434' title='bbox 713 2603 812 2632; x_wconf 74' lang='lat' dir='ltr'>Imus</span> <span class='ocrx_word' id='word_1_435' title='bbox 830 2603 910 2632; x_wconf 91' lang='lat' dir='ltr'>NON</span> <span class='ocrx_word' id='word_1_436' title='bbox 928 2604 999 2632; x_wconf 87' lang='lat' dir='ltr'>EST</span> <span class='ocrx_word' id='word_1_437' title='bbox 1015 2603 1171 2633; x_wconf 88' lang='lat' dir='ltr'>CORPUS.</span> 
     </span>
    </p>
   </div>
   <div class='ocr_carea' id='block_1_8' title="bbox 70 2710 1688 2997">
    <p class='ocr_par' dir='ltr' id='par_1_14' title="bbox 119 2710 1407 2760">
     <span class='ocr_line' id='line_1_44' title="bbox 119 2710 1407 2760; baseline 0.002 -12"><span class='ocrx_word' id='word_1_438' title='bbox 119 2713 173 2748; x_wconf 85' lang='lat' dir='ltr'>Ex</span> <span class='ocrx_word' id='word_1_439' title='bbox 190 2710 391 2758; x_wconf 85' lang='lat' dir='ltr'>praedictis</span> <span class='ocrx_word' id='word_1_440' title='bbox 409 2714 539 2748; x_wconf 89' lang='lat' dir='ltr'>autem</span> <span class='ocrx_word' id='word_1_441' title='bbox 561 2711 797 2756; x_wconf 88' lang='lat' dir='ltr'>ostenditur,</span> <span class='ocrx_word' id='word_1_442' title='bbox 819 2711 924 2757; x_wconf 83' lang='lat' dir='ltr'>quod</span> <span class='ocrx_word' id='word_1_443' title='bbox 944 2713 1048 2749; x_wconf 87' lang='lat' dir='ltr'>Deus</span> <span class='ocrx_word' id='word_1_444' title='bbox 1068 2721 1149 2749; x_wconf 92' lang='lat' dir='ltr'>non</span> <span class='ocrx_word' id='word_1_445' title='bbox 1169 2715 1229 2750; x_wconf 89' lang='lat' dir='ltr'>est</span> <span class='ocrx_word' id='word_1_446' title='bbox 1247 2722 1407 2760; x_wconf 91' lang='lat' dir='ltr'>corpus.</span> 
     </span>
    </p>

    <p class='ocr_par' dir='ltr' id='par_1_15' title="bbox 70 2758 1688 2997">
     <span class='ocr_line' id='line_1_45' title="bbox 120 2758 1686 2809; baseline 0.003 -14"><span class='ocrx_word' id='word_1_447' title='bbox 120 2759 244 2795; x_wconf 90' lang='lat' dir='ltr'>Omne</span> <span class='ocrx_word' id='word_1_448' title='bbox 270 2758 376 2795; x_wconf 87' lang='lat' dir='ltr'>enim</span> <span class='ocrx_word' id='word_1_449' title='bbox 405 2767 565 2803; x_wconf 88' lang='lat' dir='ltr'>corpus,</span> <span class='ocrx_word' id='word_1_450' title='bbox 587 2767 710 2804; x_wconf 85' lang='lat' dir='ltr'>quum</span> <span class='ocrx_word' id='word_1_451' title='bbox 743 2758 796 2794; x_wconf 92' lang='lat' dir='ltr'>sit</span> <span class='ocrx_word' id='word_1_452' title='bbox 822 2758 1070 2804; x_wconf 89' lang='lat' dir='ltr'>continuum,</span> <span class='ocrx_word' id='word_1_453' title='bbox 1110 2761 1374 2806; x_wconf 87' lang='lat' dir='ltr'>compositum</span> <span class='ocrx_word' id='word_1_454' title='bbox 1409 2765 1469 2799; x_wconf 90' lang='lat' dir='ltr'>est</span> <span class='ocrx_word' id='word_1_455' title='bbox 1487 2765 1526 2798; x_wconf 88' lang='lat' dir='ltr'>et</span> <span class='ocrx_word' id='word_1_456' title='bbox 1553 2760 1686 2809; x_wconf 84' lang='lat' dir='ltr'>&#39;partes</span> 
     </span>
     <span class='ocr_line' id='line_1_46' title="bbox 71 2804 1688 2856; baseline 0.002 -14"><span class='ocrx_word' id='word_1_457' title='bbox 71 2804 238 2842; x_wconf 86' lang='lat' dir='ltr'>habens.</span> <span class='ocrx_word' id='word_1_458' title='bbox 260 2807 364 2842; x_wconf 90' lang='lat' dir='ltr'>Deus</span> <span class='ocrx_word' id='word_1_459' title='bbox 385 2809 516 2841; x_wconf 84' lang='lat' dir='ltr'>autem</span> <span class='ocrx_word' id='word_1_460' title='bbox 538 2814 619 2842; x_wconf 91' lang='lat' dir='ltr'>non</span> <span class='ocrx_word' id='word_1_461' title='bbox 640 2807 700 2841; x_wconf 90' lang='lat' dir='ltr'>est</span> <span class='ocrx_word' id='word_1_462' title='bbox 725 2805 986 2851; x_wconf 85' lang='lat' dir='ltr'>compositus,</span> <span class='ocrx_word' id='word_1_463' title='bbox 1008 2810 1051 2842; x_wconf 91' lang='lat' dir='ltr'>ut</span> <span class='ocrx_word' id='word_1_464' title='bbox 1071 2809 1279 2844; x_wconf 88' lang='lat' dir='ltr'>ostensum</span> <span class='ocrx_word' id='word_1_465' title='bbox 1300 2812 1360 2845; x_wconf 90' lang='lat' dir='ltr'>est</span> <span class='ocrx_word' id='word_1_466' title='bbox 1378 2811 1426 2854; x_wconf 90' lang='lat' dir='ltr'>(c.</span> <span class='ocrx_word' id='word_1_467' title='bbox 1449 2810 1531 2856; x_wconf 84' lang='lat'>18);</span> <span class='ocrx_word' id='word_1_468' title='bbox 1566 2810 1688 2856; x_wconf 82' lang='lat' dir='ltr'>igitur</span> 
     </span>
     <span class='ocr_line' id='line_1_47' title="bbox 70 2855 1685 2946; baseline 0.004 -13"><span class='ocrx_word' id='word_1_469' title='bbox 70 2861 316 2942; x_wconf 46' lang='grc' dir='ltr'>Οοὲἓὲεῗεὲοῗιῗ</span> <span class='ocrx_word' id='word_1_470' title='bbox 331 2855 448 2935; x_wconf 60' lang='lat' dir='ltr'>gisntne</span> <span class='ocrx_word' id='word_1_471' title='bbox 463 2902 638 2944; x_wconf 80' lang='lat' dir='ltr'>quantum</span> <span class='ocrx_word' id='word_1_472' title='bbox 658 2902 718 2935; x_wconf 89' lang='lat' dir='ltr'>est</span> <span class='ocrx_word' id='word_1_473' title='bbox 739 2899 873 2946; x_wconf 88' lang='lat' dir='ltr'>aliquo</span> <span class='ocrx_word' id='word_1_474' title='bbox 891 2899 1011 2936; x_wconf 88' lang='lat' dir='ltr'>modo</span> <span class='ocrx_word' id='word_1_475' title='bbox 1033 2900 1073 2936; x_wconf 91' lang='lat' dir='ltr'>in</span> <span class='ocrx_word' id='word_1_476' title='bbox 1089 2901 1265 2946; x_wconf 88' lang='lat' dir='ltr'>potentia</span> <span class='ocrx_word' id='word_1_477' title='bbox 1277 2913 1285 2945; x_wconf 89' lang='lat'>;</span> <span class='ocrx_word' id='word_1_478' title='bbox 1298 2911 1386 2938; x_wconf 89' lang='lat' dir='ltr'>nam</span> <span class='ocrx_word' id='word_1_479' title='bbox 1403 2904 1612 2939; x_wconf 73' lang='lat' dir='ltr'>continuum</span> <span class='ocrx_word' id='word_1_480' title='bbox 1627 2907 1685 2942; x_wconf 82' lang='lat' dir='ltr'>est</span> 
     </span>
     <span class='ocr_line' id='line_1_48' title="bbox 70 2945 1686 2997; baseline 0.002 -15"><span class='ocrx_word' id='word_1_481' title='bbox 70 2945 503 2992; x_wconf 87' lang='lat' dir='ltr'>inpotentiadivisibile</span> <span class='ocrx_word' id='word_1_482' title='bbox 522 2946 564 2982; x_wconf 89' lang='lat' dir='ltr'>in</span> <span class='ocrx_word' id='word_1_483' title='bbox 582 2945 805 2987; x_wconf 70' lang='lat' dir='ltr'>infinitum:</span> <span class='ocrx_word' id='word_1_484' title='bbox 827 2957 994 2983; x_wconf 70' lang='lat' dir='ltr'>numeras</span> <span class='ocrx_word' id='word_1_485' title='bbox 1004 2952 1135 2985; x_wconf 85' lang='lat' dir='ltr'>autem</span> <span class='ocrx_word' id='word_1_486' title='bbox 1149 2948 1189 2984; x_wconf 93' lang='lat' dir='ltr'>in</span> <span class='ocrx_word' id='word_1_487' title='bbox 1210 2948 1412 2988; x_wconf 87' lang='lat' dir='ltr'>infinitum</span> <span class='ocrx_word' id='word_1_488' title='bbox 1424 2953 1484 2986; x_wconf 90' lang='lat' dir='ltr'>est</span> <span class='ocrx_word' id='word_1_489' title='bbox 1499 2959 1686 2997; x_wconf 70' lang='lat' dir='ltr'>augmen-</span> 
     </span>
    </p>
   </div>
  </div>
 </body>
</html>
