1894 3223
753 62 839 98 ΜΒ.
868 62 925 104 tv,
953 62 1053 98 cAt’.
1083 61 1174 97 Lttl.
1708 64 1770 99 581

157 144 326 190 aliquam
363 143 568 180 utilitatem
601 142 691 179 inde
726 143 1034 188 provenientem.
1067 142 1140 180 Sed
1169 151 1430 190 qucecumque
1466 142 1614 180 utilitas
1646 142 1772 186 detur,

155 199 278 238 quum
312 191 415 227 Deus
447 190 700 235 omnipotens
730 190 794 231 sit,
822 190 922 226 lianc
955 190 1164 226 utilitatem
1200 190 1416 235 producere
1446 190 1574 236 potuit
1593 190 1680 227 sola
1702 200 1774 228 sua

155 238 370 275 voluntate.
399 237 528 280 Quum
566 236 685 282 igitur
714 235 1024 284 unumquodque.
1052 236 1135 273 sieri
1166 237 1374 273 conveniat
1401 245 1519 283 quam
1540 237 1773 274 brevissime

155 287 300 332 potest,
320 283 596 366 nonboportuit
616 283 721 330 quod
745 286 861 327 Deus,
878 288 1036 330 propter
1056 283 1284 330 hujusmodi
1313 283 1538 327 utilitatem,
1560 283 1773 321 humanam

155 334 334 369 naturam
363 340 395 367 si
428 340 437 366 i
461 334 604 366 uniret.
1616 359 1625 365 .

200 377 344 416 Adhuc,
376 386 498 423 quum
534 379 636 414 lteus
669 377 722 415 sit
740 377 978 414 universalis
999 377 1176 415 omnium
1197 387 1333 421 causa,
1355 377 1403 415 ad
1424 378 1631 415 utilitatem
1650 377 1774 415 totius

153 424 429 461 universitatis
462 434 591 461 rerum
624 433 713 461 eum
735 425 930 470 praecipue
950 424 1154 462 intendere
1170 428 1337 471 oportet.
1362 425 1435 461 Sed
1457 426 1680 469 assumptio
1701 425 1773 461 liu-

152 480 279 508 manee
302 475 450 508 naturae
485 471 614 507 solnm
637 471 685 508 ad
718 472 926 508 utilitatem
948 471 1122 508 hominis
1143 472 1327 517 pertinet.
1350 473 1435 508 Non
1456 471 1577 518 igitur
1594 472 1777 509 i'uitcon-

154 518 319 555 veniens
341 518 461 565 quod,
478 519 510 556 si
534 518 703 555 alienam
725 522 908 555 naturam
926 518 1030 556 Deus
1051 526 1256 556 assumere
1277 518 1471 562 debuerit,
1494 519 1624 555 solum
1660 522 1773 555 natu·

151 573 236 603 ram
259 565 473 603 humanam
495 565 769 611 assumpserit.

198 613 381 658 Amplius,
404 617 552 660 quanto
571 612 718 658 aliquid
740 615 801 650 est
819 611 937 649 alicui
958 612 1087 659 magis
1118 612 1262 657 simile,
1283 615 1394 649 tanto
1414 613 1450 649 ei
1471 613 1774 650 convenientius

152 659 299 696 unitur.
332 661 411 696 Deo
439 664 569 697 autem
603 659 774 697 similior
803 662 841 695 et
874 660 1135 705 propinquior
1167 663 1226 697 est
1262 660 1444 705 angelica
1476 664 1617 697 natura
1655 668 1773 706 quam

151 707 340 790 {inmania
364 709 449 759 Non
470 707 592 753 igitur
610 707 855 744 conveniens
879 706 951 742 t‘uit
972 715 1177 745 assumere
1201 710 1382 743 naturam
1401 706 1631 749 humanam,
1653 715 1774 753 ange·

169 762 227 791 ica
242 758 522 799 praelel‘mlSStt.

200 801 301 844 item,
339 801 376 837 id
415 801 520 847 quod
553 805 614 838 est
641 800 880 847 principium
905 800 944 837 in
979 800 1141 838 homine
1159 803 1220 837 est
1239 800 1503 847 intelligentia
1519 800 1712 844 veritatis,
1732 800 1774 839 in

153 856 236 894 quo
255 847 410 884 videtur
432 848 583 884 homini
605 847 931 894 impedimentum
952 847 1145 894 praestari,
1167 847 1202 884 si
1230 848 1333 884 Deus
1356 847 1569 885 humanam
1592 851 1773 886 naturam

153 895 391 940 assumpsit;
427 895 541 932 datur
560 896 665 932 enim
701 895 736 932 ei
774 903 822 932 ex
847 893 923 932 hoc
952 895 1099 932 erroris
1120 894 1294 938 occasio,
1317 897 1358 931 ut
1379 895 1601 932 consentiat
1625 894 1685 931 his
1705 895 1773 940 qui

152 946 371 988 posuerunt
392 943 512 979 Deum
534 950 612 979 non
635 950 724 979 esse
742 949 862 987 super
879 942 1015 978 omnia
1030 950 1197 987 corpora
1217 941 1444 979 exaltatum.
1459 943 1542 978 Non
1559 941 1680 987 igitur
1698 941 1775 979 hoc

153 988 203 1026 ad
225 988 407 1026 humanae
430 993 579 1026 naturae
600 989 806 1027 utilitatem
825 988 1085 1026 conveniebat
1105 988 1211 1035 quod
1232 989 1336 1025 Deus
1354 988 1570 1026 humanam
1592 992 1773 1025 naturam

152 1040 388 1074 assumeret.

200 1083 300 1123 Item,
324 1083 593 1128 experimento
606 1082 758 1119 discere
775 1090 994 1127 possumus
1014 1082 1119 1128 quod
1141 1082 1247 1120 circa
1266 1082 1582 1119 incarnationem
1601 1082 1669 1119 Dei
1690 1082 1775 1128 plu·

153 1129 241 1166 rimi
274 1138 428 1166 errores
460 1133 554 1167 sunt
579 1130 716 1166 exorti.
746 1130 906 1166 Videtur
938 1130 1060 1176 igitur
1079 1130 1264 1167 humanae
1286 1129 1404 1166 saluti
1426 1129 1669 1166 conveniens
1691 1138 1774 1166 non

153 1176 280 1214 fuisse
301 1175 407 1223 quod
427 1177 531 1213 Deus
550 1176 836 1213 incarnaretur.

203 1223 347 1264 Adhuc,
371 1223 474 1260 inter
493 1223 629 1260 omnia
644 1232 732 1270 quae
758 1224 864 1261 Deus
885 1222 989 1267 fecit,
1014 1222 1122 1260 istud
1138 1223 1294 1260 videtur
1313 1231 1403 1260 esse
1432 1223 1649 1260 maximum
1668 1223 1775 1270 quod

152 1270 321 1317 ipsemet
339 1278 499 1307 carnem
520 1270 796 1316 assumpserit.
817 1271 871 1307 Ex
888 1269 1064 1307 maximo
1085 1274 1217 1307 autem
1238 1279 1356 1316 opere
1377 1270 1550 1307 maxima
1571 1270 1685 1306 debet
1708 1280 1774 1309 ex·

154 1317 324 1364 spectari
344 1317 509 1355 utilitas.
538 1317 577 1353 Si
607 1317 729 1365 igitur
758 1317 980 1355 incarnatio
1002 1316 1070 1354 Dei
1092 1317 1141 1354 ad
1161 1318 1330 1355 salutem
1351 1317 1531 1354 omnium
1551 1317 1772 1362 ordinatur,

153 1364 310 1402 videtur
335 1363 461 1402 fuisse
494 1365 739 1402 conveniens
774 1364 880 1411 quod
901 1365 986 1411 ipse
1018 1366 1145 1402 totum
1174 1365 1392 1402 humanum
1414 1372 1542 1410 genus
1563 1365 1772 1410 salvasset,

154 1419 276 1459 quum
310 1411 427 1448 etiam
460 1411 635 1448 omnium
671 1411 879 1449 hominum
912 1411 1023 1449 salus
1057 1411 1237 1448 videatur
1263 1419 1352 1449 esse
1372 1414 1603 1457 competens
1624 1411 1774 1450 utilitas

156 1467 233 1505 pro
253 1467 332 1505 qua
350 1461 502 1496 tantum
525 1466 626 1504 opus
646 1457 732 1496 sieri
759 1458 974 1496 debuisset.

202 1506 384 1551 Amplius,
400 1505 435 1543 si
456 1506 560 1543 Deus
578 1508 736 1552 propter
753 1506 921 1543 salutem
937 1505 1143 1543 hominum
1165 1505 1380 1543 humanam
1397 1509 1578 1542 naturam
1596 1514 1775 1551 assump-

154 1552 220 1595 sit,
243 1552 397 1589 videtur
417 1552 541 1590 fuisse
561 1553 804 1590 conveniens
819 1556 861 1590 ut
880 1553 966 1599 ejus
985 1552 1169 1589 divinitas
1188 1551 1420 1589 hominibus
1438 1561 1507 1598 per
1531 1552 1774 1591 sufficientia

153 1599 303 1637 indicia
322 1599 656 1637 manifestaretur.
679 1600 760 1637 Hoc
793 1603 923 1637 autem
957 1607 1038 1636 non
1058 1599 1212 1636 videtur
1232 1599 1474 1647 contigisse3
1502 1607 1594 1636 nam
1614 1608 1683 1646 per
1702 1600 1773 1637 ali·

154 1655 258 1694 quos
280 1646 382 1683 alios
407 1647 605 1691 homines,
628 1647 716 1684 solo
748 1647 897 1684 auxilio
935 1646 1078 1683 divinae
1095 1645 1269 1691 virtutis,
1291 1646 1441 1693 absque
1462 1646 1612 1683 unione
1633 1646 1701 1684 Dei
1723 1647 1771 1684 ad

155 1702 292 1731 eorum
323 1697 519 1737 naturam,
539 1693 796 1731 inveniuntur
821 1693 970 1731 similia
996 1693 1189 1731 miracula
1214 1702 1306 1731 esse
1337 1694 1440 1730 sacta
1468 1692 1530 1730 vel
1551 1693 1667 1729 etiam
1690 1701 1772 1731 ma-

149 1740 240 1788 jora
258 1742 375 1787 quain
401 1740 537 1778 fecerit
563 1740 756 1778 Christus.
778 1742 863 1778 Non
885 1741 1007 1788 igitur
1025 1740 1180 1779 videtur
1199 1740 1267 1782 Dei
1287 1739 1510 1779 incarnatio
1529 1739 1774 1778 sufficienter

153 1791 365 1834 procurata
385 1787 511 1825 fuisse
530 1787 578 1825 ad
599 1787 815 1825 humanam
832 1788 1018 1825 salutem.

201 1836 392 1879 Praeterea,
427 1834 461 1872 si
495 1834 572 1872 hoc
599 1835 872 1872 necessarium
904 1834 979 1872 fuit
1004 1835 1190 1873 humanae
1222 1834 1342 1873 saluti
1363 1834 1470 1882 quod
1490 1836 1595 1873 Deus
1613 1843 1774 1874 carnem

152 1885 388 1926 assumeret,
424 1890 547 1928 quum
577 1890 600 1919 a
627 1882 823 1928 principio
852 1881 990 1919 mundi
1024 1881 1211 1919 homines
1237 1882 1399 1927 suerint,
1431 1882 1586 1920 videtur
1617 1882 1721 1929 quod
1751 1892 1774 1921 a

151 1929 349 1976 principio
369 1928 507 1966 mundi
526 1928 741 1966 humanam
757 1931 938 1966 naturam
959 1937 1165 1966 assumere
1182 1928 1331 1973 debuit,
1352 1933 1391 1966 et
1405 1937 1485 1966 non
1505 1929 1620 1976 quasi
1640 1930 1680 1966 in
1695 1929 1774 1967 fine

150 1980 399 2060 temporfunn
420 1975 574 2013 videtur
593 1976 700 2013 enim
722 1976 901 2014 omnium
923 1975 1228 2023 praecedentium
1248 1975 1456 2015 hominum
1479 1978 1589 2014 salus
1613 1980 1772 2023 praeter·

153 2030 282 2060 missa
317 2031 439 2060 uisse.

198 2070 301 2114 Item,
330 2069 415 2116 pari
445 2069 612 2114 ratione,
644 2078 772 2117 usque
804 2070 853 2109 ad
880 2069 1002 2109 finem
1035 2069 1175 2109 mundi
1194 2069 1400 2108 debuisset
1430 2078 1520 2108 cum
1541 2069 1773 2110 hominihus

154 2116 399 2160 conversari,
422 2119 467 2154 ut
485 2117 671 2154 homines
691 2125 765 2154 sua
783 2117 996 2163 praesentia
1015 2117 1189 2155 erudiret
1203 2120 1242 2154 et
1261 2117 1513 2164 gubernaret.

200 2163 345 2208 Adhuc,
376 2163 455 2201 hoc
483 2164 656 2201 maxime
686 2162 920 2202 hominibus
950 2163 1047 2201 utile
1066 2167 1129 2202 est
1148 2167 1191 2201 ut
1210 2164 1352 2201 futurae
1371 2163 1627 2202 beatitudinis
1655 2165 1697 2202 in
1713 2165 1773 2203 eis

154 2219 248 2258 spes
280 2209 480 2248 fundetur.
514 2211 623 2247 Hanc
642 2212 772 2248 autem
793 2218 904 2256 spem
931 2210 1060 2257 magis
1079 2219 1127 2248 ex
1149 2212 1230 2247 Deo
1249 2210 1454 2248 incarnato
1478 2211 1771 2258 concepissent,

154 2259 191 2296 si
211 2267 371 2296 carnem
392 2257 658 2294 immortalem
679 2260 718 2294 et
734 2257 1019 2304 impassibilem
1040 2259 1078 2293 et
1095 2257 1312 2304 gloriosam
1328 2258 1614 2303 assumpsisset
1633 2261 1670 2295 et
1688 2266 1772 2296 om-

154 2305 273 2343 nibus
292 2304 546 2343 ostendisset.
562 2305 648 2341 Non
668 2303 788 2352 igitur
801 2304 955 2341 videtur
973 2303 1098 2343 fuisse
1109 2304 1352 2342 conveniens
1369 2305 1476 2351 quod
1495 2312 1653 2342 carnem
1671 2313 1774 2343 mor-

107 2376 114 2383 ·
153 2353 274 2389 talem
294 2356 332 2388 et
353 2352 470 2389 etiam
491 2349 690 2389 infirmam
708 2351 982 2397 assumpserit.

199 2399 382 2444 Amplius,
399 2398 555 2436 videtur
568 2398 695 2436 fuisse
708 2398 963 2443 conveniens,
976 2396 1026 2437 ad
1043 2397 1334 2437 ostendendum
1347 2397 1453 2446 quod
1471 2398 1608 2436 omnia
1626 2408 1713 2446 quae
1731 2399 1772 2437 in

158 2446 309 2485 mundo
330 2447 425 2483 sunt
442 2445 523 2483 sint
542 2453 567 2483 a
587 2446 685 2490 Deo,
713 2444 821 2493 quod
839 2445 925 2491 ipse
944 2443 1188 2484 abundantia
1209 2453 1340 2484 rerum
1360 2445 1651 2482 mundanarum
1672 2454 1772 2484 usus

156 2492 312 2536 fuisset,
344 2492 383 2529 in
416 2491 564 2530 divitiis
594 2495 634 2529 et
662 2492 705 2530 in
736 2491 919 2531 maximis
940 2491 1160 2531 honoribus
1189 2491 1352 2537 vivens3
1374 2492 1488 2539 cujus
1508 2492 1705 2530 contrain'a
1723 2492 1772 2532 de

154 2538 243 2585 ipso
271 2538 471 2586 leguntur,
509 2538 700 2591 videlicet⁸
725 2538 832 2585 quod
863 2546 1076 2585 pauperem
1093 2540 1132 2576 et
1151 2536 1343 2585 abjectam
1359 2540 1477 2577 vitam
1498 2538 1607 2576 duxit
1624 2542 1662 2576 et
1680 2548 1771 2585 pro-

154 2585 320 2623 brosam
340 2589 509 2623 mortem
530 2586 733 2638 sustinuit.
754 2587 841 2624 Non
860 2586 984 2633 igitur
1001 2585 1154 2624 videtur
1173 2593 1263 2624 esse
1280 2586 1524 2624 conveniens
1545 2586 1649 2633 quod
1671 2586 1771 2626 fides

153 2632 204 2671 de
227 2634 308 2670 Deo
329 2632 536 2671 incarnato
552 2632 752 2678 praedlcat.

202 2681 392 2722 Praeterea,
427 2689 477 2718 ex
504 2678 583 2717 hoc
615 2678 723 2726 quod
746 2678 832 2726 ipse
862 2678 1014 2726 abjecta
1032 2687 1178 2726 passus
1197 2681 1272 2724 est,
1292 2679 1379 2727 ejus
1399 2679 1583 2718 divinitas
1600 2680 1770 2719 maxime

155 2726 229 2764 suit
250 2727 460 2769 occultata,
481 2733 605 2773 quum
620 2730 754 2764 tamen
772 2726 849 2764 hoc
869 2726 1040 2764 maxime
1058 2726 1330 2764 necessarium
1345 2726 1462 2765 fuerit
1477 2727 1708 2765 hominibus
1728 2732 1770 2765 ut

154 2774 242 2820 ejus
270 2774 513 2811 divinitatem
543 2776 846 2820 cognoscerent,
878 2773 913 2812 si
942 2772 1028 2821 ipse
1063 2772 1136 2811 fuit
1154 2773 1259 2811 Deus
1278 2773 1522 2814 incarnatus.
1543 2776 1632 2814 Non
1650 2774 1771 2825 igitur

154 2821 309 2860 videtur
328 2821 435 2869 quod
453 2820 556 2860 fides
572 2819 760 2868 praedicat
774 2818 960 2860 humanae
979 2819 1098 2860 saluti
1117 2819 1342 2860 convenire.
