1894 3223
716 182 801 217 [ΑΒ.
833 182 889 226 tv,
917 183 1018 218 cat).
1047 183 1121 218 Ltt.
1663 184 1734 219 579

112 274 186 303 nec
207 263 416 302 inferiores
427 262 530 299 vires
550 263 719 308 perfecte
738 263 878 300 rationi
896 262 1158 309 subjiciantur
1172 272 1244 300 nec
1259 263 1399 300 animae
1415 272 1584 309 corpus;
1606 267 1643 300 et
1655 263 1731 302 lioc

113 320 194 349 non
217 314 368 348 tantum
389 310 431 346 in
459 310 584 355 primo
606 315 804 355 peccante,
828 311 897 347 sed
927 311 1028 346 idem
1047 310 1224 347 detectus
1241 311 1466 347 communis
1489 311 1729 356 pervenitad

114 362 311 405 posteros,
333 356 382 394 ad
405 366 507 403 quos
543 357 657 393 etiam
696 357 799 393 dicta
831 357 1037 402 originalis
1071 358 1227 403 justitia
1264 361 1496 403 perventura
1534 361 1628 394 erat.
1669 359 1730 396 Sic

114 402 235 452 igitur
266 408 468 450 peccatum
494 405 604 449 primi
628 404 818 448 hominis,
851 413 873 440 a
895 413 972 450 quo
991 412 1132 440 omnes
1153 404 1235 449 alii,
1266 405 1485 441 secundum
1508 404 1729 442 doctrinam

113 451 203 488 {idei
218 479 227 494 ,
267 455 358 488 suut
398 451 588 494 derivati,
628 455 666 486 et
699 450 908 496 personale
945 451 1017 487 i'uit
1033 479 1042 495 ‚
1083 452 1124 487 in
1161 455 1350 497 quantum
1388 451 1518 497 ipsum
1560 452 1730 497 primuni

114 498 318 536 hominem
340 498 498 544 proprio
526 498 631 534 hono
652 499 830 543 privavit,
849 501 884 534 ct
915 498 1108 540 naturale,
1133 498 1170 533 in
1194 503 1384 544 quantum
1406 498 1566 535 abstulit
1598 499 1672 535 sibi
1695 503 1732 535 et

115 546 200 582 suis
222 545 393 591 posteris
413 547 705 591 consequenter
726 544 962 581 benetie-ium
985 545 1173 581 collatum
1195 545 1264 580 toti
1287 544 1469 582 humana}
1492 549 1654 582 i‘iaturai.
1672 546 1730 583 Sic

113 593 235 639 igitur
254 591 483 637 hujusmodi
506 592 695 634 detectus,
716 592 751 628 in
776 592 864 628 aliis
885 600 1136 637 consequens
1157 602 1203 628 ex
1222 592 1346 637 primo
1365 596 1536 637 parente,
1559 593 1675 629 etiam
1691 594 1732 630 in

113 639 204 676 aliis
227 639 418 676 rationem
433 639 557 684 culpae
575 638 704 681 hahet,
724 643 993 684 proutomnes
1009 638 1192 675 homines
1205 642 1482 683 computantur
1495 649 1597 676 unus
1612 640 1732 676 homo

113 695 181 732 per
215 686 551 732 participationem
586 690 734 722 nuturae
768 686 1006 722 communis.
1027 686 1090 722 Sic
1121 686 1225 721 cuim
1248 686 1446 722 invenitur
1466 686 1731 723 volimtarium

112 732 342 777 hujusmodi
374 738 577 779 peccatum
608 733 808 770 voluntate
838 733 952 778 primi
984 733 1174 778 parentis,
1197 733 1530 778 quemadn'ioduni
1563 736 1600 770 et
1629 734 1732 770 actio

114 789 258 817 manus
297 780 489 817 rationem
515 779 639 824 cutpae
675 779 790 816 habet
829 790 875 816 ex
913 779 1114 816 voluntate
1151 780 1267 825 primi
1307 781 1515 823 moventis,
1539 781 1642 825 quod
1674 784 1733 817 est

113 827 238 871 rati03
260 831 301 863 ut
320 827 378 864 sic
399 827 644 864 testimentur
665 826 702 862 in
727 830 886 873 peccato
910 829 1058 863 natura}
1078 826 1222 863 diversi
1246 826 1428 863 homines
1449 828 1562 873 quusi
1584 831 1733 864 naturce

114 874 340 911 communis
379 879 524 920 partes,
554 874 657 910 sicut
690 874 730 910 in
767 878 928 919 peccato
960 874 1159 919 personali
1200 873 1366 911 diversae
1404 876 1524 911 unius
1556 874 1733 911 hominis

143 925 260 958 artes.

114 929 138 967 p
163 967 387 1004 Secundum
424 968 500 1006 hoc
539 969 660 1014 igitur
694 977 828 1004 verum
861 972 919 1004 est
959 968 1088 1004 dicere
1119 968 1240 1014 quod,
1262 976 1342 1005 uno
1368 972 1569 1014 peccante,
1591 977 1733 1006 omnes

113 1018 376 1060 peecaverunt
407 1016 447 1051 in
477 1015 579 1061 ipso,
602 1019 645 1051 ut
672 1015 885 1060 Apostolus
919 1015 1013 1050 dicit
1038 1015 1166 1061 (Rom,
1189 1024 1230 1059 v,
1262 1015 1345 1061 tO);
1374 1016 1593 1052 seeundum
1627 1016 1733 1062 quod

115 1061 291 1099 secunda
316 1062 414 1098 ratio
434 1062 676 1108 proponebat
698 1071 774 1098 non
795 1062 899 1108 quod
918 1066 1053 1098 essent
1073 1066 1161 1098 actu
1183 1062 1222 1098 in
1242 1062 1330 1108 ipso
1354 1063 1422 1099 alii
1442 1062 1640 1106 homines,
1664 1062 1733 1100 sed

114 1109 271 1152 virtute,
291 1108 394 1145 sicut
423 1109 463 1145 in
495 1109 678 1155 originali
715 1109 934 1154 principi03
970 1117 1040 1144 nec
1062 1108 1247 1145 dicuntur
1281 1118 1468 1154 peccasse
1489 1110 1528 1145 in
1551 1118 1598 1146 eo
1618 1110 1733 1156 quasi

116 1155 287 1202 aliquem
309 1158 438 1192 actum
461 1159 703 1197 exercentes,
723 1156 806 1194 sed,
828 1156 868 1192 in
889 1159 1078 1201 quantum
1101 1155 1299 1200 pertinent
1318 1155 1367 1192 ad
1388 1160 1569 1192 naturam
1589 1157 1732 1202 ipsius.

118 1211 206 1249 quae
229 1211 299 1247 per
318 1206 520 1247 peccatum
544 1206 729 1248 corrupta
753 1206 826 1238 cst.

165 1250 243 1286 Nec
280 1252 413 1285 tamen
447 1249 650 1295 sequitur,
686 1249 720 1286 si
761 1253 965 1294 peccatum
997 1259 1021 1286 a
1057 1249 1185 1294 primo
1220 1252 1383 1296 parente
1418 1253 1659 1297 propagatur
1692 1250 1734 1287 in

115 1299 314 1342 posteros,
333 1304 454 1342 quum
476 1296 697 1342 sthectum
718 1297 867 1342 peccati
885 1297 937 1333 sit
957 1296 1088 1333 anima
1109 1296 1448 1343 i=ationatiS,quod
1469 1298 1601 1334 anima
1620 1297 1736 1334 ratio-

115 1342 220 1380 nalis
240 1343 360 1380 simul
381 1352 472 1380 cum
495 1343 647 1380 semine
661 1347 911 1390 propagetur,
928 1344 1147 1380 secundum
1171 1352 1400 1389 processum
1416 1345 1539 1381 tertiie
1553 1344 1732 1382 rationis.

118 1391 197 1427 Hoc
218 1390 324 1427 enim
344 1390 463 1427 modo
482 1394 721 1437 propagatur
742 1391 817 1427 hoc
837 1393 1039 1436 peccatum
1052 1395 1215 1435 natuiae,
1237 1391 1344 1437 quod
1363 1391 1557 1438 originale
1577 1391 1734 1435 dicitur,
1779 1438 1781 1441 Ι

117 1437 222 1474 sicut
249 1440 288 1473 et
315 1437 404 1483 ipsa
423 1441 563 1474 natura
583 1438 744 1483 speciei,
765 1447 867 1483 quae,
888 1438 1068 1484 quamvis
1086 1447 1154 1483 per
1173 1437 1345 1474 animam
1366 1438 1597 1475 rationalem
1620 1438 1735 1484 persi·

117 1484 244 1520 ciatur
259 1511 268 1528 ‚
307 1492 388 1520 non
422 1487 554 1521 tamen
593 1488 833 1531 propagatur
870 1494 958 1521 cum
997 1486 1176 1528 semine,
1216 1485 1286 1522 sed
1327 1485 1457 1522 solum
1501 1493 1646 1531 corpus
1685 1486 1734 1523 ad

118 1530 411 1576 susceptionem
434 1531 523 1567 talis
539 1532 680 1568 animae
698 1535 831 1577 aptum
849 1535 1000 1575 natum,
1021 1535 1063 1568 ut
1085 1536 1291 1568 ostensum
1310 1535 1369 1569 est
1390 1532 1431 1578 (l.
1458 1540 1501 1572 11,
1521 1542 1554 1569 c.
1575 1533 1648 1579 86).

167 1579 222 1621 Et,
244 1577 334 1614 licet
361 1577 540 1614 Christus
561 1588 583 1615 a
603 1579 729 1624 primo
750 1582 910 1623 parente
932 1578 1151 1615 secundum
1179 1587 1339 1616 carnem
1371 1579 1632 1623 descenderit,
1654 1588 1734 1616 uon

119 1628 251 1661 tamen
275 1624 590 1671 inquinationem
612 1625 819 1672 originalis
840 1626 988 1671 peccati
1013 1625 1193 1670 incurrit,
1214 1629 1257 1662 ut
1285 1630 1426 1672 quarta
1457 1627 1556 1663 ratio
1577 1627 1736 1664 conclu-

117 1671 257 1715 debat;
281 1672 375 1718 quia
394 1672 596 1708 materiam
619 1671 781 1722 humani
801 1673 981 1718 corporis
1009 1673 1140 1709 solum
1161 1682 1185 1709 a
1213 1673 1343 1719 primo
1363 1677 1523 1718 parente
1542 1674 1734 1719 suscepit,

117 1719 242 1756 virtus
269 1722 402 1756 autem
434 1719 641 1756 formativa
659 1720 839 1765 corporis
859 1720 945 1766 ejus
969 1728 1050 1756 non
1072 1719 1188 1756 suita
1217 1720 1346 1765 primo
1363 1725 1523 1766 parente
1545 1720 1733 1764 derivata,

119 1765 190 1802 sed
221 1760 297 1802 ruit
328 1765 454 1803 virtus
483 1766 650 1811 Spiritus
686 1766 828 1810 sancti,
859 1770 902 1804 ut
936 1775 1056 1812 supra
1087 1766 1136 1812 (c.
1173 1767 1238 1813 46)
1269 1771 1476 1804 ostensum
1514 1770 1599 1811 est;
1628 1767 1735 1804 unde

118 1816 300 1848 naturam
323 1811 537 1849 humanam
568 1821 648 1849 non
671 1813 718 1850 ab
743 1813 865 1850 Adam
895 1815 1045 1859 accepit
1073 1814 1177 1850 sicut
1206 1813 1255 1851 ab
1284 1817 1439 1860 agente,
1458 1814 1548 1851 licet
1567 1823 1654 1851 eam
1687 1813 1736 1851 de

118 1858 240 1896 Adam
259 1860 476 1904 susceperit
499 1860 603 1897 sicut
621 1860 668 1896 de
687 1860 878 1897 materiati
897 1861 1106 1906 principio.
1640 1879 1643 1882 >

166 1905 504 1943 Considerandum
536 1910 596 1944 est
625 1907 740 1943 etiam
770 1908 873 1953 quod
907 1907 1081 1953 praedicti
1113 1906 1290 1946 desectus
1321 1917 1391 1954 per
1416 1908 1636 1945 naturalem
1657 1909 1736 1946 ori—

118 1952 250 2000 ginem
271 1952 543 1997 traducuntur,
559 1963 605 1990 ex
621 1962 668 1990 eo
687 1955 793 2001 quod
815 1957 955 1991 natura
975 1954 1161 1992 destituta
1179 1957 1241 1991 est
1260 1955 1410 1992 auxilio
1425 1956 1560 2002 gratiae
1581 1957 1686 2003 quod
1700 1955 1734 1992 ei

118 2001 246 2036 fuerat
272 1999 314 2036 in
345 1999 472 2046 primo
507 2003 667 2047 parente
697 2001 898 2046 collatum,
926 2001 973 2038 ad
1008 2003 1188 2047 posteros
1209 2002 1327 2039 simul
1358 2011 1449 2039 curn
1476 2005 1617 2040 natura
1637 2003 1736 2039 deri·

118 2046 289 2083 vandum
307 2058 315 2090 ;
337 2050 389 2092 et,
407 2047 499 2094 quia
518 2048 600 2085 haec
618 2047 819 2085 destitutio
839 2058 886 2084 ex
902 2049 1126 2086 voluntario
1145 2053 1306 2094 peccato
1330 2049 1538 2095 processit,
1558 2050 1737 2087 defectus

119 2101 372 2139 consequens
408 2094 574 2139 suscipit
601 2095 725 2140 culpae
755 2095 962 2134 rationem.
985 2096 1048 2132 Sic
1083 2095 1204 2142 igitur
1235 2095 1411 2134 desectus
1441 2097 1669 2142 hujusmodi
1700 2101 1739 2133 et

120 2139 338 2185 culpabiles
359 2143 452 2177 sunt
469 2149 537 2185 per
556 2141 889 2186 comparationem
909 2142 957 2178 ad
978 2142 1147 2188 primum
1168 2143 1419 2189 principium,
1447 2144 1550 2190 quod
1574 2146 1634 2181 est
1653 2153 1739 2189 pec·

119 2189 251 2223 catum
270 2186 375 2229 Adae,
398 2190 435 2223 et
454 2187 654 2223 naturales
675 2191 769 2224 sunt
788 2197 857 2233 per
876 2189 1213 2233 comparationem
1234 2189 1282 2226 ad
1312 2191 1492 2226 naturam
1521 2190 1602 2236 jam
1625 2190 1740 2227 desti-

118 2234 242 2270 tutam
260 2244 269 2278 ;
294 2233 398 2269 unde
419 2235 458 2269 et
486 2234 698 2279 Apostolus
719 2234 810 2271 dicit
831 2246 841 2272 ε
863 2236 1018 2272 Eramus
1034 2238 1171 2271 natura
1190 2235 1260 2281 filii
1278 2236 1354 2272 iree.
1375 2235 1534 2282 (Ephes.,
1554 2245 1597 2282 11,
1619 2236 1670 2283 3.)
1695 2238 1739 2273 Et

119 2289 192 2327 per
211 2279 287 2317 hoc
307 2279 476 2317 solvitur
495 2280 594 2317 ratio
615 2280 765 2326 quinta.

167 2328 281 2364 Pater
298 2326 418 2374 igitur
433 2327 653 2364 secundum
674 2327 858 2373 praedicta
875 2328 981 2375 quod
1000 2328 1138 2365 vitium
1160 2329 1338 2374 originis,
1360 2339 1407 2366 ex
1426 2339 1504 2376 quo
1531 2334 1735 2376 peccatum

120 2373 313 2420 originale
334 2375 534 2416 causatur,
555 2375 736 2419 provenit
755 2384 801 2411 ex
819 2375 972 2412 defectu
991 2375 1158 2422 alicujus
1178 2376 1372 2422 principii,
1397 2377 1547 2413 scilicet
1577 2378 1736 2425 gratuiti

121 2419 214 2456 doni
228 2420 334 2467 quod
351 2423 499 2457 naturae
518 2420 702 2458 humanae
719 2421 760 2458 in
777 2422 840 2458 sui
862 2423 1110 2459 institutione
1129 2423 1201 2459 fuit
1217 2423 1404 2459 collatum
1422 2435 1431 2467 ;
1453 2423 1558 2470 quod
1579 2424 1739 2470 quidem

120 2466 270 2503 donum
291 2467 584 2514 quodammodo
606 2468 677 2504 fuit
697 2468 888 2512 naturale,
908 2478 986 2506 non
1014 2469 1128 2515 quasi
1150 2478 1197 2506 ex
1228 2470 1434 2515 principiis
1461 2473 1610 2507 naturae
1642 2480 1738 2509 cau.-

121 2517 266 2557 satum,
285 2514 352 2550 sed
371 2514 465 2560 quia
482 2514 540 2551 sic
556 2514 628 2551 suit
645 2514 795 2552 homini
815 2515 947 2552 datum
973 2519 1015 2552 ut
1035 2515 1154 2552 simul
1174 2525 1266 2552 cum
1286 2519 1426 2553 natura
1437 2522 1735 2564 propagaretur.

121 2559 299 2612 OiiJ'ectio
318 2564 448 2597 autem
467 2565 577 2597 sexta
598 2562 833 2606 procedebat
853 2563 1070 2600 secundum
1088 2563 1194 2609 quod
1212 2564 1392 2600 naturale
1412 2563 1555 2600 dicitur
1569 2565 1675 2611 quod
1689 2575 1738 2602 ex

119 2615 323 2653 principiis
345 2612 494 2644 naturae
515 2612 714 2645 causatur.

169 2654 348 2691 Procedit
367 2655 483 2691 etiam
503 2655 672 2699 septima
693 2655 791 2692 ratio
811 2663 881 2701 per
909 2655 1071 2693 modum
1101 2656 1283 2693 eumdem
1313 2657 1360 2694 de
1380 2657 1533 2695 defectu
1554 2659 1746 2706 principii:

120 2701 315 2738 naturalis
333 2701 438 2747 quod
461 2702 626 2746 pertinet
645 2701 691 2738 ad
714 2705 894 2738 naturam
916 2703 1077 2748 speciei.
1096 2703 1208 2747 Quod
1231 2703 1336 2740 enim
1372 2714 1419 2740 ex
1445 2705 1598 2742 defectu
1617 2706 1737 2753 hujus

120 2748 313 2785 naturalis
333 2748 513 2794 principii
531 2748 711 2793 provenit
742 2749 885 2785 accidit
903 2749 1002 2786 utin
1024 2750 1278 2795 paucioribus
1296 2762 1305 2794 ;
1328 2751 1398 2787 sed
1417 2751 1594 2790 defectus
1615 2754 1736 2801 origi-

120 2794 225 2876 galis
238 2795 386 2840 peccati
408 2795 589 2840 provenit
602 2804 650 2830 ex
669 2795 821 2832 defectu
841 2795 1024 2841 principii
1047 2797 1289 2842 superadditi
1308 2798 1504 2844 principio
1525 2801 1738 2845 speciei,ut

149 2844 269 2877 ictum
291 2845 362 2878 est.

170 2887 378 2924 Sciendum
400 2893 460 2924 est
489 2889 605 2925 etiam
635 2889 740 2934 quod
770 2888 811 2924 in
844 2893 932 2926 actu
962 2891 1197 2935 generativre
1223 2891 1379 2929 virtutis
1399 2901 1479 2929 non
1499 2896 1630 2938 potest
1649 2903 1737 2931 esse

120 2933 255 2970 vitium
277 2935 323 2971 de
344 2944 488 2981 genere
509 2935 673 2972 actualis
692 2935 858 2981 peccati,
880 2937 985 2982 quod
1006 2946 1053 2972 ex
1084 2937 1285 2975 voluntate
1318 2939 1536 2986 singularis
1555 2949 1736 2986 personae
