1894 3223
168 169 237 205 616
735 163 822 198 ΗΒ.
851 162 908 205 w,
936 162 1036 197 CAP.
1063 161 1224 198 LXXVII.

170 250 316 286 cratur.
339 247 519 281 Potestas
539 243 661 291 igitur
674 243 832 280 Ordinis
853 245 1041 288 perpetuo
1060 242 1101 278 in
1121 242 1314 279 ministris
1333 242 1516 280 Ecclesiae
1536 244 1681 279 manet.
1694 242 1782 279 Non

171 302 265 340 ergo
300 292 453 328 tollitur
483 300 552 336 per
570 293 790 336 peccatum.
811 291 985 326 Possunt
1002 297 1097 335 ergo
1118 288 1232 325 etiam
1255 298 1278 325 a
1294 289 1568 335 peccatoribus
1591 292 1629 325 et
1648 288 1781 333 malis,

170 338 384 377 dummodo
402 338 586 374 Ordinem
607 337 792 381 habeant,
815 335 1085 372 ecclesiastica
1105 339 1351 372 sacramenta
1369 336 1550 373 conferri.

215 388 314 425 item,
349 384 447 420 nihil
480 387 608 430 potest
637 384 678 420 in
709 383 748 420 id
778 383 884 429 quod
916 381 1002 428 ejus
1035 382 1261 419 facultatem
1297 383 1461 426 excedit,
1501 383 1578 419 nisi
1614 386 1776 427 accepta

168 433 327 470 aliunde
348 433 565 477 potestate:
586 430 688 477 quod
710 434 788 466 tam
809 430 849 466 in
875 429 1135 472 naturalibus,
1152 438 1269 475 quam
1289 428 1330 464 in
1348 429 1530 466 civilibus
1551 432 1680 474 patet;
1700 438 1775 468 nou

170 480 275 516 enim
297 488 399 525 aqua
419 478 633 514 calefacere
653 480 797 523 potest,
831 476 909 513 nisi
931 476 1098 522 accipiat
1117 475 1298 512 virtutem
1321 475 1576 513 calefaciendi
1593 476 1640 512 ab
1662 477 1753 522 igne
1768 504 1779 520 ,

168 535 296 572 neque
317 525 469 561 balivus
486 525 591 560 cives
611 533 793 560 coercere
807 523 1020 569 potestnisi
1040 526 1200 567 accepta
1215 526 1407 568 potestate
1424 532 1446 558 a
1461 532 1563 570 rege.
1579 525 1629 559 Ea
1645 526 1777 560 autem

169 582 256 619 quae
275 573 316 608 in
338 571 597 608 sacramentis
627 574 799 618 aguntur
834 570 1059 606 facultatem
1079 569 1293 605 humanam
1324 569 1528 614 excedunt,
1557 574 1598 606 ut
1619 580 1665 606 ex
1684 579 1773 615 prae

168 619 306 656 missis
328 618 426 664 (cap.
455 618 514 664 47)
536 621 653 663 patet.
688 620 788 663 Ergo
810 617 945 653 nullus
966 620 1095 662 potest
1126 620 1372 652 sacramenta
1393 616 1637 661 dispensare,
1658 625 1764 663 quan

168 670 422 711 tumcumque
454 665 504 701 sit
540 666 683 708 bonus,
716 664 793 700 nisi
834 667 1068 709 potestatem
1105 663 1272 708 accipiat
1300 663 1571 708 dispensandi.
1609 664 1780 699 Bonitatt

169 716 298 749 autem
319 712 494 748 hominis
526 711 676 747 malitia
708 712 921 756 opponitur
941 714 978 746 et
1007 713 1224 756 peccatum.
1255 712 1354 755 Ergo
1385 719 1457 746 nec
1484 719 1553 755 per
1576 713 1781 754 peccatum

168 760 235 795 ille
257 759 322 805 qui
349 762 581 804 potestatem
603 758 766 803 accepit,
788 757 1000 802 impeditur
1030 765 1108 803 quo
1129 758 1263 793 minus
1284 761 1532 793 sacramenta
1548 756 1780 802 dispensare

196 807 308 842 ossit.

168 815 192 852 p
215 853 359 895 Αάὴιιο,
379 852 499 888 homo
521 852 662 888 dicitur
680 851 825 894 bonus,
860 851 920 886 vel
941 850 1071 887 malus
1093 850 1311 887 secundum
1331 851 1528 894 virtutem,
1549 850 1610 886 vel
1629 850 1783 894 vitium,

169 909 255 946 quae
282 902 374 936 sunt
403 899 561 935 habitus
593 898 767 945 quidam.
791 897 952 934 Habitus
973 901 1103 934 autem
1125 907 1147 934 a
1166 898 1341 942 potentia
1361 898 1400 933 in
1424 899 1498 933 hoc
1518 896 1648 933 differt
1676 897 1781 943 quod

169 956 238 993 per
257 946 473 992 potentiam
492 955 632 982 sumus
644 949 826 990 potentes
848 944 994 990 aliquid
1016 945 1156 987 facere,
1178 954 1247 989 pcr
1267 944 1442 981 habitum
1460 948 1588 980 autem
1605 953 1683 980 non
1700 944 1787 980 red—

170 994 298 1030 dimur
330 996 509 1038 potentes
542 992 589 1028 ad
623 992 769 1038 aliquid
803 990 1047 1035 faciendum,
1080 991 1148 1028 sed
1180 991 1334 1028 habiles
1369 992 1428 1027 vel
1456 991 1652 1028 inhabiles
1673 990 1721 1027 ad
1741 990 1782 1027 id

169 1040 274 1087 quod
294 1048 510 1085 possumus
530 1039 628 1075 bene
648 1040 708 1074 vel
737 1038 839 1074 male
872 1038 1082 1083 agendum.
1106 1040 1177 1074 Per
1205 1037 1380 1074 habitum
1408 1038 1526 1084 igitur
1557 1047 1637 1074 non
1668 1037 1784 1074 datur

169 1097 296 1133 neque
324 1087 476 1123 tollitur
502 1086 616 1122 nobis
647 1085 795 1131 aliquid
816 1094 959 1131 posse;
982 1085 1050 1121 sed
1074 1085 1149 1122 hoc
1173 1095 1240 1130 per
1270 1085 1447 1121 habitum
1474 1085 1718 1131 acquirimus
1739 1087 1783 1121 ut

168 1134 269 1170 bene
304 1134 363 1170 vel
385 1134 486 1169 male
510 1132 659 1179 aliquid
681 1142 859 1178 agamus.
884 1134 967 1168 Non
988 1133 1166 1178 igiturex
1186 1132 1261 1168 hoc
1277 1132 1378 1178 quod
1404 1132 1547 1177 aliquis
1567 1135 1628 1168 est
1650 1131 1782 1168 bonus

169 1181 229 1216 vel
256 1181 400 1223 malus,
424 1184 483 1216 est
515 1185 669 1225 potens,
692 1180 751 1214 vel
776 1179 973 1224 impotens
1003 1179 1048 1215 ad
1082 1179 1391 1223 dispensandum
1414 1182 1673 1222 sacramenta,
1710 1178 1777 1215 sed

173 1227 344 1264 idoneus
364 1227 425 1262 vel
448 1235 525 1262 non
547 1226 716 1262 idoneus
734 1225 781 1261 ad
803 1226 900 1262 bene
920 1226 1245 1270 dispensandum.

219 1275 401 1318 Amplius,
437 1273 541 1319 quod
569 1273 648 1319 agit
667 1273 707 1308 in
737 1273 877 1308 virtute
908 1272 1070 1309 alterius
1101 1281 1180 1309 non
1213 1272 1408 1309 assimilat
1427 1272 1502 1308 sibi
1521 1272 1689 1318 patiens,
1710 1273 1780 1310 sed

170 1321 378 1367 principali
411 1321 540 1366 agenti
565 1332 572 1355 :
605 1329 684 1356 non
717 1319 818 1355 enim
842 1319 982 1355 domus
1004 1319 1245 1356 assimilatur
1265 1320 1541 1356 instrumentis
1559 1319 1702 1365 quibus
1720 1329 1780 1356 ar-

170 1367 265 1403 tifex
286 1367 421 1411 utitur,
453 1366 523 1403 sed
552 1367 624 1403 arti
644 1366 784 1411 ipsius.
805 1366 970 1402 Ministri
994 1370 1123 1402 autem
1152 1366 1335 1402 Ecclesiae
1358 1366 1396 1401 in
1420 1366 1679 1403 sacramentis
1699 1375 1780 1403 non

173 1418 297 1461 agunt
318 1414 358 1449 in
377 1414 517 1449 virtute
538 1414 709 1458 propria,
728 1412 797 1449 sed
819 1413 858 1448 in
882 1413 1023 1448 virtute
1046 1413 1199 1456 Christi,
1222 1412 1267 1448 de
1288 1421 1366 1458 quo
1389 1412 1545 1456 dicitur,
1566 1414 1723 1457 Joann.‚
1751 1423 1780 1457 1,

168 1464 211 1498 33
231 1473 239 1496 :
260 1462 328 1496 Hic
348 1462 481 1505 estqui
500 1461 662 1504 baptizat
679 1472 689 1494 .·
711 1459 814 1496 unde
834 1464 871 1495 et
888 1459 989 1496 sicut
1003 1460 1308 1495 instrumentum
1323 1459 1492 1495 ministri
1513 1469 1628 1506 agere
1643 1459 1781 1496 dicun-

168 1512 255 1551 tur;
286 1507 466 1543 minister
489 1507 590 1543 enim
614 1510 673 1544 est
694 1506 795 1543 sicut
812 1506 1116 1545 instrumentum
1137 1506 1368 1542 animatum.
1391 1508 1476 1542 Non
1492 1506 1611 1553 igitur
1630 1506 1782 1544 malitia

168 1554 440 1636 miililistrorum
469 1553 631 1599 impedit
659 1553 755 1600 quin
784 1552 920 1589 fideles
941 1553 1108 1589 salutem
1129 1563 1197 1599 per
1218 1558 1463 1589 sacramenta
1484 1556 1782 1600 consequantur

168 1602 228 1638 aC
259 1601 368 1638 risto.

214 1650 402 1692 Praeterea,
434 1648 481 1685 de
510 1647 698 1688 bonitate,
728 1647 789 1683 vel
808 1647 960 1683 malitia
983 1647 1144 1683 alterius
1164 1646 1340 1683 hominis
1359 1646 1480 1684 homo
1497 1646 1675 1694 judicare
1698 1656 1778 1685 non

167 1699 296 1741 potest
317 1705 324 1728 :
346 1694 423 1731 boc
443 1694 544 1731 enim
568 1694 694 1731 solius
712 1694 780 1730 Dei
802 1698 874 1738 est,
896 1695 960 1740 qui
984 1694 1138 1730 occulta
1153 1694 1285 1731 cordis
1306 1694 1486 1731 rimatur.
1512 1695 1550 1731 Si
1564 1694 1686 1741 igitur
1698 1703 1782 1731 ma-

167 1742 254 1778 litia
276 1741 447 1778 ministri
468 1741 658 1787 impedire
676 1743 813 1787 posset
833 1741 1068 1777 sacramenti
1091 1741 1288 1782 effectum,
1314 1750 1394 1777 non
1416 1745 1552 1787 posset
1570 1741 1690 1778 homo
1711 1741 1781 1778 ha-

169 1789 261 1825 bere
293 1788 477 1825 fiduciam
510 1792 656 1824 certam
691 1787 738 1824 de
771 1794 844 1824 sua
876 1788 1024 1832 salute;
1058 1797 1130 1824 nec
1162 1788 1406 1825 conscientia
1439 1790 1524 1835 ejus
1559 1792 1781 1825 remaneret

170 1836 293 1872 libera
322 1845 344 1871 a
364 1839 538 1881 peccato.
571 1835 860 1871 Inconveniens
881 1835 1000 1879 igitur
1020 1834 1172 1871 videtur
1191 1836 1295 1881 quod
1326 1844 1435 1880 spem
1464 1845 1546 1872 suae
1575 1834 1717 1872 salutis
1737 1835 1779 1872 in

170 1882 345 1919 bonitate
366 1882 452 1928 puri
474 1882 648 1918 hominis
666 1882 756 1928 quis
777 1884 918 1927 ponat:
942 1881 1084 1918 dicitur
1106 1881 1224 1925 enim,
1245 1884 1402 1926 Jerem.‚
1422 1890 1522 1925 xvir,
1543 1885 1562 1918 5
1581 1894 1588 1917 :
1608 1881 1779 1917 Maledic-

168 1932 226 1964 tus
246 1929 346 1964 homo
371 1931 435 1973 qua·
454 1929 599 1974 confidit
627 1931 666 1963 in
688 1929 840 1964 homine.
863 1928 902 1964 Si
933 1932 1061 1964 autem
1089 1928 1208 1965 homo
1230 1928 1396 1964 salutem
1419 1929 1608 1974 consequi
1630 1938 1698 1974 per
1717 1937 1780 1965 sa-

169 1978 372 2012 cramenta
402 1985 480 2012 non
510 1978 697 2020 speraret,
728 1974 806 2011 nisi
832 1984 855 2011 a
880 1974 986 2011 bono
1019 1975 1200 2011 ministro
1226 1975 1468 2020 dispensata,
1496 1975 1648 2012 videtur
1668 1984 1779 2021 spem

169 2031 253 2059 suae
273 2022 414 2059 salutis
431 2022 655 2068 aliqualiter
673 2021 715 2057 in
734 2021 896 2058 homine
913 2031 1073 2067 ponere.
1101 2023 1146 2057 Ut
1166 2031 1260 2069 ergo
1281 2031 1391 2067 spem
1413 2026 1558 2059 nostrae
1579 2022 1719 2059 salutis
1737 2022 1779 2058 in

169 2069 323 2106 Christo
352 2077 562 2114 ponamus,
591 2068 657 2115 qui
687 2071 748 2105 est
781 2069 885 2105 Deus
918 2072 955 2105 et
983 2068 1118 2113 homo,
1152 2068 1419 2105 confitendum
1442 2069 1625 2116 estquod
1645 2078 1780 2106 sacra-

167 2120 300 2152 menta
330 2119 424 2152 sunt
460 2116 650 2152 salutaria
682 2125 729 2151 ex
747 2115 888 2151 virtute
911 2115 1067 2160 Christi,
1098 2115 1179 2152 sive
1198 2125 1267 2161 per
1297 2115 1440 2160 bonos,
1465 2116 1546 2153 sive
1563 2125 1632 2162 per
1650 2115 1779 2153 malos

167 2163 374 2199 ministros
395 2162 688 2208 dispensentur.
1647 2166 1656 2177 '

215 2211 294 2246 Hoc
316 2210 431 2245 etiam
455 2212 613 2254 apparet
638 2218 707 2254 per
721 2208 798 2245 boc
819 2209 924 2255 quod
942 2209 1135 2246 Dominus
1156 2210 1269 2246 etiam
1292 2210 1408 2247 malis
1428 2210 1600 2256 praelatis
1620 2210 1781 2247 obedire

168 2255 294 2297 docet,
318 2265 485 2302 quorum
504 2260 634 2292 tamen
651 2265 729 2292 non
746 2260 839 2292 sunt
851 2265 970 2302 opera
983 2256 1172 2293 imitanda
1187 2257 1301 2300 ;dicit
1315 2257 1431 2297 enim,
1444 2257 1593 2302 Matth„
1610 2260 1778 2302 xx111,2:

165 2303 282 2347 Super
301 2304 507 2338 cathedram
525 2304 643 2347 Moysi
661 2303 830 2338 sederunt
847 2303 984 2343 scribae,
1007 2306 1040 2338 et
1050 2304 1249 2348 pharisaei:
1271 2315 1500 2350 quaecumque
1513 2315 1594 2348 erqo
1615 2305 1778 2339 dimerint

165 2351 277 2389 vobis,
300 2353 450 2389 servate,
472 2353 504 2385 et
522 2352 633 2393 facite
655 2362 665 2392 ,-
687 2350 880 2385 secundum
900 2353 1018 2384 autem
1037 2361 1143 2395 opera
1157 2361 1277 2386 eorum
1292 2352 1401 2386 nolite
1419 2353 1550 2394 facere.
1566 2351 1685 2388 Multo
1712 2360 1780 2388 au-

166 2400 245 2432 tem
266 2397 394 2443 magis
417 2396 680 2433 obediendum
698 2401 757 2432 est
778 2397 978 2443 aliquibus
995 2401 1153 2442 propter
1171 2397 1246 2434 hoc
1267 2398 1369 2444 quod
1399 2398 1622 2444 suscipiunt
1641 2398 1780 2435 minis·

166 2444 306 2479 terium
330 2455 351 2479 a
373 2444 539 2487 Christo,
570 2453 687 2489 quam
718 2447 876 2488 propter
896 2443 1120 2480 cathedram
1139 2445 1278 2491 Moysi.
1299 2447 1365 2481 Est
1393 2454 1486 2490 ergo
1514 2445 1629 2481 etiam
1659 2444 1778 2482 malis

165 2490 356 2527 ministris
381 2490 645 2526 obediendum
671 2500 678 2523 :
707 2491 812 2536 quod
831 2500 910 2527 non
933 2494 1051 2534 esset,
1074 2491 1151 2528 nisi
1172 2492 1212 2528 in
1233 2492 1291 2529 eis
1317 2491 1473 2529 Ordinis
1493 2495 1669 2538 potestas
1696 2501 1778 2528 nia-

167 2541 289 2580 neret‚
325 2541 482 2583 propter
502 2546 619 2583 quam
652 2537 709 2572 eis
731 2537 925 2574 obeditur.
960 2537 1111 2574 Habent
1140 2547 1233 2586 ergo
1265 2542 1497 2584 potestatem
1520 2538 1778 2584 dispensandi

168 2588 416 2620 sacramenta
437 2584 552 2620 etiam
572 2584 679 2620 mali.

214 2632 285 2682 Per
310 2630 384 2667 hoc
412 2635 541 2667 autem
572 2630 793 2667 excluditur
821 2631 1080 2677 quorumdam
1114 2642 1223 2668 error
1249 2632 1463 2670 dicentium
1494 2632 1599 2679 quod
1640 2639 1781 2668 omnes

165 2675 259 2712 boni
276 2681 445 2722 possunt
466 2682 715 2715 sacramenta
735 2679 976 2720 ministrare,
998 2683 1035 2715 et
1055 2679 1155 2715 nulli
1177 2679 1282 2716 mali.
