1894 3223
158 172 234 207 564
776 164 864 198 LIB.
892 162 950 206 IV,
981 163 1080 198 CAP.
1108 163 1178 199 XL.

168 251 209 288 in
246 257 390 293 corpus
410 247 470 282 vel
492 244 597 292 quod
629 244 680 281 sit
697 243 823 279 virtus
841 243 881 278 in
921 251 1085 286 corpore
1130 245 1219 288 post
1246 240 1574 278 incarnationem.
1597 238 1785 284 Impossi-

166 297 246 334 bile
270 295 389 339 igitur
408 293 561 328 videtur
581 293 700 327 Deum
724 290 846 326 fuisse
866 289 1127 325 incarnatum.
1705 332 1710 338 .
1773 332 1781 338 ·

215 344 314 384 Item,
338 349 455 377 onine
479 339 583 385 quod
618 337 784 384 acquirit
819 344 960 372 novam
994 339 1174 372 naturam
1203 337 1263 372 est
1293 333 1544 372 substantiali
1575 335 1785 384 mutationi

171 389 418 434 subjectum3
451 385 669 422 secundum
703 384 778 420 hoc
809 383 914 419 enim
948 381 1096 428 aliquid
1127 383 1337 428 generatur
1367 382 1472 428 quod
1504 384 1685 417 naturam
1719 378 1787 415 ali-

171 445 289 483 quam
309 433 487 479 acquirit.
510 432 548 469 Si
566 432 684 477 igitur
705 429 932 477 hypostasis
954 429 1041 465 Filii
1062 428 1129 481 Dei
1144 426 1272 480 iiatde
1295 436 1395 465 novo
1417 427 1643 465 subsistens
1663 427 1705 462 in
1719 434 1786 462 na-

170 486 259 518 tura
276 482 461 520 humana,
484 479 637 516 videtur
657 478 763 524 quod
785 479 892 514 esset
910 475 1219 513 substantialiter
1237 478 1399 511 mutata.

218 529 362 570 Adhuc,
404 526 511 562 nulla
549 524 775 572 hypostasis
814 523 981 568 alicujus
1018 526 1168 559 naturae
1201 521 1420 573 extenditur
1457 524 1565 558 extra
1603 523 1785 558 naturam

170 574 279 612 illam
298 587 306 618 3
329 574 421 620 quin
445 572 573 619 potius
594 574 734 608 natura
750 570 946 608 invenitur
967 572 1076 606 extra
1105 569 1364 621 hypostasim,
1379 570 1518 620 ‘utpote
1548 568 1693 619 multas
1716 567 1787 613 hy-

172 626 355 668 postases
379 621 452 656 sub
473 629 515 656 se
534 619 700 656 habens.
724 618 762 655 Si
784 617 904 664 igitur
932 615 1158 663 hypostasis
1175 615 1257 651 Filii
1273 616 1341 651 Dei
1354 617 1404 651 sit
1419 617 1788 660 pei‘incarnatioem

175 669 279 706 sacta
297 667 523 714 hypostasis
544 666 727 703 humanae
748 669 910 707 naturae,
932 663 1110 709 sequitur
1126 661 1231 709 quod
1252 662 1374 699 Filius
1394 662 1461 698 Dei
1480 669 1560 698 non
1579 662 1629 699 sit
1642 661 1789 708 ubique

174 719 265 763 post
282 714 608 757 incarnationem,
631 720 750 760 quum
773 712 946 747 humana
976 712 1114 746 natura
1132 709 1277 756 ubique
1297 718 1379 746 non
1399 709 1462 746 sit.

221 763 403 808 Amplius,
424 761 479 797 rei
513 760 635 797 unius
661 762 698 796 et
729 758 906 805 ejusdem
940 766 1021 793 non
1042 759 1102 793 est
1129 756 1208 793 nisi
1240 765 1365 793 unum
1397 755 1493 801 quod
1511 756 1601 800 quid
1620 759 1693 799 est,·
1712 755 1789 794 hoc

175 810 280 848 enim
304 807 503 855 significat
523 805 785 844 substantiam
804 805 873 849 rei,
892 813 979 852 quae
1003 804 1123 840 nnius
1144 812 1223 840 una
1236 806 1309 840 est.
1323 803 1399 840 Sed
1423 806 1563 839 natura
1579 802 1791 848 cujuslibet

175 857 231 894 rei
255 860 315 892 est
334 855 430 901 quod
449 855 539 900 qnid
554 857 606 889 est
625 854 736 900 ejus;
759 855 900 888 natura
921 851 1026 888 enim
1048 850 1103 887 rei
1134 853 1195 887 est
1214 859 1331 897 quam
1365 848 1565 897 significat
1600 849 1788 888 definitio.

175 902 426 949 Impossibile
447 905 508 939 est
526 901 657 949 igitur,
678 903 723 937 ut
741 899 908 944 videtur,
928 897 1034 946 quod
1052 905 1132 935 una
1147 896 1376 944 hypostasis
1395 897 1435 934 in
1463 895 1618 934 duabus
1639 897 1792 935 naturis

176 951 383 988 subsistat.

224 999 413 1039 Praetereoe,
430 996 468 1033 in
492 996 555 1033 his
575 1004 662 1042 quae
681 997 775 1031 sunt
794 993 880 1031 sine
901 992 1076 1032 materia,
1098 1000 1180 1029 non
1200 993 1330 1037 potest
1349 1000 1438 1029 esse
1468 991 1573 1029 aliud
1594 991 1793 1039 quidditas

177 1045 231 1082 rei
250 1047 288 1080 et
307 1044 412 1080 aliud
435 1052 512 1086 res,
533 1045 713 1088 utsupra
733 1041 772 1087 (l.
792 1050 819 1085 1,
839 1051 872 1077 c.
894 1043 935 1077 21
960 1042 998 1076 et
1031 1039 1090 1085 22)
1111 1041 1424 1091 ostensumest3
1446 1043 1484 1076 et
1503 1039 1579 1077 hoc
1597 1040 1794 1086 praecipue

177 1091 292 1129 estin
314 1093 407 1130 Deo,
430 1089 496 1136 qui
514 1098 594 1126 non
620 1092 679 1129 est
699 1089 831 1125 solum
861 1096 935 1124 sua
954 1086 1165 1133 quidditas‚
1187 1086 1257 1123 sed
1281 1089 1399 1123 etiam
1432 1095 1550 1124 suum
1584 1095 1687 1124 esse.
1718 1087 1794 1124 Sed

176 1138 354 1176 humana
374 1141 515 1174 natura
532 1145 610 1173 non
631 1138 763 1182 potest
783 1143 871 1172 esse
890 1134 992 1170 idem
1014 1133 1136 1185 quod⁸
1154 1133 1292 1186 divina·
1314 1133 1556 1185 hypostasis.
1589 1135 1689 1181 Ergo
1723 1134 1793 1171 im-

178 1185 369 1232 possibile
390 1193 478 1221 esse
490 1183 643 1220 videtur
662 1182 764 1229 quod
785 1181 917 1218 divina
935 1181 1162 1227 hypostasis
1183 1180 1372 1232 subsistat
1390 1189 1431 1216 in
1451 1180 1625 1232 humana
1637 1183 1791 1218 natura.

226 1233 326 1275 Item,
350 1235 489 1268 natura
510 1233 570 1267 est
589 1229 809 1275 simplicior
831 1233 867 1265 et
888 1227 1094 1264 formatior
1111 1227 1314 1273 hypostasi
1332 1236 1418 1273 quae
1450 1236 1492 1263 in
1522 1236 1569 1263 ea
1588 1227 1793 1270 subsistit;

182 1288 273 1316 nam
297 1288 363 1324 per
381 1278 620 1314 additionem
643 1276 810 1321 alicujus
829 1274 1211 1317 materialis,natura
1224 1274 1449 1310 communis
1464 1273 1731 1312 individuatur
1746 1275 1796 1313 ad

181 1326 282 1363 hanc
306 1324 561 1371 hypostasim.
584 1323 620 1360 Si
644 1323 765 1370 igitur
782 1322 912 1359 divina
931 1320 1156 1368 hypostasis
1169 1320 1361 1357 subsistat
1383 1322 1424 1356 in
1445 1321 1466 1356 h
1476 1330 1619 1359 limana
1639 1324 1794 1367 natura,

181 1373 334 1409 videtur
352 1372 463 1417 sequi
485 1370 589 1417 quod
613 1370 785 1406 humana
806 1373 947 1405 natura
965 1369 1016 1404 sit
1043 1367 1262 1419 simplicior
1281 1370 1320 1403 et
1351 1367 1557 1405 formatior
1586 1377 1706 1416 quam
1737 1369 1795 1407 di-

183 1419 274 1456 vina
298 1419 550 1465 hypostasis;
573 1417 679 1463 quod
697 1420 757 1453 est
776 1415 938 1452 omnino
958 1414 1218 1466 impossibile.

228 1465 372 1506 Adhuc,
396 1466 436 1501 in
458 1465 521 1501 his
554 1464 684 1500 solum
705 1472 792 1510 quae
813 1466 906 1499 sunt
926 1472 974 1499 ex
1001 1465 1165 1498 materia
1183 1464 1221 1498 et
1238 1461 1367 1498 forma
1384 1462 1618 1508 composita,
1641 1462 1798 1502 differre

184 1513 385 1550 invenitur
417 1511 620 1558 singulare
641 1514 679 1547 et
707 1509 907 1556 quidditas
933 1509 1033 1555 ejus,
1058 1518 1111 1561 ex·
1128 1516 1175 1545 eo
1210 1507 1317 1561 quod
1349 1508 1552 1555 singulare
1576 1514 1636 1547 est
1655 1510 1797 1548 indivi-

181 1561 342 1598 duatum
375 1568 444 1604 per
463 1558 665 1595 materiam
701 1557 963 1603 designatam5
987 1565 1073 1602 quae
1102 1564 1143 1592 in
1171 1555 1387 1602 quidditate
1410 1559 1449 1592 et
1479 1559 1622 1593 natura
1649 1558 1798 1604 speciei

181 1616 263 1645 non
283 1606 499 1643 includitur
518 1617 526 1649 3
546 1605 587 1641 in
608 1605 834 1651 signatione
854 1605 958 1640 enim
981 1602 1155 1640 Socratis
1176 1602 1393 1639 includitur
1413 1602 1497 1640 haec
1516 1605 1695 1649 materia,
1715 1613 1798 1643 non

182 1658 313 1691 autem
350 1653 392 1689 in
424 1652 578 1689 ratione
609 1652 792 1688 humanae
823 1654 985 1687 naturae.
1008 1650 1146 1686 Omnis
1179 1649 1302 1696 igitur
1329 1649 1556 1696 hypostasis
1583 1651 1625 1687 in
1657 1655 1800 1690 natura

182 1701 357 1739 humana
376 1699 603 1737 subsistens
621 1702 681 1736 est
700 1698 916 1735 constituta
928 1706 998 1744 per
1012 1696 1217 1734 materiam
1235 1696 1432 1743 signatam
1450 1708 1458 1741 ;
1478 1698 1584 1744 quod
1599 1698 1646 1735 de
1664 1699 1800 1737 divina

183 1748 389 1795 hypostasi
427 1747 501 1783 dici
539 1755 620 1782 non
658 1749 800 1792 potest.
823 1747 910 1782 Non
949 1748 1009 1781 est
1043 1744 1165 1791 igitur
1197 1743 1405 1789 possibile,
1426 1747 1470 1781 ut
1501 1745 1671 1791 videtur,
1691 1746 1798 1794 quod

183 1794 417 1842 hypostasis
431 1793 544 1830 Verbi
566 1793 633 1829 Dei
655 1793 849 1830 subsistat
868 1793 909 1828 in
928 1791 1102 1829 humana
1123 1793 1278 1828 natura.

230 1842 411 1886 Amplius,
432 1841 565 1877 anima
583 1845 621 1877 et
641 1849 785 1886 corpus
807 1840 846 1875 in
860 1839 1014 1876 Christo
1033 1847 1114 1875 non
1134 1838 1296 1875 fuerunt
1314 1838 1482 1876 minoris
1497 1838 1655 1877 virtutis
1676 1849 1796 1886 quam

183 1889 226 1926 in
246 1889 336 1925 aliis
371 1887 617 1924 hominibus.
639 1887 714 1923 Sed
747 1887 787 1922 in
809 1886 899 1922 aliis
934 1885 1166 1922 hominibus
1197 1894 1245 1921 ex
1265 1893 1339 1922 sua
1371 1885 1516 1922 unione
1549 1886 1800 1924 constituunt

184 1935 450 1981 suppositum,
488 1934 734 1980 hypostasim
766 1937 804 1969 et
836 1941 1062 1978 personam.
1084 1932 1208 1977 Igitur
1238 1934 1276 1968 et
1306 1932 1346 1968 in
1383 1932 1535 1970 Christo
1569 1942 1616 1970 ex
1649 1934 1799 1972 unione

186 1983 328 2019 animae
352 1986 388 2017 et
408 1981 584 2026 corporis
614 1980 871 2017 constituitur
902 1979 1169 2025 suppositum,
1189 1978 1419 2025 hypostasis
1441 1983 1478 2016 et
1498 1988 1684 2025 persona.
1706 1982 1796 2018 Non

186 2031 317 2066 autem
345 2028 610 2074 suppositum,
633 2026 861 2074 hypostasis
897 2031 934 2062 et
964 2034 1137 2071 persona
1168 2025 1280 2062 Verbi
1321 2026 1402 2071 Dei,
1424 2036 1510 2073 quae
1543 2030 1603 2064 est
1636 2031 1797 2066 aeterna.

187 2076 311 2121 Igitur
335 2075 375 2111 in
409 2075 564 2121 Chnisto
597 2077 657 2110 est
686 2073 793 2110 aliud
827 2073 1093 2119 suppositum,
1114 2072 1344 2119 hypostasis
1380 2077 1417 2109 et
1454 2082 1624 2119 persona
1656 2078 1798 2120 praeter

189 2122 453 2168 suppositum,
472 2119 720 2168 hypostasim
741 2124 779 2157 et
798 2129 1009 2166 personam
1029 2119 1145 2156 Verbi
1175 2119 1257 2163 Dei,
1278 2123 1320 2156 ut
1340 2120 1507 2157 videtur.

234 2171 423 2209 Proeterea,
448 2169 552 2205 sicut
583 2177 630 2204 ex
662 2168 795 2205 anima
827 2171 864 2203 et
899 2175 1063 2213 corpore
1096 2166 1353 2203 constituitur
1384 2167 1557 2205 humana
1590 2171 1731 2206 natura
1759 2169 1802 2207 in

187 2216 403 2256 communi,
427 2216 482 2251 ita
511 2225 557 2251 ex
578 2215 652 2251 hac
684 2214 818 2251 anima
836 2217 875 2251 et
906 2224 954 2251 ex
985 2214 1061 2251 hoc
1090 2222 1256 2259 corpore
1279 2214 1536 2251 constituitur
1564 2214 1629 2252 hio
1662 2215 1798 2262 homo,

188 2263 293 2310 quod
314 2266 374 2299 est
392 2262 621 2309 hypostasis
652 2261 845 2298 hominis.
871 2261 945 2298 Sed
966 2261 1007 2297 in
1038 2259 1194 2298 Christo
1216 2260 1287 2297 fuit
1308 2261 1390 2297 haec
1411 2261 1542 2298 anima
1563 2265 1601 2298 et
1620 2261 1696 2300 hoc
1714 2271 1801 2300 cor·

187 2319 275 2394 pais.
299 2309 419 2393 Igitucil·
439 2318 643 2361 exeorum
665 2309 814 2345 unione
833 2308 1050 2346 constituta
1069 2311 1130 2345 est
1155 2308 1399 2355 hypostasis,
1421 2312 1464 2344 ut
1482 2307 1636 2346 videtur
1657 2321 1667 2354 ;
1687 2309 1801 2348 etsie.

190 2367 198 2393 i
233 2366 293 2393 em
342 2366 392 2393 uo
440 2365 565 2402 prius.

234 2367 336 2444 Item?
356 2403 419 2440 hie
437 2403 556 2440 honio
585 2402 653 2450 qui
670 2405 731 2440 est
749 2402 943 2445 Christus,
962 2405 1079 2448 prout
1107 2400 1384 2439 consideratur
1403 2411 1450 2438 ex
1470 2402 1603 2439 anima
1619 2402 1751 2442 solum
1764 2406 1804 2442 et

189 2460 307 2489 carne
330 2452 570 2493 consistens,
593 2453 653 2487 est
687 2449 865 2496 quaedam
903 2448 1139 2486 substantia.
1161 2450 1250 2486 Non
1268 2453 1400 2486 autem
1422 2449 1675 2487 universalis.
1702 2452 1802 2498 Ergo

191 2498 441 2544 particularis
459 2509 467 2541 3
490 2505 584 2542 crgo
603 2500 663 2533 est
682 2496 927 2543 hypostasis.

235 2545 378 2587 Adhuc,
397 2544 430 2580 si
456 2544 557 2580 idem
593 2547 653 2580 est
680 2543 930 2590 suppositum
957 2542 1140 2580 humanae
1165 2545 1203 2579 et
1227 2541 1371 2580 divinae
1385 2546 1536 2581 naturae
1568 2543 1610 2581 in
1631 2542 1799 2589 Christo,

190 2596 343 2636 oportet
362 2591 467 2638 quod
489 2591 535 2627 de
551 2590 754 2627 intellectu
775 2590 949 2627 hominis
972 2590 1039 2636 qui
1061 2593 1122 2627 est
1141 2589 1321 2627 Christus
1341 2589 1392 2627 sit
1410 2590 1637 2637 hypostasis
1657 2590 1801 2628 divina.

191 2639 275 2673 Non
292 2642 422 2674 autern
445 2640 505 2674 est
524 2638 571 2674 de
591 2637 791 2674 intellectu
814 2637 983 2673 aliorum
1004 2637 1225 2674 hominum.
1247 2638 1373 2674 Homo
1393 2636 1515 2684 igitur
1534 2638 1733 2684 aequivoce
1753 2637 1803 2674 de

191 2684 344 2721 Christo
367 2685 518 2721 dicetur
538 2687 575 2721 et
595 2684 711 2729 aliis;
731 2687 768 2721 et
788 2685 847 2721 sic
865 2693 946 2720 non
967 2684 1042 2720 erit
1061 2684 1239 2730 ejusdem
1259 2684 1407 2730 speciei
1427 2685 1651 2721 nobiscum.

236 2731 418 2775 Amplius,
441 2732 481 2768 in
515 2731 668 2768 Christo
689 2730 763 2768 tria
792 2731 1060 2775 inveniuntur,
1081 2735 1124 2767 ut
1153 2740 1201 2767 ex
1220 2730 1336 2768 dictis
1359 2730 1408 2777 (c.
1430 2733 1475 2768 28
1495 2735 1532 2767 et
1560 2730 1660 2776 seQ.)
1680 2733 1800 2777 patet,

189 2776 343 2814 scilicet
361 2787 520 2823 corpus,
542 2778 675 2815 anima
695 2781 734 2815 et
752 2777 952 2815 divinitas.
973 2777 1114 2815 Anima
1132 2781 1277 2821 autem,
1296 2787 1418 2825 quum
1447 2777 1498 2815 sit
1517 2777 1690 2814 nobilior
1712 2786 1800 2815 cor-

189 2831 299 2868 pore,
323 2832 402 2860 non
433 2828 492 2860 est
514 2825 765 2871 suppositum
785 2825 979 2870 corporis,
1000 2823 1071 2862 sed
1102 2824 1231 2871 magis
1251 2824 1379 2861 forma
1409 2824 1509 2870 ejus.
1533 2825 1667 2870 Neque
1683 2824 1807 2871 igitur

189 2869 230 2906 id
250 2870 355 2916 quod
376 2873 436 2906 est
467 2870 643 2907 divinum
661 2874 721 2908 est
748 2871 1000 2918 suppositum
1019 2871 1204 2909 humanae
1229 2875 1393 2915 naturae,
1413 2870 1483 2907 sed
1503 2871 1634 2917 magis
1652 2870 1802 2910 forma-

187 2915 283 2954 liter
302 2925 345 2954 se
369 2916 520 2954 habens
536 2917 584 2954 ad
604 2917 746 2963 ipsam.
