1894 3223
170 95 218 128 96
789 87 877 121 LIB.
905 86 933 128 Ι,
963 85 1062 120 CAP.
1089 84 1176 120 XCI.

174 172 245 215 rei,
263 180 345 208 non
362 170 495 207 minus
515 177 605 205 cum
625 167 811 211 habetur-3
841 165 911 202 sed
940 166 1069 212 magis
1101 164 1194 211 quia
1223 173 1373 203 nonum
1408 164 1570 212 aliquod
1600 164 1644 203 fit
1671 165 1791 204 nobis

175 218 349 261 affinius,
370 226 459 253 cum
478 215 656 257 habetur,
679 213 782 250 unde
805 216 937 249 motus
958 212 1006 249 ad
1026 211 1145 248 finem
1164 212 1205 248 in
1224 212 1342 249 rebus
1362 211 1612 250 naturalibus
1637 222 1685 249 ex
1704 222 1791 258 pro-

174 265 391 313 pinquitate
413 262 506 299 finis
534 260 762 297 intenditur.
780 259 1024 306 Quandoque
1061 262 1192 296 autem
1228 258 1470 296 contrarium
1503 268 1573 304 per
1604 259 1790 297 accidens

173 311 330 355 accidit,
350 313 483 355 utpote
504 306 662 354 quando
683 307 724 342 in
740 310 870 344 amato
895 306 1119 352 experimur
1139 305 1288 352 aliquid
1307 305 1413 353 quod
1429 310 1624 352 repugnat
1647 307 1792 350 amori,

178 364 273 396 tunc
305 357 409 394 enim
444 355 577 392 miuus
609 357 764 391 amatur
794 353 952 401 quando
987 352 1166 390 hahetur.
1199 355 1284 390 Non
1306 353 1428 397 igitur
1456 362 1568 390 amor
1600 358 1795 400 repugnat

176 405 318 445 divinae
338 401 568 449 perfectioni
587 400 806 438 secundum
827 400 1019 438 rationem
1038 409 1119 437 suae
1132 400 1293 446 speciei.
1315 401 1381 437 Est
1399 399 1521 447 igitur
1541 400 1583 436 in
1602 401 1696 438 Deo.

222 454 406 489 Praeterea,
428 448 575 485 amoris
595 451 655 484 est
674 447 720 484 ad
740 447 909 484 invicem
925 456 1095 490 movere,
1117 450 1160 483 ut
1177 447 1392 493 Dionysius
1423 447 1532 484 dicit.
1555 448 1650 484 Cum
1685 447 1793 486 enim

175 501 334 544 propter
350 495 651 532 similitudinem
671 494 731 531 vel
752 493 1793 538 convenientiamamantisetamati,affectusamantis

177 545 229 581 sit
244 542 536 590 quodammodo
558 541 694 578 unitus
711 545 856 584 amato,
877 541 1002 577 tendit
1022 541 1218 586 appetitus
1238 541 1279 577 in
1301 541 1582 586 perfectionem
1612 541 1791 585 unionis,

177 595 221 628 ut
240 590 497 628 scilicetunio
515 589 696 634 quaejam
717 588 903 625 inchoata
923 588 1037 624 estin
1056 585 1213 631 affectu,
1235 588 1480 633 compleatur
1490 588 1533 624 in
1549 592 1637 625 actu
1660 600 1668 624 ε
1691 588 1795 626 unde

178 641 216 675 et
234 637 452 674 amicorum
487 636 689 682 proprium
711 638 770 672 est
787 639 925 672 mutua
944 634 1155 681 praesentia
1172 638 1211 670 et
1226 635 1423 686 ,convictu
1454 638 1492 672 et
1511 635 1794 672 collationibus

178 685 362 731 gaudere.
385 686 489 720 Deus
510 687 639 720 autem
658 686 788 719 movet
815 682 950 719 omnia
977 682 1056 718 alia
1084 680 1132 717 ad
1167 682 1444 727 unionem;in
1464 686 1655 729 quantum
1686 682 1793 719 enim

178 732 244 768 dat
257 740 345 768 esse
366 735 403 767 et
423 731 521 768 alias
542 730 817 776 perfectiones,
840 730 927 767 unit
946 738 993 767 ea
1012 727 1089 767 sibi
1109 736 1179 774 per
1197 727 1360 766 modum
1391 737 1469 776 quo
1507 728 1702 774 possibile
1719 733 1792 766 est.

179 780 282 815 Deus
302 778 423 824 igitur
443 781 480 813 et
500 786 542 814 se
563 781 600 814 et
620 777 698 813 alia
717 780 833 813 amat.
922 821 928 826 .
964 821 970 826 .

225 825 369 869 Adhuc,
392 824 524 861 omnis
550 823 772 861 affectionis
805 822 1043 874 principium
1067 824 1127 858 θεῖ
1147 830 1272 873 amor.
1294 821 1487 859 Gaudium
1507 821 1613 858 enim
1633 825 1671 860 et
1691 822 1795 860 desl-

182 872 335 910 derium
365 880 447 908 non
481 874 542 907 est
572 871 650 907 uisi
672 870 789 908 amati
815 870 924 906 bom.
946 869 1076 905 Timor
1095 872 1133 905 et
1152 868 1313 905 tristitia
1332 878 1413 906 uon
1431 872 1491 905 est.
1507 869 1585 906 nisi
1604 868 1652 906 de
1674 870 1794 915 malo,

180 919 285 966 quod
318 919 580 955 contrariatur
612 917 718 954 bono
757 920 898 954 amato.
934 917 988 952 Ex
1019 916 1082 952 his
1114 920 1244 952 autem
1277 925 1417 953 omnes
1445 916 1533 953 aliae
1563 915 1795 955 affectiones

181 967 362 1004 oriuntur
383 977 391 1001 :
415 965 481 1002 sed
504 965 545 1001 in
567 967 645 1001 Deo
667 968 727 1001 est
746 964 932 1010 gaudium
954 967 991 1000 et
1011 963 1234 1008 delectatio,
1248 966 1290 1000 ut
1310 972 1432 1010 supra
1451 963 1551 1010 (cap.
1573 964 1633 1011 90)
1657 968 1793 1002 ostent

181 1022 269 1051 sum
292 1016 364 1049 θεῖ.
385 1014 483 1059 Ergo
502 1013 542 1048 in
560 1014 639 1048 Deo
658 1016 717 1048 est
738 1021 860 1047 amor.

227 1062 368 1097 Posset
385 1064 514 1096 autem
535 1059 652 1095 alicui
675 1058 797 1094 videri
819 1057 923 1104 quod
945 1059 1048 1093 Deus
1069 1066 1147 1093 non
1172 1057 1299 1103 magis
1322 1057 1398 1093 hoc
1419 1066 1537 1103 quam
1557 1056 1656 1093 illud
1676 1060 1793 1095 amet.

181 1107 221 1144 Si
242 1107 347 1143 enim
368 1106 541 1143 intensio
564 1110 599 1142 et
620 1105 804 1142 remissio
827 1108 974 1141 naturae
992 1104 1195 1140 mutabilis
1210 1108 1282 1149 θεῖ,
1298 1104 1454 1150 proprie
1469 1106 1549 1140 Deo
1571 1107 1795 1150 competere

181 1163 263 1191 non
283 1157 424 1199 potest,
448 1163 469 1189 a
490 1161 567 1198 quo
589 1153 720 1189 omnis
742 1151 985 1188 mutabilitas
1006 1151 1143 1196 procul
1164 1154 1236 1187 est.

227 1203 378 1244 Rursus,
401 1200 554 1236 nullutn
576 1200 744 1236 aliorum
766 1208 852 1244 quae
883 1198 929 1234 de
962 1199 1040 1234 Deo
1062 1207 1130 1243 pei·
1150 1197 1309 1234 modum
1332 1197 1576 1243 operationis
1595 1197 1795 1242 dicuntur,

186 1247 405 1285 secundum
440 1247 567 1292 magis
600 1250 636 1282 et
669 1247 801 1282 minus
823 1245 869 1281 de
892 1246 978 1290 ipso
997 1245 1193 1281 dicuntur.
1218 1246 1350 1290 Neque
1372 1245 1477 1280 enim
1498 1245 1626 1291 magis
1647 1244 1796 1292 aliquid

185 1295 266 1332 alio
291 1294 559 1340 cognoscitur,
583 1302 709 1339 neque
730 1292 857 1338 magis
879 1292 925 1328 de
948 1292 1021 1328 hoc
1043 1301 1159 1337 quam
1182 1292 1228 1327 de
1249 1291 1317 1327 illo
1339 1291 1496 1337 gaudet.

232 1341 443 1377 Sciendum
466 1341 611 1386 itaque,
632 1340 735 1385 quod
766 1348 854 1375 cum
889 1339 974 1375 alite
1006 1339 1257 1383 operationes
1288 1339 1429 1375 animae
1450 1338 1530 1375 sint
1549 1338 1653 1376 circa
1672 1347 1796 1376 unum

185 1388 315 1426 solum
335 1387 546 1433 ohJectum,
569 1387 680 1423 solus
700 1395 811 1422 amor
832 1386 878 1421 ad
909 1385 987 1421 duo
1009 1385 1161 1430 objecta
1182 1385 1273 1421 ferri
1293 1386 1458 1422 videtur.
1481 1387 1553 1421 Per
1582 1386 1656 1422 hoc
1690 1387 1796 1423 enim

184 1435 291 1481 quod
324 1434 585 1479 intelligimus
619 1434 678 1469 vel
710 1433 943 1479 gaudemus,
974 1432 1022 1468 ad
1055 1432 1212 1478 aliquod
1248 1432 1445 1478 objectum
1477 1431 1702 1479 aliqualiter
1721 1441 1796 1470 nos

182 1482 329 1519 habere
350 1484 515 1526 oportet.
537 1485 655 1517 Amor
673 1490 763 1516 vero
785 1479 934 1525 aliquid
965 1479 1083 1515 alicui
1105 1479 1199 1515 vult.
1222 1480 1302 1515 Hoc
1323 1479 1428 1515 enim
1458 1488 1590 1516 amare
1611 1479 1796 1525 dicimus,

182 1529 248 1566 cui
281 1527 430 1574 aliquid
461 1527 610 1563 bonum
640 1527 825 1563 volumus
855 1526 1073 1562 secundum
1101 1525 1262 1562 modum
1292 1525 1546 1571 praedictum3
1573 1526 1678 1564 unde
1695 1530 1734 1563 et
1751 1536 1800 1564 ea

182 1585 269 1622 quae
302 1575 638 1620 concupiscimus,
670 1573 1077 1619 simpliciterquidem
1110 1576 1148 1609 et
1180 1573 1334 1618 proprie
1368 1573 1592 1610 desiderare
1612 1573 1796 1619 dicimur,

181 1631 264 1659 nou
284 1625 414 1659 autem
435 1630 581 1664 amare,
604 1621 670 1657 sed
692 1621 824 1666 potius
847 1629 922 1657 nos
943 1620 1067 1665 ipsos,
1089 1619 1234 1666 quibus
1261 1629 1306 1656 ea
1325 1619 1672 1665 concupiscimus;
1693 1624 1732 1658 et
1750 1631 1798 1658 ex

182 1669 258 1707 hoc
280 1669 368 1715 ipsa
386 1678 454 1714 per
474 1668 672 1712 accidens,
695 1677 776 1704 non
795 1668 964 1713 proprie,
988 1668 1157 1703 dicimur
1176 1676 1321 1703 amare.
1339 1667 1435 1704 Aliae
1454 1667 1576 1713 igitur
1601 1668 1799 1714 operatio-

181 1725 268 1760 nes,
291 1715 510 1752 secundum
531 1715 658 1752 solum
679 1715 848 1751 actionis
868 1715 1058 1761 vigorem,
1077 1714 1296 1750 secundum
1316 1714 1444 1760 magis
1464 1718 1503 1750 et
1515 1715 1650 1752 minus
1663 1714 1800 1753 dicun·

181 1768 276 1799 tur:
303 1763 407 1808 quod
440 1763 480 1798 in
517 1764 596 1798 Deo
626 1762 803 1798 accidere
831 1770 909 1798 Ποῖ]
944 1765 1084 1806 potest.
1106 1763 1201 1797 Nam
1230 1761 1343 1807 vigor
1374 1761 1546 1799 actionis
1577 1762 1798 1800 secundum

180 1810 364 1846 virtutem
385 1818 463 1855 qua
483 1810 624 1855 agitur,
643 1812 906 1845 mensuratur.
921 1808 1058 1844 Omnis
1080 1812 1209 1844 autem
1232 1807 1365 1844 divina
1382 1808 1485 1845 actio
1503 1808 1623 1846 unius
1641 1813 1680 1845 et
1697 1809 1800 1855 ejus·

182 1856 269 1894 dem
291 1856 446 1892 virtutis
466 1860 538 1892 est.
559 1859 677 1891 Amor
705 1859 836 1891 autem
871 1855 1089 1891 secuudum
1121 1855 1250 1900 magis
1271 1859 1308 1890 et
1326 1855 1463 1892 minus
1488 1855 1699 1901 dupliciter
1718 1855 1797 1892 dici

183 1907 316 1950 potest
343 1915 351 1939 :
385 1911 465 1939 uno
502 1903 660 1948 quidem
692 1902 825 1947 modo,
856 1912 903 1938 ex
935 1902 1040 1938 hono
1067 1901 1172 1947 quod
1206 1901 1324 1938 alicui
1352 1901 1550 1946 volumus,
1578 1902 1799 1940 secundum

183 1951 289 1997 qued
321 1953 450 1986 autem
481 1950 608 1995 magis
639 1949 802 1995 diligere
838 1949 1019 1992 dicimur,
1040 1949 1104 1984 cui
1134 1949 1319 1986 volumus
1351 1949 1480 1995 magis
1513 1949 1685 1992 bonum;
1717 1950 1797 1987 alio

182 1997 302 2034 modo
324 2006 371 2033 ex
389 1997 524 2043 vigore
547 1997 730 2040 actionis,
754 1996 973 2033 secundum
996 1996 1100 2042 quod
1132 1996 1300 2032 dicimur
1326 1995 1441 2033 illum
1466 1996 1596 2042 magis
1616 1997 1797 2043 diligere,

184 2045 262 2088 cui,
284 2044 356 2080 etsi
376 2053 456 2080 non
479 2043 606 2089 majus
625 2044 789 2087 honum,
810 2043 958 2089 aequale
980 2046 1111 2079 tamen
1130 2043 1280 2080 bonum
1301 2042 1517 2080 ferventius
1537 2047 1574 2079 et
1595 2043 1798 2081 efficacius

181 2091 380 2128 volumus.
402 2091 533 2127 Primo
551 2091 710 2136 quidem
731 2091 851 2137 igitur
871 2090 989 2127 modo
1022 2090 1122 2126 nihil
1154 2090 1337 2136 prohibet
1357 2090 1448 2134 dici,
1471 2090 1578 2136 quod
1600 2091 1705 2128 Deus
1725 2090 1798 2127 ali-

184 2138 278 2185 quid
299 2138 377 2174 alio
398 2138 526 2184 magis
546 2137 941 2183 diligat,secundum
973 2137 1078 2183 quod
1107 2137 1142 2173 ei
1172 2137 1300 2183 majus
1321 2137 1403 2174 vult
1426 2137 1597 2182 honum3
1622 2137 1799 2175 secundo

183 2189 313 2222 autem
333 2184 451 2221 modo
473 2185 546 2221 dici
572 2193 652 2221 non
673 2188 802 2230 potest
820 2185 956 2221 eadem
976 2185 1128 2221 ratione
1147 2194 1234 2231 quae
1253 2184 1299 2221 de
1320 2184 1410 2221 aliis
1431 2184 1535 2221 dicta
1555 2187 1628 2222 est.

231 2233 340 2268 Patet
359 2231 481 2278 igitur
500 2241 546 2267 ex
571 2231 783 2276 praedictis,
802 2232 908 2277 quod
929 2232 975 2269 de
997 2231 1146 2268 nostris
1167 2230 1445 2268 affectionibus
1478 2231 1590 2268 nulla
1621 2234 1682 2268 est
1712 2240 1801 2278 quae

176 2278 225 2315 vin
243 2280 323 2315 Deo
344 2278 500 2324 proprie
516 2287 604 2315 esse
621 2278 762 2324 possit,
777 2278 856 2315 nisi
871 2278 1061 2325 gaudium
1076 2282 1113 2314 et
1127 2287 1252 2324 amor,
1267 2278 1447 2324 quamvis
1463 2278 1546 2315 haec
1559 2278 1677 2315 etiam
1691 2277 1733 2315 in
1751 2286 1799 2316 eo

184 2334 267 2362 non
288 2325 506 2362 secundum
536 2325 779 2371 passionem,
800 2325 904 2362 sicut
930 2326 971 2361 in
997 2325 1128 2370 nobis,
1150 2325 1243 2362 sint.
1266 2325 1378 2368 Quod
1403 2329 1535 2362 autem
1566 2325 1609 2362 in
1636 2327 1717 2362 Deo
1749 2325 1803 2363 sit

185 2372 374 2418 gaudium
406 2371 468 2409 vel
499 2371 706 2409 delectatio
727 2372 960 2409 auctoritate
979 2381 1102 2410 sacrae
1129 2372 1338 2418 scripturae
1360 2371 1628 2410 confirmatur.
1650 2372 1802 2410 Dicitur

184 2419 289 2455 enim
308 2419 348 2455 in
371 2421 433 2456 PS.
451 2427 518 2464 XV,
541 2422 580 2456 11
607 2431 616 2455 z
636 2420 892 2455 Delectationes
911 2421 951 2454 in
970 2419 1120 2455 deoetera
1143 2422 1206 2455 tua
1233 2429 1344 2464 usque
1362 2421 1401 2455 in
1418 2421 1545 2465 finem3
1567 2421 1695 2464 Prov„
1709 2427 1798 2464 ἮΠ,

183 2468 229 2503 30
245 2478 253 2502 :
268 2466 480 2502 Delectabar
495 2476 563 2511 per
581 2467 742 2511 sz‘nqulos
761 2466 850 2506 dies,
873 2467 999 2502 ludens
1019 2477 1137 2502 coram
1156 2477 1205 2507 eo,
1229 2466 1323 2502 dicit
1336 2466 1470 2504 divina
1486 2467 1694 2513 sapientia,
1711 2473 1801 2512 quae

183 2513 288 2550 Deus
321 2517 393 2557 est,
424 2516 465 2550 ut
493 2517 699 2550 ostensum
721 2517 793 2550 est.
816 2515 923 2557 Luc.,
947 2522 1016 2557 xv,
1038 2516 1080 2551 10
1102 2526 1109 2550 :
1133 2513 1316 2551 Gaudium
1340 2516 1393 2550 est
1416 2515 1458 2550 in
1485 2515 1567 2549 coelo
1596 2523 1704 2559 super
1729 2520 1800 2548 uno

179 2563 365 2604 peccatore
396 2561 642 2604 poenitentiam
685 2564 823 2605 ayente.
869 2560 1137 2606 Philosophus
1180 2561 1297 2597 etiam
1332 2560 1429 2597 dicit
1472 2560 1642 2606 septimo
1677 2559 1797 2596 Ethic.

184 2605 285 2651 (cap.
311 2606 368 2652 14)
387 2607 498 2658 quod.
514 2609 618 2644 Deus
636 2616 792 2653 semper
813 2607 959 2654 gaudet
977 2616 1057 2644 una
1076 2612 1113 2644 et
1133 2607 1306 2654 simplici
1328 2607 1600 2644 delectatione.

230 2656 414 2689 Amorem
449 2657 566 2690 etiam
604 2654 671 2691 Dei
704 2655 904 2700 Scriptura
933 2660 1230 2699 commemorat,
1259 2656 1387 2698 Deut.‚
1411 2661 1553 2695 xxxm,
1574 2655 1595 2689 3
1624 2663 1633 2688 :
1661 2653 1802 2690 Diremit

181 2699 351 2743 populos‚·
365 2701 457 2743 Jer„
473 2708 580 2740 xxxi,
596 2703 615 2736 3
637 2712 645 2736 :
666 2702 710 2737 In
725 2704 876 2737 caritate
886 2705 1065 2747 perpetua
1084 2702 1198 2737 dilexi
1216 2704 1267 2745 te,·
1280 2703 1409 2743 Joan.‚
1426 2707 1510 2743 XVI,
1523 2702 1568 2736 27
1586 2700 1689 2745 :Ipse
1705 2702 1802 2736 enim

182 2747 292 2781 Pater
307 2749 406 2781 amat
424 2756 498 2798 ves.
518 2747 747 2793 Philosophi
768 2749 886 2784 etiam
907 2749 1066 2795 quidam
1088 2751 1307 2794 posuerunt
1324 2755 1454 2783 rerum
1474 2746 1713 2792 principium
1730 2743 1800 2784 Dei

184 2800 374 2836 amorem,
396 2802 461 2829 cui
481 2798 676 2829 consonat
696 2795 876 2841 Dionysii
896 2795 1059 2832 verbum
1075 2795 1175 2841 (cap.
1190 2798 1212 2832 4
1224 2796 1276 2830 De
1288 2794 1423 2830 divinis
1435 2793 1654 2841 nominibus)
1669 2793 1801 2831 dicen·

183 2839 251 2884 tis,
270 2839 374 2887 quod
395 2838 553 2877 divinus
574 2849 685 2877 amor
704 2849 786 2877 non
803 2841 987 2888 permisit
1005 2841 1138 2889 ipsum
1157 2841 1246 2879 sine
1264 2840 1443 2888 germine
1461 2848 1564 2879 esse.
