1894 3223
643 117 730 154 LIB.
759 117 819 161 IV,
847 116 949 154 CAP.
977 115 1102 153 LVIII.
1613 113 1682 149 593

56 201 218 246 mirum,
238 199 332 284 quia
363 199 440 245 ipsi
478 198 692 245 opinantur
730 197 877 250 omnia·
901 196 1071 235 visibilia
1106 204 1162 249 ex,
1185 194 1248 234 sui
1279 197 1421 233 natura
1448 192 1556 232 mala
1591 201 1680 232 esse

55 252 98 334 {t
115 257 163 302 eit
180 256 244 286 ma
263 255 286 285 ο
317 248 476 284 auctore
497 246 701 293 producta,
722 245 829 293 quod
866 253 907 282 in
940 243 1117 282 secundo
1138 242 1238 281 libro
1259 242 1309 288 (e.
1330 245 1353 279 4
1377 245 1415 279 et
1435 241 1534 290 seq‚)
1553 249 1682 288 repro-

87 302 255 334 avimus.

107 344 186 380 Nec
212 343 274 379 est
300 340 586 378 inconveniens
640 338 718 377 uod
750 348 819 385 per
846 346 910 375 rcs
930 336 1110 375 visibiles
1136 338 1176 374 et
1194 335 1424 382 corporales
1457 334 1679 381 spiritualis

59 389 173 428 salus
201 387 462 431 ministretur,
495 388 589 434 quia
651 385 851 433 ujusmodi
883 383 1060 421 visibilia
1088 386 1182 420 sunt
1201 383 1316 430 quasi
1338 382 1516 429 quaedam
1539 383 1684 434 instru-

61 438 195 474 menta
214 435 282 472 Dei
297 434 490 471 incarnati
507 437 545 472 et
563 433 683 480 passi.
701 434 1008 469 instrumentum
1031 434 1162 467 autem
1183 439 1263 467 non
1279 433 1464 475 operatur
1485 438 1528 468 ex
1543 432 1685 467 virtute

63 491 146 520 suae
170 485 333 525 naturae,
360 482 429 518 sed
458 490 506 518 ex
523 481 667 518 virtute
699 478 927 525 principalis
953 477 1123 529 agentis,
1147 485 1170 514 a
1189 485 1268 524 quo
1287 476 1508 523 applicatur
1529 476 1576 512 ad
1596 484 1685 523 ope·

63 528 245 567 randum.
276 529 338 566 Sic
360 529 482 575 igitur
501 531 538 565 et
566 526 794 574 hujusmodi
824 534 886 562 res
915 524 1096 562 visibiles
1128 523 1296 560 salutem
1325 523 1569 568 spiritualem
1591 531 1683 568 ope-

64 580 213 616 rantur,
237 585 315 613 nou
339 585 385 612 cx
403 575 640 622 proprietate
660 583 742 610 sure
758 576 920 609 naturae.
942 571 1009 608 sed
1032 581 1080 608 ex
1102 569 1353 607 institutione
1374 570 1501 616 ipsius
1525 569 1679 614 Christi,

61 632 108 661 ex
125 632 202 670 qua
224 623 409 659 virtutem
425 620 769 659 instrumentalem
805 622 1118 666 consequuntur.
1141 617 1206 664 (111
1226 619 1343 663 part.,
1364 625 1402 663 q.
1424 624 1509 661 LX13
1533 621 1604 653 art.
1640 620 1649 652 i
1672 626 1682 661 ;

55 674 98 708 et
115 670 296 714 1VSent.,
313 670 403 707 dist.
426 678 452 714 1,
475 678 514 716 q.
533 676 560 713 1,
581 671 652 706 art.
671 667 723 714 2.)

711 814 879 856 CAPUT
906 812 1024 855 LV11.

243 937 295 966 DE
320 936 588 966 DISTINCTIONE
614 935 952 966 SACRAMENTORUM
975 933 1139 963 VETERIS
1165 933 1214 962 ΕΤ
1238 933 1355 963 NOVAE
1380 932 1503 962 LEGIS.

109 1046 255 1085 Deinde
274 1044 608 1084 considerandum
629 1047 689 1082 est
708 1044 826 1091 quod,
855 1052 976 1090 quum
997 1043 1227 1090 hujusmodi
1247 1042 1417 1080 visibilia
1439 1045 1687 1080 sacramenta

58 1103 111 1132 ex
129 1094 318 1140 passione
347 1092 488 1131 Christi
510 1091 723 1129 efficaciam
747 1091 916 1128 habeant
946 1093 982 1126 ct
1002 1091 1130 1136 ipsam
1151 1089 1445 1136 quodammodo
1468 1098 1683 1135 repraesen-

60 1144 159 1186 tent,
178 1140 274 1178 talia
290 1148 379 1177 esse
401 1140 555 1185 oport'et
575 1141 616 1175 ut
629 1142 850 1185 congruant
872 1137 989 1174 saluti
1004 1137 1114 1174 factae
1133 1146 1202 1182 per
1220 1136 1429 1174 Christum.
1448 1138 1533 1173 Haec
1555 1140 1685 1173 autem

63 1187 188 1232 salus,
208 1190 300 1224 ante
332 1186 481 1224 Christi.
495 1185 807 1222 incarnationem
840 1187 878 1221 et
896 1187 1076 1228 mortem,
1100 1186 1184 1220 erat
1202 1183 1361 1230 quidem
1382 1183 1591 1229 promissa,
1615 1184 1685 1221 sed

63 1243 145 1272 non
162 1233 356 1278 exhibita3
381 1232 451 1270 sed
470 1232 637 1269 Verbum
659 1231 907 1269 incarnatum
939 1235 977 1267 et
994 1239 1158 1277 passum
1182 1232 1243 1268 est
1269 1230 1438 1267 salutem
1456 1230 1685 1276 hujusmodi

67 1285 282 1329 operatum.
317 1281 571 1318 Sacramenta
599 1278 719 1326 igitur
747 1287 834 1324 quae
866 1278 1180 1315 incarnationem
1219 1276 1361 1314 Christi
1395 1281 1686 1323 praecesserunt

65 1329 160 1367 talia
195 1337 284 1366 esse
305 1327 478 1374 oportuit
508 1329 552 1364 ut
574 1325 846 1374 significarent
874 1327 911 1361 et
931 1323 1225 1372 quodammodo
1243 1325 1559 1370 repromitterent
1580 1325 1685 1361 salu-

62 1380 167 1420 tem;
200 1377 450 1413 sacramenta
478 1376 608 1411 autem
630 1382 717 1419 quae
750 1372 892 1409 Christi
911 1372 1139 1418 passionem
1160 1375 1460 1418 consequuntur
1481 1371 1574 1408 talia
1597 1380 1686 1408 esse

69 1425 219 1470 oportet
237 1424 280 1460 ut
299 1421 468 1459 salutem
488 1420 717 1458 hominibus
737 1419 962 1465 exhibeant,
982 1422 1019 1456 et
1039 1427 1121 1456 non
1140 1419 1271 1457 solum
1305 1418 1502 1465 signando
1524 1419 1686 1456 demon-

66 1473 203 1508 strent.

111 1519 184 1554 Per
204 1517 280 1554 hoc
301 1519 431 1553 autem
452 1515 616 1553 evitatur
634 1514 860 1552 Judaeorum
873 1513 1023 1559 opinio,
1045 1514 1112 1561 qui
1131 1513 1297 1550 credunt
1319 1515 1566 1550 sacramenta
1586 1513 1689 1560 lega·

65 1565 129 1609 lia,
151 1565 310 1610 propter
341 1562 417 1600 hoc
437 1562 541 1609 quod
563 1572 584 1599 a
607 1564 686 1599 Deo
710 1564 804 1599 sunt
831 1560 1023 1605 instituta,
1054 1562 1096 1598 in
1115 1565 1348 1606 perpetuum
1371 1570 1459 1597 esse
1480 1561 1687 1605 servanda,

64 1620 187 1696 guum
208 1612 330 1647 Deum
350 1619 429 1647 non
451 1609 639 1655 poeniteat
667 1619 739 1646 nec
759 1609 842 1654 ipsc
865 1611 1050 1645 mutetur.
1073 1608 1131 1645 Fit
1150 1611 1281 1645 autem
1301 1607 1450 1654 absque
1471 1608 1688 1645 mutatione

94 1657 317 1704 isponentis
346 1657 406 1693 vel
438 1656 669 1702 poenitentia
699 1655 803 1703 quod
831 1655 985 1692 diversa
1018 1654 1203 1700 disponat
1223 1654 1443 1692 secundum
1464 1663 1687 1701 congruen-

65 1705 160 1742 tiam
187 1707 408 1750 temporum
430 1704 693 1741 diversorum:
727 1703 832 1740 Sicut
863 1702 1144 1747 paterfamilias
1167 1701 1243 1739 alia
1259 1705 1454 1748 praecepta
1472 1702 1589 1739 tradit
1608 1701 1688 1738 filio

65 1751 230 1799 parvulo
259 1755 298 1788 et
330 1751 407 1788 alia
434 1750 517 1798 jam
552 1750 701 1794 adulto,
725 1750 783 1788 sic
803 1753 840 1786 et
862 1751 965 1786 Deus
997 1752 1263 1796 congruenter
1289 1749 1364 1786 alia
1386 1752 1634 1786 sacramenta
1652 1752 1689 1785 et

65 1802 261 1846 praecepta
285 1801 376 1836 aute
410 1797 724 1835 incarnationem
757 1796 876 1833 tradit
913 1796 961 1834 ad
994 1795 1298 1843 significandum
1330 1796 1476 1840 futura,
1507 1795 1583 1833 alia
1600 1799 1690 1843 post

65 1845 380 1883 incarnationem
402 1845 450 1882 ad
468 1844 732 1882 exhibendum
753 1844 965 1890 praesentia
982 1846 1020 1880 et
1036 1843 1381 1880 rememorandum
1398 1843 1607 1889 praeterita.

111 1892 236 1940 Magis
260 1895 392 1929 autem
423 1891 705 1929 irrationabilis
735 1893 796 1928 est
824 1892 1097 1928 Nazaraeorum
1127 1893 1164 1927 et
1190 1890 1459 1928 Helonitarum
1478 1898 1600 1935 error,
1623 1891 1690 1937 qui

59 1942 316 1978 sacramenta
345 1938 489 1986 legalia
521 1938 640 1976 simul
669 1947 759 1976 cum
792 1938 1002 1985 Evangelio
1026 1937 1209 1974 dicebant
1237 1946 1327 1975 esse
1363 1936 1569 1982 servanda,
1598 1937 1693 1983 quia

65 1986 295 2033 hujusmodi
317 1995 427 2023 error
445 1986 560 2033 quasi
581 1985 780 2023 contraria
806 1985 1004 2031 implicat:
1025 1984 1119 2021 dum
1138 1984 1242 2021 enim
1276 1988 1434 2022 servant
1463 1984 1693 2030 evangelica

67 2037 329 2078 sacramenta,
359 2032 594 2079 profitentur
622 2032 938 2070 incarnationem
969 2035 1006 2068 et
1036 2031 1114 2069 alia
1134 2031 1277 2068 Christi
1297 2031 1486 2078 mysteria
1500 2031 1581 2077 jam
1602 2040 1692 2068 esse

66 2081 263 2127 perfecta;
283 2080 375 2116 dum
397 2084 527 2117 autem
549 2079 667 2117 etiam
681 2078 1085 2126 sacramentalegalia
1099 2081 1270 2124 servant,
1289 2077 1523 2125 profitentur
1543 2087 1589 2116 ea
1602 2087 1690 2117 esse

68 2127 212 2165 futura.
232 2127 298 2174 (ΙΙΙ
318 2130 434 2173 part.,
455 2137 493 2174 q.
513 2135 607 2172 Lxu,
627 2129 698 2163 art.
721 2126 772 2172 6.)

723 2271 890 2312 CAPUT
918 2271 1055 2311 LVIII.

439 2391 490 2420 DE
511 2391 670 2421 NUMERO
695 2390 1036 2421 SAGRAMENTORUM
1059 2389 1176 2420 NOVAE
1201 2389 1322 2420 LEGIS.

120 2499 220 2545 Quia
238 2508 346 2552 vero,
377 2503 420 2536 ut
449 2499 597 2536 dictum
620 2501 681 2536 est
701 2498 749 2546 (c.
774 2498 848 2545 56),
871 2498 1043 2536 remedia
1069 2498 1288 2545 spiritualis
1308 2498 1448 2537 salutis
1470 2499 1543 2538 sub
1565 2501 1692 2547 signis

69 2545 330 2585 sensibilibus
359 2549 453 2583 sunt
481 2546 712 2583 hominibus
741 2546 898 2588 tradita,
932 2554 1184 2592 consequens
1215 2546 1330 2582 eti-ani
1374 2547 1445 2583 fuit
1486 2552 1527 2584 ut
1559 2547 1692 2585 distin-

69 2598 300 2645 guerentur·
313 2592 487 2629 remedia
505 2592 650 2639 quibus
669 2592 940 2639 provideretur
959 2592 1156 2638 spirituali
1177 2592 1278 2638 vitae,
1303 2593 1522 2631 secundum
1554 2595 1693 2632 simili-

69 2641 246 2678 tudinem
265 2642 354 2677 vitae
375 2639 607 2685 corporalis.

119 2690 160 2724 In
181 2687 262 2724 vita
281 2689 411 2724 autem
430 2685 628 2731 corporali
645 2685 840 2732 duplicem
860 2685 1038 2723 ordinem
1054 2686 1292 2725 invenimus.
1314 2687 1413 2724 Sunt
1433 2688 1536 2725 enim
1553 2698 1693 2736 propa-

61 2738 231 2781 gatores
251 2737 290 2771 et
309 2733 559 2771 ordinatores
577 2732 797 2783 corporalis
817 2733 903 2770 vitae
924 2733 965 2769 in
989 2733 1095 2777 aliis,
1116 2736 1154 2770 et
1171 2737 1265 2771 sunt
1283 2735 1349 2781 qui
1370 2740 1640 2782 propagantur
1654 2740 1693 2774 et

70 2781 306 2818 ordinantur
326 2779 545 2818 secundum
565 2779 812 2826 corporalem
832 2779 964 2816 vitam.
983 2780 1077 2817 Vitae
1097 2783 1228 2818 autem
1250 2782 1445 2827 corporali
1465 2786 1502 2819 et
1520 2783 1691 2820 naturali

2 2866 5 2869 ,
70 2829 145 2865 tria
169 2831 261 2865 sunt
284 2836 353 2874 per
370 2836 413 2864 se
433 2826 673 2867 necessaria,
695 2829 734 2863 et
751 2830 934 2874 quartum
955 2835 1024 2872 per
1041 2827 1241 2865 accidens.
1260 2829 1420 2874 Oportet
1439 2829 1541 2866 enim
1564 2830 1690 2875 primo

67 2875 190 2919 quod,
221 2884 292 2921 per
335 2873 629 2921 generationem
660 2882 732 2911 seu
774 2873 1033 2919 nativitatem,
1064 2882 1129 2912 res
1173 2874 1307 2922 aliqua
1337 2876 1457 2913 vitam
1497 2877 1689 2922 accipiat3

1503 2933 1542 2960 :JS’
