1894 3223
69 131 114 168 43
670 126 756 161 LIB.
785 126 814 165 1,
843 124 944 160 CAP.
971 113 1093 160 xtin'.

70 210 290 250 secundum
305 208 466 245 modum
482 216 564 244 suae
579 204 874 250 completionis.
897 207 991 241 Nam
1006 203 1301 251 utAugustinus
1318 203 1386 251 (De
1400 204 1552 249 Trinit.,
1581 213 1637 250 vl,
1656 205 1692 251 9)

71 257 290 303 dicitquod
311 256 350 292 in
375 255 438 291 his
458 262 545 299 quae
567 261 648 288 non
665 251 767 288 mole
789 261 933 297 magna
951 255 1057 297 sunt,
1081 251 1179 288 illud
1203 260 1320 288 omne
1342 254 1402 287 est
1422 250 1552 296 majus
1583 250 1691 297 quod

71 308 132 342 est
152 304 294 340 melius
321 311 424 338 esse.
447 298 745 337 ostendendum
778 302 838 335 est
873 298 993 345 igitur
1026 298 1247 335 secundum
1280 297 1367 343 ejus
1401 297 1692 344 magnitudinis

70 351 231 389 modum
275 352 395 385 Deum
428 346 627 383 infinitum
660 354 762 390 esse,
802 354 881 382 non
918 348 1049 382 autem
1090 345 1147 382 sic
1180 349 1222 381 ut
1257 344 1457 380 infinitum
1503 344 1693 389 privative

69 398 301 443 accipiatur,
325 395 427 431 sicut
453 393 494 428 in
524 391 742 438 quantitate
777 391 999 428 dimensiva
1027 392 1086 428 vel
1109 392 1324 435 numerali;
1349 400 1439 428 nam
1462 391 1692 436 hujusmodi

73 444 276 492 quantitas
300 444 391 477 nata
412 442 472 476 est
506 438 626 475 tinem
647 438 806 475 habere.
830 438 937 475 Unde
968 439 1185 476 secundum
1214 438 1524 475 subtractionem
1555 447 1693 475 eorum

74 500 162 538 quae
185 492 278 525 sunt
299 491 391 523 nata
410 486 569 529 habere,
592 484 746 521 infinite
768 485 966 521 dicuntur.
993 487 1032 521 Et
1045 488 1203 531 propter
1219 486 1293 522 hoc
1326 485 1368 521 in
1401 485 1460 521 eis
1492 483 1693 521 infinitum

72 535 412 582 imperfectionem
432 532 627 578 designat.
651 532 725 568 Sed
752 532 790 567 in
823 533 903 568 Deo
930 531 1129 568 infinitum
1160 532 1341 577 negative
1367 535 1517 568 tantum
1546 531 1694 568 intelli-

73 585 190 631 gitur,
214 582 307 628 quia
327 581 462 617 nullus
484 583 544 616 est
561 578 817 624 perfectionis
835 587 917 614 suae
936 579 1144 622 terminus,
1162 578 1244 615 sive
1257 578 1362 623 finis,
1382 579 1451 615 sed
1467 582 1693 616 estsumrne

71 631 316 677 perfeetum3
340 627 455 663 etsie
477 628 556 663 Deo
577 624 775 662 infinitum
798 625 957 661 attribui
983 625 1111 661 debet.
1136 626 1259 662 Omne
1295 635 1465 671 namque
1499 625 1604 671 quod
1636 634 1695 662 se-

73 677 245 714 cundum
266 684 379 711 suam
402 677 582 710 naturam
604 672 760 708 finitum
779 675 850 711 est,
873 672 920 707 ad
942 672 1101 717 generis
1134 672 1304 717 aliqu'us
1336 673 1531 708 rationem
1565 672 1692 708 deter-

73 724 260 761 minatur.
283 723 387 758 Deus
408 724 539 756 autem
561 728 640 756 non
661 723 721 756 est
741 719 782 755 in
802 719 936 764 aliquo
958 718 1197 765 genere,sed
1214 719 1300 764 eJ'us
1312 719 1499 763 perfectio
1513 719 1693 756 omnium

73 778 264 817 generum
282 768 546 850 persfectiones
566 765 757 811 continet,
780 769 822 802 ut
859 774 979 811 supra
1009 764 1109 812 (cap.
1127 768 1172 803 25
1199 768 1237 801 et
1269 766 1328 811 28)
1363 768 1571 802 ostensum
1601 768 1692 802 est:

74 817 163 855 esti
199 817 275 852 itur
295 816 334 851 in
354 815 489 850 initus.

120 826 301 908 Avgzplius,
325 861 457 898 omnis
479 864 590 897 actus
621 859 735 897 alteri
766 859 966 896 inhaerens
998 858 1321 895 terminationem
1341 858 1480 903 recipit
1507 868 1554 895 ex
1575 868 1621 895 eo
1652 858 1693 895 in

74 920 153 958 quo
176 913 236 946 est
257 921 265 945 :
288 909 382 955 quia
396 907 501 954 quod
523 911 582 944 est
602 907 643 943 in
664 907 801 950 altero,
826 910 886 943 est
905 906 945 942 in
966 914 1013 942 eo
1034 915 1103 952 per
1124 906 1284 942 modum
1305 905 1548 951 recipientis.
1570 908 1690 942 Actus

73 958 197 1005 igitur
218 957 259 992 in
288 955 399 992 nullo
427 954 639 996 exsistens,
661 953 771 990 nullo
798 953 1043 989 terminatur.
1065 954 1162 989 Puta
1183 953 1217 989 si
1244 952 1384 989 albedo
1417 956 1524 989 esset
1551 962 1619 997 per
1651 961 1694 989 se

77 1005 291 1047 exsistens,
314 1002 503 1048 perfectio
524 1001 721 1038 albedinis
742 1000 782 1036 in
805 1010 849 1036 ea
871 1009 951 1035 non
973 1000 1264 1043 terminaretur,
1288 999 1503 1045 quominus
1533 999 1697 1035 liaberet

75 1050 265 1098 quiequid
286 1049 334 1086 de
354 1048 610 1095 perfectionis
632 1047 828 1084 albedinis
851 1046 986 1083 haberi
1019 1050 1163 1092 potest.
1186 1048 1290 1082 Dens
1324 1049 1455 1082 autem
1488 1049 1549 1083 est
1580 1050 1694 1083 actus

75 1098 186 1135 nullo
207 1096 324 1133 modo
346 1096 386 1132 in
408 1095 487 1131 alio
508 1095 719 1137 exsistens,
743 1094 835 1140 quia
856 1103 928 1130 nec
949 1096 1007 1130 est
1028 1094 1155 1129 forma
1176 1093 1217 1128 in
1238 1093 1402 1129 materia
1423 1096 1464 1129 ut
1483 1093 1694 1138 probatum

74 1148 137 1182 est
158 1145 256 1190 (cap.
270 1145 315 1179 26
337 1147 375 1179 et
393 1143 452 1188 27)
473 1154 481 1178 :
504 1151 577 1178 nec
595 1151 684 1178 esse
700 1150 817 1178 suum
835 1141 1001 1178 inliaeret
1016 1140 1133 1176 alicui
1152 1140 1285 1176 formae
1307 1140 1366 1175 vel
1389 1143 1552 1182 naturae,
1572 1148 1694 1185 quum

75 1192 161 1237 ipse
183 1191 235 1227 sit
254 1199 371 1227 suum
393 1198 495 1241 esse,
518 1192 560 1225 ut
580 1197 700 1234 supra
730 1187 828 1235 (cap.
859 1187 919 1234 21)
960 1191 1167 1224 ostensum
1200 1190 1273 1223 est.
1296 1186 1546 1232 Relinquitur
1572 1187 1693 1232 igitur

75 1239 206 1285 ipsum
230 1246 318 1274 esse
335 1236 550 1273 infinitum.

121 1285 267 1328 Adhuc,
289 1284 327 1319 in
351 1283 469 1319 rebus
490 1282 690 1318 invenitur
709 1282 858 1328 aliquid
880 1281 986 1327 quod
1007 1283 1067 1317 est
1093 1279 1270 1325 potentia
1306 1282 1470 1319 tantum,
1493 1283 1536 1316 ut
1570 1283 1692 1316 mate-

76 1332 136 1370 ria
159 1332 299 1377 prima,
328 1329 478 1376 aliquid
495 1329 598 1374 quod
622 1333 681 1365 est
702 1332 813 1365 actus
841 1332 1007 1367 tantum,
1031 1330 1074 1363 ut
1102 1329 1219 1369 Deus,
1241 1326 1343 1362 sicut
1364 1335 1484 1372 supra
1510 1326 1609 1372 (cap.
1641 1327 1690 1373 6),

76 1383 283 1416 ostensum
306 1381 377 1421 est,
399 1376 545 1422 aliquid
574 1375 677 1421 quod
711 1379 771 1412 est
794 1379 906 1411 actus
925 1378 963 1410 et
999 1374 1174 1419 potentia
1196 1373 1299 1409 sicut
1332 1383 1395 1410 res
1434 1377 1597 1410 caeterae.
1619 1374 1693 1410 Sed

75 1425 253 1472 potentia
272 1434 361 1460 cum
381 1424 534 1459 dicatur
556 1423 601 1458 ad
619 1426 751 1458 actum
774 1431 853 1458 non
876 1425 1005 1466 potest
1031 1424 1160 1457 actum
1183 1420 1384 1464 excedere,
1417 1421 1521 1456 sicut
1550 1430 1622 1456 nec
1652 1421 1694 1456 in

76 1480 332 1518 unoquoque,
360 1471 414 1506 ita
435 1479 507 1506 nec
528 1469 773 1514 simpliciter.
797 1470 890 1504 Cum
911 1468 1032 1514 igitur
1051 1467 1214 1503 materia
1237 1467 1361 1512 prima
1382 1467 1434 1503 sit
1465 1467 1622 1503 infinita
1652 1467 1694 1504 in

77 1528 149 1556 sua
168 1517 467 1564 potentialitate,
490 1516 727 1562 relinquitur
746 1515 851 1562 quod
873 1517 990 1559 Deus,
1012 1514 1079 1562 qui
1103 1518 1163 1551 est
1182 1518 1295 1551 actus
1324 1522 1463 1560 purus,
1485 1514 1536 1551 sit
1561 1513 1694 1550 infini-

75 1570 141 1603 tus
163 1567 203 1601 in
224 1574 297 1601 sua
316 1563 554 1600 actualitate.

122 1615 222 1655 Item,
242 1614 350 1648 tanto
380 1613 492 1647 actus
513 1610 658 1655 aliquis
683 1609 894 1654 perfectior
922 1612 995 1651 est,
1019 1611 1168 1654 quanto
1198 1608 1332 1645 minus
1370 1607 1488 1644 habet
1508 1608 1694 1653 potentiae

77 1659 328 1706 permixtum.
352 1657 459 1694 Unde
481 1658 612 1693 omnis
633 1660 744 1693 actus
766 1656 829 1692 cui
850 1656 1111 1701 permiscetur
1133 1655 1321 1700 potentia,
1344 1654 1461 1691 habet
1478 1655 1692 1691 terminum

78 1716 163 1744 suae
185 1704 454 1751 perfectionis.
477 1704 545 1740 Cui
568 1707 696 1739 autem
721 1711 801 1739 non
822 1703 1083 1748 permiscetur
1103 1702 1236 1748 aliqua
1256 1701 1445 1746 potentia,
1468 1701 1694 1747 estabsque

76 1754 246 1789 termino
268 1750 538 1833 perfectionis.
562 1752 666 1787 Deus
686 1753 817 1786 autem
839 1753 900 1786 est
919 1753 1031 1786 actus
1049 1757 1174 1794 purus
1199 1748 1349 1795 absque
1370 1748 1479 1784 omni
1499 1749 1691 1794 potentia.

78 1801 145 1837 Est
161 1799 281 1845 igitur
301 1798 339 1833 in
359 1797 494 1833 initus.

124 1846 308 1890 Amplius,
332 1845 461 1889 ipsum
502 1852 591 1879 esse
623 1843 803 1880 absolute
839 1842 1149 1883 consideratum,
1180 1841 1378 1878 infinitum
1415 1845 1487 1878 est.
1511 1844 1607 1878 Nam
1645 1841 1694 1878 ab

79 1892 250 1930 infinitis
272 1895 307 1927 et
327 1890 494 1927 infinitis
515 1889 645 1926 modis
660 1890 885 1935 participari
907 1889 1098 1934 possibile
1119 1892 1191 1926 est.
1215 1889 1253 1925 Si
1273 1889 1395 1935 igitur
1413 1889 1583 1935 aliqu‘us
1605 1897 1694 1925 esse

79 1940 132 1978 sit
166 1939 335 1983 finitum,
356 1941 510 1983 oportet
538 1937 642 1983 quod
666 1937 855 1973 limitetur
890 1946 978 1973 esse
1003 1936 1099 1972 illud
1122 1945 1192 1982 per
1212 1935 1361 1982 aliquid
1389 1936 1497 1972 aliud
1517 1935 1622 1982 quod
1644 1935 1696 1972 sit

78 1986 302 2033 aliqualiter
339 1993 461 2021 eausa
491 1983 599 2020 illius
638 1993 739 2027 esse,
769 1983 836 2021 sed
876 1992 966 2020 esse
1002 1983 1124 2019 divini
1162 1991 1243 2019 non
1273 1986 1402 2028 potest
1434 1991 1523 2019 esse
1562 1982 1695 2027 aliqua

78 2042 214 2077 causa,
236 2032 329 2079 quia
346 2032 430 2076 ipse
450 2034 510 2067 est
529 2039 694 2068 necesse
712 2039 801 2067 esse
822 2039 891 2076 per
913 2030 1105 2076 seipsum.
1127 2030 1251 2076 Igitur
1271 2038 1360 2066 esse
1380 2038 1498 2066 suum
1518 2032 1579 2066 est
1610 2027 1696 2066 infi-

78 2080 221 2123 nitum,
244 2082 281 2115 et
298 2078 383 2123 ipse
404 2076 597 2114 infinitus.

123 2127 268 2166 Adhuc,
292 2134 409 2162 omne
433 2124 538 2171 quod
577 2123 693 2160 habet
729 2124 903 2171 aliquam
935 2123 1232 2170 perfectionem,
1265 2125 1375 2160 tanto
1400 2126 1461 2160 est
1480 2122 1696 2169 perfectius

78 2177 226 2221 quanto
247 2172 356 2209 illam
376 2171 657 2217 perfectionem
679 2171 837 2216 plenius
860 2171 1080 2217 participat.
1103 2170 1177 2207 Sed
1199 2179 1276 2207 non
1298 2173 1428 2216 potest
1447 2179 1535 2206 esse
1549 2169 1695 2216 aliquis

77 2220 237 2263 modus,
260 2229 332 2255 nec
349 2218 466 2254 etiam
484 2217 649 2264 cogitari
665 2227 743 2264 quo
764 2218 921 2264 plenius
937 2218 1128 2254 habeatur
1144 2217 1277 2263 aliqua
1298 2216 1485 2262 perfectio
1505 2225 1624 2262 quam
1646 2216 1695 2253 ab

78 2276 126 2304 eo
145 2266 249 2314 quod
273 2275 340 2311 per
359 2274 472 2302 suam
493 2265 707 2301 essentiam
730 2269 789 2301 est
808 2266 1038 2310 perfectum,
1053 2268 1089 2300 et
1109 2264 1222 2310 cujus
1243 2272 1331 2300 esse
1353 2266 1411 2300 est
1433 2272 1506 2300 sua
1521 2263 1693 2300 bonitas.

79 2315 161 2351 Hoc
181 2316 310 2350 autem
333 2314 437 2349 Deus
458 2315 530 2363 est.
547 2311 662 2348 Nullo
676 2311 797 2357 igitur
817 2312 935 2348 modo
956 2315 1085 2357 potest
1105 2310 1272 2358 cogitari
1289 2309 1440 2357 aliquid
1460 2310 1605 2347 melius
1624 2309 1687 2348 vel

76 2360 290 2407 perfectius
312 2361 404 2396 Deo.
429 2361 494 2395 Est
518 2358 639 2404 igitur
660 2358 839 2395 infinitus
860 2359 900 2394 in
922 2358 1110 2395 bonitate.

127 2408 310 2452 Amplius,
334 2406 559 2442 intellectus
581 2408 716 2441 noster
735 2406 782 2441 ad
808 2405 1006 2441 infinitum
1025 2405 1066 2440 in
1088 2403 1349 2450 intelligendo
1371 2404 1610 2449 extenditur,
1627 2413 1696 2441 cu-

76 2453 142 2499 jus
164 2455 324 2499 signum
346 2452 538 2499 estquod,
553 2452 727 2498 qualibet
747 2453 963 2499 quantitate
979 2451 1090 2488 finita
1109 2452 1211 2496 data,
1228 2451 1452 2488 intellectus
1468 2455 1602 2488 noster
1613 2459 1696 2487 ma-

74 2501 203 2546 jorem
224 2500 447 2546 excogitare
469 2500 610 2544 possit.
628 2501 786 2536 Frustra
800 2503 931 2536 autem
950 2503 1054 2536 esset
1078 2499 1161 2535 haec
1181 2498 1379 2535 ordinatio
1399 2499 1624 2534 intellectus
1646 2496 1695 2533 ad

77 2547 279 2583 inlinitum
308 2546 386 2583 nisi
412 2550 519 2582 esset
539 2546 672 2592 aliqua
692 2555 755 2583 res
777 2546 1041 2593 intelligibilis
1078 2545 1253 2590 infinita;
1276 2548 1430 2591 oportet
1465 2545 1586 2591 igitur
1605 2552 1695 2580 esse

79 2593 253 2639 aliquam
269 2602 351 2644 rem
372 2592 662 2638 intelligibilem
678 2592 886 2638 infinitam,
904 2603 1021 2640 quam
1041 2596 1195 2638 oportet
1209 2601 1298 2630 esse
1315 2591 1527 2628 maximam
1547 2599 1694 2635 rerum,

78 2639 235 2677 etlianc
256 2639 426 2675 dicimus
447 2641 582 2675 Deum.
601 2641 704 2676 Deus
725 2640 848 2686 igitur
868 2645 927 2678 est
946 2639 1140 2677 infinitus.

123 2687 224 2730 Item,
247 2685 411 2722 effectus
432 2694 512 2721 non
535 2689 663 2730 potest
684 2687 839 2724 extendi
861 2688 964 2724 ultra
983 2696 1097 2724 suam
1118 2695 1294 2724 causam.
1311 2684 1537 2722 Intellectus
1558 2688 1694 2721 autem

77 2736 311 2770 nosternon
328 2734 456 2777 potest
476 2741 565 2768 esse
581 2732 657 2769 nisi
673 2742 695 2769 a
710 2735 802 2778 Deo,
819 2735 885 2781 qni
901 2738 961 2772 est
978 2734 1105 2780 prima
1117 2733 1295 2770 omnium
1310 2740 1445 2768 causa.
1465 2733 1550 2768 Non
1572 2731 1695 2772 igitur

77 2782 209 2826 potest
228 2778 377 2825 aliquid
397 2778 571 2824 cogitare
592 2779 816 2817 intellectus
837 2785 973 2818 noster
992 2781 1121 2827 majus
1149 2782 1242 2816 Deo.
1264 2779 1304 2815 Si
1320 2778 1441 2824 igitur
1460 2778 1568 2814 omni
1582 2777 1694 2814 finito

75 2829 207 2873 potest
231 2825 380 2877 aliquid
402 2825 531 2871 majus
552 2826 739 2871 cogitare,
763 2828 1000 2874 relinquitur
1019 2831 1150 2864 autem
1166 2828 1287 2862 Deum
1306 2823 1462 2861 finitum
1491 2833 1571 2862 non
1588 2833 1691 2862 esse.

122 2873 309 2920 Amplius,
329 2875 455 2911 virtus
476 2870 632 2911 infinita
658 2881 741 2910 non
759 2878 891 2921 potest
920 2883 1009 2912 esse
1029 2874 1073 2912 in
1092 2872 1267 2911 essentia
1293 2871 1418 2918 finita,
1438 2871 1532 2919 quia
1551 2879 1695 2909 unum-
