1894 3223
672 151 756 185 Lllt.
786 151 843 192 lv,
873 151 972 186 CAP.
1000 149 1114 185 XLIX.
1633 147 1699 181 573

82 232 300 270 secundum
315 230 510 275 propriam
534 230 745 272 rationctn;
768 231 911 268 dicitur
931 231 1032 267 onim
1054 228 1418 276 simpliciterhomo
1440 236 1528 264 esso
1549 227 1699 272 videns,

82 280 177 326 quia
202 278 277 315 hoc
297 277 555 323 consequitur
572 277 619 313 ad
655 278 829 322 oculum,
851 282 888 314 et
919 278 1074 322 crispus
1096 280 1252 323 propter
1272 275 1451 321 capillos,
1475 279 1512 311 ct
1533 274 1700 312 visibilis

81 327 240 372 propter
255 324 443 361 colorem.
466 324 529 360 Sic
552 324 670 369 igitur
690 329 728 361 et
748 334 793 361 ea
812 334 900 371 quie
921 329 1221 369 consequuntur
1237 322 1392 369 proprie
1411 322 1459 358 ad
1483 322 1700 360 humanam

83 376 263 410 naturam
284 370 516 414 simpliciter
535 375 704 416 possunt
733 371 929 408 enuntiari
957 371 1004 408 de
1032 371 1201 413 Christo,
1224 370 1327 407 sicut
1353 368 1456 415 quod
1480 373 1541 405 est
1567 369 1699 409 bomo,

83 418 189 465 quod
208 421 267 455 est
286 417 469 460 visibilis,
489 418 593 464 quod
617 418 845 461 ambulavit,
867 421 905 455 et
921 418 1054 455 omnia
1073 416 1328 464 liuiusmodi3
1350 415 1456 462 quod
1490 420 1619 452 autem
1641 419 1702 453 est

82 474 263 512 personae
293 465 493 511 proprium
523 464 571 501 de
602 465 754 502 Christo
787 473 866 501 non
888 466 1115 501 enuntiatur
1142 464 1294 500 ratione
1324 463 1509 500 humanae
1536 466 1699 508 natu-rte,

82 512 160 550 nisi
181 521 270 550 cum
290 511 423 559 aliqua
441 511 642 549 additione
662 520 851 558 expressa
869 512 930 548 vel
949 510 1240 548 subintellecta.

718 658 884 699 CAPUT
917 658 1054 698 XLIX.

200 779 357 809 SOLUTIO
386 778 586 808 RATlONUM
611 778 762 807 CONTRA
788 777 1110 806 INCARNATIONEM
1136 775 1320 805 SUPERIUS
1346 775 1581 805 POSITARUM.

133 889 201 926 His
233 889 352 935 igitur
392 888 549 930 babitis,
579 897 625 924 ea
651 895 737 933 quae
768 889 908 924 contra
941 885 1225 924 incarnationis
1258 885 1375 923 fidem
1414 894 1534 932 supra
1567 886 1613 932 (c.
1642 885 1703 933 40)

85 936 217 982 posita
235 939 330 972 sunt
348 935 461 972 facile
478 935 700 972 solvuntur.

132 984 345 1020 ostensum
377 986 437 1019 est
469 982 573 1019 enim
600 980 912 1018 incarnationem
934 980 1046 1018 Verbi
1076 989 1158 1018 non
1190 979 1248 1017 sic
1281 989 1370 1018 esse
1404 979 1702 1027 intelligendam

86 1029 192 1077 quod
210 1029 378 1066 Verbum
401 1029 451 1066 sit
470 1028 511 1065 in
531 1037 691 1066 carnem
711 1036 947 1064 conversum
969 1031 1035 1065 aut
1055 1027 1107 1065 sit
1133 1027 1288 1073 corpori
1311 1028 1465 1064 unitum
1484 1030 1525 1064 ut
1556 1028 1701 1063 forma:

85 1077 192 1114 unde
225 1085 304 1114 non
338 1080 398 1113 est
420 1084 686 1121 consequens,
708 1084 755 1111 ex
785 1074 860 1111 hoc
887 1074 993 1120 quod
1017 1074 1185 1111 Verbum
1218 1077 1278 1110 est
1312 1075 1576 1118 incarnatum,
1598 1073 1703 1120 quod

86 1133 176 1160 vere
195 1125 298 1160 Deus
320 1123 370 1160 sit
389 1131 535 1169 corpus
553 1122 614 1158 vel
629 1122 752 1158 virtus
774 1121 813 1157 in
836 1130 1014 1166 corpore,
1036 1125 1078 1157 ut
1097 1121 1224 1167 prima
1243 1121 1344 1158 ratio
1364 1120 1612 1166 procedebat.

132 1170 320 1207 Similiter
340 1169 453 1206 eliam
478 1177 557 1206 non
579 1168 755 1214 sequitur
775 1168 879 1214 quod
901 1169 1067 1205 Verbum
1089 1168 1142 1204 sit
1159 1167 1476 1204 substantialiter
1494 1171 1702 1211 mutatum,

86 1226 156 1263 per
174 1217 249 1254 hoc
270 1216 375 1263 quod
404 1220 584 1252 naturam
607 1215 820 1252 humanam
842 1216 1073 1260 assumpsit.
1095 1215 1209 1252 Nulla
1229 1213 1334 1251 enim
1355 1213 1521 1251 mutatio
1549 1214 1589 1250 in
1617 1214 1704 1259 ipso

86 1264 212 1302 Verbo
249 1264 316 1300 Dei
357 1264 459 1300 sacta
489 1267 561 1307 est,
591 1262 660 1299 sed
698 1262 828 1299 solum
867 1262 907 1298 in
947 1262 1121 1298 humana
1152 1265 1294 1298 natura
1328 1270 1415 1308 quae
1446 1263 1506 1298 est
1538 1270 1562 1298 a
1582 1260 1704 1298 Verbo

87 1315 306 1358 assumpta,
334 1310 553 1347 secundum
575 1318 693 1356 quam
721 1309 907 1354 competit
925 1309 1050 1346 Verbo
1084 1312 1121 1346 et
1151 1310 1383 1356 generatum
1403 1317 1493 1345 esse
1512 1311 1706 1354 tempora·

87 1358 174 1396 liter
193 1362 232 1395 et
249 1361 398 1402 natum,
421 1366 499 1393 non
521 1360 649 1394 autem
673 1357 890 1392 secundum
915 1357 1106 1401 seipsum.

136 1406 248 1449 Quod
268 1405 384 1441 etiam
408 1404 520 1440 tertio
541 1403 773 1450 proponitur
792 1404 1070 1440 necessitatem
1089 1412 1167 1440 non
1189 1403 1321 1440 habet.
1344 1401 1576 1449 Hypostasis
1596 1402 1702 1438 enim

90 1461 170 1490 non
201 1452 423 1489 extenditur
442 1456 551 1487 extra
578 1450 769 1487 terminos
788 1450 895 1486 illius
918 1454 1067 1487 naturae
1088 1459 1135 1487 ex
1155 1460 1232 1496 qua
1253 1450 1552 1488 subsistentiam
1572 1449 1702 1486 habet.

89 1501 174 1537 Nou
195 1502 323 1536 autem
347 1498 512 1535 Verbum
528 1497 595 1534 Dei
615 1497 912 1534 subsistentiam
933 1497 1108 1533 habetex
1130 1502 1270 1534 natura
1288 1497 1474 1539 humana,
1489 1496 1558 1532 sed
1579 1496 1705 1543 magis

90 1551 271 1584 naturam
297 1545 509 1583 humanam
532 1545 711 1588 masuam
731 1544 1027 1581 subsistentiam
1044 1544 1104 1580 vel
1122 1544 1443 1590 personalitatem
1461 1542 1603 1586 trahit3
1624 1550 1706 1580 non

89 1594 194 1630 enim
234 1602 303 1639 per
339 1591 575 1639 mama-sed
614 1591 654 1627 in
692 1591 760 1627 illa
798 1591 994 1629 subsistit.
1030 1591 1138 1628 Unde
1178 1591 1272 1628 nihil
1322 1589 1502 1636 prohibet
1539 1589 1706 1626 Verbum

90 1641 158 1678 Dei
189 1649 278 1678 esse
307 1639 472 1686 ubique,
503 1638 594 1675 licet
630 1637 805 1674 humana
839 1642 977 1674 natura
1012 1647 1035 1674 a
1061 1637 1187 1674 Verbo
1224 1638 1290 1675 Dei
1322 1639 1527 1682 assumpta
1562 1636 1706 1683 ubique

91 1697 170 1725 non
193 1688 258 1725 sit.
690 1709 700 1718 .

139 1737 192 1772 Ex
210 1734 287 1771 hoc
301 1734 416 1773 etiam
437 1733 602 1770 solvitur
615 1735 812 1779 quartum.
835 1732 1051 1777 cujuslibet
1070 1732 1175 1769 enim
1196 1731 1253 1770 rei
1271 1730 1529 1770 subsistentis
1555 1733 1708 1777 oportet

91 1791 182 1819 esse
214 1790 331 1819 unam
361 1784 541 1817 naturam
571 1782 737 1824 tantum,
758 1788 826 1825 per
862 1789 980 1826 quam
1015 1779 1249 1824 simpliciter
1279 1788 1369 1817 esse
1402 1778 1568 1821 habeat;
1591 1779 1707 1816 etsie

90 1829 259 1866 Verbum
274 1827 340 1864 Dei
362 1836 431 1873 per
450 1828 577 1864 solam
593 1828 770 1863 naturam
790 1826 961 1863 divinam
978 1825 1207 1872 simpliciter
1226 1835 1314 1864 esse
1334 1825 1464 1870 habet,
1482 1833 1559 1861 non
1577 1827 1707 1862 autem

90 1885 161 1960 ger
175 1875 390 1912 humanam
411 1878 606 1918 naturam,
627 1873 695 1910 sed
716 1883 783 1919 per
802 1883 887 1910 eam
909 1873 1027 1910 habet
1045 1873 1152 1919 quod
1180 1873 1232 1910 sit
1252 1874 1341 1918 hoc,
1362 1873 1514 1910 scilicet
1532 1871 1637 1919 quod
1658 1873 1709 1910 sit

121 1932 226 1960 omo.

138 1970 325 2014 Quintum
344 1968 461 2006 etiam
479 1968 646 2006 solvitur
666 1976 734 2013 per
751 1966 828 2005 hoc
846 1967 963 2004 idem.
983 1966 1232 2014 impossibile
1248 1970 1309 2004 est
1325 1966 1428 2004 enim
1444 1968 1550 2014 quod
1569 1971 1709 2005 natura

91 2027 162 2064 pei·
180 2026 297 2064 quam
318 2016 486 2053 Verbum
507 2015 691 2052 subsistit
710 2014 762 2052 sit
793 2015 899 2052 aliud
917 2024 1035 2061 quam
1068 2015 1157 2060 ipsa
1182 2023 1353 2061 persona
1372 2015 1501 2052 Verbi.
1523 2014 1710 2052 Subsistit

92 2067 225 2102 autem
263 2072 331 2109 per
357 2066 539 2099 naturam
573 2062 761 2107 divinam,
782 2071 863 2099 non
902 2066 1031 2098 autem
1067 2070 1136 2107 per
1166 2065 1348 2098 naturam
1373 2060 1612 2106 humanam;
1640 2061 1708 2098 sed

93 2120 182 2148 eam
201 2109 250 2147 ad
269 2118 380 2147 suam
402 2108 700 2146 subsistentiam
718 2108 850 2153 trahit,
870 2111 913 2145 ut
932 2109 973 2144 in
987 2118 1033 2146 ea
1053 2108 1257 2153 subsistat,
1280 2112 1323 2145 ut
1342 2108 1488 2146 dictum
1510 2113 1584 2147 est.
1604 2108 1709 2145 Unde

97 2166 179 2195 non
196 2160 351 2203 oportet
370 2155 476 2203 quod
502 2159 644 2192 natura
667 2155 843 2192 humana
862 2156 912 2192 sit
928 2155 1032 2192 idem
1050 2155 1156 2201 quod
1173 2164 1346 2201 persona
1359 2156 1488 2193 Verbi.

141 2204 239 2241 Hinc
260 2204 377 2240 etiam
403 2202 622 2239 excluditur
641 2201 680 2238 id
701 2202 806 2248 quod
828 2206 939 2238 sexto
966 2202 1234 2248 objiciebatur.
1264 2202 1494 2249 Hypostasis
1524 2202 1630 2239 enim
1652 2205 1712 2239 est

94 2252 229 2290 minus
250 2250 430 2296 simplex,
452 2249 512 2285 vel
533 2258 574 2286 re
591 2248 654 2285 vel
687 2248 902 2292 intellectu,
937 2258 1056 2294 quam
1076 2251 1217 2286 natura
1232 2257 1303 2294 per
1319 2258 1435 2295 quam
1459 2249 1711 2286 constituitur

93 2299 136 2336 in
171 2307 292 2335 esse:
327 2307 367 2334 re
401 2296 574 2343 quidem,
606 2304 726 2342 quum
763 2295 990 2342 hypostasis
1029 2304 1109 2332 non
1135 2295 1186 2332 sit
1218 2304 1292 2332 sua
1311 2299 1477 2339 natura;
1508 2296 1710 2334 intellectu

93 2347 225 2384 autem
247 2344 349 2388 solo,
367 2344 409 2381 in
428 2343 508 2380 iilis
529 2343 570 2379 in
596 2342 740 2389 quibus
763 2343 865 2379 idem
889 2346 950 2379 est
968 2342 1198 2389 hypostasis
1221 2345 1260 2379 et
1289 2346 1443 2379 natura.
1477 2342 1710 2389 Hypostasis

92 2395 228 2430 autem
247 2390 360 2428 Verbi
381 2399 461 2427 non
493 2389 748 2427 constituitur
767 2389 998 2435 simpliciter
1017 2399 1085 2435 per
1103 2388 1318 2427 humanam
1354 2393 1548 2434 naturam,
1570 2391 1614 2427 ut
1641 2398 1712 2435 per

95 2447 181 2476 eam
209 2438 284 2483 sit;
319 2437 389 2475 sed
417 2445 487 2483 per
507 2445 594 2473 eam
614 2436 745 2474 solum
767 2436 886 2474 habet
911 2436 1079 2473 Verbum
1113 2436 1219 2483 quod
1239 2435 1290 2473 sit
1307 2435 1444 2474 homo.
1477 2438 1564 2473 Non
1590 2436 1712 2484 igitur

93 2488 251 2531 oportet
267 2484 373 2532 quod
393 2487 535 2521 natura
549 2484 722 2520 humana
741 2483 794 2520 sit
811 2483 1030 2529 simplicior
1044 2492 1162 2530 quam
1178 2483 1362 2528 Verbum,
1383 2483 1425 2521 in
1444 2487 1635 2530 quantum
1652 2485 1707 2521 est

95 2532 280 2575 Verbum,
295 2531 363 2568 sed
385 2531 513 2567 solum
535 2530 575 2567 in
597 2534 787 2577 quantum
802 2530 968 2566 Verbum
990 2534 1050 2567 est
1068 2530 1133 2567 hic
1152 2529 1287 2567 homo.

143 2580 198 2616 Ex
228 2586 307 2625 quo
342 2577 457 2614 etiam
488 2580 591 2623 patet
626 2577 773 2614 solutio
794 2577 841 2613 ad
873 2577 908 2613 id
942 2577 1047 2623 quod
1076 2577 1245 2622 septimo
1266 2576 1463 2623 objicitur.
1492 2578 1576 2614 Non
1606 2576 1710 2614 enim

94 2628 252 2672 oportet
269 2624 375 2671 quod
394 2623 623 2671 hypostasis
645 2623 712 2660 Dei
729 2623 842 2661 Verbi
863 2623 1095 2670 simpliciter
1114 2623 1166 2661 sit
1184 2624 1399 2661 constituta
1418 2633 1487 2670 per
1506 2624 1709 2661 materiam

96 2673 308 2720 signatam,
347 2671 416 2708 sed
449 2670 580 2708 solum
608 2670 649 2707 in
682 2674 873 2717 quantum
908 2673 969 2707 est
996 2669 1062 2708 hic
1091 2669 1238 2715 hom03
1259 2670 1320 2707 sic
1349 2670 1453 2708 enim
1477 2671 1607 2709 solum
1642 2679 1710 2718 per

94 2719 310 2757 humanam
328 2722 508 2756 naturam
530 2717 797 2762 constituitur,
819 2720 863 2754 ut
882 2716 1030 2754 dictum
1048 2720 1122 2755 est.

145 2766 257 2810 Quod
287 2769 416 2802 autem
450 2764 581 2801 anima
611 2763 785 2801 humana
817 2767 854 2800 et
885 2773 1030 2810 corpus
1062 2764 1104 2801 in
1125 2763 1279 2802 Christo
1311 2764 1360 2803 ad
1388 2765 1708 2812 personalitatem

34 2832 45 2833 „
93 2813 208 2850 Verbi
239 2812 460 2852 trahuntur,
483 2820 563 2848 non
595 2810 876 2849 constituentia
907 2811 1081 2857 aliquam
1101 2820 1314 2858 personam
1333 2816 1473 2859 praeter
1498 2821 1712 2858 personam

97 2859 224 2905 Verbi,
243 2868 324 2898 non
343 2859 512 2905 pertinet
531 2857 580 2896 ad
599 2857 903 2896 minorationem
921 2857 1091 2903 virtutis,
1111 2862 1155 2896 ut
1173 2861 1311 2896 octava
1339 2859 1437 2897 ratio
1460 2859 1708 2906 procedebat,

94 2905 167 2945 sed
204 2905 255 2945 ad
275 2906 508 2954 dignitatem
545 2904 750 2952 majorem.
783 2905 1097 2952 Unumquodque
1133 2905 1239 2943 enim
1273 2906 1417 2944 melius
1455 2915 1545 2944 esse
1579 2905 1708 2953 habet,
