1894 3223
159 141 227 176 3156
734 132 822 168 ΠΒ.
852 131 915 171 111,
943 128 1046 165 CAP.
1074 127 1211 163 LXXXI.

788 311 956 353 CAPUT
994 309 1167 351 LXXXI.

423 435 473 463 DE
496 432 758 462 ORDINATIONE
783 431 964 460 HOMINUM
988 430 1040 459 AI)
1065 428 1242 465 INVICEM,
1268 428 1318 457 ET
1342 428 1394 457 AD
1419 428 1525 457 ALIA.

214 547 317 582 Inter
338 543 437 581 alias
465 550 557 579 vero
590 540 877 578 intellectuales
908 539 1167 583 substantias,
1205 538 1389 576 humanae
1424 537 1567 575 animae
1606 535 1788 573 infimum

168 591 333 640 gradum
357 589 516 633 habent,
538 588 644 635 quia,
668 587 769 640 sicu-t
792 596 913 634 supra
933 587 1032 633 (cap.
1053 587 1112 630 80)
1136 585 1285 622 dictum
1305 588 1380 629 est,
1401 584 1442 621 in
1457 584 1584 630 prima
1603 583 1664 621 sui
1680 583 1791 619 insti-

168 639 318 676 tutione
340 636 609 683 cognitionem
632 634 784 672 ordinis
805 633 1060 681 providentiae
1083 632 1226 670 divinae
1246 631 1287 669 in
1323 631 1411 670 sola
1431 631 1600 678 quadam
1634 630 1789 667 univer·
1854 631 1865 638 ¹

169 685 242 723 sali
264 684 493 731 cognitione
515 681 739 727 suscipiunt
759 693 768 725 3
794 681 841 718 ad
862 681 1075 727 perfectam
1093 688 1186 716 vero
1208 677 1361 716 ordinis
1382 678 1618 724 sigularium
1651 677 1790 729 cogni·

171 732 318 769 tionem
352 729 627 776 oportetquod
648 738 695 765 ex
715 728 814 775 ipsis
835 727 952 765 rebus
974 727 1014 764 in
1047 726 1193 774 quibus
1224 725 1322 763 ordo
1352 725 1495 762 divinae
1530 723 1791 770 providentiae

170 784 242 824 iam
266 776 556 825 particulariter
575 775 782 813 institutus
803 778 875 816 est,
900 774 1179 821 perducantur.
1202 772 1311 810 Unde
1344 771 1520 824 oportuit
1544 771 1651 818 quod
1671 770 1792 822 habe-

173 828 257 863 rent
277 833 426 871 organa
450 831 652 870 corporea,
671 832 740 868 per
760 831 846 869 quae
865 831 888 858 a
907 821 1026 858 rebus
1046 819 1322 866 corporalibus
1353 821 1624 870 cognitionem
1658 816 1792 855 hauri-

172 875 269 916 rent,
293 881 339 908 ex
355 869 500 918 quibus
521 874 652 906 tamen
671 873 830 915 propter
851 868 1092 906 debilitatem
1123 865 1404 904 intellectualis
1438 865 1618 909 luminis,
1643 864 1793 916 perfec-5

172 922 247 957 tam
268 917 450 955 notitiam
472 925 609 955 eorum
629 926 718 964 quae
739 915 787 953 ad
808 915 1012 953 hominem
1030 918 1223 962 spectant,
1244 912 1412 959 adipisci
1431 920 1513 965 non
1547 911 1692 965 valent,
1715 919 1794 948 11181

175 974 239 1023 per
257 964 483 1011 superiores
510 963 674 1011 spiritus
695 963 941 1009 adjuventur,
964 962 1039 999 hoc
1061 961 1240 1008 exigente
1272 960 1405 998 divina
1441 958 1720 1005 d1spositione,
1750 960 1794 994 ut

181 1011 382 1049 nferiores
401 1020 470 1058 per
489 1010 716 1058 superiores
735 1009 899 1056 spiritus
918 1008 1198 1055 perfectionem
1213 1007 1434 1054 acquirant,
1450 1008 1492 1043 ut
1505 1003 1792 1052 supra(cap.79)

182 1063 376 1098 >stensum
399 1061 473 1095 est.

220 1106 320 1151 Quia
336 1109 468 1142 tamen
499 1103 650 1150 aliquid
682 1104 801 1140 homo
823 1103 870 1141 de
897 1102 1046 1140 lumine
1067 1100 1324 1139 intellectuali
1347 1100 1569 1148 participat,
1594 1101 1629 1137 ei
1651 1109 1793 1137 secun-

177 1152 266 1190 dum
290 1151 547 1198 providentiae
564 1150 743 1188 ordinem
765 1150 990 1187 subduntur
1011 1149 1198 1186 animalia
1218 1148 1346 1193 bruta,
1362 1157 1449 1195 quae
1464 1147 1667 1184 intellectu
1683 1147 1794 1184 nullo

178 1199 291 1237 modo
313 1198 561 1244 participant.
583 1197 689 1233 Unde
710 1197 864 1240 dicitur,
882 1198 991 1240 Gen.,
1010 1205 1034 1239 1,
1058 1198 1130 1232 26:
1151 1196 1341 1231 Faciamus
1352 1195 1528 1230 hominem
1542 1194 1797 1238 adimaqinem

179 1249 208 1282 et
227 1245 503 1282 similitudinem
521 1246 695 1286 nostram,
719 1243 868 1281 scilicet
892 1242 1109 1280 secundum
1132 1242 1238 1288 quod
1258 1241 1501 1279 intellectum
1516 1240 1646 1286 habet,
1661 1244 1693 1277 et
1700 1251 1796 1287 prse-

179 1294 227 1330 sit
239 1292 403 1338 piscibus
423 1291 535 1328 maris
554 1293 587 1327 et
602 1290 810 1327 volatilibus
824 1290 915 1333 eceli,
940 1292 973 1325 et
992 1289 1113 1326 bestiis
1133 1292 1249 1326 terrae.

222 1338 418 1376 Animalia
433 1346 526 1375 vero
546 1337 674 1381 bruta,
696 1337 770 1374 etsi
797 1336 999 1373 intellectu
1031 1339 1203 1379 careant,
1236 1334 1329 1382 quia
1361 1339 1493 1372 tamen
1525 1334 1795 1380 cognitionem

179 1386 350 1432 aliquam
373 1384 533 1428 habent,
553 1384 698 1430 plantis
717 1387 756 1420 et
775 1383 865 1420 aliis
887 1392 972 1430 quae
994 1382 1222 1429 cognitione
1243 1385 1390 1426 carent,
1410 1381 1629 1418 secundum
1651 1380 1794 1418 divinae

179 1431 432 1479 providentiae
453 1430 631 1468 ordinem
652 1429 927 1475 praeferuntur.
948 1429 1057 1467 Unde
1078 1428 1234 1470 dicitur,
1255 1429 1366 1473 Gen.,
1388 1436 1415 1472 1,
1432 1430 1491 1468 29,
1518 1430 1561 1464 30
1583 1439 1591 1464 ε
1613 1428 1701 1464 Ecce
1715 1428 1800 1463 dedi

181 1479 273 1514 uobis
295 1484 430 1514 omnem
450 1477 597 1514 herbam
617 1477 822 1522 afferentem
839 1486 957 1513 semen
976 1485 1084 1522 super
1103 1477 1248 1517 terram,
1269 1477 1303 1511 et
1320 1475 1490 1511 universa
1507 1473 1608 1518 liqna
1628 1484 1708 1520 quae
1739 1475 1799 1510 ha-

182 1526 257 1608 begtt
278 1526 314 1560 in
328 1525 525 1571 semetipsis
542 1527 729 1561 sementem
749 1524 888 1568 generis
906 1524 977 1568 sui,
993 1525 1035 1560 ut
1053 1523 1127 1558 sint
1144 1521 1244 1559 vobis
1257 1523 1296 1558 in
1313 1531 1427 1559 escam
1438 1524 1470 1558 et
1486 1521 1622 1557 cunctis
1637 1522 1802 1558 animan·

181 1573 206 1608 ti
232 1582 273 1608 us
294 1574 411 1607 terrae.

224 1620 329 1655 Inter
349 1627 394 1654 ea
413 1625 506 1654 vero
527 1625 614 1663 quae
633 1617 793 1663 penitus
814 1617 1044 1663 cognitione
1064 1620 1211 1658 carent,
1235 1625 1359 1654 unum
1385 1615 1564 1662 subjacet
1595 1615 1708 1654 alteri
1738 1624 1802 1654 se·

180 1665 351 1704 eundum
375 1663 479 1711 quod
500 1668 559 1701 est
579 1672 702 1700 unum
724 1663 846 1701 altero
868 1663 1068 1710 potentius
1086 1663 1125 1700 in
1148 1663 1316 1710 agendo.
1338 1663 1423 1701 Non
1459 1662 1565 1700 enim
1593 1662 1802 1710 participat

188 1712 327 1758 111(1111(1
349 1711 395 1748 (16
417 1710 681 1757 dispositione
703 1711 973 1757 providentiae,
997 1710 1067 1748 sed
1088 1710 1218 1748 solum
1240 1710 1286 1748 de
1302 1709 1550 1748 executione.

226 1759 326 1803 Quia
345 1766 437 1795 vero
459 1758 579 1795 homo
597 1757 713 1794 babet
733 1757 977 1795 intellectum
1000 1760 1038 1794 et
1074 1766 1239 1795 8611811111
1273 1760 1311 1794 et
1330 1757 1576 1804 corporalem
1599 1756 1800 1800 virtutem,

183 1806 262 1843 baec
283 1806 323 1842 in
344 1805 432 1851 ipso
453 1804 499 1842 ad
518 1803 687 1842 invicem
709 1804 943 1842 ordinantur
963 1804 1182 1842 secundum
1202 1803 1344 1842 divinae
1359 1804 1615 1850 providentiae
1631 1803 1802 1848 disposi-

184 1853 327 1889 tionem
347 1851 395 1888 ad
417 1850 719 1890 similitudinem
740 1851 892 1888 ordinis
919 1851 986 1898 qui
1019 1851 1060 1888 in
1093 1851 1280 1888 universo
1311 1850 1524 1889 invenitur.
1546 1852 1642 1888 Nam
1671 1850 1801 1887 virtus

183 1907 369 1944 corporea
386 1898 569 1935 subditur
586 1897 786 1936 sensitivae
806 1901 844 1935 et
869 1897 1120 1935 intellectivae
1139 1897 1288 1942 virtuti,
1306 1897 1413 1934 velut
1427 1905 1629 1943 exequens
1664 1906 1799 1934 earum

181 1945 407 1999 imperium.
429 1945 631 2027 Ipsatvero
648 1944 840 1983 sensitiva
854 1944 1032 1992 potentia
1051 1943 1301 1982 intellectivae
1321 1943 1518 1987 subditur,
1542 1948 1577 1980 et
1609 1943 1684 1981 sub
1715 1944 1801 1990 ejus

182 2001 344 2036 *mperio
366 1999 440 2028 con
460 1999 524 2028 ine
547 2000 605 2028 ur,

226 2040 280 2075 Ex
301 2038 437 2075 eadem
459 2042 591 2076 autem
622 2038 790 2083 ratione,
811 2041 849 2074 et
868 2037 970 2075 inter
990 2037 1102 2084 ipsos
1122 2037 1307 2075 homines
1337 2037 1435 2076 ordo
1466 2037 1682 2075 invenitur.
1703 2039 1800 2074 Nam

183 2084 236 2123 1111
257 2085 324 2132 (1111
363 2084 564 2122 intellectu
585 2086 842 2131 praeeminent
860 2085 1091 2123 naturaliter
1111 2084 1368 2123 dominantur
1388 2095 1397 2121 ε
1420 2083 1480 2121 1111
1497 2092 1589 2121 vero
1612 2084 1679 2130 qui
1707 2088 1803 2122 sunt

181 2131 383 2184 intellectu
403 2130 647 2184 deficientes,
668 2141 831 2179 corpore
851 2141 943 2169 vero
965 2131 1133 2177 robusti,
1155 2141 1178 2169 a
1197 2135 1340 2169 natura
1351 2130 1536 2169 videntur
1555 2130 1727 2169 instituti
1752 2131 1803 2169 ad

183 2178 446 2223 serviendum,
467 2182 571 2216 sicut
585 2178 818 2216 Aristoteles
845 2178 940 2216 dicit
970 2178 1012 2216 in
1045 2187 1120 2216 sua
1148 2179 1315 2223 Politica,
1339 2178 1403 2216 cui
1435 2177 1554 2215 etiam
1587 2177 1804 2217 concordat

185 2225 378 2265 sententia
397 2225 623 2263 Salomonis
643 2226 710 2273 qui
732 2226 839 2270 dicit,
858 2227 987 2270 Prota,
1002 2233 1056 2270 xl,
1077 2228 1123 2264 29
1144 2238 1152 2261 :
1175 2224 1245 2270 Qui
1262 2226 1394 2262 stultus
1414 2227 1465 2261 est
1477 2225 1607 2261 serviet
1622 2226 1801 2271 sapienti,

182 2275 219 2310 et
238 2272 372 2318 Exod„
390 2279 506 2316 XV111,
520 2275 581 2317 21,
598 2275 659 2318 22,
677 2272 820 2311 dieitur
841 2283 850 2310 :
871 2272 1025 2309 Provide
1043 2272 1086 2308 de
1104 2273 1203 2309 omni
1215 2273 1318 2320 plebe
1329 2273 1429 2309 vivos
1443 2273 1620 2318 sapientes
1635 2274 1668 2308 et
1681 2273 1805 2309 timen-

184 2320 229 2355 tes
246 2321 354 2356 Deum
373 2320 438 2366 qui
452 2319 613 2357 indicent
629 2321 803 2366 populum
822 2322 919 2357 omni
938 2323 1105 2365 tempore.

228 2367 335 2404 Sicut
356 2369 484 2404 autem
507 2367 549 2404 in
577 2366 765 2413 operibus
796 2366 917 2405 unius
951 2366 1127 2404 hominis
1160 2376 1210 2404 ex
1240 2366 1316 2404 hoc
1345 2365 1590 2404 inordinatio
1615 2365 1803 2413 provenit

182 2413 284 2461 quod
306 2413 780 2467 intellectussensualem
808 2414 988 2451 virtutem
1010 2413 1203 2498 8631111111,
1222 2412 1422 2451 sensualis
1437 2422 1529 2450 vero
1544 2410 1670 2450 virtus
1685 2421 1801 2460 prop·

184 2463 238 2497 ter
259 2469 439 2508 corporis
460 2459 810 2508 indispositionem
843 2460 1012 2498 trahitur
1031 2469 1052 2498 a
1100 2461 1280 2507 corporis
1300 2463 1466 2505 motum,
1497 2463 1540 2497 ut
1574 2460 1615 2496 in
1650 2459 1800 2497 claudi·

184 2507 362 2545 cantibus
384 2511 564 2554 appa1·et;
590 2507 644 2545 ita
664 2508 759 2546 etin
780 2508 972 2556 regimine
999 2507 1174 2545 humano
1194 2506 1437 2545 inordinatio
1468 2506 1650 2553 provenit
1679 2515 1726 2542 ex
1755 2514 1805 2542 eo-

187 2554 285 2600 111011
307 2563 387 2591 non
405 2558 564 2601 propter
577 2554 802 2593 intellectus
818 2554 1157 2602 praeeminentiam
1172 2554 1317 2602 aliquis
1331 2557 1486 2602 praeest,
1501 2553 1571 2591 sed
1583 2552 1644 2590 vel
1658 2551 1800 2590 robore

185 2602 376 2651 corporali
399 2601 619 2639 dominium
641 2601 718 2639 sibi
740 2606 917 2648 usurpat,
943 2601 1003 2639 vel
1024 2605 1183 2648 propter
1201 2601 1429 2640 sensualem
1448 2599 1697 2638 affectionem
1728 2599 1800 2636 ali-

184 2655 271 2692 quis
291 2648 339 2685 ad
357 2649 575 2700 regendum
595 2649 821 2695 praeficitur.
843 2650 968 2694 Quam
991 2648 1150 2696 quidem
1169 2648 1506 2687 inordinationem
1520 2654 1593 2684 nec
1612 2645 1800 2683 Salomon

183 2695 296 2737 tacet,
320 2704 386 2740 (1111
408 2695 514 2736 dicit,
535 2696 700 2743 Bootes„
720 2703 758 2740 x,
779 2699 814 2741 5,
833 2698 853 2734 6
873 2708 881 2733 :
902 2697 968 2733 Est
985 2699 1017 2732 et
1036 2696 1173 2733 malum
1190 2696 1286 2743 quod
1302 2695 1383 2732 vidi
1399 2694 1465 2731 sub
1497 2693 1580 2736 sole,
1614 2694 1722 2739 quasi
1738 2703 1806 2739 per

184 2746 336 2775 errorem
350 2742 534 2785 cyrecliens
551 2753 574 2778 a
588 2743 685 2786 facie
698 2744 892 2789 principis,
910 2743 1072 2788 positum
1089 2743 1240 2780 stultum
1252 2744 1292 2779 in
1310 2742 1489 2786 dionitate
1511 2739 1670 2776 sublimi.

229 2785 462 2838 Hujusmodi
482 2792 612 2826 autem
636 2789 880 2828 inordinatio
900 2790 1073 2827 divinam
1094 2788 1382 2837 providentiam
1408 2795 1490 2824 non
1509 2786 1694 2824 excludit.
1711 2787 1803 2823 Pro-

188 2835 717 2885 vemtuenim,*permissione
739 2837 884 2882 divina,
909 2846 957 2874 ex
971 2836 1126 2877 defectu
1152 2835 1386 2874 inferiorum
1408 2833 1624 2881 agentium,
1644 2833 1746 2871 sicut
1765 2836 1802 2869 et

190 2878 232 2915 ie
250 2878 340 2917 alus
359 2880 476 2918 malis
494 2880 641 2918 dictum
662 2886 734 2920 est.
