1894 3223
145 81 209 116 132
716 77 803 111 LIB.
833 76 879 119 ΙΙ,
907 75 1008 112 CAP.
1034 76 1185 112 XXVIII.

139 160 256 197 butor
272 168 340 205 per
359 162 486 194 actum
505 157 668 201 justitiae
704 155 780 192 sibi
816 155 954 192 reddit.
980 156 1048 192 Ille
1070 156 1190 202 igitur
1220 160 1332 194 aetus
1354 165 1434 203 quo
1455 156 1584 202 primo
1605 157 1755 204 aliquid

142 216 256 243 suum
274 205 440 250 aliquus
456 203 635 246 efficitur,
655 211 735 238 non
751 205 881 247 potest
901 212 990 239 esse
1011 207 1121 240 actus
1138 204 1323 249 justitiae;
1340 203 1409 240 sed
1426 213 1494 249 per
1512 204 1754 241 creationem

140 263 204 289 res
226 256 354 288 creata
374 251 500 332 11111510
521 249 659 295 incipit
675 249 824 295 aliquid
839 258 953 286 suum
977 249 1133 286 habere.
1156 252 1242 287 Non
1264 250 1385 297 igitur
1404 260 1537 287 creare
1555 260 1600 287 ex
1622 251 1754 288 debito

146 299 303 336 ‘ustitire
352 307 441 333 roce
472 297 513 332 it.

139 310 152 346 J
188 308 375 384 Ρνεεεενὲα,
397 343 531 379 nullus
569 342 682 379 debet
718 342 868 389 aliquid
904 343 1030 387 alteri,
1058 343 1136 380 nisi
1172 352 1241 389 per
1279 343 1354 380 1100
1384 343 1490 390 quod
1526 343 1754 390 aliqualiter

142 391 334 437 dependet
366 390 413 426 ab
450 390 552 435 ipso,
567 389 628 425 vel
658 389 806 435 aliquid
838 390 981 435 accipit
1004 389 1052 426 ab
1073 399 1134 434 eo,
1151 390 1210 426 vel
1234 389 1281 426 ab
1303 390 1441 434 altero,
1463 390 1615 427 ratione
1637 391 1752 437 cujus

142 438 251 476 alteri
286 437 400 473 debet
422 448 431 471 z
454 437 512 473 sic
549 436 652 472 enim
686 435 793 473 fitius
814 440 873 473 est
901 436 1054 473 debitor
1070 436 1183 482 patri,
1205 437 1299 483 quia
1331 437 1474 482 accipit
1491 446 1580 474 esse
1603 438 1650 474 ab
1674 447 1720 474 eo
1741 450 1751 482 ;

143 484 328 522 dominus
366 483 564 527 ministro,
586 483 679 529 quia
717 483 764 519 ab
805 492 851 520 eo
878 483 1020 529 accipit
1057 484 1288 520 famulatum
1325 493 1404 530 quo
1425 484 1588 530 indiget.
1613 485 1752 522 Omnis

141 532 262 569 1101110
283 531 476 576 proximo,
498 534 656 576 propter
676 531 811 573 Deum,
833 539 855 566 a
875 539 952 575 quo
973 530 1078 566 bona
1097 534 1239 566 cuncta
1258 531 1523 576 suscepimus.
1545 531 1617 567 Sed
1648 533 1753 569 Deus

143 578 288 615 anullo
311 577 516 623 dependet,
539 586 611 612 nec
630 576 780 622 indiget
799 576 932 622 aliquo
953 577 1058 622 quod
1079 576 1126 613 ab
1148 577 1270 613 altero
1290 578 1494 623 suscipiat,
1515 582 1558 614 ut
1584 588 1630 614 ex
1650 587 1751 623 prze-

143 625 259 661 010110
286 624 324 670 (l.
345 634 371 668 1,
393 635 426 660 0.
451 627 492 660 13
514 627 550 660 01
574 623 653 670 103)
675 623 884 659 manifeste
921 626 1093 669 apparet.
1117 625 1220 660 Deus
1239 624 1360 670 igitur
1380 634 1461 661 non
1482 624 1663 670 producit
1685 633 1751 662 res

141 672 182 708 in
199 681 287 708 esse
307 682 351 707 ex
373 671 508 718 aliquo
525 671 693 716 justitiae
715 670 861 707 debito.

188 719 369 763 Amplius,
386 719 424 753 in
445 717 620 764 quolibet
648 726 804 763 genere,
826 717 929 763 quod
950 720 1010 753 est
1025 719 1183 762 propter
1205 725 1247 752 se
1268 719 1328 753 est
1348 717 1459 762 prius
1486 727 1533 754 eo
1560 717 1665 764 quod
1695 722 1756 755 est

142 769 300 811 propter
320 765 439 801 aliud.
463 764 558 801 Illud
583 764 702 811 igitur
722 764 826 810 quod
845 767 905 801 est
925 764 1094 809 primum
1115 763 1348 809 simpliciter
1367 764 1470 800 inter
1498 773 1638 801 omnes
1660 774 1754 801 cau-

144 822 224 857 sas,
247 815 307 848 est
326 821 448 849 causa
472 814 628 857 propter
650 811 825 856 seipsum
846 814 1012 847 tantum.
1031 810 1143 854 Quod
1164 814 1294 847 autem
1319 810 1402 856 agit
1420 821 1468 847 ex
1488 811 1618 848 debito
1636 811 1753 857 justi-

143 859 208 896 tiae
230 868 310 896 non
327 859 579 905 agitpropter
596 858 772 903 seipsum
794 861 947 894 tantum
971 869 979 893 :
1001 857 1083 909 agit
1106 857 1211 893 enim
1247 861 1406 903 propter
1425 857 1522 894 illud
1540 858 1603 895 cui
1627 858 1753 895 001101.

144 908 248 942 Deus
281 906 414 951 igitur,
437 915 526 942 cum
565 906 617 941 sit
646 905 773 950 prima
792 914 926 950 causa,
960 907 997 941 01
1023 913 1194 950 primum
1227 913 1365 951 agens,
1385 913 1448 941 res
1476 905 1517 941 in
1555 914 1643 942 esse
1674 914 1755 942 non

145 953 330 998 produxit
350 962 395 989 ex
417 952 548 989 debito
567 952 744 998 Justitiae.

192 1000 289 1036 Hinc
310 999 500 1046 estquod,
521 1001 645 1040 Rom„
668 1007 723 1042 XI,
743 1001 800 1043 35,
822 1001 880 1043 36,
901 997 1044 1035 dicitur
1059 1010 1066 1034 :
1081 998 1166 1042 Quis
1180 999 1285 1043 prior
1304 999 1473 1034 dedititii
1486 1001 1520 1034 et
1538 1000 1756 1034 retribuetur

145 1049 176 1082 ei
191 1049 208 1082 ἱ)
227 1048 396 1092 quoniam
414 1057 457 1082 ecc
476 1048 565 1092 ipso,
582 1049 614 1081 et
628 1057 694 1091 per
710 1047 842 1091 ipsam,
861 1048 894 1081 et
913 1047 952 1080 in
971 1047 1049 1090 ipso
1067 1049 1151 1081 sunt
1177 1047 1322 1087 omnim
1343 1049 1381 1082 et
1399 1046 1484 1090 Joh,
1500 1054 1574 1090 XLI,
1591 1050 1611 1082 2
1629 1058 1636 1082 ;
1667 1048 1753 1089 Quis

146 1096 263 1129 autem
280 1094 378 1129 dedit
394 1094 497 1138 mihi,
519 1096 558 1128 ut
573 1093 723 1128 reddam
742 1094 774 1128 et'
786 1094 804 1127 ?
821 1093 941 1128 omnia
958 1103 1035 1137 quae
1053 1093 1117 1128 sub
1138 1093 1219 1128 coelo
1238 1095 1323 1127 sunt
1347 1103 1426 1128 mea
1444 1095 1540 1129 sunt.

193 1142 265 1176 Per
286 1140 362 1177 hoc
380 1145 508 1176 autem
530 1140 750 1176 excluditur
776 1149 884 1175 error
915 1139 1174 1185 quorumdam
1209 1138 1374 1185 probare
1412 1139 1621 1176 nitentium
1644 1140 1751 1186 quod

146 1189 250 1224 Deus
278 1196 357 1223 non
378 1190 505 1233 potest
530 1187 655 1223 facere
685 1187 762 1223 nisi
789 1186 894 1232 quod
915 1186 1020 1229 tacit,
1043 1186 1136 1232 quia
1155 1195 1234 1222 non
1250 1190 1379 1232 potest
1398 1186 1525 1222 facere
1547 1187 1624 1223 nisi
1645 1187 1753 1233 quod

146 1233 272 1270 debet.
292 1236 375 1270 Non
399 1234 502 1270 enim
525 1244 570 1270 ex
591 1233 721 1270 debito
738 1233 901 1279 Justitiae
923 1242 986 1269 res
1016 1236 1212 1278 operatur,
1234 1237 1275 1269 ut
1295 1242 1413 1279 supra
1435 1236 1638 1270 ostensum
1679 1237 1751 1270 est.

194 1281 298 1317 Licet
317 1285 446 1317 autent
468 1281 729 1317 universalem
748 1290 877 1316 rerum
900 1280 1197 1325 productionem
1216 1280 1315 1316 nihil
1348 1284 1520 1316 creatum
1543 1280 1752 1326 praecedat,

146 1328 208 1364 cui
231 1328 377 1374 aliquid
395 1328 566 1364 debitum
587 1336 674 1364 esse
696 1327 836 1372 possit,
858 1327 1042 1372 praecedit
1059 1330 1189 1362 10111011
1211 1327 1360 1372 aliquid
1392 1327 1624 1370 increatum,
1648 1328 1753 1374 quod

146 1378 206 1410 est
244 1375 455 1411 creationis
495 1374 746 1420 principium.
770 1374 880 1417 Quod
918 1374 1075 1420 quidem
1104 1373 1313 1418 dupliciter
1343 1373 1586 1410 considerari
1609 1378 1751 1420 potest.

146 1423 235 1466 Ipsa
270 1421 374 1457 0111111
403 1421 535 1457 divina
554 1421 711 1457 bonitas
738 1420 921 1465 praecedit
942 1424 984 1456 ut
1018 1419 1123 1464 finis,
1143 1424 1178 1456 et
1199 1420 1370 1466 primum
1391 1421 1580 1457 motivum
1602 1421 1650 1457 ad
1671 1431 1754 1457 cre·

146 1467 307 1512 andum,
330 1468 547 1504 secundum
567 1467 830 1513 Augustinum
851 1467 917 1513 qui
940 1467 1033 1503 dicit
1055 1466 1118 1513 (De
1131 1468 1226 1503 verb.
1249 1470 1362 1512 apost.
1381 1476 1498 1503 serm.
1518 1468 1572 1513 13)
1591 1479 1599 1504 ε
1622 1468 1756 1511 «Quia

146 1516 249 1551 Deus
270 1515 399 1551 honus
415 1518 485 1554 est,
509 1523 648 1551 sumus
663 1528 697 1550 ».
719 1514 889 1550 Scientia
909 1518 1039 1550 0010111
1055 1514 1139 1559 ejus
1159 1518 1195 1550 et
1213 1514 1397 1550 voluntas
1411 1515 1637 1559 praecedunt
1653 1515 1756 1551 sicut

146 1571 191 1597 ea
209 1561 353 1608 quibus
372 1571 434 1598 res
459 1562 499 1597 in
517 1571 606 1598 esse
622 1561 907 1607 producuntur.
928 1561 964 1597 Si
978 1561 1098 1607 igitur
1118 1561 1244 1606 ipsam
1260 1561 1432 1597 divinam
1453 1561 1667 1598 bonitatem
1689 1562 1755 1598 ab·

146 1608 275 1645 solute
305 1609 617 1652 consideremus,
650 1608 802 1645 nullum
839 1608 1013 1644 debitum
1052 1608 1092 1643 in
1126 1608 1324 1645 creatione
1360 1617 1490 1644 rerum
1515 1609 1754 1646 invenimus.

145 1655 296 1691 Dicitur
316 1656 420 1692 enim
456 1655 678 1692 0110111000
706 1655 855 1700 aliquid
882 1655 999 1691 alicui
1035 1654 1222 1699 debitum,
1255 1665 1301 1691 cx
1339 1655 1477 1691 ordine
1508 1656 1671 1692 alterius
1707 1655 1757 1692 ad

145 1702 291 1748 ipsum,
308 1703 412 1748 quod
434 1703 584 1739 scilicet
604 1702 643 1738 111
664 1702 793 1748 ipsum
829 1702 942 1738 001101
982 1702 1127 1738 referre
1147 1701 1251 1748 quod
1291 1701 1338 1738 ab
1360 1702 1447 1747 ipso
1468 1703 1633 1748 accipit:
1655 1703 1758 1740 sicut

147 1749 320 1785 debitum
343 1754 403 1785 est
432 1749 671 1785 benefactori
709 1749 814 1795 quod
849 1749 895 1784 de
916 1748 1121 1785 beneficiis
1140 1749 1274 1795 gratiae
1303 1753 1482 1795 agantur,
1505 1750 1544 1785 in
1566 1755 1755 1796 quantum

145 1796 212 1832 ille
234 1796 299 1842 qui
319 1796 460 1840 accipit
479 1795 712 1832 beneficium
742 1796 817 1832 1100
836 1795 871 1831 01
894 1795 1019 1832 debet.
1037 1796 1106 1831 Hic
1121 1799 1251 1831 tamen
1273 1796 1415 1832 modus
1428 1796 1547 1832 debiti
1564 1797 1603 1832 in
1626 1806 1756 1833 rerum

145 1843 344 1885 ,creatione
371 1843 500 1878 locum
523 1852 602 1879 non
625 1842 754 1886 habet,
776 1852 864 1878 cum
899 1851 978 1879 non
1017 1842 1066 1878 sit
1097 1842 1243 1888 aliquid
1266 1843 1523 1887 praeexistens
1543 1844 1605 1880 cui
1629 1844 1757 1889 possit

147 1893 368 1935 competere
390 1889 536 1936 aliquid
566 1891 644 1925 Deo
674 1889 827 1933 debere,
851 1898 922 1925 nec
957 1889 1117 1935 aliquod
1138 1889 1222 1935 eJ'us
1260 1889 1495 1926 beneficium
1516 1890 1753 1936 praeexistat.

145 1936 232 1973 Alio
265 1936 382 1973 modo
401 1936 543 1972 dicitur
563 1936 714 1982 aliquid
736 1936 853 1972 alicui
876 1936 1049 1972 debitum
1069 1936 1286 1973 secundum
1304 1946 1346 1973 se
1372 1948 1380 1972 ε
1405 1937 1479 1973 1100
1502 1938 1606 1974 0111111
1628 1941 1687 1974 est
1708 1948 1756 1975 ex

146 1984 382 2020 necessitate
416 1983 532 2020 alicui
571 1983 743 2020 debitum
764 1982 869 2029 quod
901 1983 947 2020 ad
985 1983 1070 2029 eJ‘us
1091 1983 1370 2028 perfectionem
1393 1983 1630 2030 requiritur3
1654 1985 1758 2022 sicut

147 2030 299 2066 homini
321 2030 494 2066 debitum
517 2033 577 2067 est
608 2029 751 2067 hahere
775 2039 931 2074 manus,
953 2031 1013 2066 vel
1034 2030 1229 2074 virtutem,
1252 2030 1345 2076 quia
1367 2030 1453 2066 01110
1475 2031 1537 2068 1110
1559 2031 1756 2078 perfectus

147 2086 235 2114 esse
256 2086 333 2113 non
359 2080 499 2123 potest.
521 2076 659 2113 Divina
680 2079 809 2113 autem
827 2076 985 2114 bonitas
1002 2077 1110 2114 nullo
1132 2077 1315 2114 exteriori
1344 2077 1495 2124 indiget
1511 2078 1557 2114 ad
1587 2080 1649 2116 sui
1671 2088 1756 2124 per-

149 2124 375 2207 fsssstglfflffim·
395 2126 481 2161 Non
513 2127 573 2161 est
592 2124 714 2170 igitur
730 2133 799 2170 per
819 2124 978 2161 modum
1007 2124 1258 2162 necessitatis
1283 2124 1317 2161 01
1335 2124 1467 2162 debita
1487 2129 1754 2163 creaturarum

145 2180 217 2216 pro
251 2175 369 2208 uctio.

191 2218 334 2258 Adhuc,
358 2220 461 2255 Deus
482 2227 555 2255 sua
579 2218 780 2255 voluntate
800 2228 863 2256 res
885 2218 923 2255 in
946 2228 1034 2256 esse
1061 2219 1258 2264 produxit,
1281 2222 1323 2255 ut
1343 2227 1462 2265 supra
1481 2219 1528 2265 (c.
1547 2219 1606 2266 27)
1628 2223 1757 2256 osten-

146 2273 235 2301 sum
257 2268 330 2302 est.
355 2267 441 2301 Non
462 2268 522 2302 est
535 2268 664 2302 autem
686 2266 971 2306 necessarium,
995 2266 1028 2302 si
1058 2268 1161 2303 Deus
1181 2275 1292 2303 suam
1314 2266 1530 2303 bonitatem
1550 2266 1632 2302 vult
1652 2276 1755 2312 esse,

146 2311 252 2358 quod
272 2311 364 2348 velit
401 2312 477 2348 alia
515 2321 537 2348 a
570 2321 612 2349 00
631 2312 806 2358 produci.
830 2313 953 2359 HuJus
974 2313 1079 2349 enim
1117 2313 1400 2350 conditionalis
1435 2313 1672 2350 antecedens
1697 2317 1758 2350 est

145 2359 431 2399 necessarium,
454 2368 534 2396 non
554 2362 684 2396 autem
706 2368 970 2406 consequens.
996 2361 1207 2397 Ostensum
1228 2364 1288 2397 est
1317 2360 1423 2397 enim
1444 2360 1484 2396 in
1506 2360 1633 2406 primo
1654 2360 1756 2398 libro

146 2404 195 2451 (c.
211 2405 284 2452 80),
304 2406 408 2452 quod
428 2408 530 2443 Deus
549 2416 595 2443 ex
616 2407 850 2444 necessitate
864 2407 947 2443 vult
966 2416 1079 2444 suam
1101 2407 1315 2444 bonitatem
1335 2416 1439 2450 esse,
1461 2416 1540 2443 non
1561 2411 1688 2444 autem
1709 2416 1756 2443 ex

147 2453 382 2489 necessitate
403 2453 486 2489 vult
505 2453 595 2490 0110.
622 2454 744 2500 Igitur
768 2463 848 2490 non
875 2464 922 2491 ex
959 2455 1196 2491 necessitate
1231 2454 1394 2491 debetur
1426 2454 1567 2491 divinae
1587 2453 1754 2491 bonitati

148 2503 415 2536 creaturarum
437 2500 657 2546 productio.

192 2546 371 2590 Amplius,
395 2551 598 2584 ostensum
620 2551 680 2584 est
701 2546 748 2595 (c.
769 2550 827 2589 23,
844 2550 902 2593 26,
921 2547 981 2595 27)
1003 2547 1108 2595 quod
1129 2550 1232 2585 Deus
1262 2546 1444 2594 producit
1475 2556 1537 2584 res
1570 2547 1611 2583 in
1649 2554 1752 2590 esse,

144 2600 226 2644 non
247 2602 294 2628 ex
314 2594 548 2630 necessitate
568 2598 732 2640 naturae,
754 2604 881 2641 neque
901 2605 947 2631 ex
980 2595 1215 2632 necessitate
1237 2595 1427 2638 scientiae,
1449 2602 1591 2645 neque·
1614 2592 1753 2645 volun-

143 2641 250 2682 tatis,
273 2648 398 2685 neque
415 2640 591 2685 justitiae.
613 2642 728 2678 Nullo
756 2642 877 2688 igitur
902 2642 1021 2679 modo
1050 2642 1300 2680 necessitatis
1331 2641 1473 2678 divinae
1500 2640 1666 2676 bonitati
1695 2642 1755 2678 est

147 2684 321 2722 debitum
345 2686 448 2731 quod
468 2696 531 2723 res
553 2688 593 2723 in
615 2698 702 2724 esse
721 2689 1001 2733 producantur.
1654 2706 1657 2709 ·

192 2734 323 2768 Potest
343 2736 472 2768 tamen
488 2733 562 2769 dici
579 2743 667 2770 esse
689 2735 764 2771 sibi
787 2735 960 2772 debitum
975 2745 1043 2781 per
1062 2735 1223 2772 modum
1244 2733 1451 2780 cujusdam
1470 2733 1751 2770 condecentiae.

137 2778 301 2825 ,10011110
321 2782 450 2815 autem
471 2781 626 2824 proprie
648 2781 751 2818 dicta
776 2781 951 2818 debitum
969 2782 1220 2819 necessitatis
1241 2780 1405 2827 requirit
1423 2792 1431 2824 ;
1452 2780 1556 2826 quod
1578 2780 1683 2816 cuim
1706 2789 1755 2818 ex

140 2825 295 2872 justitia
315 2826 434 2863 alicui
461 2826 649 2873 redditur,
671 2837 719 2864 ex
747 2829 983 2866 necessitate
998 2829 1102 2875 ,iuris
1132 2829 1167 2865 01
1188 2827 1363 2864 debetur.
1380 2826 1488 2864 Sicut
1508 2827 1629 2873 igitur
1650 2836 1755 2865 crea·
