1894 3223
178 100 252 136 ωε
642 127 645 130 .
736 93 826 130 un.
854 93 912 137 iv,
941 75 1049 129 (ιΑΡξ
1070 81 1248 130 [xxxin.

182 178 310 224 epulis
342 176 564 216 vacaturos,
587 175 629 211 in
663 173 809 220 quibus
838 172 891 209 sit
922 171 1035 209 cibus
1063 175 1199 210 tantus
1233 176 1302 210 aut
1328 177 1461 219 potus,
1483 176 1526 210 ut
1557 181 1636 210 non
1669 173 1802 211 solum

169 226 330 262 nullam
350 222 583 258 modestiam
604 224 778 263 teneant,
799 219 869 256 sed
902 219 1063 255 modum
1097 227 1255 267 quoque
1274 220 1402 266 ipsius
1422 220 1669 257 credulitatis
1689 230 1802 257 exce-

180 273 288 308 dant.
311 269 426 305 Nullo
461 272 592 304 autem
619 267 737 303 modo
758 267 835 302 ista
854 269 1024 311 possunt
1043 265 1122 302 nisi
1154 275 1178 302 a
1208 267 1434 304 carnalibus
1452 267 1573 303 credi.
1597 267 1642 303 Hi
1669 271 1801 304 autem

180 318 246 364 qui
279 315 507 361 spirituales
541 317 635 351 sunt
658 342 667 357 ‚
702 313 804 349 istos
837 312 914 349 ista
959 312 1165 349 credentes
1203 313 1398 350 chiliastas
1437 314 1636 360 appellant
1671 322 1801 360 graeeo

179 362 386 403 vocabulo,
411 361 517 408 quod
547 360 706 396 verbum
740 369 761 395 e
781 359 900 396 verbo
927 360 1206 405 exprimentes,
1227 368 1302 396 nos
1333 369 1551 405 possumus
1579 361 1802 397 Millenarios

179 418 421 454 nuncupare,
445 412 486 444 ut
499 407 745 453 Augustinus
766 406 861 442 dicit
879 406 922 442 in
936 406 1132 453 vigesimo
1152 408 1203 442 De
1222 408 1367 441 civitate
1387 408 1468 442 Dei.

225 456 323 492 Sunt
346 459 476 491 autem
497 454 674 500 quaedam
708 462 794 500 quae
814 452 908 489 huic
938 453 1119 498 opinioni
1151 452 1362 499 suffragari
1382 453 1580 491 videntur.
1601 456 1647 491 Et
1672 453 1801 500 primo

180 502 339 549 quidem
361 502 451 548 quia
466 503 586 537 Adam
600 505 690 537 ante
703 503 907 546 peccatum
919 500 1038 537 vitam
1055 499 1191 536 habuit
1203 500 1465 536 immortalem
1478 513 1488 544 ;
1502 505 1540 536 et
1556 505 1689 538 tamen
1702 501 1802 537 cibis

179 553 217 586 et
235 549 414 584 venereis
440 549 493 584 uti
528 548 656 593 potuit
686 548 727 583 in
759 547 829 582 illo
857 551 975 589 statu,
999 556 1120 592 quum
1150 550 1240 583 ante
1268 550 1473 592 peccatum
1494 547 1552 583 illi
1582 549 1635 584 sit
1653 548 1802 584 dictum

181 596 296 639 (Gen,
316 604 342 639 Ι,
363 598 420 641 28)
440 607 447 630 :
471 595 632 634 Crescite,
653 597 686 629 et
715 594 1035 638 multiplicamini5
1064 597 1102 629 et
1130 593 1272 630 iterum
1297 593 1414 640 (Gen.,
1448 602 1490 638 11,
1525 594 1607 640 16):
1628 597 1680 630 De
1705 595 1804 630 omni

180 644 277 687 liano
298 642 393 686 quod
407 644 459 676 est
477 643 516 676 in
535 642 710 686 paradiso
728 641 898 675 comedes.

227 689 373 725 Deinde
396 689 479 734 ipse
501 689 680 724 Cliristus
700 691 791 732 post
811 687 1142 723 resurrectionem
1166 687 1310 733 legitur
1323 687 1547 724 comedisse
1568 690 1606 724 et
1624 686 1800 732 bibisse;

170 735 322 773 dicitur
342 736 461 778 enim,
476 737 581 777 Luc.,
594 734 883 780 utt.,43,quod‚
900 745 1010 779 quum
1025 734 1278 769 manducasset
1296 744 1414 769 coram
1433 735 1638 779 discipulis,
1659 744 1802 770 sumens

177 784 349 827 reliquias
371 782 471 817 dedit
499 784 575 824 eis,·
598 785 635 817 et
654 785 752 825 Act.,
772 789 811 824 Χ,
836 784 894 824 40,
918 781 1013 816 dicit
1040 783 1177 817 Petrus
1198 793 1210 815 ε
1228 781 1512 824 Hunc‚scilicet
1540 783 1689 825 Jesum,
1707 783 1802 817 Deus

176 831 366 865 suscitavit
382 831 488 864 tertia
508 829 578 868 die,
593 832 626 864 et
645 828 743 863 dedii
762 838 841 863 eum
859 829 1092 870 manifestum
1111 829 1202 872 fieri,
1215 837 1286 863 non
1302 829 1399 863 omni
1412 829 1558 872 populo,
1573 828 1636 863 sed
1652 829 1803 864 testibus

176 877 433 922 praeordinatz's
460 886 483 910 a
512 878 608 918 Deo‚·
629 876 746 919 nobis,
773 876 837 920 qui
857 875 1154 910 manducavimus
1183 884 1263 910 cum
1293 875 1369 915 illo,
1383 879 1576 920 postquam
1602 875 1804 910 resurrexit

179 934 202 959 a
220 925 383 958 mortuis.

226 971 323 1006 Sunt
343 970 460 1006 etiam
477 969 654 1014 quaedam
676 969 931 1005 auctoritates
949 978 1035 1015 quse
1055 969 1233 1005 ciborum
1253 978 1368 1005 usum
1390 969 1430 1005 in
1449 968 1678 1014 hujusmodi
1695 971 1801 1006 statu

178 1017 408 1053 hominibus
450 1017 720 1061 repromittere
758 1016 952 1051 videntur.
994 1017 1144 1051 Dicitur
1181 1016 1301 1059 enim,
1342 1018 1433 1060 isa„
1462 1024 1560 1059 xxv,
1595 1019 1616 1052 6
1637 1028 1645 1051 ε
1681 1017 1803 1051 Faciet

177 1066 348 1099 Dominus
367 1065 586 1098 emercituum
605 1064 768 1098 omnibus
785 1063 928 1107 populis
948 1064 987 1097 in.
1003 1066 1120 1097 monte
1140 1063 1202 1097 hoc
1215 1064 1415 1098 convivium
1421 1064 1618 1108 pinquium
1629 1063 1803 1108 medulla}

178 1114 306 1153 torum,
326 1111 512 1146 vindemiae
531 1111 733 1152 defaecatoe3
757 1115 793 1145 ct
815 1110 917 1155 quod
942 1110 1185 1156 intelligatur
1204 1115 1394 1155 quantum
1419 1110 1466 1146 ad
1503 1114 1647 1146 Staium
1668 1119 1799 1146 resur-

178 1158 370 1203 gentium,
406 1161 507 1202 patet
549 1167 595 1192 ex
627 1157 700 1193 hoc
732 1158 837 1202 quod
877 1160 1013 1201 postea
1053 1157 1234 1193 subditur
1256 1169 1263 1192 :
1293 1158 1542 1201 Praecipitabit
1575 1159 1723 1191 mortem
1759 1159 1802 1192 in

176 1206 442 1248 sempiternum,
459 1208 491 1239 et
511 1205 651 1246 auferet
669 1205 841 1239 Dominus
855 1205 948 1238 Deus
973 1214 1107 1238 ornnem
1128 1205 1323 1247 lacrymam
1344 1204 1389 1238 ab
1409 1205 1506 1238 omni
1523 1205 1630 1247 facie.
1650 1203 1801 1240 Dicitur

175 1251 309 1294 etiam,
332 1253 422 1293 isa„
444 1259 534 1292 LXV,
559 1254 597 1286 13
617 1262 624 1286 :
647 1253 734 1286 Ecce
759 1253 854 1285 sert-i
873 1252 941 1284 mei
973 1251 1163 1289 comedent,
1186 1254 1219 1285 et
1237 1261 1296 1285 ros
1313 1252 1500 1293 esurietis‚·
1523 1261 1597 1285 ecce
1615 1251 1711 1285 servi
1729 1252 1801 1286 mei

177 1298 310 1341 bibent,
332 1301 439 1333 atros
459 1299 588 1333 sitietis
611 1310 621 1332 :
644 1301 680 1333 et
708 1298 811 1343 quod
835 1297 909 1333 hoc
931 1298 1180 1333 referendum
1202 1297 1253 1334 sit
1279 1297 1325 1333 ad
1348 1301 1494 1333 statum
1524 1297 1664 1334 i‘uturae
1692 1297 1796 1342 vitae,

176 1348 281 1389 patet
312 1354 358 1380 ex
393 1354 438 1381 eo
469 1344 575 1390 quod
611 1348 750 1389 postea
787 1344 999 1380 subditur:
1022 1346 1110 1379 Ecce
1138 1355 1200 1387 090
1229 1354 1305 1379 creo
1335 1345 1435 1379 coelos
1462 1355 1583 1386 novos,
1603 1348 1635 1379 et
1663 1347 1799 1379 terram

175 1401 318 1431 novam,
342 1396 414 1427 etc.
436 1392 628 1427 Dominus
648 1391 887 1435 etiamssdicit,
909 1391 1057 1431 Metili,
1074 1399 1182 1432 xxvi,
1205 1394 1249 1426 29
1271 1403 1279 1426 ι
1298 1392 1377 1426 Νοη
1395 1391 1514 1425 bibam
1533 1391 1659 1425 amodo
1675 1391 1720 1426 de
1735 1391 1799 1426 hoc

176 1440 353 1482 qenimine
372 1440 457 1473 vitis
473 1448 584 1482 usque
603 1440 642 1473 in
656 1438 751 1472 diem
765 1438 880 1479 illum,
901 1448 1009 1481 quum
1028 1438 1123 1472 illud
1143 1438 1262 1473 bibam
1279 1438 1459 1473 vobiscum
1479 1448 1611 1473 novum
1633 1439 1670 1472 in
1688 1447 1800 1482 reqno

173 1487 297 1520 Patris
317 1487 409 1528 mci3
441 1488 478 1520 et
500 1487 605 1528 Luc.,
625 1493 722 1527 xxii,
745 1487 803 1528 29,
827 1484 921 1520 dicit
942 1496 950 1520 :
971 1486 1047 1528 qu
1072 1484 1223 1529 dispono
1254 1485 1365 1524 vobis,
1385 1486 1478 1520 sicut
1507 1484 1686 1529 disposuit
1707 1484 1802 1520 mihi

173 1533 284 1568 Pater
300 1543 398 1567 meus
417 1542 580 1576 reynum,
601 1535 642 1567 ut
671 1532 800 1573 edatis,
822 1535 855 1566 et
872 1531 1015 1566 -bibatis
1033 1541 1142 1576 super
1165 1541 1325 1566 mensam
1352 1542 1466 1567 meam
1490 1533 1530 1567 in
1562 1541 1671 1576 reone
1696 1541 1799 1575 meo3

176 1582 215 1614 et
229 1582 364 1624 Apoc.‚
387 1579 518 1622 etiam,
537 1587 634 1622 XXII,
654 1581 689 1622 2,
714 1579 871 1621 dicitur,
894 1578 999 1624 quod
1023 1589 1067 1613 ea:
1092 1581 1244 1623 utraque
1262 1581 1366 1623 parte
1395 1580 1568 1623 fluminis,
1590 1578 1697 1624 quod
1725 1578 1801 1615 erit

116 1656 121 1664 .
175 1626 215 1662 in
238 1626 392 1662 civitate
414 1626 631 1668 beatorum,
653 1626 726 1661 erit
747 1627 885 1669 tionum
915 1627 1010 1664 τίτας»,
1033 1625 1186 1669 afferens
1214 1626 1358 1669 fructus
1385 1626 1595 1667 duodecim‚·
1619 1630 1657 1661 et
1673 1633 1740 1669 XX,
1760 1628 1798 1666 4,

175 1672 319 1709 dicitur
341 1685 348 1709 :
375 1673 461 1709 Vidi
466 1700 536 1709 .....
561 1675 702 1708 (titinius
723 1673 976 1708 decollatorum
1003 1676 1152 1718 propter
1171 1676 1419 1708 testamentum
1447 1674 1543 1716 Jesu,
1562 1675 1595 1707 et
1612 1674 1798 1714 viaet-unt,

174 1723 207 1755 et
225 1724 466 1764 reqnaverunt
484 1731 562 1755 cum
583 1720 721 1756 Christo
740 1721 836 1754 mille
857 1721 964 1754 annis
985 1731 995 1754 :
1018 1721 1135 1754 caeteri
1153 1723 1374 1755 mortuorum
1393 1730 1464 1755 non
1491 1721 1663 1755 vixerunt
1691 1719 1800 1756 donec

175 1770 503 1802 consummarentur
519 1768 616 1802 mille
648 1769 749 1801 anni.
774 1769 826 1802 Ex
845 1767 990 1812 quibus
1013 1766 1200 1803 omnibus
1224 1767 1499 1809 praedictorum
1521 1767 1797 1803 haereticorum

176 1814 313 1859 opinio
333 1813 555 1850 confirmari
577 1814 743 1849 videtur.
766 1815 853 1850 Haec
869 1818 1000 1849 autem
1023 1822 1101 1849 non
1123 1813 1283 1849 difficile
1305 1818 1364 1850 est
1385 1814 1551 1850 solvere.

222 1861 333 1903 Quod
353 1861 458 1897 enim
477 1862 602 1905 primo
619 1861 803 1905 objicitur
822 1860 868 1896 de
888 1861 1008 1896 Adam
1028 1861 1243 1896 eliicaciam
1274 1869 1353 1896 non
1386 1861 1514 1896 habet.
1537 1860 1659 1896 Adam
1690 1860 1798 1897 enim

173 1907 455 1952 perfectionem
483 1908 693 1953 quamdam
727 1907 862 1944 habuit
888 1907 1157 1952 personalem3
1180 1907 1356 1943 nondum
1381 1912 1512 1943 tamen
1541 1911 1623 1943 erat
1656 1911 1799 1943 natura.

177 1954 347 1990 humana
378 1955 550 1990 totaliter
582 1957 766 1999 perlecta,
802 1954 977 1990 nondum
1008 1954 1270 1999 multiplicato
1300 1955 1474 1990 humano
1506 1963 1664 2000 genere.
1684 1954 1797 1990 insti-

173 2003 282 2037 tutus
305 2011 398 2048 ergo
419 2001 491 2037 suit
512 2001 631 2036 Adam
660 2001 700 2036 in
734 2001 801 2036 tali
825 2001 1063 2045 perfectione
1086 2010 1171 2046 qnae
1192 2001 1437 2046 competebat
1458 2001 1653 2046 principio
1672 2001 1797 2038 totius

175 2047 336 2084 humani
372 2048 552 2092 generis3
575 2052 612 2083 et
648 2048 736 2084 ideo
763 2048 938 2093 oportuit
970 2048 1074 2093 quod
1104 2052 1310 2092 generaret
1349 2048 1396 2084 ad
1423 2047 1797 2093 multiplicationem

175 2094 335 2130 humani
371 2096 542 2141 generis,
566 2099 603 2131 et
638 2105 706 2139 per
739 2103 991 2140 consequens
1023 2094 1129 2140 quod
1151 2095 1249 2131 cibis
1286 2098 1472 2131 uteretur.
1497 2094 1570 2130 Sed
1608 2094 1798 2140 perfectio

174 2148 467 2187 resurgentium
490 2143 575 2185 erit,
598 2146 738 2178 natura
758 2142 932 2177 hnmana
952 2142 1124 2177 totaliter
1144 2141 1192 2178 ad
1227 2151 1341 2178 suam
1360 2142 1642 2188 perfectionem
1663 2151 1798 2187 perve-

174 2189 319 2231 niente,
341 2198 504 2225 numero
540 2190 754 2225 electorum
779 2189 859 2235 Jam
893 2189 1115 2233 complet03
1145 2192 1182 2224 et
1213 2189 1301 2225 ideo
1327 2189 1530 2236 generatio
1558 2189 1689 2225 locum
1714 2197 1798 2226 non

174 2235 344 2278 habebit,
377 2245 449 2272 nec
478 2237 653 2272 alimenti
678 2245 774 2272 usus
798 2248 805 2271 :
829 2240 987 2281 propter
1015 2235 1120 2281 quod
1157 2239 1196 2271 et
1232 2236 1310 2272 alia
1342 2237 1415 2272 erit
1452 2235 1728 2272 immortalitas
1759 2239 1799 2272 et

172 2283 418 2328 incorruptio
450 2284 754 2328 resurgentium,
775 2287 811 2318 et
844 2283 922 2319 alia
953 2291 1039 2328 (111ae
1075 2282 1149 2318 fuit
1179 2283 1218 2318 in
1238 2283 1374 2319 Adam.
1396 2284 1663 2329 Resurgentes
1690 2283 1797 2319 enim

173 2330 230 2366 sic
264 2330 508 2366 immortales
545 2336 658 2365 erunt
686 2335 722 2365 et
775 2330 1111 2375 incorruptibiles,
1134 2333 1173 2365 ut
1206 2330 1307 2367 mori
1335 2339 1414 2366 non
1448 2331 1617 2376 possint,
1650 2339 1723 2367 nec
1749 2339 1798 2366 ex

172 2385 305 2412 eorum
337 2377 571 2422 corporibus
603 2377 752 2423 aliquid
774 2377 944 2420 resolvi;
976 2376 1098 2412 Adam
1118 2380 1248 2413 autem
1280 2377 1338 2414 sic
1378 2376 1450 2413 suit
1480 2376 1733 2420 immortalis,
1751 2380 1798 2413 ut

172 2428 306 2468 posset
354 2433 433 2460 non
466 2425 580 2468 mori,
605 2424 638 2460 si
670 2433 750 2460 non
770 2428 961 2469 peccaret,
983 2428 1020 2459 et
1045 2428 1182 2468 posset
1216 2425 1331 2467 mori,
1353 2424 1387 2461 si
1406 2428 1608 2470 peccarct;
1633 2427 1672 2460 et
1709 2423 1796 2469 ejus

175 2471 452 2507 immortalitas
484 2472 541 2507 sic
573 2471 798 2507 conservari
830 2474 995 2516 poterat,
1019 2479 1097 2506 non
1117 2472 1219 2516 quod
1243 2471 1342 2507 nihil
1359 2471 1623 2508 resolveretur
1641 2469 1689 2507 ab
1710 2471 1797 2516 ejus

172 2526 351 2562 corpore,
374 2520 441 2553 sed
465 2522 655 2554 utcontra
676 2518 960 2554 resolutionem
983 2517 1135 2553 humidi
1157 2519 1350 2554 naturalis
1371 2518 1408 2554 ei
1437 2517 1638 2554 subveniri
1659 2521 1798 2563 posset

174 2574 240 2608 pei·
261 2565 435 2600 ‹ribei-uin
461 2566 791 2610 assumptionem,
812 2575 859 2601 ne
882 2565 929 2601 ad
957 2564 1252 2609 corruptionem
1283 2574 1427 2611 corpus
1453 2565 1538 2611 eJ'us
1560 2565 1792 2610 perveniret.

218 2612 436 2647 D‹·tjt11*isto
460 2617 587 2647 autent
610 2612 819 2648 dicendum
844 2616 916 2654 est,
934 2611 1039 2657 quod
1061 2615 1150 2656 post
1168 2613 1498 2649 resurrectionem
1515 2612 1699 2650 comedit.
1714 2619 1792 2647 non

171 2663 328 2702 propter
364 2660 656 2702 necessitatem,
674 2659 742 2695 sed
769 2659 817 2694 ad
837 2658 1188 2695 demonstrandam
1219 2668 1302 2696 suae
1322 2659 1628 2696 resurrectionis
1651 2658 1792 2694 verita-

170 2707 272 2754 tem:
301 2706 401 2740 unde.
433 2706 546 2741 ribus
574 2706 638 2741 ille
673 2715 752 2742 non
787 2706 859 2742 fuit
883 2714 1099 2742 conversus
1131 2705 1171 2742 in
1204 2715 1376 2750 carnem,
1406 2706 1474 2742 sed
1515 2705 1716 2742 resolutus
1753 2704 1790 2739 in

170 2756 440 2801 praejucentem
469 2753 684 2788 materiam.
709 2754 795 2788 Haec
816 2756 946 2788 autem
971 2760 1092 2788 causa
1111 2753 1344 2789 comedendi
1363 2761 1444 2789 non
1465 2752 1539 2788 erit
1557 2753 1598 2787 in
1618 2760 1792 2787 resurre-

156 2800 300 2832 —ctione
319 2800 533 2833 communi.

216 2845 476 2881 Auctoritates
497 2854 603 2889 vero,
625 2854 712 2891 quae
729 2845 909 2882 ciborum
931 2854 1048 2882 usum
1061 2850 1153 2892 post
1169 2846 1502 2884 rasurrectionem
1517 2845 1804 2884 repromittere.
