1894 3223
693 136 780 172 Llss.
807 135 868 178 IV,
895 135 996 171 CAP.
1022 133 1082 169 vl.
1199 128 1204 131 ’
1628 130 1701 167 495

78 216 302 256 ostenditur
330 215 527 254 distinctio
547 214 614 251 Dei
632 215 757 252 Patris
776 214 1022 252 ostendentis
1042 213 1090 252 ad
1111 213 1306 251 Christum
1334 215 1555 250 ostensum.
1574 211 1693 250 Solus

79 273 175 312 crgo
194 265 298 301 Deus
318 264 432 299 Pater
454 261 671 298 ostendens
692 265 752 298 est
772 266 927 307 potens,
951 264 1029 298 Rex
1055 270 1191 308 regum
1213 264 1251 297 et
1274 259 1465 297 Dominus
1487 258 1692 296 dominan-

79 311 191 355 tium,
204 313 244 347 et
263 309 375 347 solus
395 308 513 345 habet
532 308 864 345 immortalitatem
879 313 917 345 ct
940 309 1066 345 lucem
1083 307 1232 345 habitat
1242 306 1693 344 inaccessibilem.Solus

80 367 123 396 er
151 366 175 394 o
198 358 312 394 Pater
331 357 435 392 Deus
452 364 570 392 verus
591 359 652 392 est
672 367 681 399 ;
704 363 785 392 non
804 365 898 402 ergo
921 355 1055 392 Filius.

157 406 315 446 mter-ea,
336 402 526 439 Dominus
544 402 635 439 dicit
658 413 667 438 ε
688 403 798 439 Pater
815 403 934 447 maJ'or
952 413 1006 437 me
1024 405 1075 438 est
1095 402 1255 447 (Joann.,
1278 410 1363 445 xlv,
1380 401 1455 447 28);
1471 405 1507 437 et
1528 403 1694 446 Aposto-

80 451 145 490 lus
179 449 271 488 dicit
303 449 441 486 Filium
474 449 577 486 Pati-i
615 458 704 486 esso
739 448 960 495 subjectum
982 462 992 484 :
1014 450 1130 492 Quum
1149 449 1311 493 subjecta
1329 450 1468 492 fuerint
1484 448 1693 492 illi-omnia,

81 502 168 534 tunc
193 499 228 533 et
257 498 334 542 ipse
355 497 470 532 Filius
501 496 682 541 subjectus
715 497 784 532 erit
816 498 862 539 ci,
893 496 1042 532 scilicet
1072 496 1186 535 Patri,
1210 498 1274 540 qui
1292 496 1443 540 subJ'ecc't
1463 496 1532 530 sim·
1552 496 1689 530 omniu.

82 546 116 591 (Ι
133 545 228 587 cor„
246 552 314 588 xv,
334 543 410 590 28.)
431 543 470 580 Si
490 546 619 580 autem
641 545 747 580 esset
766 552 845 580 una
867 547 1006 579 natura
1028 543 1151 579 Patris
1171 545 1209 578 et
1232 542 1326 586 Filii,
1349 546 1454 579 esset
1472 542 1588 578 ctiam
1616 550 1696 578 una

23 627 26 631 ,
81 591 312 644 magnitudo
327 593 363 627 et
395 599 473 627 una
495 590 682 636 majestas
699 603 707 634 ;
726 599 805 627 non
827 590 930 626 enim
953 590 1072 626 Filius
1092 592 1200 625 esset
1217 589 1347 625 minor
1368 591 1479 625 Patre
1501 598 1572 625 nec
1594 588 1696 625 Patri

83 638 298 684 subjectus.
321 637 565 685 Relinquitur
585 647 679 674 ιιι-σο
701 647 747 674 ex
761 636 971 682 Scripturis
992 636 1099 683 quod
1121 636 1241 673 Filius
1260 644 1341 672 non
1362 636 1412 672 sit
1427 635 1605 682 ejusdem
1626 644 1697 672 na-

83 689 180 723 turae
197 694 287 722 cum
309 686 434 729 Putre,
455 687 498 722 ut
516 684 629 722 crede
661 687 740 722 ant.

130 731 273 772 Adhuc,
298 736 438 768 natura
465 732 588 769 Patris
608 741 688 769 non
708 731 852 778 patitur
869 729 1140 778 indigentiam.
1158 732 1200 767 In
1221 729 1316 768 Filio
1336 734 1467 767 autem
1481 729 1698 775 indigentia

84 779 281 816 invenitur
302 790 310 823 ;
347 779 566 815 ostenditur
586 779 690 816 enim
723 788 769 816 ex
803 778 1011 824 Scripturis
1032 777 1135 824 quod
1158 787 1181 814 a
1199 779 1310 814 Patre
1332 777 1467 822 recipit
1487 788 1495 812 ·.
1524 777 1697 822 recipere

86 829 216 864 autem
247 826 460 873 indigentis
491 831 572 868 est3
606 826 746 863 dicitur
766 825 869 862 enim
892 838 898 861 :
932 826 1061 862 Omnia
1078 825 1169 861 mihi
1188 824 1328 860 tradita
1347 827 1432 860 sunt
1450 834 1474 859 a
1491 825 1599 859 Patre
1623 833 1699 859 mco

102 873 248 917 Manli„
270 882 323 916 xl,
345 874 404 917 27)
425 885 432 917 ;
455 877 491 909 ot
512 885 520 909 :
550 875 658 909 Pater
693 873 816 917 delfait
852 873 984 908 Filium
1021 874 1054 907 et
1091 873 1210 908 omnia
1247 872 1346 907 (ledit
1377 873 1418 906 in
1455 881 1564 905 manu
1607 870 1697 915 ejus.

101 922 247 964 Jounn.,
271 930 325 963 ιιι,
360 922 434 967 33).
465 920 622 957 Videtur
658 919 778 967 igitur
810 920 929 956 Filius
959 927 1041 956 nou
1078 927 1167 956 esse
1206 918 1383 965 ejusden]
1419 921 1568 954 natura)
1606 926 1696 954 cum

86 969 213 1005 Patre.

134 1015 315 1059 Amplius,
338 1014 470 1051 doceri
490 1017 528 1050 et
549 1013 723 1059 adjuvari
742 1013 955 1058 indigentis
975 1016 1047 1049 est.
1071 1013 1190 1049 Filius
1210 1016 1338 1050 autem
1361 1022 1383 1050 a
1402 1014 1515 1050 Patre
1537 1012 1700 1049 docetur

88 1065 126 1099 et
153 1061 337 1106 juvatur;
360 1060 499 1097 dicitur
523 1060 627 1097 enim
649 1071 657 1096 :
677 1062 755 1096 Non
773 1063 887 1105 potest
908 1061 1022 1095 Filius
1042 1070 1064 1095 α
1090 1070 1125 1095 se
1142 1062 1261 1101 facere
1278 1060 1489 1106 quidquam,
1510 1060 1585 1094 uisi
1604 1058 1700 1103 quod

86 1107 220 1144 viderit
238 1109 382 1143 Patrem
399 1108 613 1150 facientenm·
636 1111 671 1143 ct
692 1107 746 1142 ita
768 1118 776 1142 :
798 1108 905 1142 Pater
924 1107 1047 1150 dilisyz't
1064 1107 1210 1150 Filium,
1234 1110 1267 1142 et
1289 1109 1409 1141 omnia
1430 1107 1649 1141 demonstrat
1668 1106 1700 1139 οἱ

88 1165 168 1202 quae
185 1155 261 1200 ipse
279 1155 370 1196 fucit
388 1154 591 1199 (Joann.‚v,
612 1156 668 1197 19,
682 1154 755 1199 20),
770 1157 807 1188 ct
828 1153 947 1189 Filius
964 1153 1055 1189 dicit
1075 1153 1300 1198 discipulis:
1322 1154 1451 1189 Omnia
1471 1161 1701 1197 quaecumque

88 1201 217 1238 audivi
233 1211 256 1236 a
271 1202 379 1237 Putre
405 1210 494 1240 meo,
515 1203 602 1236 uota
619 1200 814 1243 secivobz's.
839 1200 996 1246 (Jounn.,
1018 1208 1085 1244 XV,
1108 1200 1180 1246 15.)
1199 1201 1284 1237 Non
1304 1199 1423 1247 igitur
1442 1199 1595 1236 videtur
1610 1207 1700 1235 esse

89 1247 266 1296 ejusdem
288 1252 437 1285 naturae
458 1247 578 1284 Filius
598 1256 688 1284 cum
709 1248 834 1283 Patre.

134 1297 327 1339 Praeterea,
347 1299 582 1342 praeceptum
601 1294 787 1339 recipere,
811 1294 983 1337 obedire,
1005 1302 1118 1331 orare
1137 1298 1175 1330 et
1191 1293 1291 1330 mitti
1310 1293 1509 1331 inferioris
1530 1302 1619 1331 esse
1646 1293 1700 1329 vi-

89 1342 218 1380 detur.
251 1343 338 1379 Haec
364 1345 493 1379 autem
526 1342 573 1378 de
604 1341 703 1378 Filio
732 1341 1176 1387 leguntur;dicitenim
1197 1341 1348 1378 Filius:
1370 1340 1703 1377 Sicutmandutum

92 1389 191 1426 dedit
201 1390 294 1426 mihi
311 1391 432 1429 Pater,
453 1390 505 1425 sic
523 1389 620 1432 facio
636 1388 881 1434 (Joanu..xiv,
896 1389 953 1433 3¹)
970 1400 979 1430 2
998 1391 1036 1424 et
1051 1399 1060 1423 :
1075 1389 1205 1424 Factus
1224 1391 1276 1423 est
1292 1387 1455 1424 obediens
1468 1388 1571 1424 Patri
1589 1397 1703 1432 usque

91 1436 141 1473 ad
154 1440 303 1473 mortem
322 1435 432 1483 (Phil.
453 1444 497 1481 11,
518 1436 552 1479 8)
571 1447 580 1480 3
603 1439 641 1471 et
662 1447 670 1471 z
693 1437 767 1479 E90
800 1436 933 1479 royaoo
952 1436 1095 1471 Patrem
1133 1438 1168 1470 ct
1203 1435 1316 1471 alium
1346 1435 1569 1471 Paracletum
1601 1434 1705 1470 dubit

90 1483 191 1519 vobis
208 1483 366 1529 (.Ῑοαηη.,
387 1491 470 1525 XIV,
493 1482 549 1528 16)
568 1494 576 1525 ;
598 1486 635 1518 et
655 1482 751 1518 dicit
768 1481 982 1527 Apostolus
999 1494 1006 1518 ε
1031 1483 1099 1517 Ubi
1117 1483 1216 1517 venit
1227 1482 1412 1527 plenitudo
1432 1482 1613 1526 temporis,
1635 1482 1704 1515 mi-

91 1533 242 1567 stiDeus
261 1531 393 1567 Filium
411 1540 528 1566 suum.
545 1529 693 1575 (Galam,
716 1537 772 1573 ιν,
794 1529 845 1575 4.)
868 1530 934 1566 Est
953 1538 1047 1575 ergo
1069 1529 1191 1565 Filius
1212 1529 1344 1565 minor
1362 1531 1475 1565 Patre
1495 1532 1535 1565 et
1553 1528 1588 1564 ci
1608 1527 1703 1565 suh-

89 1578 233 1624 jectus.

139 1626 239 1667 Item,
261 1624 385 1662 Filius
405 1623 645 1661 clarificatur
671 1633 694 1660 a
726 1625 852 1667 Patre,
873 1623 978 1660 sicut
997 1623 1082 1668 ipse
1100 1623 1195 1660 dicit
1216 1634 1225 1660 ε
1246 1624 1366 1663 Pater,
1389 1623 1550 1667 clarifica
1578 1632 1707 1658 nomen

91 1675 196 1708 tuum
216 1671 374 1718 (Jounn.,
399 1680 469 1715 XII,
486 1673 545 1716 28)
567 1683 575 1714 ;
597 1675 635 1707 et
653 1671 831 1722 sequitur
852 1682 860 1706 ε
884 1672 989 1706 Venit
1006 1681 1076 1706 voa:
1093 1670 1136 1705 de
1157 1671 1239 1706 coelo
1257 1682 1268 1705 .·
1289 1671 1336 1706 Et
1354 1671 1564 1715 clarificavi,
1586 1672 1620 1705 et
1638 1672 1703 1705 ite-

91 1729 173 1755 rum
192 1719 408 1763 clarificabo.
431 1718 646 1763 Apostolus
666 1718 781 1754 etiarn
803 1717 896 1754 dicit
915 1717 1021 1762 quod
1043 1719 1146 1754 Deus
1184 1718 1372 1753 suscitavit
1387 1718 1505 1752 Jesum
1523 1717 1705 1753 Christum

93 1777 117 1802 a
145 1767 293 1802 mortuis
321 1767 448 1809 (·R0m.‚
469 1774 555 1807 vni,
579 1764 635 1810 Η)
654 1777 662 1805 ·,
682 1769 718 1800 et
740 1766 876 1800 Petrus
898 1764 991 1800 dicit
1013 1765 1117 1810 quod
1140 1768 1200 1801 est
1225 1764 1378 1799 dextera
1411 1765 1478 1800 Dei
1507 1764 1702 1800 exaltatus.

95 1813 192 1859 (Act.
215 1815 345 1858 apost„
366 1821 410 1856 11,
431 1814 505 1857 33.)
527 1813 580 1847 Ex
597 1811 742 1857 quibus
765 1811 917 1847 videtur
936 1812 1041 1856 quod
1063 1812 1115 1847 sit
1135 1813 1246 1848 Patre
1267 1811 1442 1847 inferior.

140 1861 327 1900 Praeterea‚
348 1859 388 1895 in
418 1861 559 1895 natura
589 1859 716 1895 Patris
749 1858 884 1894 nullus
919 1858 1096 1895 desectus
1114 1867 1202 1894 esse
1224 1862 1366 1903 potest.
1387 1859 1430 1894 In
1451 1857 1549 1894 Filio
1570 1862 1701 1894 autem

91 1905 292 1943 invenitur
308 1905 485 1943 defectus
503 1905 725 1951 potestatis,
763 1905 858 1942 dicit
877 1905 982 1941 enim
1004 1917 1012 1941 :
1035 1905 1163 1942 Sedere
1182 1905 1230 1940 ad
1247 1905 1432 1940 deoeteram
1449 1912 1565 1940 meam
1580 1905 1635 1940 vet
1654 1907 1710 1940 sz'-

92 1954 247 1990 nistram
269 1963 342 1989 uon
356 1956 408 1989 est
428 1963 543 1989 meum
563 1952 651 1988 dare
668 1952 780 1996 vobis,
802 1952 865 1988 sed
877 1953 1007 1997 quibus
1024 1955 1195 1997 paratum
1214 1955 1266 1988 est
1284 1962 1307 1987 a
1324 1953 1434 1988 Patre
1452 1961 1526 1987 meo
1546 1952 1703 1998 (Manu,

92 2008 160 2045 xx,
180 2001 254 2047 23);
277 2000 454 2037 desectus
469 2000 595 2036 etiam*
608 1999 800 2043 scientiae,
816 1999 911 2036 dicit
932 1999 1039 2035 enim
1059 1999 1144 2044 ipse
1160 2011 1168 2035 ε
1184 2001 1236 2035 De
1255 1998 1313 2034 die
1333 2001 1452 2034 autem
1466 1999 1528 2034 illo
1546 1999 1601 2034 vel
1618 1999 1706 2034 hora

93 2057 194 2084 nemo
212 2049 291 2092 scit,
309 2057 422 2092 neque
441 2047 562 2092 anqelt‘
578 2048 618 2082 in
637 2047 732 2086 coelo,
753 2056 866 2091 neque
884 2047 1012 2086 Filius,
1031 2048 1105 2082 nisi
1120 2048 1230 2083 Pater·
1249 2046 1391 2092 (Maron,
1424 2053 1510 2089 xm,
1541 2046 1598 2091 32)
1618 2058 1626 2091 ;
1650 2047 1716 2081 in-u

93 2094 249 2131 venitur
270 2094 388 2130 etiam
407 2094 448 2130 in
469 2103 516 2130 eo
537 2093 715 2130 defectus
735 2094 876 2139 quietae
897 2092 1134 2138 affectionis,
1155 2102 1278 2140 quum
1299 2093 1340 2128 in
1355 2101 1402 2129 eo
1423 2093 1623 2138 Scriptura
1642 2102 1705 2129 as-

95 2144 202 2178 serat
230 2140 431 2177 tristitiam
462 2140 586 2177 fuisse
616 2144 653 2176 et
680 2141 779 2176 iram
799 2144 836 2176 et
863 2140 963 2177 alias
984 2140 1212 2185 hujusmodi
1231 2139 1455 2187 passiones.
1477 2141 1564 2176 Non
1585 2140 1708 2187 igitur

94 2186 249 2224 videtur
269 2187 392 2224 Filius
411 2195 499 2223 esse
520 2186 697 2233 ejusdem
717 2190 868 2223 naturae
884 2196 974 2223 cum
995 2188 1120 2223 Patre.

142 2233 287 2275 Adhuc,
323 2242 507 2279 expresse
545 2233 743 2270 invenitur
770 2233 876 2280 quod
897 2233 1017 2270 Filius
1038 2234 1106 2270 Dei
1125 2233 1176 2271 sit
1193 2237 1387 2279 creatura,
1408 2233 1550 2271 dicitur
1568 2234 1672 2271 enim
1696 2246 1704 2270 :

95 2282 202 2318 Dioeit
231 2281 322 2316 mihi
355 2283 494 2316 creator·
523 2283 702 2323 omnium3
733 2282 767 2315 et
792 2281 856 2325 qui
882 2282 1018 2315 creavit
1041 2290 1096 2316 me
1123 2281 1300 2325 requievit
1324 2282 1364 2316 in
1384 2281 1614 2317 tabernaculo
1632 2290 1708 2317 meo

97 2327 238 2373 (Eccli.,
260 2336 372 2371 xxw,
396 2328 467 2372 12);
487 2326 683 2364 etiterum
704 2338 714 2363 ε
733 2326 792 2363 Ab
809 2327 916 2362 initio
935 2330 969 2362 et
987 2330 1070 2363 ante
1093 2327 1215 2363 secula
1231 2330 1354 2363 creata
1369 2338 1464 2363 sum.
1485 2327 1610 2374 (Ibid.,
1633 2327 1717 2374 14.)-

96 2376 166 2413 Est
181 2374 300 2421 igitur
320 2374 438 2411 Filius
459 2377 651 2411 creatura.

143 2422 333 2461 Praeterea,
362 2421 482 2459 Filius
511 2420 702 2458 creaturis
733 2423 1056 2466 connumeratur,
1085 2420 1231 2458 dicitur
1261 2421 1366 2457 enim
1385 2430 1435 2458 ex
1452 2430 1626 2467 persona
1643 2423 1716 2459 Sa*-

94 2468 255 2515 pientiae
274 2480 286 2504 :
305 2470 381 2513 1390
417 2478 462 2503 em
493 2478 552 2503 ore
575 2468 761 2504 Avltissimi
786 2468 937 2512 providi
968 2469 1212 2513 primoyenita
1229 2470 1314 2503 ante
1338 2477 1477 2504 omnem
1505 2471 1714 2505 creaturam*

113 2515 218 2556 ibid„
241 2514 275 2562 5)
291 2526 300 2560 ;
320 2519 358 2552 et
374 2514 589 2561 Apostolus
610 2514 702 2553 dicit
720 2514 768 2551 de
785 2514 882 2552 Filio
900 2514 1004 2560 quod
1026 2519 1086 2552 est
1103 2515 1365 2559 primoyenz'tus
1384 2516 1500 2551 omnis
1520 2517 1706 2551 creatur&

113 2562 259 2606 Coloss„
280 2571 308 2606 1,
331 2561 405 2608 15.)
421 2561 581 2599 Videtur
611 2570 706 2608 ergo
738 2561 843 2608 quod
873 2561 995 2598 Filius
1015 2561 1194 2599 ordinem
1224 2569 1315 2599 cum
1334 2563 1527 2599 creaturis
1550 2563 1706 2605 habeat„

96 2609 212 2657 quasi
227 2609 398 2655 primum
419 2608 522 2645 inter
539 2608 810 2645 eas-obtinens
827 2608 1006 2654 gradum.

143 2656 326 2702 Amplius,
362 2655 484 2693 Filius
520 2654 624 2698 dicit,
652 2664 729 2701 pro·
754 2654 962 2700 discipulis
993 2654 1042 2692 ad
1060 2655 1214 2692 Patrem
1233 2663 1354 2692 orans
1376 2666 1385 2692 ε
1405 2657 1483 2701 qu
1507 2656 1715 2693 claritatem

96 2712 207 2748 quam
224 2703 468 2747 dedistimz‘hi,
477 2702 563 2739 dedi
572 2703 687 2746 eis‚ut
703 2703 779 2738 sint
790 2711 903 2737 unum
914 2704 1007 2738 sicut
1016 2704 1050 2738 et
1059 2711 1125 2737 nos
1136 2712 1248 2737 unum
1260 2702 1716 2750 sumus.(Joan.XV11‚22;)·

97 2749 211 2787 Sicut
225 2749 349 2798 igitur
365 2751 480 2787 Pater
498 2753 536 2786 et
555 2748 677 2786 Filius
694 2756 819 2785 unum
840 2751 946 2793 sunt,
968 2748 1033 2785 sic*
1045 2748 1261 2794 discipulos
1281 2757 1406 2786 unum
1428 2758 1520 2788 esse
1538 2750 1707 2795 volebat,

97 2795 186 2833 Non
205 2801 336 2834 autem
355 2796 513 2834 volebat
531 2794 749 2841 discipulos
771 2803 860 2832 esse
879 2804 949 2840 per
968 2795 1183 2832 essentiam
1203 2804 1342 2833 unum.
1363 2797 1450 2834 Non
1468 2805 1564 2844 ergo
1596 2799 1716 2834 Pater*

97 2842 424 2928 atgagg-5332
445 2852 516 2891 per
545 2841 762 2881 essentiam
783 2850 922 2887 unum,
940 2845 979 2879 et
997 2842 1056 2879 sic
1075 2841 1256 2889 sequitur
1274 2843 1389 2890 quod·
1401 2843 1461 2881 sit
1474 2847 1655 2882 creatura
1671 2847 1719 2880 et⁴

204 2909 206 2911 .
296 2900 309 2937 3
430 2915 439 2926 ‚
