1894 3223
676 153 763 188 Llss.
794 154 858 196 ΙΙΙ,
884 153 985 189 CAP.
1014 152 1187 189 CXXXVI.
1675 155 1745 191 453

115 233 287 283 jusmodi
308 235 441 271 autem
462 234 557 270 sunt
576 231 704 276 cibus,
726 236 763 269 et
785 237 916 278 potus,
939 237 976 269 ct
997 232 1075 270 alia
1094 242 1182 280 quae
1208 232 1256 270 ad
1278 232 1609 271 sustentationem
1642 232 1745 270 indi·

115 281 222 320 vidui
240 280 466 328 pertinent:
494 278 601 317 unde
622 280 891 316 necessarium
917 284 976 317 est
999 280 1104 327 quod
1125 280 1292 327 quilibet
1312 280 1401 317 cibo
1425 284 1462 317 et
1481 284 1576 326 potu
1599 283 1744 317 utatur.

116 331 160 368 ln
177 329 241 367 his
261 330 393 365 autem
413 335 501 374 quae
522 327 749 364 necessaria
771 331 865 363 sunt
885 327 1145 371 multitudini,
1171 336 1250 364 non
1280 330 1434 373 oportet
1456 327 1562 374 quod
1583 327 1746 364 cuilibet

115 376 164 414 de
184 373 438 413 multitudine
454 374 704 418 attribuatur,
724 383 852 420 neque
884 375 1001 411 etiam
1034 378 1094 411 est
1124 374 1330 420 possibile.
1354 376 1462 411 Patet
1490 374 1596 411 enim
1622 374 1748 412 multa

116 431 207 461 esse
228 421 455 459 necessaria
475 420 720 458 multitudini
742 421 963 464 hominum,
990 425 1030 458 ut
1057 421 1185 466 cibus,
1207 425 1339 467 potus,
1360 422 1656 465 vestimentum,
1676 422 1746 459 do-

116 478 208 507 mus
226 473 263 506 et
284 468 364 506 alia
384 468 628 514 hujusmodi,
649 477 736 515 quae
753 469 1001 514 impossibile
1031 469 1216 514 estquod
1239 478 1308 514 per
1326 478 1446 504 unum
1469 471 1744 514 procurentur,

117 520 155 554 et
182 515 272 553 ideo
294 520 449 562 oportet
478 517 724 552 diversorum
754 525 842 553 esse
878 516 1035 552 diversa
1056 514 1202 559 officia,
1225 516 1328 552 sicut
1356 515 1472 551 ctiam
1506 515 1547 552 in
1581 525 1745 562 corpore

117 563 276 601 diversa
295 562 474 600 membra
492 563 539 600 ad
574 562 754 600 diversos
776 566 888 600 actus
919 562 1167 599 ordinantur.
1191 562 1290 606 Quia
1311 572 1405 608 ergo
1441 563 1644 609 generatio
1666 571 1747 599 non

117 613 180 648 est
199 610 247 647 de
268 610 506 647 necessitate
526 609 734 655 individui,
760 610 829 647 sed
849 610 895 646 de
923 609 1159 646 necessitate
1188 609 1349 655 speciei,
1367 618 1444 645 non
1475 613 1535 646 est
1562 618 1746 647 necessa-

115 658 221 695 rium
242 657 348 704 quod
366 666 507 694 omnes
530 657 715 694 homines
748 657 902 694 actibus
939 656 1210 703 generationis
1230 660 1394 692 vacent:
1417 657 1484 692 sed
1515 657 1675 703 qnidam
1696 656 1744 694 ab

117 703 183 743 his
204 704 358 788 aletibus
379 704 625 742 abstinentes
657 704 747 741 aliis
769 703 914 741 officiis
944 704 1232 749 mancipentur,
1256 706 1349 749 puta
1380 703 1546 747 militire,
1567 704 1624 740 vel
1652 712 1747 741 con·

117 754 223 797 temp
243 751 381 788 ationi.

167 800 219 835 Ex
240 808 318 844 quo
341 801 443 844 patet
467 798 615 835 solutio
637 797 683 834 ad
706 797 939 834 secundum.
961 799 1012 834 Ex
1035 795 1170 834 divina
1188 796 1294 834 enim
1327 796 1574 842 providentia
1604 798 1748 835 dantur

120 846 273 884 homini
308 856 353 882 ea
383 855 469 891 quae
503 849 595 882 sunt
628 845 696 881 toti
720 845 865 890 speciei
895 844 1134 884 necessaria,
1171 852 1243 881 nec
1281 847 1413 896 tamen
1452 848 1606 896 oportet
1642 844 1747 892 quod

120 892 286 940 quilibet
320 893 439 929 bomo
473 892 650 938 quolibet
682 892 840 928 illorum
860 895 1005 928 utatur.
1025 893 1121 927 Data
1153 894 1213 928 est
1240 900 1346 928 enim
1367 891 1519 928 bomini
1548 891 1746 929 industria

121 939 358 985 aedilicandi,
379 943 416 976 et
436 939 561 976 virtus
581 939 627 975 ad
651 938 921 985 pugnandum,
944 948 1015 975 nec
1035 943 1167 975 tamen
1189 942 1343 983 oportet
1365 939 1470 983 quod
1498 947 1639 975 omnes
1664 939 1745 976 sint

122 986 382 1024 aedificatores
399 1013 409 1031 ,
441 990 509 1022 aut
538 986 696 1022 milites.
731 986 933 1028 Similiter,
967 986 1056 1022 licet
1093 984 1145 1021 sit
1180 984 1332 1021 bomini
1367 985 1557 1022 divinitus
1589 986 1748 1032 provisa

121 1034 246 1070 virtus
267 1033 494 1079 generativa
511 1037 548 1068 et
569 1041 614 1068 ea
635 1041 722 1078 quae
743 1032 790 1069 ad
809 1036 938 1069 actum
961 1032 1047 1078 eJ‘us
1073 1031 1320 1076 ordinantur,
1343 1039 1422 1068 non
1438 1036 1568 1068 tamen
1592 1035 1748 1079 oportet

121 1080 226 1127 quod
247 1079 414 1126 quilibet
432 1079 535 1116 actui
555 1079 826 1124 generationis
844 1079 1034 1116 intendat.

174 1126 281 1163 Unde
301 1126 419 1162 etiam
440 1129 546 1172 patet
563 1126 711 1162 solutio
732 1125 779 1162 ad
801 1126 973 1162 tertium.
994 1126 1050 1162 Ab
1070 1126 1134 1163 bis
1156 1126 1260 1162 enim
1282 1134 1369 1172 quae
1391 1125 1635 1162 multitudini
1655 1129 1750 1163 sunt

121 1173 363 1217 necessaria,
387 1172 569 1219 quamvis
591 1176 781 1219 quantum
803 1172 851 1209 ad
873 1172 1057 1218 singulos
1077 1172 1220 1209 melius
1241 1171 1295 1208 sit
1318 1172 1422 1218 quod
1452 1172 1647 1209 abstineat
1668 1182 1748 1210 me-

121 1220 292 1258 lioribus
312 1219 483 1264 deditus,
505 1228 585 1256 non
605 1223 737 1256 tamen
764 1223 824 1256 est
854 1219 1005 1256 bonum
1038 1219 1144 1266 quod
1165 1227 1305 1256 omnes
1326 1218 1565 1263 abstineant,
1588 1220 1692 1256 sicut
1713 1223 1751 1257 et

122 1268 164 1305 in
185 1267 325 1305 ordine
343 1266 518 1304 universi
540 1269 701 1313 apparet
721 1278 729 1303 :
753 1266 935 1313 quamvis
968 1266 1074 1303 enim
1108 1266 1334 1303 substantia
1353 1266 1574 1312 spiritualis
1598 1267 1649 1304 sit
1669 1276 1751 1304 me—

123 1315 202 1352 lior
226 1323 344 1362 quam
366 1313 600 1360 corporalis,
619 1322 701 1350 non
720 1316 853 1351 tamen
874 1317 980 1351 esset
1002 1313 1148 1351 melius
1174 1313 1405 1351 universum
1442 1313 1484 1350 in
1516 1322 1595 1360 quo
1617 1317 1752 1352 essent

124 1362 222 1400 solae
243 1361 478 1398 substantiae
495 1360 739 1407 spirituales,
761 1360 830 1398 sed
851 1360 1148 1408 imperfectius:
1171 1364 1209 1397 et
1228 1360 1411 1407 quamvis
1431 1360 1636 1398 sitmelior
1656 1370 1751 1398 ocu·

122 1409 188 1447 lus
212 1409 310 1455 pede
332 1409 372 1444 in
391 1417 556 1454 corpore
592 1408 794 1452 animalis,
815 1417 897 1445 non
932 1411 1064 1445 tamen
1100 1411 1206 1445 esset
1230 1409 1446 1453 perfectum
1487 1407 1649 1449 animal,
1672 1408 1749 1445 nisi

125 1456 290 1493 haberet
309 1459 348 1492 et
366 1456 526 1492 oculum
549 1458 586 1491 et
603 1455 756 1500 pedem.
780 1457 836 1492 Ita
855 1455 972 1492 etiam
993 1464 1066 1492 nec
1082 1454 1295 1492 multitudo
1317 1454 1480 1492 humani
1502 1455 1661 1501 generis
1683 1456 1751 1491 ha-

122 1503 235 1540 beret
257 1506 403 1539 statum
423 1502 655 1549 perfectum,
679 1502 756 1538 nisi
778 1506 912 1539 essent
932 1502 1055 1548 aliqui
1088 1501 1340 1539 intendentes
1361 1501 1632 1548 generationis
1654 1502 1750 1539 acti—

125 1550 217 1594 bus,
239 1553 277 1586 et
297 1549 419 1595 aliqui
440 1549 489 1586 ab
510 1549 573 1585 his
595 1548 855 1593 abstinentes,
878 1553 916 1585 et
934 1548 1260 1595 contemplationi
1281 1552 1482 1585 vacantes.

174 1596 286 1641 Quod
306 1600 437 1633 autem
459 1599 599 1643 quarto
619 1595 817 1642 objicitur,
838 1595 943 1643 quod
962 1605 1128 1633 necesse
1147 1599 1207 1633 est
1226 1595 1410 1632 virtutem
1435 1595 1476 1632 in
1493 1595 1624 1632 medio
1645 1605 1750 1640 esse,

124 1644 296 1682 solvitur
311 1652 380 1689 per
407 1642 446 1679 id
480 1642 585 1689 quod
606 1651 727 1689 supra
742 1642 824 1689 jam
861 1643 909 1680 de
943 1645 1169 1690 paupertate
1189 1642 1338 1679 dictum
1359 1645 1433 1679 est.
1454 1643 1624 1679 Medium
1645 1643 1751 1680 enim

124 1691 284 1728 virtutis
305 1699 385 1727 non
401 1690 592 1736 accipitur
609 1698 766 1736 semper
785 1690 1005 1727 secundum
1023 1690 1282 1737 quantitatem
1298 1689 1353 1726 rei
1395 1698 1453 1726 uae
1466 1689 1672 1727 ordinatur
1690 1699 1752 1728 ra-

126 1739 250 1783 tione,
272 1737 343 1775 sed
370 1736 591 1774 secundum
626 1737 804 1784 regulam
835 1737 1018 1782 rationis,
1044 1746 1133 1784 quae
1164 1737 1339 1774 debitum
1386 1745 1491 1773 inem
1521 1737 1693 1784 attingit,
1716 1740 1754 1774 et

126 1783 448 1823 circumstantias
469 1783 752 1821 convenientes
771 1784 944 1821 metitur.
965 1786 1010 1821 Et
1028 1785 1087 1822 sic
1117 1783 1166 1821 ab
1199 1783 1387 1821 omnibus
1408 1792 1666 1820 venereorum
1685 1783 1751 1821 de·

127 1831 409 1870 lectationibus
435 1829 634 1868 abstinere
670 1833 812 1876 praeter
840 1831 1034 1868 rationem
1055 1830 1196 1868 vitium
1232 1830 1554 1868 insensibilitatis
1584 1830 1752 1876 dicitur;

126 1879 163 1918 si
182 1882 314 1917 autem
333 1878 554 1916 secundum
570 1877 764 1915 rationem
781 1877 862 1922 fiat,
878 1878 1005 1916 virtus
1024 1881 1085 1916 est
1099 1887 1186 1925 quae
1207 1878 1325 1915 etiam
1346 1886 1598 1914 communem
1625 1878 1753 1915 homi-

127 1926 192 1963 nis
220 1925 383 1962 modum
404 1924 583 1962 excedit:
604 1924 700 1962 facit
730 1925 836 1962 enim
859 1925 1043 1962 homines
1075 1934 1164 1962 esse
1192 1924 1232 1960 in
1253 1924 1423 1972 quadam
1446 1925 1589 1962 divinae
1612 1925 1753 1962 simili-

126 1973 280 2011 tudinis
292 1971 608 2020 participatione.
633 1970 742 2009 Unde
757 1971 967 2018 virginitas
993 1972 1149 2018 angelis
1168 1971 1315 2009 dicitur
1333 1981 1422 2009 esse
1445 1976 1627 2018 cognata.

174 2019 230 2058 Ad
251 2020 433 2067 quintum
466 2018 678 2056 dicendum
714 2019 820 2066 quod
856 2019 1086 2057 sollicitudo
1106 2023 1145 2056 et
1161 2019 1370 2064 occupatio
1407 2028 1525 2065 quam
1543 2019 1691 2057 habent
1712 2019 1753 2057 hi

128 2067 196 2114 qui
217 2067 406 2114 conjugio
427 2069 591 2104 utuntur
613 2066 660 2103 de
684 2066 890 2111 uxoribus,
911 2066 1022 2111 filiis,
1050 2070 1090 2104 et
1109 2066 1350 2103 necessariis
1383 2067 1472 2103 vitae
1500 2066 1754 2113 acquirendis

129 2117 191 2151 est
209 2114 426 2158 continua;
446 2113 680 2160 inquietatio
701 2116 832 2150 autem
863 2123 981 2160 quam
1005 2114 1126 2150 bomo
1146 2113 1294 2160 patitur
1314 2121 1362 2150 ex
1380 2122 1516 2160 pugna
1542 2114 1754 2159 concupis-

130 2161 350 2198 centiarum
370 2163 432 2197 est
450 2159 498 2196 ad
519 2159 692 2205 aliquam
728 2159 880 2204 horam,
901 2170 990 2208 quae
1010 2160 1128 2197 etiam
1161 2160 1384 2197 minoratur
1402 2169 1471 2206 per
1491 2161 1568 2198 hoc
1589 2161 1697 2208 quod
1718 2161 1754 2198 ei

131 2207 278 2254 aliquis
298 2215 380 2243 non
407 2206 607 2258 consentit
628 2218 636 2242 :
658 2215 748 2243 nam
769 2210 918 2253 quanto
945 2207 1092 2254 aliquis
1112 2208 1241 2254 magis
1262 2207 1596 2245 delectationibus
1616 2208 1753 2254 utitur,

129 2258 240 2291 tanto
262 2254 392 2300 magis
421 2256 564 2291 crescit
584 2262 624 2289 ln
645 2261 692 2290 eo
711 2253 957 2291 delectabilis
975 2254 1187 2300 appetitus.
1212 2254 1447 2291 Debilitatur
1467 2254 1585 2291 etiam
1606 2263 1753 2291 concu-

129 2301 325 2347 piscentia
341 2309 411 2347 per
427 2299 689 2337 abstinentias
710 2305 747 2336 et
765 2300 843 2337 alia
864 2301 1050 2340 exercitia
1064 2301 1302 2347 corporalia,
1317 2310 1405 2348 quae
1426 2301 1670 2338 conveniunt
1690 2301 1754 2338 bis

131 2348 199 2395 qui
218 2347 553 2393 concupiscentiae
574 2346 880 2394 propensionem
902 2348 1061 2385 habent.
1082 2349 1186 2385 Usus
1206 2348 1325 2385 etiam
1346 2348 1612 2394 corporalium
1631 2347 1757 2386 delec-

129 2394 311 2432 tabilium
332 2395 462 2441 magis
482 2393 642 2431 abducit
660 2398 832 2431 mentem
853 2405 874 2431 a
892 2403 966 2432 sua
985 2394 1209 2440 altitudine,
1224 2398 1263 2433 et
1282 2395 1446 2441 impedit
1466 2404 1489 2431 a
1508 2395 1755 2440 contempla·

129 2442 239 2479 tione
257 2441 523 2488 spiritualium
535 2450 653 2488 quam
671 2441 905 2488 inquietudo
923 2451 1010 2489 quae
1030 2442 1212 2488 provenit
1230 2451 1279 2479 ex
1296 2442 1521 2479 resistendo
1542 2441 1753 2487 concupis·

131 2489 275 2526 centiis
306 2488 449 2526 horum
473 2487 801 2540 'delectabilium3
823 2489 917 2536 quia
938 2498 1007 2534 per
1037 2497 1156 2527 usum
1188 2487 1497 2532 delectabilium,
1518 2492 1556 2525 et
1582 2489 1754 2526 maxime

130 2544 405 2581 venereorum,
437 2543 552 2573 mens
588 2543 760 2572 maxime
798 2535 1026 2577 carnalibus
1062 2536 1243 2578 inhaeret,
1259 2543 1349 2573 cum
1388 2534 1597 2572 delectatio
1636 2536 1757 2573 saciat

130 2583 337 2667 guiescere
356 2582 571 2629 appetitum
591 2581 634 2618 in
650 2591 692 2618 re
711 2581 934 2619 delectabili
955 2594 965 2627 ;
986 2581 1128 2619 etideo
1148 2582 1212 2619 his
1226 2581 1293 2629 qui
1311 2581 1359 2619 ad
1375 2582 1755 2629 contemplationem

159 2630 357 2667 ivinorum
381 2634 420 2667 et
439 2629 726 2676 cujuscumque
753 2628 931 2666 veritatis
952 2629 1178 2673 intendunt,
1200 2629 1371 2667 maxime
1393 2629 1578 2667 nocivum
1605 2634 1666 2667 est
1695 2638 1757 2668 ve-

130 2677 263 2715 nereis
281 2677 436 2715 deditos
455 2685 544 2714 esse
565 2679 603 2712 et
619 2675 789 2713 maxime
809 2676 905 2713 utile
922 2675 970 2713 ab
991 2676 1050 2713 eis
1068 2676 1280 2714 abstinere.

177 2724 283 2762 Nihil
304 2728 435 2762 autem
456 2723 653 2770 prohibet,
674 2723 856 2770 quamvis
876 2723 1153 2760 universaliter
1172 2722 1327 2760 dicatur
1345 2722 1415 2760 uni
1435 2722 1590 2762 homini
1609 2723 1755 2762 melius

131 2779 220 2808 esse
251 2771 538 2809 continentiam
574 2779 731 2807 servare
763 2778 882 2817 quam
912 2769 1168 2807 matrimonio
1188 2769 1260 2815 uti,
1280 2769 1377 2818 quin
1398 2770 1519 2809 alicui
1550 2771 1650 2808 illud
1670 2780 1754 2808 me-

131 2817 211 2854 lius
235 2818 302 2856 sit.
324 2818 432 2856 Unde
459 2817 653 2855 Dominus
673 2817 777 2854 facta
795 2816 844 2854 de
874 2817 1122 2855 continentia
1151 2816 1353 2855 mentione
1376 2817 1471 2855 dicit
1492 2829 1502 2855 ε
1522 2819 1604 2856 Non
1635 2826 1756 2854 omnes

129 2865 279 2910 capiunt
294 2866 442 2902 verbum
463 2865 539 2905 hoc,
560 2864 624 2901 sed
642 2865 708 2910 qui
718 2866 833 2909 potest
851 2873 976 2910 capere
995 2865 1129 2910 capiat.
1149 2863 1310 2909 (Mamm.
1330 2873 1413 2911 XIX,
1433 2868 1491 2909 11,
1515 2865 1588 2911 12.)

177 2911 232 2948 Ad
254 2911 293 2948 id
313 2913 432 2950 etiam
453 2912 559 2960 quod
579 2911 627 2950 de
662 2915 857 2958 praecepto
878 2911 1019 2958 primis
1037 2911 1269 2958 parentibus
1299 2911 1391 2950 dato
1416 2913 1558 2949 ultimo
1578 2911 1754 2958 positum
