1894 3223
637 91 726 128 Lm.
752 90 820 129 ῙΠ.
845 90 946 127 CAP.
977 88 1128 124 Lxxxx:
1622 89 1687 124 37¹

70 173 297 212 rationibus
318 176 477 221 propter
492 169 667 219 aliquam
688 172 868 216 corporis
886 169 1251 220 indispositionem‚
1271 168 1486 215 impeditur
1514 168 1692 214 operatio

69 221 310 265 intellectus,
331 220 436 257 sicut
464 222 569 271 patet
586 219 628 255 in
657 217 899 264 phreneticis
920 221 957 253 et
990 216 1234 262 lethargicis,
1258 220 1296 253 et
1322 216 1414 253 aliis
1446 215 1689 261 hujusmodi.

70 269 113 306 Et
160 270 293 314 ropter
314 267 390 304 hoc
422 269 540 303 etiam
560 265 720 303 bonitas
754 265 1032 310 dispositionis
1049 263 1229 309 corporis
1246 262 1410 300 humani
1431 262 1525 299 facit
1554 266 1690 308 aptum

70 315 119 352 ad
133 277 239 352 gene
257 312 578 366 intelligendu-m,
597 312 638 349 in
658 315 850 359 quantum
870 321 915 348 ex
940 312 1014 348 hoc
1033 310 1230 357 praedictae
1255 310 1361 347 vires
1382 309 1568 346 fortiores
1589 309 1690 346 exis-

68 365 170 399 tunt.
193 360 301 398 Unde
330 360 475 398 dicitur
516 368 558 396 in
590 359 768 396 secundo
795 361 847 395 De
867 360 992 394 anima
1019 358 1129 403 (text.
1149 365 1293 394 comm.
1316 356 1376 402 94)
1409 356 1516 403 quod
1548 356 1692 393 molles

69 417 189 446 carne
218 411 332 454 aptos
355 410 486 444 mente
511 405 707 443 videmus.
734 405 950 452 Dispositio
970 409 1100 442 autern
1121 404 1304 450 corporis
1326 403 1489 440 humani
1513 403 1694 449 subjacet

68 455 300 493 coelestibus
334 454 523 491 motibus.
545 453 645 490 Dicit
677 453 782 489 enim
813 452 1060 499 Augustinus
1093 452 1133 488 in
1154 451 1293 498 quinto
1313 452 1362 487 De
1381 452 1481 486 civit.
1503 452 1570 486 Dei
1589 450 1691 495 (cap.

69 504 92 539 6
117 506 157 538 et
181 501 220 549 7)
240 501 346 548 quod
379 509 459 537 non
492 509 778 547 usquequaque
811 499 982 536 absurde
1014 499 1091 535 dici
1125 502 1255 544 potest
1287 497 1334 533 ad
1368 497 1477 534 solas
1511 497 1692 543 corporis

70 548 316 586 differentias
352 547 510 585 afflatus
540 546 734 593 quosdam
764 546 894 583 valere
936 545 1128 582 sidereos.
1152 546 1194 581 Et
1226 546 1495 581 Damascenus
1530 544 1626 580 dicit
1653 543 1695 579 in

70 595 247 633 secundo
267 595 334 632 lib.
356 597 406 632 De
425 595 519 630 orth.
539 594 622 631 Fid.
641 593 742 640 (cap.
759 594 797 640 7)
818 592 925 640 quod
944 593 1012 629 alii
1038 596 1077 629 et
1096 591 1161 628 alii
1184 591 1352 637 planctae
1378 591 1556 628 diversas
1587 598 1694 627 com-

70 642 293 690 plexiones,
316 644 356 679 et
375 641 548 684 habitus,
569 645 608 678 et
627 641 915 687 dispositiones
936 640 977 676 in
1001 639 1119 676 nobis
1140 641 1404 675 constituunt.
1423 639 1465 674 Et
1484 637 1572 674 ideo
1595 637 1694 674 indi-

70 693 176 727 recte
198 697 366 735 corpora
397 688 573 726 coelestia
594 687 643 725 ad
666 687 882 725 bonitatem
906 685 1181 732 intelligentiae
1201 688 1429 731 operantur.
1452 686 1496 720 Et
1513 685 1571 721 sic
1591 684 1696 721 sicut

71 736 216 774 medici
235 739 406 783 possunt
421 735 599 782 judicare
622 734 669 772 de
686 734 862 771 bonitate
883 733 1110 770 intellectus
1130 741 1178 769 ex
1196 732 1376 777 corporis
1400 731 1694 776 complexione,

72 783 178 821 sicut
197 792 246 820 ex
263 783 526 829 dispositione
547 782 740 829 proxima,
760 781 814 818 ita
828 780 1058 826 astrologus
1078 788 1126 816 ex
1146 779 1323 816 motibus
1339 779 1569 816 coelestibus
1591 779 1695 814 sicut

73 839 122 868 ex
139 839 262 867 causa
289 833 442 867 remota
459 829 547 866 talis
576 828 868 875 dispositionis.
892 829 936 864 Et
952 835 1022 872 per
1042 826 1148 863 hunc
1166 825 1328 862 modum
1348 829 1479 871 potest
1495 824 1690 861 verificari

73 876 180 924 quod
201 876 439 914 Ptolemaeus
459 876 499 913 in
524 876 745 921 Gentiloquz'o
765 875 884 911 dicit:
904 887 923 907 «
942 875 1037 910 Cum
1053 873 1171 910 suerit
1189 873 1406 910 Mercurius
1434 873 1474 908 in
1494 872 1696 908 nativitate

74 923 259 970 aiicujus,
279 924 320 960 in
342 924 475 969 aliqua
501 922 708 960 domorum
730 921 903 965 Saturni,
926 924 963 957 et
983 921 1068 966 ipse
1085 920 1199 958 sortis
1217 920 1257 956 in
1279 928 1368 957 esse
1388 928 1479 963 suo,
1499 919 1565 957 dat
1583 917 1696 956 boni-

73 974 193 1009 tatem
214 970 488 1018 intelligentiae
507 969 738 1006 medullitus
758 969 799 1005 in
819 967 952 1004 rebus.
972 967 999 1013 (i
1018 970 1133 1013 part„
1155 976 1194 1014 q.
1217 974 1309 1011 cxv,
1331 969 1402 1004 art.
1425 965 1477 1012 4.)

684 1129 852 1173 CAPUT
893 1130 1084 1172 LXXXV.

142 1259 243 1296 QUOD
270 1257 447 1290 CORPORA
471 1250 671 1289 COELESTIA
693 1256 774 1287 NON
799 1255 897 1286 SUNT
921 1256 1056 1285 CAUSAE
1081 1254 1343 1285 VOLUNTATUM
1365 1256 1415 1285 ET
1437 1256 1636 1285 ACTIONUM

766 1309 1013 1340 NOSTRARUM.

127 1441 180 1476 Ex
201 1439 277 1477 hoc
297 1441 427 1476 autem
456 1436 625 1475 ulterius
643 1439 806 1484 apparet
835 1436 941 1483 quod
968 1443 1136 1481 corpora
1157 1434 1336 1472 coelestia
1357 1444 1437 1472 non
1459 1439 1553 1473 sunt
1576 1445 1699 1474 causa

77 1486 327 1524 voluntatum
360 1488 587 1522 nostrarum
610 1492 740 1531 neque
768 1483 1022 1520 electionum.
1044 1482 1237 1520 Voluntas
1257 1482 1363 1519 enim
1384 1483 1427 1518 in
1453 1487 1561 1529 parte
1584 1483 1698 1520 intel-

81 1533 223 1571 lectiva
258 1533 401 1569 animae
434 1535 507 1576 est,
528 1534 572 1568 ut
602 1534 708 1577 patet
737 1539 807 1576 per
837 1528 1125 1575 Philosophum
1158 1529 1200 1566 in
1234 1529 1352 1566 tertio
1372 1530 1422 1566 De
1446 1531 1571 1565 anima
1592 1529 1699 1576 (text.

80 1587 226 1618 comm.
247 1579 323 1625 42).
343 1579 383 1616 Si
412 1578 535 1625 igitur
553 1586 721 1625 corpora
740 1577 918 1614 coelestia
938 1584 1018 1613 non
1040 1578 1210 1622 possunt
1246 1575 1472 1622 imprimere
1493 1577 1640 1614 directe
1659 1577 1699 1613 in

80 1627 324 1664 intellectum
358 1629 552 1665 nostrum,
573 1628 617 1662 ut
647 1627 854 1663 ostensum
885 1627 946 1661 est
973 1623 1073 1670 (cap.
1095 1623 1169 1670 84),
1191 1631 1320 1670 neque
1349 1623 1467 1660 etiam
1489 1624 1529 1660 in
1564 1624 1702 1661 volun—

80 1677 201 1712 tatem
223 1676 400 1710 nostram
421 1672 566 1709 directe
586 1672 812 1723 imprimere
833 1674 1032 1716 poterunt.

127 1720 310 1766 Amplius,
331 1719 462 1756 omnis
493 1719 634 1756 electio
669 1722 705 1756 et
742 1718 909 1755 actualis
946 1716 1132 1754 voluntas
1156 1716 1199 1753 in
1236 1715 1354 1754 nobis
1390 1716 1618 1755 immediate
1654 1726 1702 1754 ex

81 1765 398 1814 apprehensione
417 1765 675 1803 intellectuali
697 1768 897 1802 causatur.
919 1764 1072 1801 Bonum
1094 1763 1201 1800 enim
1221 1763 1464 1801 intellectum
1487 1767 1547 1801 est
1567 1764 1698 1810 objec—

79 1818 164 1852 tum
201 1812 431 1857 voluntatis,
450 1815 494 1849 ut
526 1815 632 1859 patet
663 1812 706 1848 in
731 1811 847 1848 tertio
865 1812 915 1848 De
933 1812 1057 1846 anima
1077 1810 1184 1856 (text.
1206 1819 1351 1847 comm.
1373 1812 1447 1857 31).
1470 1812 1514 1848 Et
1542 1814 1702 1857 propter

81 1860 160 1900 hoc
186 1869 268 1898 non
287 1862 420 1906 potest
456 1859 569 1906 sequi
589 1858 828 1905 perversitas
860 1858 902 1894 in
941 1857 1140 1904 eligendo,
1159 1857 1238 1894 nisi
1259 1857 1485 1895 intellectus
1505 1857 1702 1904 judicium

83 1907 240 1946 deficiat
254 1907 295 1944 in
311 1906 537 1953 particulari
554 1905 736 1953 eligibili‚
757 1908 800 1942 ut
812 1907 918 1951 patet
934 1913 1004 1951 per
1026 1904 1312 1950 Philosophum
1332 1904 1375 1941 in
1393 1905 1564 1951 septimo
1581 1905 1702 1941 Echio.

83 1954 185 2001 (cap.
206 1953 256 2001 5).
273 1955 446 2000 Corpora
473 1956 605 1990 autem
643 1952 822 1990 coelestia
858 1960 939 1989 non
976 1954 1070 1988 sunt
1088 1960 1212 1988 causa
1241 1951 1515 1998 intelligentiae
1536 1955 1700 1989 nostrae.

82 2003 184 2047 Ergo
202 2009 330 2047 neque
350 2000 558 2037 electionis
578 2003 725 2037 nostrae
746 2002 916 2046 possunt
942 2007 1034 2036 esse
1053 2007 1190 2036 causa.

131 2050 232 2100 Item,
254 2055 514 2094 quaecumque
545 2055 593 2084 ex
626 2046 892 2093 impressione
920 2053 1132 2091 corporum
1163 2043 1386 2083 coelestium
1418 2045 1458 2082 in
1488 2045 1579 2083 istis
1602 2044 1703 2082 inse·

84 2093 260 2132 rioribus
282 2093 469 2130 eveniunt
505 2093 739 2131 naturaliter
757 2093 1008 2138 contingunt,
1030 2100 1121 2129 cum
1149 2091 1234 2129 haec
1255 2092 1447 2129 inferiora
1478 2093 1559 2130 sint
1591 2095 1704 2129 natu-

84 2140 221 2193 raliter
255 2139 330 2177 sub
349 2139 435 2177 illis
455 2139 650 2177 ordinata.
671 2140 711 2177 Si
732 2148 826 2186 ergo
855 2139 1071 2176 electiones
1091 2143 1239 2176 nostrae
1259 2140 1447 2176 eveniunt
1466 2149 1514 2176 ex
1535 2140 1703 2185 impres-

86 2195 202 2226 sione
231 2195 442 2232 corporum
461 2186 698 2226 coelestium,
719 2189 874 2232 oportet
889 2185 995 2232 quod
1017 2185 1251 2223 naturaliter
1291 2187 1466 2227 veniant,
1490 2189 1533 2223 ut
1552 2186 1704 2223 scilicet

86 2234 147 2272 sic
166 2233 399 2286 naturaliter
430 2232 550 2280 eligat
580 2233 702 2270 homo
723 2232 877 2279 operari
908 2241 1004 2269 suas
1040 2232 1307 2278 operationes,
1331 2234 1436 2270 sicut
1472 2233 1705 2270 naturaliter

85 2281 280 2318 instinctu
310 2279 426 2317 bruta
458 2282 684 2326 operantur,
705 2283 743 2316 et
767 2278 1000 2316 naturaliter
1033 2288 1202 2325 corpora
1229 2279 1450 2316 inanimata
1481 2282 1702 2317 moventur.

86 2329 174 2365 Non
201 2335 295 2374 ergo
334 2329 448 2363 erunt
466 2326 716 2373 propositum
740 2330 780 2363 et
798 2329 940 2363 natura
975 2325 1054 2362 duo
1072 2325 1270 2372 principia
1301 2327 1473 2373 agentia,
1490 2326 1559 2363 sed
1580 2333 1704 2363 unum

86 2377 255 2418 tantum,
271 2373 377 2421 quod
407 2377 468 2411 est
495 2377 662 2418 natura;
686 2372 802 2421 cujus
840 2372 1083 2410 contrarium
1121 2376 1229 2419 patet
1264 2381 1336 2418 per
1372 2371 1623 2410 Aristotelem
1662 2372 1704 2409 in

88 2420 266 2460 secundo
294 2421 439 2465 Physic.
462 2419 569 2467 (text.
585 2428 731 2458 comm.
751 2419 827 2467 49).
843 2420 932 2456 Non
952 2422 1013 2456 est
1030 2419 1152 2466 igitur
1177 2427 1312 2456 verum
1335 2419 1440 2466 quod
1467 2427 1516 2456 ex
1534 2419 1704 2465 impres-v

88 2468 204 2507 sione
219 2475 429 2513 corporum
446 2467 667 2504 coelestium
688 2471 836 2504 nostrae
856 2465 1074 2503 electiones
1092 2465 1340 2512 proveniant.

135 2516 326 2559 Praeterea,
345 2522 393 2551 ea
410 2522 498 2560 quae
519 2513 752 2551 naturaliter
778 2512 879 2550 fiunt
898 2512 1170 2550 determinatis
1201 2511 1344 2549 mediis
1370 2511 1641 2558 perducuntur
1656 2511 1706 2550 ad

89 2560 225 2600 finem.
248 2561 356 2597 Unde
387 2569 544 2606 semper
574 2560 714 2597 eodem
734 2560 855 2596 modo
878 2558 1129 2606 contingunt.
1150 2560 1298 2596 Natura
1316 2559 1422 2596 enim
1446 2559 1708 2596 determinata

90 2612 152 2646 est
171 2607 220 2646 ad
239 2616 378 2645 unum.
400 2607 624 2644 Electiones
655 2610 786 2643 autem
821 2606 1005 2643 humanae
1040 2605 1209 2642 diversis
1226 2605 1304 2642 viis
1319 2605 1488 2642 tendunt
1507 2606 1549 2643 in
1568 2605 1704 2650 finem,

14 2692 19 2696 ,
89 2657 171 2693 tam
202 2655 246 2692 in
281 2654 501 2692 moralibus
517 2660 636 2701 quam
653 2652 696 2690 in
726 2652 1016 2690 artificialibus.
1035 2653 1123 2689 Non
1147 2652 1270 2698 igitur
1285 2651 1502 2690 electiones
1521 2652 1708 2690 humanae

90 2700 522 2795 fiuffinffiffiaiggerduae
553 2745 788 2785 naturaliter
814 2744 930 2791 fiunt,
955 2748 1000 2782 ut
1034 2744 1265 2791 plurimum,
1288 2749 1394 2784 recte
1424 2745 1539 2784 fiunt.
1560 2748 1707 2784 Natura

95 2795 203 2832 enim
223 2804 305 2832 non
324 2794 456 2832 deficit
478 2793 557 2831 nisi
578 2794 621 2830 in
648 2792 919 2840 paucioribus.
941 2792 981 2830 Si
999 2791 1121 2838 igitur
1136 2791 1257 2829 homo
1276 2793 1509 2830 naturaliter
1528 2792 1706 2840 eligeret,

94 2844 139 2880 ut
154 2842 197 2879 in
221 2841 417 2890 pluribus,
434 2840 652 2879 electiones
668 2839 756 2886 ejus
782 2841 918 2877 essent
936 2841 1067 2884 rectae,
1086 2839 1194 2886 quod
1211 2842 1318 2887 patet
1332 2849 1422 2878 esse
1441 2840 1600 2878 falsum.
1620 2841 1706 2876 Non
