1894 3223
132 139 205 176 244
736 135 825 169 LtB.
853 135 900 177 Il,
929 134 1030 170 CAP,
1053 134 1160 171 XCII.

136 219 352 266 perfectum
387 214 537 262 aliquid
576 215 615 251 in
641 224 786 261 genere
807 214 890 259 illo,
914 218 1068 260 oportet
1099 215 1218 262 quod,
1241 219 1331 252 ante
1365 215 1522 253 animas
1542 216 1756 262 humanas,

136 275 224 312 quae
246 263 475 308 intelligunt
510 261 743 306 accipiendo
771 271 793 298 a
811 262 1172 307 phantasmatibus,
1191 263 1272 300 sint
1305 263 1448 309 aliquae
1466 263 1758 301 intellectuales

138 310 370 349 substantiae
407 308 674 354 intelligentes
709 318 755 345 ea
785 318 871 354 quae
907 312 1001 346 sunt
1032 310 1253 347 secundum
1285 319 1329 347 se
1364 310 1646 356 intelligibilia,
1678 319 1758 348 non

136 357 377 402 accipientes
404 355 675 401 cognitionem
713 365 737 392 a
769 356 1044 401 sensibilibus,
1067 366 1113 395 ac
1131 366 1202 403 per
1223 357 1298 394 hoc
1333 357 1499 394 omnino
1519 357 1757 403 corporibus

137 404 358 442 secundum
380 411 492 438 suam
509 405 691 439 naturam
711 406 917 448 separatae.

181 453 371 493 Praeterea,
396 449 628 486 Aristoteles
650 448 894 496 metaphys„
914 459 983 493 xli,
1002 453 1095 487 text.
1112 459 1258 488 comm.
1274 453 1335 497 43)
1354 454 1654 497 argumentatur
1671 451 1730 488 sic
1749 463 1756 488 :

133 499 281 534 Motum
298 497 532 532 continuum
552 497 774 543 regularem
796 501 832 532 et
859 501 1050 543 quantum
1072 498 1113 533 in
1141 507 1184 535 se
1205 502 1265 534 est
1291 498 1581 535 indeficientem
1606 501 1760 543 oportet

136 553 226 581 esse
247 553 269 580 a
296 548 447 580 motore
481 543 547 589 qui
583 552 665 580 non
705 547 883 580 movetur
921 553 1048 590 neque
1070 553 1139 590 per
1170 553 1212 582 se
1234 554 1362 592 neque
1389 553 1460 591 per
1493 545 1693 589 accidens,
1716 548 1760 582 ut

134 600 258 636 supra
279 589 319 636 (l.
341 599 368 633 1,
391 600 424 626 c.
447 592 503 636 13)
526 593 584 627 est
617 590 847 636 probatum3
870 590 1004 636 plures
1038 592 1156 628 etiam
1177 596 1310 629 motus
1340 596 1495 638 oportet
1515 601 1604 629 esse
1636 602 1658 628 a
1678 592 1761 638 plu-

134 638 246 674 ribus
270 637 506 674 motoribus.
523 638 649 674 Motus
666 641 796 674 autem
812 637 900 674 coeli
917 641 975 674 est
987 638 1217 682 continuus,
1234 640 1430 685 regularis
1446 642 1496 684 et,
1513 639 1761 686 quantumin

137 693 196 728 se,
230 684 346 720 etiam
366 683 600 721 indeficiens
636 688 722 728 est;
756 688 793 721 et
823 688 964 729 praeter
999 685 1169 730 primum
1204 690 1354 722 motum
1388 691 1481 723 sunt
1518 687 1631 723 multi
1661 687 1760 725 tales

135 735 268 769 motus
288 731 328 767 in
347 732 463 775 coelo,
486 731 672 777 sicutper
695 731 1039 768 considerationes
1060 732 1354 779 astrologorum
1375 733 1576 778 probatur.
1602 736 1762 779 Oportet

137 779 260 825 igitur
279 787 369 815 esse
390 779 523 823 plures
556 783 731 816 motores
763 779 828 825 qui
864 788 944 815 non
976 782 1209 815 moveantur
1237 788 1365 826 neque
1391 789 1462 825 per
1481 789 1523 817 se
1544 789 1672 827 neque
1692 789 1762 827 per

135 825 335 862 accidens.
377 825 536 862 Nullum
568 830 699 862 autem
735 834 880 871 corpus
916 829 1046 862 movet
1080 826 1156 862 nisi
1189 830 1356 871 motum,
1377 831 1421 862 ut
1457 826 1662 872 probatum
1701 830 1763 865 est

138 872 178 918 (l.
198 882 224 916 1,
242 883 275 909 c.
300 872 379 917 13);
402 877 533 909 motor
552 876 683 909 autem
705 873 979 919 incorporeus,
1013 873 1149 909 unitus
1171 873 1341 918 corpori,
1370 877 1550 910 movetur
1570 884 1638 919 per
1659 874 1760 911 acci-

136 920 235 956 dens
256 919 303 955 ad
327 923 476 956 motum
498 920 691 965 corporis,
715 920 819 956 sicut
836 923 941 966 patet
956 920 1002 956 de
1023 920 1169 956 anima.
1193 921 1354 965 Oportet
1373 921 1496 967 igitur
1515 930 1604 957 esse
1627 921 1761 967 plures

137 970 313 1003 motores
335 967 401 1012 qui
437 976 564 1013 neque
586 967 667 1003 sint
701 976 864 1012 corpora
899 976 1027 1013 neque
1059 967 1294 1013 corporibus
1326 968 1440 1004 uniti.
1468 969 1596 1004 Motus
1630 971 1762 1005 autem

135 1014 320 1051 coelestes
342 1017 434 1050 sunt
452 1013 500 1050 ab
519 1014 654 1060 aliquo
675 1014 891 1059 intellectu,
918 1018 960 1050 ut
979 1023 1099 1060 supra
1114 1014 1154 1060 (l.
1176 1023 1202 1059 1,
1223 1024 1257 1051 c.
1275 1014 1334 1061 20)
1349 1015 1557 1060 probatum
1573 1018 1645 1052 est.
1664 1016 1765 1052 Sunt

136 1061 258 1107 igitur
278 1061 412 1106 plures
434 1061 668 1098 substantiae
689 1061 979 1098 intellectuales
1000 1061 1236 1107 corporibus
1257 1071 1337 1098 non
1359 1062 1492 1099 unitae.

188 1108 256 1143 His
277 1112 408 1144 autem
431 1108 646 1145 concordat
665 1108 861 1144 sententia
875 1108 1052 1155 Dionysii
1076 1109 1142 1153 (De
1157 1108 1273 1144 divin.
1296 1110 1445 1153 nomin„
1468 1119 1501 1145 c.
1518 1109 1570 1155 4),
1593 1108 1761 1146 dicentis

132 1154 184 1191 de
204 1155 359 1200 angelis
380 1154 486 1201 quod
506 1157 599 1190 sicut
615 1156 871 1191 immateriales
891 1158 923 1190 et
955 1156 1157 1200 incorporei
1183 1156 1452 1200 inteltiquntur.

188 1203 260 1237 Per
282 1201 355 1238 hoc
377 1205 508 1239 autem
540 1202 763 1238 excluditur
791 1211 900 1238 error
921 1202 1240 1243 Sadducaeorum,
1274 1203 1342 1248 qui
1362 1202 1546 1239 dicebant
1577 1202 1762 1248 spiritum

138 1256 219 1284 non
241 1257 355 1292 esse3
377 1252 416 1284 et
435 1248 582 1294 positio
616 1249 870 1296 antiquorum
903 1249 1156 1293 naturalium,
1176 1249 1242 1295 qui
1274 1249 1457 1286 dicebant
1475 1258 1632 1286 omnem
1668 1250 1761 1286 sub-

133 1295 322 1331 stantiam
339 1304 568 1341 corpoream
589 1305 677 1333 esse
698 1308 706 1340 ;
730 1296 876 1341 positio
897 1296 1014 1332 etiam
1032 1296 1228 1342 origenis,
1251 1296 1318 1343 qui
1335 1296 1431 1332 dixit
1450 1297 1707 1343 (Περὶάςχεμη,
1725 1297 1760 1343 6)

137 1342 242 1387 quod
264 1342 374 1378 nulla
402 1342 640 1387 substantia,
674 1347 765 1389 post
793 1343 1020 1380 Trinitatem
1050 1343 1238 1386 divinam,
1272 1343 1422 1390 absque
1443 1353 1608 1390 corpore
1631 1347 1762 1389 potest

136 1388 382 1433 subsistere;
406 1393 444 1425 et
480 1390 659 1427 omnium
700 1390 869 1426 aliorum
909 1390 1141 1435 ponentium
1172 1398 1313 1427 omnes
1350 1391 1529 1437 angelos,
1562 1390 1692 1428 bonos
1723 1394 1763 1427 et

136 1435 281 1480 malos,
302 1435 446 1473 habere
464 1445 632 1482 corpora
651 1437 883 1473 naturaliter
899 1437 974 1473 sibi
998 1438 1122 1473 unita.

796 1584 965 1625 CAPUT
998 1583 1120 1625 XCII.

454 1702 505 1731 DE
523 1700 785 1732 MULTITUDINE
805 1702 1125 1732 SUBSTANTIARUM
1144 1703 1441 1733 SEPARATARUM.

185 1812 396 1849 Sciendum
418 1814 478 1849 est
510 1816 642 1849 autem
669 1812 773 1858 quod
805 1811 1037 1848 Aristoteles
1056 1811 1223 1857 probare
1244 1811 1395 1856 nititur,
1418 1820 1498 1849 non
1520 1813 1650 1849 solum
1672 1822 1761 1851 esse

136 1858 292 1905 aliquas
313 1859 559 1896 substantias
591 1859 878 1895 intellectuales
908 1858 1058 1941 absgue
1090 1867 1268 1910 corpo—re,
1290 1858 1360 1895 sed
1379 1859 1497 1895 etiam
1529 1860 1634 1905 quod
1667 1864 1762 1897 sunt

135 1905 313 1952 ejusdem
334 1906 488 1958 numeri
526 1905 641 1952 quus
680 1909 774 1942 sunt
812 1909 944 1942 motus
1007 1905 1216 1951 eprehensi
1237 1913 1280 1941 in
1307 1905 1422 1950 coelo,
1458 1915 1590 1952 neque
1625 1906 1760 1952 plures

136 1961 185 1989 ne
219 1962 265 1989 ue
312 1961 508 1989 auctores.

186 1962 330 2036 groblat
348 1999 453 2036 enim
472 1999 714 2046 metaphys„
731 2001 911 2043 X11‚text.
927 2007 1071 2035 comm.
1082 1998 1142 2046 48)
1156 1998 1262 2046 quod
1277 2008 1356 2036 non
1378 2002 1473 2037 sunt
1489 1999 1612 2046 aliqui
1628 2005 1762 2040 motus

137 2046 180 2083 in
200 2047 300 2083 coelo
321 2046 388 2093 qui
410 2056 433 2082 a
453 2047 569 2084 nobis
591 2045 831 2092 deprehendi
853 2055 933 2083 non
967 2046 1137 2092 possint,
1165 2055 1235 2092 per
1255 2046 1331 2083 hoc
1351 2046 1457 2093 quod
1475 2047 1607 2083 omnis
1627 2052 1761 2086 motus

132 2093 205 2140 qui
225 2096 286 2130 est
305 2092 346 2129 in
373 2093 474 2130 coelo
504 2097 565 2131 est
583 2096 741 2140 propter
769 2096 921 2130 motum
954 2092 1126 2138 alicujus
1156 2093 1283 2130 stellae
1315 2102 1403 2140 quae
1435 2094 1642 2132 sensibilis
1673 2099 1759 2141 est;

131 2139 254 2224 grilies
274 2140 381 2177 enim
400 2140 582 2177 deferunt
614 2140 777 2184 stellas,
800 2144 933 2177 motus
954 2144 1084 2176 autem
1113 2139 1328 2177 deferentis
1350 2144 1411 2177 est
1429 2144 1588 2186 propter
1608 2146 1760 2179 motum

163 2196 183 2224 e
203 2187 268 2224 ati.

184 2236 279 2270 ltem
299 2234 440 2279 probat
459 2233 540 2281 (ubi
562 2234 696 2280 supra)
731 2233 837 2281 quod
859 2242 937 2270 non
964 2236 1059 2270 sunt
1089 2233 1232 2281 aliquae
1265 2234 1500 2272 substantiae
1526 2239 1718 2281 separatae
1736 2245 1763 2275 a

129 2281 282 2328 quibus
302 2290 383 2318 non
404 2281 638 2327 proveniant
654 2281 776 2328 aliqui
799 2285 934 2317 motus
948 2281 987 2316 in
1010 2281 1136 2325 coelo,
1158 2281 1264 2328 quia,
1287 2291 1409 2328 quum
1427 2286 1562 2319 motus
1575 2283 1760 2321 coelestes

132 2328 368 2364 ordinentur
388 2329 435 2365 ad
457 2328 703 2365 substantias
720 2332 923 2374 separatas
939 2328 1043 2364 sicut
1069 2328 1117 2365 ad
1136 2327 1250 2372 fines,
1269 2330 1303 2365 si
1325 2334 1460 2366 essent
1477 2330 1562 2367 aliae
1578 2330 1761 2367 substan·

135 2375 199 2411 tiae
221 2380 410 2420 separatae
435 2385 552 2422 quani
579 2375 665 2412 istae
700 2385 799 2422 quas
824 2379 1018 2418 numerat,
1041 2379 1176 2412 essent
1195 2375 1320 2423 aliqui
1343 2380 1477 2413 motus
1497 2377 1536 2413 in
1562 2385 1630 2414 eas
1651 2377 1756 2414 ordi-

137 2422 218 2458 nati
241 2424 344 2459 sicut
364 2423 402 2459 in
421 2422 542 2468 fines;
564 2423 678 2460 aliter
697 2426 832 2459 essent
853 2426 985 2458 motus
1008 2422 1242 2468 imperfecti.

184 2470 292 2505 Unde
312 2479 359 2505 ex
380 2470 444 2506 his
464 2470 668 2507 concludit
683 2470 788 2517 quod
805 2478 883 2506 non
901 2474 993 2506 sunt
1013 2470 1146 2514 plures
1167 2469 1402 2508 substantiae
1428 2474 1617 2516 separatae
1640 2479 1757 2518 quam

135 2521 268 2553 motus
289 2516 552 2562 dephreheusi
575 2521 612 2553 et
641 2519 707 2564 qui
733 2521 903 2563 possunt
931 2516 1170 2562 deprehendi
1191 2517 1233 2553 in
1251 2517 1377 2562 coelo;
1400 2519 1617 2563 praesertim
1635 2526 1758 2564 quum

136 2571 216 2598 non
237 2564 318 2599 sint
355 2565 469 2609 plura
491 2572 659 2610 corpora
696 2565 874 2601 coelestia
908 2563 1086 2610 ejusdem
1108 2564 1270 2609 speciei,
1292 2568 1334 2601 ut
1367 2565 1427 2601 sic
1460 2565 1576 2600 etiam
1599 2565 1757 2610 possint

135 2617 226 2644 esse
245 2610 378 2654 plures
400 2615 531 2648 motus
553 2611 670 2648 nobis
691 2611 902 2658 incogniti.

186 2656 274 2692 Haec
292 2661 421 2693 autem
442 2659 623 2703 probatio
644 2667 724 2695 non
746 2659 863 2695 habet
882 2657 1175 2694 necessitatem.
1196 2659 1240 2694 In
1271 2657 1334 2694 his
1353 2658 1458 2693 enim
1479 2666 1566 2703 quae
1595 2662 1689 2694 sunt
1708 2658 1758 2696 ad

133 2699 268 2744 finem,
292 2705 462 2740 sumitur
481 2706 701 2742 necessitas
722 2716 769 2742 ex
807 2705 897 2749 tine,
919 2704 1023 2741 sicut
1043 2705 1211 2750 ipsemet
1247 2704 1363 2741 docet
1381 2704 1539 2750 (Pysic.,
1580 2713 1622 2748 Π,
1662 2709 1754 2742 text.

132 2749 368 2795 comm.23)‚
403 2759 481 2786 non
503 2756 634 2788 autem
655 2763 676 2789 e
697 2761 902 2789 converso.
936 2751 1056 2791 Unde,
1079 2752 1114 2788 si
1144 2754 1277 2788 motus
1308 2750 1490 2787 coelestes
1520 2751 1757 2790 ordinantur

135 2794 177 2831 in
199 2795 443 2833 substantias
463 2803 666 2843 separatas
698 2800 803 2836 sicut
822 2800 862 2835 iu
883 2798 998 2842 fines,
1019 2802 1062 2834 ut
1093 2799 1261 2844 ipsemet
1279 2796 1387 2841 dicit,
1408 2805 1488 2833 non
1510 2802 1639 2843 potest
1661 2808 1756 2836 con-

135 2842 241 2879 cludi
262 2843 490 2880 necessario
522 2853 712 2883 numerus
748 2846 1059 2882 substantiarum
1094 2844 1370 2895 praedictarum
1400 2853 1449 2881 ex
1480 2853 1647 2882 numero
1670 2855 1755 2883 mo·

133 2891 260 2927 tuum.
284 2891 416 2927 Potest
434 2890 540 2927 enim
574 2891 650 2928 dici
688 2893 793 2939 quod
813 2896 908 2929 sunt
945 2891 1087 2938 aliquae
1106 2890 1340 2928 substantiae
1372 2895 1563 2937 separatae
1598 2892 1755 2931 altioris
