1894 3223
662 76 750 114 un.
777 76 842 119 111,
869 75 973 112 011).
998 75 1121 112 cvm.
1632 49 1704 115 '40⁹

135 157 282 203 Adhuc,
301 157 412 195 nulla
432 156 608 204 potentia
623 156 898 204 cognoscitiva
912 155 1044 194 deficit
1062 166 1084 195 a
1103 156 1334 204 cognitione
1354 156 1420 195 sui
1445 156 1590 204 objecti
1623 157 1702 196 nisi

85 208 246 253 propter
264 203 436 251 aliquem
455 203 750 256 detectumaut
772 205 1067 250 corruptionem
1083 213 1224 250 suam;
1259 213 1349 242 cum
1369 203 1590 242 secundum
1609 213 1700 251 pro·

86 252 214 299 priam
251 250 445 289 rationem
478 249 527 287 ad
553 251 823 296 cognitionem
840 251 931 287 talis
951 250 1093 297 objecti
1114 251 1343 296 ordinetur;
1366 251 1471 288 sicut
1490 251 1602 289 visus
1621 260 1703 289 non

88 297 220 337 deficit
238 307 262 336 a
275 297 506 345 cognitione
525 297 687 342 coloris,
713 297 792 335 nisi
807 298 939 345 aliqua
956 298 1210 345 corruptione
1225 299 1332 335 circa
1348 298 1478 344 ipsum
1492 298 1698 336 existente.

89 344 228 384 Omnis
244 347 379 383 aulem
400 344 578 382 defectus
596 348 634 381 et
655 345 856 390 corruptio
877 349 936 381 est
956 349 1096 390 praeter
1113 346 1413 393 naturam,quia
1427 349 1567 383 natura
1581 345 1706 383 inten-

86 392 145 430 dit
160 400 252 431 esse
269 391 320 429 ad
342 391 624 438 perfectionem
646 391 716 429 rei.
740 393 793 429 lm
825 391 990 429 ossibile
1010 396 1071 429 est
1088 392 1208 440 igitur
1225 393 1331 440 quod
1351 392 1404 429 sit
1425 392 1560 439 aliqua
1578 393 1704 430 virtus

86 438 360 487 cognoscitiva
377 447 465 486 quoe
487 437 720 476 naturaliter
739 438 786 476 de
819 439 895 476 ciat
913 449 936 476 a
949 443 1056 477 recto
1071 439 1224 486 judicio
1237 439 1300 477 sui
1316 438 1474 486 objecti.
1497 440 1702 486 Proprium

86 489 218 525 autem
239 485 439 532 objectum
455 485 682 523 intellectus
701 489 760 523 est
780 495 930 523 verum.
953 485 1203 532 Impossibile
1218 486 1413 533 estigitur
1434 487 1539 532 quod
1561 487 1613 524 sit
1632 487 1702 524 ali-

85 533 177 580 quis
198 533 423 571 intellectus
444 532 676 570 naturaliter
692 533 799 570 circa
815 533 1085 580 cognitionem
1103 533 1185 570 veri
1205 533 1410 571 oberrans.
1433 535 1566 581 Neque
1583 533 1704 581 igitur

84 579 270 618 voluntas
290 580 422 628 aliqua
443 579 676 618 naturaliter
695 584 824 627 potest
847 590 870 618 a
889 581 996 618 bono
1015 579 1195 618 deficere.
1556 620 1566 624 ⁷,

132 627 214 665 Hoc
245 627 364 664 etiam
390 627 623 665 auctoritate
642 636 766 665 sacrae
783 628 992 674 scripturae
1012 626 1290 675 confirmatum
1311 626 1455 664 dicitur
1474 628 1594 673 enim,
1612 629 1625 665 1
1642 628 1703 665 Ti·

85 674 228 718 moth.‚
248 683 303 718 iv,
325 677 346 712 4
367 684 375 709 :
398 675 520 712 Omnis
553 677 720 711 creatura
755 675 877 719 bona‚·
906 675 1010 712 unde
1042 675 1151 720 Gen„
1171 683 1201 720 1,
1218 677 1258 712 31
1284 683 1294 710 :
1322 674 1426 711 Videt
1455 676 1550 712 Deus
1577 678 1702 712 cuncta

87 730 168 769 quae
185 722 334 767 fecerat,
354 724 389 758 ct
402 725 507 758 erant
524 722 631 758 valde
651 721 754 763 bona,
1447 733 1457 743 ¹

133 769 207 806 Per
241 768 317 806 hoc
346 773 477 807 autem
499 767 720 806 excluditur
740 777 850 806 error
869 767 1175 806 Manichaeorum
1209 769 1443 815 ponentium
1474 769 1703 816 hujusmodi

85 814 334 854 substantias
354 815 658 861 intellectuales,
679 825 780 863 quas
811 815 1013 854 daemones
1034 818 1227 853 consueto
1254 816 1415 853 nomine
1442 815 1614 854 dicimus
1643 816 1704 854 vel

86 861 282 908 diabolos,
299 871 388 901 esse
405 863 636 901 naturaliter
650 863 789 901 malas.
805 862 1034 900 Excluditnr
1047 863 1164 900 etiam
1180 862 1316 910 opinio
1329 872 1446 910 quam
1464 863 1592 910 Porpli
1622 863 1705 902 rius

85 913 220 947 narrat
239 910 281 947 in
301 911 415 956 epist.
452 910 501 948 ad
525 910 770 948 Anebontem
797 909 934 948 dicens
957 923 976 944 α
996 910 1191 957 quosdam
1209 910 1363 957 opinari
1391 919 1480 951 esse
1506 919 1585 957 quo
1616 910 1706 948 dam

86 956 298 1003 spirituum
319 966 461 1003 genus,
482 957 548 995 cui
568 957 754 994 exaudire
787 966 928 1003 magos
958 957 1009 994 sit
1029 956 1246 1003 proprium,
1267 961 1409 994 natura
1428 956 1561 1002 fallax,
1577 957 1706 995 omni-

86 1002 212 1041 forme
247 1004 443 1041 simulans
476 1004 573 1042 deos
611 1007 649 1041 et
682 1004 866 1041 homines
890 1008 929 1041 et
962 1004 1116 1041 animas
1141 1003 1445 1041 defunctorum:
1466 1007 1504 1042 et
1535 1005 1611 1042 1100
1646 1007 1707 1042 031

88 1049 195 1097 quod
212 1049 359 1088 efficiat
378 1050 464 1088 haec
483 1050 619 1088 omnia
638 1060 725 1098 quae
744 1051 928 1088 videntur
947 1059 1037 1088 esse
1056 1050 1117 1087 vel
1137 1050 1245 1088 bona
1261 1051 1324 1088 vel
1343 1059 1475 1097 prava,
1503 1055 1706 1088 caeterum-

86 1106 164 1144 que
183 1096 290 1135 circa
314 1107 359 1135 ea
379 1106 466 1144 quae
484 1106 575 1135 vere
592 1101 687 1135 sunt
706 1097 812 1135 bona
831 1097 932 1135 nihil
951 1097 1137 1143 opitulari
1158 1109 1169 1141 ;
1185 1097 1267 1135 imo
1285 1107 1378 1135 vero
1394 1098 1470 1135 ista
1482 1106 1556 1135 nec
1571 1107 1704 1141 nosse,

85 1142 156 1181 sed
175 1146 214 1182 et
232 1144 336 1182 mala
356 1144 569 1182 consiliare
586 1147 625 1182 et
644 1144 891 1188 insimulare,
913 1147 1030 1191 atque
1048 1144 1238 1190 impedire
1268 1147 1307 1181 et
1342 1144 1518 1181 invidere
1546 1145 1704 1182 virtutis

88 1190 252 1243 sedulos
270 1195 501 1236 sectatores,
524 1194 562 1229 et
576 1191 738 1238 plenum
760 1200 848 1228 esse
866 1191 1098 1228 temeritatis
1118 1194 1156 1228 et
1183 1191 1337 1236 fastus;
1372 1191 1544 1238 gaudere
1575 1191 1705 1229 odori-

84 1237 212 1284 ribus,
232 1237 532 1276 adulationibus
553 1238 643 1285 capi
660 1251 696 1276 ».

127 1286 216 1323 Haec
231 1285 390 1333 quidem
403 1285 609 1333 Porphyrii
620 1285 740 1323 verba
751 1285 944 1323 malitiam
959 1285 1247 1331 daemonorum‚
1257 1294 1426 1333 quorum
1440 1285 1589 1323 auxilio
1602 1289 1703 1324 artes

89 1332 254 1379 magicae
274 1336 452 1378 utuntur,
472 1334 571 1370 satis
586 1336 718 1379 aperte
733 1333 947 1370 declarant.
965 1334 1009 1369 In
1023 1333 1098 1370 hoc
1113 1336 1244 1370 autem
1265 1333 1354 1370 solo
1374 1332 1703 1379 reprehensibilia

86 1383 181 1417 sunt
199 1379 306 1427 quod
326 1380 428 1418 hauc
448 1380 641 1418 malitiam
661 1380 895 1418 naturaliter
916 1380 975 1417 eis
996 1380 1092 1418 dicit
1112 1380 1261 1418 inesse.

734 1527 903 1569 CAPUT
931 1527 1067 1569 CVIII.

253 1641 443 1671 RATIONES
469 1641 606 1677 QUIBUS
631 1641 800 1671 PROBARI
824 1642 994 1671 VIDETUR
1020 1642 1122 1677 QUOD
1147 1643 1188 1672 IN
1210 1643 1440 1673 DAEMONIBUS
1464 1643 1542 1673 NON

658 1700 792 1729 Possm*
816 1700 911 1729 ESSE
935 1700 1136 1730 PEGGATUM

135 1801 172 1840 Si
192 1805 324 1840 autem
344 1802 385 1838 in
406 1801 655 1839 daemonibus
674 1810 754 1838 non
784 1805 845 1839 est
865 1802 1056 1839 naturalis
1076 1802 1240 1848 malitia,
1266 1807 1473 1841 ostensum
1495 1807 1624 1842 autem
1646 1810 1704 1843 est

87 1848 189 1896 (cap.
210 1848 292 1896 106)
311 1857 381 1887 eos
403 1858 492 1886 esse
512 1848 655 1894 malos,
675 1849 904 1886 necessario
920 1849 1157 1896 relinquitur
1170 1850 1276 1897 quod
1286 1851 1365 1887 sint
1379 1852 1582 1889 voluntate
1596 1852 1702 1889 mali.

89 1896 249 1943 Oportet
265 1895 387 1942 igitur
406 1895 605 1943 inquirere
626 1896 827 1943 quomodo
846 1896 922 1933 hoc
938 1897 1129 1942 possibile
1150 1897 1224 1942 sit3
1249 1897 1403 1934 videtur
1416 1898 1523 1935 enim
1537 1899 1701 1936 omnino

87 1942 164 1982 1100
183 1942 432 1990 impossibile
448 1952 550 1980 esse.
567 1943 779 1980 ostensum
799 1943 976 1980 estenim
988 1944 1030 1980 in
1045 1944 1222 1981 secundo
1239 1944 1338 1992 (cap,
1357 1948 1405 1982 70
1422 1949 1460 1981 01
1479 1945 1537 1992 90)
1553 1946 1702 1983 nullam

88 1989 668 2028 substantiamintellectualem
681 1999 770 2028 esse
785 1991 940 2036 corpori
954 1991 1187 2028 naturaliter
1200 1992 1351 2029 unitam
1364 1992 1440 2029 nisi
1453 1992 1625 2030 animam
1636 1993 1703 2030 hu-

87 2037 349 2089 manam,vel‚
364 2037 584 2089 secundum
604 2037 813 2084 quosdam,
837 2038 992 2089 animas
1013 2047 1224 2085 corporum
1241 2039 1475 2083 coelestium,
1492 2039 1540 2077 de
1558 2040 1703 2087 quibus

88 2084 376 2121 inconveniens
397 2087 456 2120 est
475 2088 672 2121 aestimare
694 2084 801 2131 quod
821 2088 901 2122 31111
925 2085 1051 2130 malae,
1074 2094 1164 2123 cum
1183 2089 1315 2124 motus
1331 2087 1554 2124 coelestium
1567 2096 1706 2133 corpo-

89 2139 175 2182 rum
197 2130 249 2168 sit
268 2130 664 2183 ordinatissimus-et
687 2131 810 2168 totius
831 2131 989 2169 ordinis
1010 2133 1204 2171 naturalis
1224 2133 1397 2180 quodam
1417 2133 1534 2170 modo
1555 2134 1701 2180 princi-

88 2177 372 2229 pium30mn1s
409 2180 542 2215 autem
561 2177 642 2215 alia
661 2178 934 2224 cognoscitiva
959 2179 1134 2225 potentia
1154 2184 1296 2226 praeter
1315 2180 1560 2217 intellectum
1580 2181 1702 2218 utitur

89 2232 253 2262 orffanls
274 2224 547 2270 corporalibus
567 2224 767 2262 animatis.
789 2226 875 2262 Non
891 2229 953 2262 est
972 2235 1066 2272 ergo
1085 2227 1278 2273 possibile
1293 2227 1399 2274 quod
1415 2228 1455 2263 in
1471 2227 1701 2273 hujusmodi

91 2251 327 2308 substantiis
346 2271 399 2323 sit
418 2271 552 2324 aliqua
569 2271 696 2310 virtus
716 2272 991 2318 cognoscitiva
1010 2273 1090 2311 nisi
1111 2274 1350 2312 intellectus.
1371 2274 1565 2321 Quicquid
1581 2274 1703 2321 igitur

90 2322 338 2355 coffnoscunt
370 2317 678 2364 intell1gunt.1n
695 2327 742 2356 eo
774 2322 906 2357 autem
934 2319 1040 2367 quod
1061 2320 1151 2367 quis
1168 2321 1369 2368 intelligit,
1398 2329 1477 2358 non
1500 2324 1617 2358 errat.
1649 2322 1703 2358 Ex

91 2346 246 2417 defectu
279 2364 384 2402 enim
411 2364 671 2418 ‘intelligendi
701 2366 883 2412 provenit
915 2367 1046 2418 omnis
1067 2376 1189 2404 error.
1211 2369 1298 2405 Non
1317 2371 1446 2414 potest
1466 2367 1587 2413 igitur
1612 2375 1703 2406 esse

91 2411 238 2459 aliquis
268 2420 378 2449 error
408 2420 450 2449 10
478 2416 708 2459 cognitione
728 2412 1042 2451 substantiarum
1057 2414 1214 2451 talium.
1235 2414 1392 2451 Nullum
1414 2418 1547 2451 autem
1563 2414 1703 2451 volun-

90 2459 184 2496 tatis
200 2462 405 2505 peccatum
422 2461 554 2505 potest
566 2468 657 2497 esse
676 2459 826 2506 absque
844 2469 976 2497 errore
992 2472 1002 2505 ;
1024 2461 1118 2507 quia
1136 2461 1329 2498 voluntas
1349 2469 1506 2506 semper
1522 2460 1649 2498 tendit
1661 2461 1704 2498 in

91 2505 242 2543 bonum
262 2505 558 2552 apprehensum
575 2517 585 2542 ε
607 2505 726 2550 unde,
744 2507 827 2544 nisi
845 2506 888 2543 in
908 2507 1224 2552 apprehensione
1239 2507 1334 2544 boni
1355 2512 1518 2552 erretur,
1536 2516 1620 2545 non
1640 2516 1706 2554 po-

90 2554 170 2590 test
202 2562 290 2605 esse
312 2554 355 2589 in
373 2553 577 2590 voluntate
593 2557 815 2599 peccatum.
847 2553 1008 2591 Videtur
1035 2554 1157 2601 igitur
1177 2554 1285 2602 quod
1302 2554 1345 2591 in
1366 2554 1596 2602 hujusmodi
1616 2555 1707 2593 sub-

93 2600 253 2638 stantiis
273 2608 356 2637 non
375 2600 505 2646 possit
524 2608 614 2637 esse
636 2600 852 2638 voluntatis
873 2603 1091 2646 peccatum.

139 2646 285 2688 Adhuc,
301 2647 343 2684 in
357 2647 488 2692 nobis,
510 2649 717 2693 peccatum
737 2647 954 2685 voluntatis
976 2647 1119 2685 accidit
1137 2648 1244 2686 circa
1260 2657 1307 2685 ea
1326 2648 1373 2685 de
1393 2648 1539 2696 quibus
1558 2649 1599 2686 in
1620 2649 1706 2686 uni-

91 2694 238 2731 versali
257 2694 466 2732 scientiam
487 2703 619 2731 veram
641 2694 849 2739 habemus,
871 2703 942 2740 per
957 2694 1034 2731 hoc
1047 2694 1153 2741 quod
1173 2694 1216 2732 in
1234 2695 1461 2741 particulari
1489 2695 1703 2743 impeditur

88 2740 284 2786 judicium
304 2741 472 2779 rationis
491 2750 539 2779 ex
555 2741 690 2788 aliqua
705 2741 895 2787 passione
914 2741 1108 2778 rationem
1128 2741 1291 2788 ligante.
1313 2743 1377 2780 Hae
1397 2746 1529 2780 autem
1549 2743 1704 2790 passio-

94 2795 168 2839 nes
198 2787 242 2825 in
268 2788 518 2826 daemonibus
538 2796 628 2826 esse
648 2796 727 2825 non
747 2792 929 2834 possunt,
952 2788 1045 2835 quia
1062 2788 1123 2825 11ae
1143 2789 1352 2834 passiones
1373 2794 1467 2827 sunt
1480 2790 1603 2837 partis
1619 2799 1706 2827 sen-

94 2836 236 2880 sitivae,
272 2844 360 2883 quae
394 2835 544 2874 nullam
577 2834 695 2873 habet
714 2834 985 2882 operationem
1005 2835 1094 2873 sine
1116 2844 1267 2884 organo
1287 2836 1496 2884 corporali.
1520 2837 1559 2875 Si
1584 2837 1705 2884 igitur
