1894 3223
154 139 223 174 398
856 131 945 167 „ia
972 122 1037 170 1114
1063 131 1165 168 CAP.
1191 132 1232 168 0.

158 219 269 256 1111110
309 216 415 253 enim
449 214 569 251 modo
608 213 753 250 melius
784 213 1032 250 manifestari
1056 216 1186 258 potest
1215 213 1322 260 quod
1354 216 1439 251 tota
1462 216 1605 250 natura
1635 213 1779 251 divinae

157 265 335 310 subjecta
359 266 419 298 est
438 260 648 304 voluntati,
669 269 787 307 quam
809 269 857 296 ex
876 260 953 297 1100
973 260 1079 307 quod
1095 259 1334 307 quandoque
1363 261 1450 308 ipse
1469 264 1611 306 praeter
1627 263 1777 297 naturae

158 311 338 349 ordinem
361 308 513 355 aliquid
540 311 738 353 operatur.
772 308 824 343 Ex
853 306 930 344 11οο
951 306 1056 344 enim
1077 311 1238 353 apparet
1268 307 1374 354 quod
1407 307 1504 345 ordo
1533 315 1664 344 rerum
1692 317 1781 353 pro-

157 357 279 395 cessit
298 355 346 392 ab
370 364 432 399 eo,
451 359 489 391 et
506 363 586 392 non
606 363 676 401 per
690 354 970 391 necessitatem
991 358 1154 397 naturae,
1168 354 1237 391 sed
1251 363 1322 400 per
1340 354 1504 391 liberam
1517 354 1776 392 voluntatem.

155 406 232 441 Nec
254 402 367 439 debet
387 402 471 439 haec
495 402 597 438 ratio
621 401 760 438 frivola
790 401 978 446 reputari,
1000 401 1105 448 quod
1127 402 1231 438 Deus
1249 401 1401 448 aliquid
1435 401 1554 438 saciat
1573 402 1614 438 in
1635 405 1778 439 natura

157 451 205 488 ad
245 450 320 487 1100
359 449 466 496 quod
496 458 540 485 se
577 447 780 485 mentibus
818 447 1004 485 humanis
1042 448 1283 492 manifestet,
1311 457 1401 485 cum
1436 457 1556 493 supra
1586 448 1685 495 (cap.
1720 452 1777 494 17)

158 501 365 535 ostensum
387 495 561 542 sitquod
581 504 722 532 omnes
742 498 930 532 creaturae
949 495 1177 540 corporales
1198 494 1247 531 ad
1268 498 1449 532 naturam
1469 494 1777 533 intellectualem

157 544 392 582 ordinentur
428 542 724 590 quodammodo
765 541 869 578 sieut
906 542 950 594 in·
986 541 1120 578 finem.
1159 541 1291 587 Ipsius
1327 545 1458 579 autem
1496 541 1778 580 intellectualis

155 595 307 628 naturae
326 589 419 626 finis
439 594 500 626 est
527 589 661 626 divina
677 589 868 635 cognitio,
885 593 982 625 utin
1002 588 1277 633 superioribus
1293 592 1352 626 est
1369 593 1590 626 ostensum.
1613 591 1697 626 Non
1719 593 1780 625 est

155 647 249 684 ergo
270 637 415 674 mirum
436 637 486 682 si,
507 637 554 673 ad
575 636 845 683 cognitionem
879 635 926 672 de
946 637 1025 672 Deo
1056 634 1314 673 intellectuali
1337 639 1485 674 naturae
1511 635 1781 682 praebendam,

154 684 208 723 sit
223 684 356 731 aliqua
375 684 598 721 immutatio
622 684 663 720 in
684 683 910 721 substantia
933 681 1143 729 corporali.

845 830 1013 871 CAPUT
1041 829 1087 871 C.

291 945 468 979 QUOD‘EA
495 944 580 979 QUAE
600 944 699 974 mins
721 943 835 973 FACIT
853 943 1014 973 PRAETER
1034 942 1202 973 NATURAE
1235 942 1408 972 ORDINEM
1439 943 1518 973 NON
1549 939 1648 973 SPNT

777 996 929 1027 CONTRA
952 996 1152 1026 NATURAM.

208 1105 548 1143 Considerandum
584 1109 716 1142 tamen
748 1105 927 1150 videtur,
966 1105 1094 1152 quod,
1134 1104 1226 1142 licet
1262 1106 1367 1142 Deus
1404 1105 1601 1142 interdum
1640 1109 1781 1152 praeter

159 1153 339 1190 ordinem
355 1153 474 1190 rebus
489 1152 657 1189 inditum
674 1152 824 1197 aliquid
844 1156 1041 1198 operetur,
1057 1151 1156 1189 nihil
1174 1156 1308 1189 tamen
1327 1152 1421 1189 facit
1435 1156 1572 1189 contra
1583 1157 1777 1190 naturam.

159 1200 255 1238 Cum
285 1200 388 1236 enim
419 1201 524 1236 Deus
558 1200 610 1236 sit
639 1203 751 1236 actus
778 1208 917 1245 purus,
952 1199 1086 1236 omnia
1117 1208 1209 1236 vero
1241 1199 1320 1236 alia
1350 1199 1522 1236 habeant
1550 1199 1699 1246 aliquid
1731 1199 1779 1236 de

157 1247 334 1293 potentia
354 1246 584 1290 admixtum,
598 1249 752 1292 oportet
771 1246 875 1292 quod
894 1248 996 1282 Deus
1010 1249 1259 1291 comparetur
1279 1245 1326 1282 ad
1341 1246 1475 1283 omnia
1490 1246 1594 1283 sicut
1613 1255 1781 1284 movens

159 1294 207 1331 ad
229 1297 395 1337 motum,
429 1297 466 1329 et
485 1294 655 1330 activum
693 1293 740 1329 ad
776 1293 814 1329 id
847 1293 953 1339 quod
987 1297 1047 1330 est
1079 1293 1119 1329 in
1145 1293 1334 1339 potentia.
1357 1294 1468 1337 Quod
1500 1298 1630 1330 autem
1652 1297 1714 1330 est
1737 1294 1780 1330 in

157 1341 335 1387 potentia
366 1340 585 1376 secundum
619 1339 797 1376 ordinem
820 1340 1038 1376 naturalem
1060 1343 1241 1385 respectu
1263 1340 1431 1386 aliqu'us
1460 1341 1630 1386 agentis,
1652 1341 1686 1378 si
1707 1340 1778 1377 ali·

159 1387 254 1434 quid
276 1387 524 1432 imprimatur
546 1388 587 1422 in
606 1387 738 1432 ipsum
760 1387 808 1422 ab
829 1387 896 1423 illo
912 1392 1067 1432 agente,
1089 1396 1170 1423 non
1190 1390 1251 1423 est
1272 1391 1410 1424 contra
1429 1392 1610 1424 naturam
1626 1387 1778 1433 simpli·

159 1434 268 1478 citer,
289 1433 362 1470 etsi
400 1434 452 1470 sit
483 1433 698 1479 aliquando
729 1433 972 1470 contrarium
1003 1433 1229 1479 particulari
1251 1433 1388 1470 formae
1407 1443 1494 1480 quae
1515 1435 1781 1480 corrumpitur

157 1490 229 1527 per
252 1480 480 1527 huJusmodi
500 1481 696 1516 actionem
720 1489 728 1514 :
751 1489 839 1516 cum
862 1480 967 1516 enim
988 1483 1200 1527 generatur
1219 1480 1325 1527 ignis
1346 1484 1383 1517 et
1415 1481 1682 1526 corrumpitur
1698 1490 1780 1524 aer,

158 1529 251 1574 igne
272 1531 427 1574 agente,
450 1530 510 1564 est
527 1527 730 1574 generatio
751 1531 789 1563 et
808 1527 1009 1573 corruptio
1031 1527 1238 1564 naturalis.
1256 1527 1450 1574 Quicquid
1472 1528 1594 1574 igitur
1610 1529 1723 1565 aDeo
1739 1527 1782 1564 fit

157 1575 200 1611 in
240 1574 359 1612 rebus
394 1574 551 1618 creatis,
591 1583 671 1610 non
709 1578 769 1611 est
805 1579 944 1610 contra
971 1579 1168 1619 naturam,
1200 1575 1273 1611 etsi
1307 1575 1486 1612 videatur
1516 1584 1606 1612 esse
1643 1579 1781 1612 contra

158 1621 338 1658 ordinem
359 1621 562 1668 proprium
584 1620 751 1668 alicujiis
773 1626 937 1658 naturae.

202 1670 348 1713 Adhuc,
370 1678 459 1706 011111
478 1670 583 1705 Deus
616 1669 668 1705 sit
687 1668 856 1715 primurn
880 1678 1016 1714 agens,
1051 1671 1094 1705 ut
1121 1678 1241 1714 supra
1271 1668 1354 1714 (lib.
1374 1676 1402 1713 1,
1424 1678 1458 1705 0.
1490 1671 1547 1713 13,
1568 1672 1607 1706 et
1620 1679 1665 1714 11,
1687 1679 1721 1707 0.
1744 1669 1781 1717 6)

158 1721 365 1753 ostensum
387 1719 460 1759 est,
499 1716 635 1753 omnia
652 1725 740 1763 quae
761 1720 854 1753 sunt
874 1720 963 1761 post
984 1716 1130 1762 ipsum,
1150 1720 1245 1753 sunt
1271 1716 1384 1762 quasi
1419 1716 1600 1762 quaedam
1632 1717 1780 1754 instru-

157 1767 291 1800 menta
320 1764 462 1809 ipsius.
496 1763 551 1800 Ad
584 1763 659 1800 1100
689 1767 821 1800 autem
854 1767 948 1799 sunt
979 1763 1244 1800 instrumenta
1275 1763 1471 1806 instituta,
1494 1767 1536 1800 ut
1557 1764 1782 1801 deserviant

158 1810 304 1847 actioni
341 1810 572 1856 principalis
602 1810 772 1856 agentis,
794 1810 886 1846 dum
922 1814 1129 1847 moventur
1157 1810 1206 1846 ab
1235 1810 1352 1855 ipso;
1384 1810 1489 1847 unde
1512 1810 1605 1848 talis
1635 1811 1781 1848 instru-

156 1857 279 1893 menti
302 1857 465 1893 materia
483 1861 521 1892 et
540 1858 668 1893 forma
682 1866 772 1894 esse
793 1856 958 1893 debetut
978 1857 1030 1893 sit
1044 1860 1274 1903 competens
1292 1856 1440 1893 actioni
1470 1866 1589 1903 quam
1610 1857 1781 1895 intendit

156 1903 375 1950 principale
396 1913 519 1949 agens
537 1915 544 1946 ;
568 1908 605 1940 et
631 1907 792 1950 propter
820 1903 896 1940 hoc
918 1912 998 1940 non
1020 1908 1081 1940 est
1100 1907 1236 1940 contra
1257 1907 1437 1940 naturam
1458 1903 1713 1941 instrumenti
1737 1908 1780 1942 ut

155 1955 362 1987 moveatur
381 1959 403 1986 a
424 1950 632 1995 principali
655 1954 810 1997 agente,
837 1950 906 1987 sed
930 1954 989 1987 est
1009 1951 1044 1987 ei
1065 1951 1236 1987 maxime
1256 1950 1513 1987 conveniens.
1535 1952 1668 1997 Neque
1683 1961 1780 1998 ergo

157 2001 217 2034 est
235 2000 373 2034 contra
390 2001 585 2041 naturam,
607 2007 695 2033 cum
717 2006 780 2034 res
799 2001 939 2034 creatae
962 2001 1169 2035 moventur
1186 1997 1528 2044 qualitercumque
1547 2008 1571 2035 a
1597 1999 1677 2035 Deo
1694 2010 1703 2043 ;
1719 1999 1778 2036 sic

157 2044 261 2080 enim
284 2044 473 2080 institutae
492 2048 585 2080 sunt
607 2049 647 2080 ut
670 2044 703 2080 ei
720 2044 956 2081 deserviant.

203 2092 395 2131 Praeterea‚
418 2091 458 2126 in
493 2091 704 2136 agentibus
719 2092 836 2128 etiam
858 2091 1144 2137 corporalibus,
1167 2091 1243 2128 hoc
1259 2090 1414 2128 videtur
1432 2091 1538 2138 quod
1558 2095 1691 2129 motus
1711 2093 1779 2139 qui

157 2141 251 2174 sunt
279 2137 317 2173 in
357 2137 446 2174 istis
478 2137 735 2175 inferioribus
765 2139 999 2184 corporibus
1031 2148 1079 2175 ex
1110 2138 1376 2185 impressione
1404 2139 1656 2184 superiorum
1696 2148 1780 2176 non

157 2189 250 2222 sunt
269 2184 447 2229 violenti,
466 2194 596 2231 neque
611 2190 748 2222 contra
767 2190 964 2229 naturam,
980 2186 1162 2233 quamvis
1178 2194 1259 2223 non
1273 2185 1481 2224 videantur
1496 2185 1780 2224 convenientes

155 2232 281 2268 motui
306 2232 489 2277 naturali,
511 2241 627 2278 quem
649 2241 794 2279 corpus
817 2233 984 2270 inferius
1003 2232 1122 2270 habet
1147 2232 1368 2271 secundum
1387 2234 1668 2280 proprietatem
1694 2242 1780 2271 suae

155 2278 305 2316 formae.
345 2280 431 2316 Non
466 2280 570 2315 enim
609 2279 780 2316 dicimus
821 2280 926 2327 quod
958 2279 1091 2317 fluxus
1122 2283 1161 2317 et
1190 2279 1366 2317 refluxus
1403 2280 1526 2318 maris
1562 2280 1614 2318 sit
1644 2284 1780 2318 motus

153 2325 368 2371 violentus,
403 2335 490 2362 cum
531 2327 584 2363 sit
616 2336 663 2363 ex
700 2327 964 2373 impressione
998 2327 1174 2365 coelestis
1206 2327 1384 2373 corporis
1407 2339 1416 2372 ;
1455 2327 1548 2364 licet
1583 2327 1779 2365 naturalis

154 2377 287 2410 motus
309 2382 421 2420 aquae
443 2373 496 2410 sit
514 2374 645 2410 solum
667 2374 715 2411 ad
738 2383 855 2411 unam
878 2378 1042 2420 partem,
1064 2374 1218 2412 scilicet
1237 2374 1286 2412 ad
1306 2374 1495 2411 medium.
1516 2374 1636 2412 Multo
1656 2374 1779 2421 igitur

154 2420 284 2466 magis
305 2420 494 2467 quicquid
513 2430 537 2457 a
553 2422 633 2458 Deo
653 2419 698 2457 fit
715 2421 756 2458 in
781 2420 957 2468 qualibet
977 2426 1159 2459 creatura
1178 2430 1259 2459 non
1289 2425 1421 2468 potest
1449 2421 1528 2458 dici
1557 2421 1776 2459 violentum

155 2471 222 2504 aut
241 2472 378 2504 contra
397 2472 594 2505 naturam.

180 2515 301 2565 diem,
325 2514 452 2566 prima
490 2524 680 2552 mensura
703 2516 890 2553 essentiae
925 2519 964 2553 et
991 2520 1142 2553 naturae
1175 2515 1464 2563 cujuscumque
1483 2515 1540 2553 rei
1560 2518 1622 2553 est
1655 2516 1776 2558 Deus,

155 2564 258 2597 sicut
284 2571 456 2607 primum
493 2571 580 2607 ens,
610 2561 717 2609 quod
749 2567 809 2600 est
836 2562 1024 2600 omnibus
1052 2572 1176 2600 causa
1207 2563 1383 2601 essendi.
1416 2564 1511 2600 Cum
1542 2567 1674 2600 autem
1704 2571 1776 2607 per

155 2615 381 2660 mensuram
404 2608 451 2646 de
469 2618 706 2657 unaquaque
725 2619 766 2647 re
795 2614 976 2647 sumatur
990 2609 1202 2657 Judicium,
1222 2614 1376 2656 oportet
1402 2609 1478 2648 hoc
1496 2609 1575 2647 dici
1593 2607 1773 2661 naturale

154 2662 369 2701 unicuique
391 2656 446 2692 rei
467 2665 537 2702 per
554 2657 660 2704 quod
680 2657 952 2695 conformatur
970 2666 1054 2695 suae
1085 2666 1298 2695 mensurae.
1317 2659 1399 2694 Hoc
1418 2657 1540 2703 igitur
1558 2659 1634 2692 erit
1663 2658 1776 2693 natu-

154 2699 235 2736 rale
253 2702 467 2754 unicuique
484 2703 541 2741 rei
561 2703 668 2751 quod
687 2704 723 2741 ei
743 2714 767 2741 a
783 2706 863 2741 Deo
883 2704 1054 2742 inditum
1076 2708 1149 2742 est.
1167 2704 1368 2752 Ergo‚etsi
1383 2703 1513 2741 adhuc
1531 2701 1659 2739 eidem
1679 2702 1737 2739 rei
1749 2711 1774 2739 a

156 2746 234 2783 Deo
256 2747 406 2793 aliquid
430 2750 543 2787 aliter
558 2750 822 2797 imprimatur,
848 2761 928 2789 non
946 2756 1007 2789 est
1026 2755 1166 2789 contra
1184 2755 1380 2789 naturam.
1613 2795 1619 2801 Ι

199 2794 383 2846 ᾼηιρίἰαε,
404 2804 545 2836 omnes
576 2801 766 2836 creaturae
796 2802 1077 2845 comparantur
1107 2798 1157 2836 ad
1192 2800 1316 2836 Deum
1346 2796 1451 2835 sicut
1480 2794 1689 2833 artifieiata
1723 2795 1773 2833 ad

155 2839 359 2892 artificem,
379 2845 421 2878 ut
449 2851 495 2879 ex
527 2845 748 2889 praemissis
772 2844 854 2892 (lib.
879 2855 921 2886 11,
951 2856 1036 2891 cap.
1069 2845 1130 2893 24)
1152 2848 1285 2892 patet:
1313 2843 1418 2881 unde
1436 2846 1520 2880 tota
1551 2846 1692 2880 natura
1713 2847 1773 2880 est

156 2891 259 2924 sicut
278 2888 477 2935 quoddam
499 2890 749 2928 artificiatum
771 2892 914 2930 divinae
937 2894 1047 2930 artis.
1069 2894 1158 2930 Non
1188 2895 1249 2929 est
1267 2894 1398 2928 autem
1420 2893 1557 2927 contra
1577 2890 1772 2927 rationem
