1894 3223
121 128 167 164 26
732 122 820 158 [ΑΒ.
849 123 878 166 1,
908 122 1009 158 CAP.
1036 123 1121 158 XXI.

123 208 399 253 conspiciuntur
415 206 557 253 (Rom,
578 213 605 250 1,
625 204 700 251 20).
722 204 816 248 Quae
836 203 941 241 enim
956 212 1038 241 non
1056 204 1158 249 visu,
1176 204 1244 241 sed
1261 204 1460 241 intellectu
1476 204 1732 250 conspiciun-

123 258 200 298 tur,
220 255 453 299 incorporea
473 255 579 289 sunt.
701 266 729 292 ι.

169 303 242 337 Ρ61·
262 301 337 337 1106
357 304 486 336 autem
510 297 726 334 destruitur
745 307 854 335 error
874 298 1091 344 primorum
1111 298 1441 345 philosophorum
1476 298 1736 345 naturalium,

121 348 189 394 qui
210 356 289 384 non
308 347 506 393 ponebant
526 344 603 380 nisi
624 353 767 382 causas
796 345 1034 388 materiales,
1051 349 1095 381 ut
1129 346 1276 391 ignem,
1291 346 1352 381 vel
1389 354 1546 391 aquam,
1567 345 1629 381 vel
1662 344 1736 382 ali-

122 394 216 440 quid
230 392 477 439 huJ'usmodi3
496 394 534 427 et
550 391 608 428 816
623 391 750 436 prima
762 401 893 429 rerum
913 392 1106 437 principia
1125 401 1294 438 corpora
1313 391 1508 436 dicebant,
1531 395 1571 428 et
1591 391 1730 430 eadem

121 441 315 477 vocabant
328 440 437 475 deos.
454 440 557 474 Inter
576 446 677 484 quos
695 439 813 475 etiarn
833 439 993 485 quidam
1013 440 1172 475 suerunt
1187 442 1380 485 ponentes
1398 447 1543 475 causas
1565 447 1727 475 moven-

122 491 195 530 tes,
216 486 429 523 amicitiam
450 488 488 521 et
502 484 630 529 litem;
646 484 712 531 qui
735 485 851 522 etiam
867 489 1024 531 propter
1044 486 1252 530 praedictas
1268 486 1442 522 rationes
1463 485 1733 523 confutantur.

121 535 233 577 Nam,
249 541 369 579 quum
399 532 449 568 lis
480 534 519 568 et
554 532 729 568 amicitia
748 532 830 568 sint
866 532 907 568 in
929 532 1176 578 corporibus,
1200 533 1418 570 secundum
1441 541 1525 577 eos,
1548 531 1731 578 sequitur

120 580 248 626 prima
267 578 462 624 principia
493 578 692 616 moventia
729 588 818 616 esse
839 579 1002 615 virtutes
1024 580 1063 615 in
1084 587 1262 625 corpore.
1285 580 1362 625 ipsi
1386 580 1502 616 etiam
1531 578 1735 625 ponebant

121 629 242 664 Deum
260 634 349 663 esse
364 625 628 672 compositum
650 635 697 663 ex
711 629 880 673 quatuor
894 626 1101 663 elementis
1122 630 1160 662 et
1189 626 1384 671 amicitia;
1407 636 1475 672 per
1495 626 1600 672 quod
1622 625 1737 662 datur

120 673 303 719 intelligi,
325 673 431 719 quod
468 676 687 718 posuerunt
710 675 831 710 Deum
853 681 942 710 esse
974 681 1117 718 corpus
1137 673 1310 709 coeleste.
1341 675 1445 710 Inter
1465 673 1653 720 antiquos
1666 682 1737 709 au-

121 723 213 764 tem,
233 719 345 756 solus
360 722 615 765 Anaxagoras
635 720 682 756 ad
701 721 904 757 veritatem
924 719 1106 773 accessit,
1128 727 1281 765 ponens
1314 720 1556 756 intellectum
1578 727 1738 756 moven-

121 770 199 802 tem
226 766 361 803 omnia
381 770 618 812 separatum.
643 768 720 804 Hac
751 767 867 804 etiam
891 770 1052 804 veritate
1085 767 1376 812 redarguuntur
1395 766 1566 803 Gentiles
1586 775 1737 813 ponen-

120 816 181 850 tes
196 813 284 858 ipsa
299 814 494 850 elementa
513 814 650 850 mundi
675 818 713 850 et
728 815 892 851 virtutes
913 814 954 851 in
975 814 1034 851 eis
1054 813 1270 850 existentes
1286 813 1383 850 deos
1404 822 1507 857 esse,
1530 815 1573 850 ut
1593 813 1734 853 solem,

121 859 270 900 lunam,
295 864 454 904 terram,
477 869 619 907 aquam
650 865 686 897 et
714 861 956 907 hujusmodi,
979 861 1230 898 occasionem
1255 860 1448 898 habentes
1469 869 1516 896 ex
1537 859 1736 906 praedictis

120 907 452 952 philosophorum
491 908 704 944 erroribus.
726 909 927 945 praedictis
961 909 1077 945 etiam
1101 907 1322 944 rationibus
1357 907 1621 944 excluduntur
1640 907 1737 944 deli-

120 957 299 991 ramenta
315 955 540 991 Judaeorum
567 955 823 1000 simplicium,
851 955 1094 999 Tertulliani,
1115 955 1395 998 vadianorum,
1415 954 1498 992 sive
1514 955 1735 1000 Anthropo-

121 1001 409 1046 morpliitarum
440 1001 728 1045 haereticorum,
751 1003 818 1048 001
855 1004 976 1039 [)6001
1011 1002 1283 1047 corporalibus
1323 1002 1576 1038 lineamentis
1595 1001 1739 1048 figura-

120 1046 213 1084 bant
231 1059 239 1091 ;
258 1057 411 1084 necnon
433 1051 468 1084 et
487 1049 805 1093 Manichaeorum,
825 1049 889 1096 qui
904 1049 1113 1096 quamdam
1129 1048 1321 1084 infinitam
1340 1049 1440 1085 lucis
1456 1048 1735 1092 substantiam,

123 1103 192 1139 per
212 1094 409 1131 infinitum
432 1096 603 1140 spatium
624 1096 849 1140 distentam,
873 1098 994 1132 Deum
1031 1096 1322 1132 existimabant.
1352 1097 1527 1139 Quorum
1557 1096 1737 1132 omnium

125 1150 302 1177 errorum
324 1142 397 1178 suit
417 1142 590 1186 occasio,
613 1143 732 1188 quod,
754 1144 800 1179 dc
827 1143 972 1179 divinis
993 1143 1230 1187 cogitantes,
1253 1142 1301 1178 ad
1322 1142 1648 1188 imaginationem
1671 1143 1736 1178 de-

124 1187 354 1232 ducebatur,
378 1197 446 1234 pcr
465 1198 582 1235 quam
604 1198 683 1225 non
708 1193 837 1235 potest
857 1191 981 1236 accipi
1012 1190 1088 1226 11181
1112 1189 1291 1234 corporis
1313 1189 1548 1226 similitudo.
1568 1191 1613 1225 Et
1646 1189 1736 1226 ideo

123 1242 210 1271 eam
226 1234 268 1271 in
288 1235 536 1282 incorporeis
556 1236 795 1274 meditandis
816 1237 1089 1284 derelinquere
1110 1238 1278 1282 oportet.
1294 1236 1321 1283 (l
1342 1242 1457 1284 part„
1480 1249 1516 1286 q.
1538 1238 1613 1286 10.)

783 1381 951 1423 CAPUT
970 1381 1075 1423 XXI.

617 1501 719 1536 QUOD
742 1501 840 1531 DEUS
858 1502 930 1531 EST
945 1500 1020 1531 SUA
1043 1501 1244 1532 ESSENTIA.

170 1613 224 1648 Ex
242 1611 461 1657 praemissis
480 1615 610 1648 autem
629 1611 762 1648 baberi
780 1614 922 1657 potest,
940 1611 1045 1658 quod
1067 1613 1171 1647 Deus
1191 1613 1253 1647 est
1278 1619 1355 1648 sua
1369 1610 1558 1655 essentia,
1578 1611 1735 1658 quiddi·

121 1660 200 1702 tas,
219 1667 288 1695 seu
310 1661 462 1695 natura.

171 1708 210 1741 ln
253 1705 487 1741 0010160101
509 1714 570 1745 eo,
591 1705 695 1752 quod
724 1714 804 1742 non
837 1708 898 1742 est
934 1714 1007 1742 sua
1043 1704 1218 1741 essentia
1238 1704 1321 1741 sive
1353 1704 1567 1751 0010111018,
1584 1709 1736 1751 oportet

124 1751 295 1798 aliquam
315 1761 404 1788 csse
426 1753 911 1797 compositiciiem.Quum
933 1752 1039 1788 enim
1060 1752 1100 1787 10
1126 1760 1365 1798 unoquoque
1378 1751 1429 1788 sit
1446 1760 1520 1788 sua
1543 1753 1732 1797 essentia,

123 1799 156 1835 si
179 1798 277 1835 1111111
299 1799 337 1834 10
360 1799 493 1845 aliquo
515 1803 619 1836 esset
653 1803 792 1843 praeter
809 1799 893 1844 rjus
925 1799 1154 1841 essentiam,
1176 1802 1301 1834 totum
1323 1799 1426 1845 quod
1463 1807 1526 1835 res
1548 1802 1607 1836 est
1628 1804 1735 1836 esset

122 1844 208 1891 ejtts
234 1845 428 1889 essentia;
457 1847 570 1882 etsie
600 1847 728 1891 ipsum
762 1851 867 1881 esset
885 1855 956 1882 sua
980 1846 1167 1882 essentia.
1190 1845 1227 1881 Si
1250 1845 1370 1890 igitur
1400 1845 1549 1892 aliquid
1568 1854 1647 1883 non
1675 1850 1735 1883 est

123 1901 196 1928 sua
228 1892 414 1935 essentia,
439 1897 591 1938 oportet
628 1892 775 1938 aliquid
799 1893 836 1928 in
872 1902 918 1929 eo
958 1902 1046 1929 esse
1079 1896 1218 1938 praeter
1238 1892 1324 1938 eJus
1357 1893 1593 1937 essentiam;
1616 1897 1653 1929 et
1675 1895 1733 1930 816

121 1941 275 1984 oportet
309 1940 349 1975 10
370 1949 417 1976 60
449 1948 537 1976 6886
559 1939 902 1985 compositionem.
924 1939 1030 1976 Unde
1068 1939 1185 1975 etiam
1224 1940 1396 1976 essentia
1425 1940 1465 1975 10
1500 1940 1733 1986 compositis

121 1986 372 2032 significatur
392 1995 460 2031 per
479 1986 638 2023 modum
679 1988 815 2032 partis,
839 1991 879 2022 ut
917 1986 1145 2023 humanitas
1184 1986 1224 2022 in
1246 1986 1420 2023 homine.
1442 1987 1653 2024 Ostensum
1673 1991 1733 2025 est

121 2038 251 2070 autem
272 2033 313 2069 in
334 2035 413 2069 Deo
440 2034 588 2070 nullam
610 2042 699 2070 esse
720 2033 1065 2079 compositionem.
1090 2035 1193 2070 Deus
1214 2033 1336 2080 igitur
1366 2037 1426 2071 est
1446 2043 1520 2070 sua
1540 2035 1729 2072 essentia.

167 2081 310 2121 Adhuc,
333 2080 462 2117 801001
484 2080 581 2117 11100
604 2081 756 2116 videtur
775 2090 863 2117 6886
884 2084 1023 2126 praetei·
1055 2081 1268 2117 essentiam
1289 2080 1349 2117 vel
1379 2081 1635 2127 quidditatem
1658 2082 1729 2123 rei,

120 2127 225 2173 quod
245 2136 325 2164 non
346 2128 465 2163 intrat
485 2127 753 2164 definitionem
786 2128 926 2173 ipsius.
955 2127 1138 2164 Definitio
1171 2128 1276 2163 enim
1307 2128 1506 2174 significat
1540 2129 1633 2175 quid
1671 2133 1732 2166 est

119 2183 196 2211 res.
219 2174 309 2211 Sola
328 2178 457 2210 autem
479 2175 698 2211 accidentia
719 2176 773 2210 rei
802 2179 908 2219 sunt,
930 2184 1017 2221 quae
1037 2174 1075 2210 in
1103 2173 1332 2211 definitione
1355 2183 1433 2211 non
1456 2174 1614 2212 cadunt.
1638 2176 1730 2214 Sola

119 2220 240 2267 igitur
259 2220 479 2258 accidentia
499 2225 591 2258 sunt
608 2222 646 2257 10
670 2231 709 2257 re
732 2222 878 2268 aliqua,
895 2226 1035 2267 praeter
1058 2221 1271 2258 essentiam
1309 2221 1408 2267 ejus.
1433 2224 1474 2257 ln
1494 2223 1573 2259 Deo
1594 2226 1726 2260 autem

119 2277 199 2304 non
221 2272 314 2305 sunt
345 2268 478 2314 aliqua
497 2268 729 2312 accidentia,
753 2273 794 2304 ut
826 2269 1056 2305 ostendetur
1072 2268 1119 2314 (c.
1134 2268 1214 2314 23);
1244 2268 1344 2304 011111
1379 2268 1501 2315 igitur
1520 2273 1582 2306 est
1617 2269 1660 2306 10
1678 2278 1728 2307 60

117 2319 258 2361 praeter
275 2317 490 2353 essentiam
511 2314 596 2361 ejus
612 2326 620 2359 ;
639 2319 699 2352 est
719 2315 840 2360 igitur
858 2315 942 2360 ipse
956 2324 1029 2352 sua
1044 2316 1231 2352 essentia.

163 2363 346 2408 Amplius,
367 2363 502 2399 formae
521 2372 607 2408 quae
633 2362 680 2399 de
704 2363 822 2399 rebus
842 2362 1154 2400 subsistentibus
1175 2371 1254 2399 non
1282 2361 1557 2408 praedicantur,
1580 2363 1663 2400 sive
1684 2363 1727 2401 10

117 2409 333 2446 universali
354 2410 437 2446 sive
459 2409 500 2446 in
516 2409 709 2456 singulari
727 2409 913 2455 acceptis,
935 2413 1028 2446 sunt
1048 2410 1183 2446 formae
1203 2418 1290 2456 quae
1311 2418 1390 2446 non
1401 2418 1470 2456 per
1489 2418 1533 2446 se
1553 2410 1728 2457 singula-

117 2456 211 2493 riter
230 2457 456 2494 subsistunt
492 2456 533 2492 in
554 2457 699 2502 seipsis
727 2456 995 2494 individuatae.
1016 2458 1102 2493 Non
1123 2457 1229 2493 enim
1250 2457 1394 2493 dicitur
1413 2458 1518 2503 quod
1544 2457 1725 2494 Socrates

117 2507 185 2539 aut
205 2503 324 2540 homo
344 2507 411 2540 aut
427 2503 573 2540 animal
594 2504 646 2540 sit
668 2503 806 2540 albedo
824 2515 832 2547 ;
855 2504 948 2550 quia
966 2504 1106 2540 albedo
1125 2512 1206 2540 non
1227 2508 1287 2540 est
1306 2513 1376 2549 per
1394 2512 1438 2540 se
1469 2504 1724 2550 singulariter

118 2550 357 2594 subsistens,
378 2551 446 2587 sed
482 2550 752 2587 individuatur
769 2560 839 2596 per
870 2550 1090 2597 subjectum
1116 2550 1354 2590 subsistens.
1377 2550 1564 2587 Similiter
1604 2549 1722 2587 etiam

118 2596 254 2632 formae
270 2597 468 2633 naturales
488 2606 568 2633 non
590 2598 814 2634 subsistunt
834 2607 903 2643 per
919 2607 962 2635 86
982 2598 1250 2644 singulariter,
1273 2598 1342 2635 sed
1360 2597 1656 2633 individuantur
1681 2597 1723 2634 in

116 2643 287 2688 propriis
318 2644 516 2686 materiis3
539 2644 642 2680 unde
663 2653 743 2680 non
761 2645 945 2688 dicimus,
967 2645 1073 2692 quod
1115 2645 1179 2682 1116
1198 2645 1258 2681 vel
1284 2645 1349 2680 1116
1370 2643 1490 2689 ignis,
1512 2647 1579 2680 aut
1613 2644 1721 2689 ignis

117 2690 168 2726 sit
185 2699 258 2726 sua
277 2689 415 2726 forma.
434 2692 530 2735 lpsae
550 2691 667 2727 etiam
689 2692 872 2728 essentiae
888 2692 946 2728 vel
960 2692 1198 2738 quidditates
1218 2699 1404 2737 generum
1422 2690 1479 2725 vel
1496 2690 1717 2735 specierum

117 2736 413 2773 individualitur
433 2737 650 2773 secundum
682 2738 886 2774 materiam
919 2739 1115 2785 signatam
1143 2738 1261 2783 hujus
1278 2737 1337 2773 vel
1368 2737 1477 2773 illius
1499 2737 1689 2773 individui
1710 2749 1720 2783 ;

117 2783 209 2819 licet
221 2783 336 2819 etiam
359 2783 558 2830 quidditas
578 2785 736 2829 generis
754 2785 813 2820 vel
833 2786 978 2829 speciei
1013 2787 1178 2822 sormam
1196 2784 1371 2821 includat
1399 2788 1436 2820 et
1453 2784 1654 2820 materiam
1678 2784 1718 2821 10

116 2830 338 2874 communi;
358 2830 461 2866 unde
496 2839 577 2867 non
597 2831 741 2867 dicitur
758 2833 863 2877 quod
885 2834 1065 2869 Socrates
1085 2832 1144 2868 vel
1163 2832 1282 2868 liomo
1314 2831 1366 2867 sit
1384 2830 1623 2868 humanitas.
1644 2831 1719 2869 sed

116 2877 250 2915 divina
268 2877 442 2915 essentia
460 2881 521 2914 est
536 2886 605 2925 per
622 2886 665 2915 se
683 2878 938 2925 singulariter
957 2879 1154 2918 exsistens
1172 2880 1210 2915 et
1228 2877 1270 2916 10
1306 2878 1440 2924 seipsa
1457 2878 1716 2924 individuam,
