1894 3223
667 142 753 177 rm.
782 143 854 186 111,
874 143 984 180 CAPe
1004 143 1137 179 cxxix·
1157 144 1260 190 (ms).
1704 148 1774 182 437

201 223 479 270 Unusquisque
514 226 645 260 autem
666 232 801 260 curam
825 224 942 260 habet
962 225 1185 270 aliq-uorum
1202 225 1422 263 secundum
1444 225 1549 272 quod
1569 225 1616 262 ad
1636 226 1766 271 ipsum

152 271 375 318 pertinent;
397 279 487 306 nam
507 269 612 316 quod
629 269 676 306 de
699 270 761 307 his
782 280 869 317 quse
890 271 937 307 ad
960 271 1089 316 ipsum
1109 280 1188 308 non
1211 273 1408 318 pertinent
1441 282 1574 309 curam
1598 277 1707 319 gerat
1727 279 1765 310 ut

153 318 338 356 curiosus
368 316 625 362 vituperatur.
658 316 744 354 Alio
776 327 868 354 vero
890 318 1027 354 ordine
1048 328 1150 355 uuus
1168 319 1288 356 hoino
1309 323 1366 355 est
1388 319 1589 364 pertinens
1610 320 1657 356 ad
1673 320 1768 357 alte—

153 366 255 408 rum,
290 363 368 400 alio
401 367 530 400 autem
565 363 612 401 ad
643 364 780 400 Deum.
819 365 926 401 Unus
956 366 1060 401 enim
1094 366 1213 402 bomo
1247 365 1295 402 ad
1317 366 1482 402 alterum
1505 367 1685 412 pertinet,
1707 367 1767 404 vel

152 410 372 449 secundum
388 410 606 447 naturalem
630 410 825 456 originem
847 421 933 457 quie
951 421 1017 457 per
1036 413 1215 457 corporis
1235 412 1522 449 traductionem
1547 412 1600 457 tit,
1624 414 1682 450 vel
1700 423 1768 459 per

152 457 326 504 aliquam
360 466 521 503 operum
553 458 791 494 exteriorum
826 458 1146 504 conjunclionem
1165 471 1173 503 ;
1195 460 1412 496 secundum
1434 460 1641 498 interiores
1663 461 1764 498 enim

153 508 265 543 actus
299 504 420 542 homo
451 513 530 540 non
563 508 692 550 potest
725 505 834 541 alteri
867 506 1176 549 communicare,
1207 506 1283 542 nisi
1318 507 1583 544 mediantibus
1615 508 1766 546 actibus

153 551 428 589 exterioribus.
452 553 576 588 Homo
596 554 725 588 autem
747 552 913 598 pertinet
935 552 981 589 ad
1006 553 1124 588 Deum
1148 553 1364 589 secundum
1390 554 1493 599 quod
1514 553 1560 590 ab
1581 554 1668 599 ipso
1689 555 1766 591 ori-

152 598 285 646 ginem
302 598 430 642 habet,
450 599 564 644 cujus
583 598 739 645 quidem
763 599 931 644 originis
950 600 1048 636 ratio
1067 604 1104 635 et
1118 600 1214 636 ordo
1235 600 1381 636 attendi
1399 605 1527 646 potest
1548 601 1771 639 secundum

153 645 455 684 similitudinem
489 645 665 683 hominis
697 646 743 682 asl
779 647 927 689 Deum,
961 646 1269 693 unumquodque
1297 647 1400 682 enim
1423 648 1504 692 agit,
1524 648 1600 685 sibi
1622 648 1766 686 simile.

152 692 277 738 Magis
298 696 428 729 autem
449 693 599 730 accedit
616 692 734 729 honio
756 693 802 729 ad
825 694 889 729 Dei
912 693 1214 730 similitudinem
1230 695 1447 730 secundum
1466 695 1635 731 animam
1650 700 1766 742 quam

154 739 373 776 secundum
394 748 539 785 corpus
558 751 567 784 ;
593 740 763 776 maxime
781 744 909 777 autem
933 739 1151 777 secundum
1169 744 1356 778 mentem.
1389 741 1496 778 Unde
1515 742 1767 780 manifestum

154 789 213 823 est
234 786 337 833 quod
360 786 400 823 in
422 787 576 832 origine
608 787 797 831 hominis,
819 786 1038 824 secundum
1059 787 1164 834 quod
1186 797 1210 824 a
1229 788 1309 824 Deo
1339 788 1529 834 procedit,
1552 789 1767 835 principale

153 833 349 870 intentum
371 838 432 870 est
450 843 578 879 mons,
594 838 631 871 et
646 838 803 879 propter
819 843 903 870 eam
923 834 1196 879 producuntur
1213 843 1236 871 a
1256 835 1335 872 Deo
1356 834 1443 872 aliae
1460 839 1590 881 partes
1605 836 1767 881 animae;

156 883 193 916 et
212 884 369 926 propter
390 881 562 917 animam
584 881 812 926 producitur
832 890 976 926 corpus
992 892 1000 917 :
1019 880 1076 918 sic
1094 881 1215 927 igitur
1228 882 1307 919 Deo
1322 883 1518 928 praecipue
1533 893 1627 920 cura
1643 886 1703 920 est
1721 882 1769 920 de

154 930 284 964 mente
305 927 493 965 hominis.
513 929 808 974 consequenter
830 932 959 965 autem
983 928 1029 964 de
1050 927 1140 964 aliis
1161 929 1338 974 partibus
1358 930 1514 973 animae,
1534 933 1571 966 et
1588 933 1676 975 post
1697 930 1768 967 has

154 973 201 1011 de
230 983 394 1019 corpore
413 986 419 1010 :
456 978 494 1011 et
514 975 611 1011 liinc'
628 978 686 1011 est
704 974 810 1021 quod
831 983 899 1021 per
925 979 1097 1012 mentem
1118 975 1237 1012 horno
1256 976 1438 1013 ultimum
1459 975 1574 1013 tinem
1598 976 1767 1022 attingit,

155 1020 220 1069 qui
254 1025 314 1057 est
346 1021 517 1058 bumana
552 1021 733 1066 felicitas,
767 1025 808 1058 ut
838 1031 959 1067 supra
989 1021 1070 1068 (lib.
1092 1031 1150 1065 111,
1173 1031 1258 1068 cap.
1280 1022 1338 1068 37)
1361 1027 1568 1060 ostensum
1590 1027 1662 1061 est.
1683 1023 1769 1061 Alia

155 1076 365 1150 verodquae
398 1072 491 1104 sunt
522 1068 562 1104 in
595 1068 757 1106 homine
789 1068 977 1114 organice
1005 1068 1233 1105 deserviunt
1253 1069 1300 1105 ad
1340 1069 1620 1107 beatitudinem
1643 1070 1769 1117 perci-

182 1122 245 1150 ien
277 1123 353 1150 am.

154 1123 179 1159 p
202 1161 255 1201 Ex
274 1160 337 1198 his
358 1160 479 1208 igitur
506 1165 668 1208 apparet
687 1161 791 1208 quod
820 1162 1025 1198 hominum
1048 1163 1228 1208 regimen
1246 1172 1381 1199 curam
1403 1163 1519 1199 habet
1539 1164 1586 1199 de
1607 1164 1768 1200 interio—

158 1207 269 1244 ribus
302 1207 525 1246 secundum
552 1207 659 1256 quod
691 1208 925 1247 ordinantur
959 1209 1008 1245 ad
1037 1209 1245 1254 exteriora,
1275 1213 1312 1245 et
1341 1219 1411 1255 per
1430 1220 1476 1246 ea
1499 1210 1770 1255 explicantur3

154 1255 258 1292 Deus
287 1259 416 1292 autem
447 1264 467 1292 e
500 1263 692 1293 converso
726 1264 859 1293 curam
894 1255 1013 1292 habet
1047 1256 1094 1293 de
1125 1256 1388 1294 exterioribus
1418 1258 1637 1294 secundum
1662 1259 1767 1304 quod

154 1301 388 1339 ordinantur
418 1301 465 1338 ad
491 1302 695 1346 interiora,
725 1303 896 1339 maxime
929 1308 1121 1349 quantum
1144 1303 1193 1340 ad
1213 1308 1400 1348 mentem,
1421 1314 1490 1349 per
1510 1314 1626 1350 quam
1648 1304 1767 1341 homo

154 1352 215 1386 est
245 1358 367 1395 capax
399 1349 598 1386 felicitatis
618 1361 625 1385 :
663 1349 832 1387 felicitas
863 1354 993 1386 autem
1017 1350 1190 1387 bumana
1210 1350 1395 1387 consistit
1415 1351 1455 1387 in
1477 1351 1664 1387 fruitione
1684 1352 1766 1395 Dei,

155 1395 259 1432 sient
290 1405 409 1442 supra
430 1395 532 1442 (loco
551 1396 686 1442 citato)
706 1399 913 1434 ostensum
942 1400 1015 1434 est.
1035 1397 1091 1434 Ad
1112 1397 1187 1434 hoc
1208 1397 1330 1443 igitur
1348 1397 1554 1434 ordinatur
1573 1402 1654 1435 tota
1676 1407 1771 1435 cura

155 1451 274 1490 quam
307 1443 423 1480 habet
448 1445 554 1481 Deus
585 1443 633 1481 de
662 1443 838 1486 homine,
860 1447 902 1480 ut
921 1452 1034 1480 mens
1056 1444 1141 1490 ejus
1158 1448 1398 1490 praeparetur
1418 1446 1465 1481 ad
1487 1445 1658 1481 divinam
1675 1445 1773 1482 frui--

153 1489 318 1534 tionem,
338 1490 384 1526 ad
408 1499 522 1535 quam
556 1493 797 1536 praeparatur
821 1489 909 1531 fide,
933 1499 1003 1536 spe
1023 1494 1061 1527 et
1080 1491 1254 1527 caritate.
1278 1491 1484 1528 Persidem
1508 1492 1611 1528 enim
1633 1491 1767 1538 dispo·

155 1535 263 1572 nitur
281 1545 395 1573 mens
417 1537 591 1574 bominis
612 1540 655 1583 ut
674 1541 890 1583 cognoscat
912 1539 1034 1574 Deum
1056 1537 1205 1584 aliquid
1228 1547 1348 1584 supra
1368 1548 1411 1575 sc
1432 1548 1520 1575 esse
1542 1550 1549 1582 ;
1574 1548 1641 1584 per
1657 1548 1766 1585 spem

158 1585 286 1619 autem
323 1584 570 1620 confortatur
599 1587 642 1620 ut
672 1583 804 1620 tendat
837 1584 875 1620 in
911 1585 1056 1629 ipsum,
1084 1588 1271 1631 tanquam
1303 1585 1342 1620 in
1372 1594 1487 1622 suum
1509 1585 1678 1630 bonu-m;
1702 1595 1769 1631 per

157 1629 360 1667 caritatem
391 1629 527 1676 figitur
546 1631 587 1667 in
619 1631 722 1676 ipso,
746 1635 786 1667 ut
815 1631 1070 1667 immobiliter
1090 1632 1129 1667 ei
1143 1632 1362 1668 adhaereat:
1388 1633 1522 1669 omnia
1542 1632 1663 1679 igitur
1683 1641 1768 1679 quae

157 1675 261 1714 Deus
282 1677 330 1714 ab
351 1677 512 1714 homine
534 1677 699 1724 requirit
720 1678 759 1714 in
781 1677 854 1715 hac
874 1678 953 1714 vita
972 1678 1018 1715 ad
1041 1678 1117 1715 ista
1135 1679 1381 1716 ordinantur.

205 1724 301 1760 Hinc
334 1728 395 1760 est
414 1723 519 1770 quod
554 1724 711 1765 dicitur,
728 1726 854 1768 Deut.‚
870 1733 908 1767 X,
933 1728 996 1762 12:
1015 1727 1062 1761 Et
1087 1735 1196 1769 mmo,
1217 1727 1344 1765 Israel,
1365 1727 1453 1771 (γαῖά
1485 1728 1659 1763 Dominus
1677 1729 1769 1762 Deus

155 1773 238 1806 tuus
251 1772 342 1817 petit
360 1781 381 1806 α
402 1773 445 1809 te.
470 1772 544 1807 nisi
562 1774 603 1806 ut
620 1773 745 1807 timeus
765 1773 956 1807 Dominum
974 1774 1085 1808 Deum
1106 1776 1256 1809 tuamet
1275 1774 1432 1809 ambules
1451 1775 1489 1808 in
1510 1776 1580 1809 viis
1597 1774 1674 1818 ejas
1687 1775 1705 1809 ?
1732 1778 1769 1810 et

155 1817 171 1852 I
190 1817 379 1861 Corinth.,
399 1825 483 1861 xiil,
507 1820 548 1855 t3
564 1830 571 1853 :
594 1819 630 1855 N
632 1828 700 1853 unc
717 1821 834 1854 autem
851 1821 997 1854 manent
1014 1820 1115 1864 fides,
1131 1829 1211 1863 spes
1230 1822 1264 1855 et
1281 1821 1452 1860 charitas,
1472 1823 1545 1857 tria
1562 1821 1648 1857 haec.

203 1863 304 1907 Quia
324 1873 416 1901 vero
438 1864 612 1901 humana
642 1874 755 1902 mens
775 1865 994 1902 secundum
1017 1876 1128 1902 suam
1152 1870 1331 1903 naturam
1353 1867 1636 1904 intercaeteras
1654 1868 1773 1905 intel-—

155 1909 346 1948 lectuales
378 1915 540 1948 naturas
571 1911 687 1948 etiam
710 1912 921 1958 perfectior
949 1916 1023 1958 est,
1054 1917 1202 1959 quanto
1223 1917 1352 1950 autem
1374 1914 1523 1961 aliquid
1540 1919 1600 1951 est
1621 1915 1765 1960 perfec—

155 1957 249 2001 tius,
272 1961 380 1996 tanto
414 1962 474 1995 est
492 1958 711 1995 virtuosius
733 1959 783 1995 ad·
801 1959 1040 1996 tendendum
1072 1961 1113 1996 in
1134 1969 1250 1996 suum
1281 1960 1413 2005 finem,
1433 1962 1687 1998 manifestum
1709 1966 1769 1999 est

154 2004 263 2052 quod
282 2013 396 2043 mens
417 2005 590 2043 humana
610 2004 805 2043 infirmior
819 2010 879 2043 est
898 2007 1118 2043 secundum
1134 2016 1246 2044 suam
1267 2011 1446 2045 naturam
1462 2008 1510 2045 ad
1528 2008 1768 2046 tendendum

153 2051 196 2088 in
232 2052 369 2096 Deum,
402 2052 469 2098 qui
507 2056 566 2090 est
604 2050 696 2091 finis
729 2053 906 2090 omnium
941 2054 1109 2098 entium,
1137 2064 1255 2101 quam
1276 2056 1503 2101 superiores
1536 2056 1767 2102 angelorum

155 2102 332 2136 mentes:
350 2102 390 2136 et
407 2099 492 2136 haec
516 2098 676 2146 quidem
693 2099 903 2137 infirmitas
923 2104 1114 2147 quantum
1135 2101 1183 2138 ad
1204 2101 1284 2139 duo
1303 2106 1433 2148 potest
1453 2103 1615 2140 attendi.
1637 2103 1767 2140 Primo

158 2144 318 2190 quidem
350 2148 545 2193 quantum
574 2145 621 2183 ad
659 2145 900 2184 debilitatem
931 2147 1091 2185 virtutis
1121 2148 1371 2186 intellectivae
1389 2159 1476 2196 quae
1497 2154 1557 2187 est
1577 2150 1770 2187 inanima

158 2189 347 2236 humana,
377 2191 419 2229 in
438 2193 735 2238 comparatione
754 2193 805 2230 ad
824 2194 1051 2240 superiores
1080 2194 1371 2237 intellectuales
1401 2197 1668 2234 substantias:
1687 2205 1767 2233 non

160 2237 269 2274 enim
298 2241 429 2284 potest
456 2238 684 2277 immediate
702 2239 745 2276 in
770 2239 898 2285 ipsam
931 2240 1222 2288 intelligibilem
1254 2243 1457 2280 veritatem
1494 2243 1670 2289 tendere,
1697 2242 1770 2282 sed

157 2287 312 2333 oportet
342 2285 448 2332 quod
480 2294 567 2323 eam
599 2295 646 2322 ex
678 2286 938 2330 sensibilibus
967 2287 1142 2334 colligat,
1175 2292 1216 2325 ut
1235 2298 1282 2326 ex
1308 2289 1582 2335 superioribus
1603 2290 1686 2337 (lib.
1707 2300 1770 2336 111,

155 2339 240 2376 cap.
275 2334 317 2369 41
353 2335 391 2368 et
422 2331 504 2379 11-9)
530 2335 648 2378 patet.
682 2333 863 2371 Secundo
890 2342 985 2377 vero
1016 2339 1209 2382 quantum
1240 2335 1289 2372 ad
1306 2335 1587 2381 impedimenta
1619 2336 1765 2383 quibus

155 2377 383 2424 retrahitur,
415 2387 465 2416 ne
492 2379 666 2416 totaliter
695 2380 823 2426 possit
842 2380 882 2417 in
900 2382 1023 2418 Deum
1045 2381 1163 2426 ferri,
1181 2391 1270 2430 quae
1289 2383 1448 2429 quidem
1470 2383 1767 2429 impedimenta,

157 2432 205 2462 ex
223 2428 332 2470 parte
362 2425 542 2472 corporis
574 2429 683 2471 sunt,
704 2426 818 2474 eujus
836 2428 1118 2465 sustentationi
1151 2432 1189 2465 et
1221 2429 1343 2476 quieti
1375 2439 1509 2466 curam
1541 2430 1767 2475 impendere

154 2474 323 2518 oportet,
356 2475 393 2509 et
421 2482 469 2510 ex
498 2475 608 2519 parte
625 2472 857 2511 inferiorum
878 2474 1022 2511 virium
1042 2475 1199 2512 animae.
1220 2477 1316 2512 Nam
1336 2477 1626 2514 commotiones
1644 2477 1766 2523 phan-

154 2521 369 2556 tasmatum
401 2522 438 2556 et
467 2519 786 2566 perturbationes
802 2521 1037 2566 passionum
1057 2521 1287 2567 perturbant
1305 2522 1475 2569 quietem
1501 2524 1660 2566 mentis,
1682 2528 1772 2571 quae

155 2568 216 2603 est
243 2566 470 2603 necessaria
490 2566 539 2603 ad
560 2566 636 2603 hoc
655 2566 761 2612 quod
789 2577 903 2604 mens
924 2568 1046 2605 libere
1061 2569 1208 2605 feratur
1226 2569 1268 2605 in
1288 2571 1424 2606 Deum.
1443 2572 1488 2606 Et
1507 2571 1591 2608 liaec
1607 2571 1766 2618 quidem

153 2612 437 2659 impedimenta
453 2613 625 2650 totaliter
642 2614 690 2651 ab
718 2614 880 2651 homine
910 2615 995 2651 tolli
1027 2623 1107 2652 non
1140 2619 1322 2661 possunt,
1344 2617 1531 2663 quamdiu
1550 2617 1591 2654 in
1609 2619 1766 2656 mortali

153 2668 319 2706 corpore
339 2660 455 2697 vivit:
477 2663 630 2711 oportet
657 2661 761 2698 enim
783 2661 888 2708 quod
907 2661 956 2698 ad
972 2670 1020 2699 ea
1038 2671 1126 2708 quae
1146 2666 1240 2700 sunt
1253 2664 1479 2701 necessaria
1495 2665 1652 2703 mortali
1677 2666 1771 2704 vitae

151 2706 332 2750 intendat
349 2718 359 2752 ;
379 2716 450 2753 per
468 2707 575 2755 quod
594 2707 807 2753 impeditur
828 2716 878 2745 ne
901 2712 990 2745 actu
1027 2708 1072 2745 in
1096 2710 1217 2746 Deum
1245 2718 1401 2756 semper
1432 2711 1592 2749 tendere
1620 2713 1760 2757 possit.

155 2753 218 2791 Sic
230 2757 361 2791 autem
379 2753 576 2792 moderari
593 2757 747 2801 oportet
763 2754 1047 2800 impedimenta
1064 2755 1264 2801 praedicta,
1280 2760 1322 2794 ut
1337 2757 1475 2795 sal-tem
1491 2758 1659 2796 intentio
1678 2768 1765 2805 quae

155 2803 216 2838 est
236 2800 284 2838 ad
305 2802 429 2838 Deum
449 2804 581 2838 mente
603 2800 780 2839 hominis
808 2811 887 2838 non
913 2805 1136 2848 rumpatur;
1157 2806 1196 2840 et
1224 2808 1372 2850 quanto
1399 2805 1488 2851 plns
1520 2805 1604 2843 fieri
1636 2810 1765 2852 potest

153 2847 260 2895 quod
276 2847 394 2885 etiam
411 2851 501 2885 actu
521 2857 635 2886 mens
656 2848 804 2885 seratur
823 2849 863 2886 in
884 2850 1020 2900 Deum,
1041 2852 1151 2887 tanto
1163 2849 1244 2887 vita
1263 2850 1443 2889 hominis
1459 2852 1670 2898 perfectior
1692 2853 1765 2889 erit

153 2895 288 2939 utpote
303 2893 374 2933 fini
395 2895 584 2933 intimior.
607 2896 651 2934 Et
668 2904 737 2942 per
757 2896 833 2935 hoc
859 2900 977 2935 etiam
1010 2896 1117 2944 quod
1154 2900 1246 2937 actu
1274 2898 1396 2937 fertur
1427 2908 1540 2938 mens
1572 2900 1613 2936 in
1642 2901 1767 2937 Deum·
