1894 3223
120 157 190 191 536
717 148 805 184 LIB.
833 148 891 191 IV,
913 148 1020 184 CAP.
1046 146 1161 184 XXW.

114 239 251 282 praete)-
268 234 307 268 id
326 232 421 277 quod
433 231 582 276 quidam
594 230 802 272 concedant,
823 228 1005 264 videlicet
1023 228 1210 273 Spiritum
1232 233 1413 266 sanctum
1428 237 1517 266 esse
1539 237 1562 264 a
1584 227 1684 265 Filio
1705 231 1744 265 et

120 282 316 328 profluere
338 278 385 314 ab
409 278 510 322 ipso.
525 276 693 313 Verbum
714 276 819 312 enim
850 275 1135 321 processionis,
1157 276 1259 312 inter
1282 277 1416 313 omnia
1439 285 1526 323 quae
1553 275 1601 312 ad
1620 275 1741 322 origi-

121 336 212 365 nem
242 325 448 371 pertinent,
465 323 594 370 magis
623 323 824 359 invenitur
843 331 932 359 esse
953 330 1164 358 commune
1183 334 1191 366 3
1213 323 1403 369 quidquid
1427 323 1532 359 enim
1551 330 1742 369 quocum-

123 383 197 420 que
214 372 333 408 modo
350 375 410 407 est
424 370 471 407 ab
491 371 625 416 aliquo
643 369 691 407 ab
711 369 799 415 ipso
819 368 1033 415 procedere
1054 368 1246 413 dicimus;
1268 373 1320 412 et,
1340 371 1432 416 quia
1452 369 1584 406 divina
1597 369 1743 406 melius

122 429 192 466 per
213 418 440 455 communia
457 426 575 463 quam
595 425 665 463 per
701 415 889 462 specialia
921 414 1191 462 designantur,
1212 415 1375 452 verbum
1409 415 1682 462 processionis
1702 416 1743 452 in

124 465 279 512 origine
301 465 521 501 divinarum
538 472 799 509 personarum
819 462 990 499 maxime
1009 466 1069 498 est
1087 462 1381 499 attendendum.
1408 463 1526 506 Unde,
1549 463 1583 500 si
1605 471 1745 500 conce-

124 513 238 550 datur
258 512 363 558 quod
379 511 554 594 (Spiritus
569 514 734 547 sanctus
758 509 810 546 sit
829 518 853 546 a
873 509 972 546 Filio
991 509 1053 545 vel
1079 507 1249 555 profluat
1280 508 1328 546 ab
1349 518 1410 554 eo,
1438 510 1617 557 sequitur
1637 509 1742 556 quod

124 559 237 598 abeo
285 568 375 595 roce
407 562 457 594 at.

169 569 281 649 lteml,J
291 605 458 642 habetur
475 605 517 641 in
538 603 865 641 determinatione
882 602 1008 649 quinti
1039 601 1203 639 Concilii
1221 613 1229 638 :
1254 615 1273 634 «
1291 602 1500 648 Sequimur
1519 611 1589 648 per
1610 602 1746 640 omnia

125 656 285 690 sanctos
321 654 456 689 Patres
491 655 529 687 et
562 650 746 688 doctores
781 650 979 693 Ecclesiae,
1007 648 1279 693 Athanasium,
1302 649 1503 693 Hilarium,
1535 650 1744 694 Basilium,

125 699 355 747 Gregorium
396 699 642 744 theologum,
664 697 895 744 Gregorium
915 698 1151 739 stsenum,
1173 696 1438 740 Ambrosium,
1459 696 1746 742 Augustinum,

124 746 398 792 Theophilum,
418 747 610 782 Joannem
632 735 1128 789 constantinopoiitanum‚
1141 742 1342 790 cyrillum,
1357 744 1535 784 Leonem,
1555 742 1748 788 Probum

126 798 164 831 et
184 793 430 839 suscipimus
457 792 590 829 omnia
610 800 697 838 quae
719 790 765 827 de
786 794 891 827 recta
910 790 986 826 fide
1008 794 1045 826 et
1062 790 1313 827 damnatione
1334 789 1608 842 haereticorum
1631 799 1749 836 expo-

128 844 294 878 suerunt
315 854 349 875 ».
371 839 621 876 Manifestum
644 842 774 874 autem
807 847 853 874 ex
873 838 1010 874 multis
1028 837 1329 874 auctoritatibus
1348 839 1571 883 Augustini,
1591 838 1630 873 et
1654 845 1751 883 prae·

127 888 241 932 cipue
270 886 311 923 in
343 886 445 923 libro
465 888 516 922 De
541 887 717 921 Trinitate
735 886 773 921 et
790 894 898 930 super
921 885 1104 927 Joannem,
1129 884 1233 931 quod
1259 884 1428 930 Spiritus
1461 886 1625 921 sanctus
1656 883 1708 921 sit
1725 892 1750 921 a

126 936 240 971 Filio.
267 935 428 978 Oportet
445 933 566 979 igitur
585 932 747 969 concedi
770 931 874 978 quod
893 931 1059 977 Spiritus
1079 934 1242 968 sanctus
1263 932 1316 968 sit
1332 941 1355 968 a
1372 931 1484 969 Filio.

176 983 257 1017 Hoc
284 982 402 1017 etiam
423 979 672 1016 evidentibus
692 979 915 1015 rationibus
936 982 1109 1024 apparet.

173 1030 217 1064 In
230 1028 349 1064 rebus
373 1027 492 1072 enim,
513 1030 665 1064 remota
684 1025 876 1063 materiali
913 1025 1181 1069 distinctione,
1203 1034 1290 1072 quae
1318 1025 1358 1061 in
1390 1025 1534 1063 divinis
1563 1025 1751 1072 personis

127 1075 260 1111 iocum
279 1074 426 1112 habere
442 1083 520 1111 non
541 1077 683 1120 potest,
707 1081 784 1109 non
807 1072 1062 1109 inveniuntur
1087 1071 1218 1124 aliqua
1249 1072 1439 1119 distingui
1473 1072 1551 1110 nisi
1582 1081 1652 1119 per
1676 1072 1749 1110 ali·

127 1131 245 1168 quam
265 1121 586 1168 oppositionem3
609 1128 694 1166 quae
715 1120 818 1156 euim
840 1119 989 1155 nullam
1022 1120 1312 1165 oppositionem
1331 1119 1474 1156 habent
1496 1119 1544 1156 ad
1577 1119 1746 1157 invicem

129 1169 250 1205 simul
272 1178 360 1206 esse
381 1171 550 1213 possunt
568 1167 609 1203 in
626 1167 778 1209 eodem,
801 1166 904 1203 unde
926 1175 994 1211 per
1014 1175 1060 1202 ea
1091 1165 1290 1203 distinctio
1310 1166 1464 1203 causari
1487 1175 1566 1204 non
1588 1169 1745 1212 potest;

128 1215 261 1252 album
283 1215 387 1252 enim
410 1220 446 1251 et
467 1214 723 1261 triangulare,
748 1213 838 1250 lieet
865 1213 1020 1250 diversa
1046 1213 1139 1257 sint,
1162 1213 1255 1259 quia
1289 1216 1419 1250 tamen
1441 1222 1520 1250 non
1543 1221 1750 1259 opponun-

128 1265 204 1305 tur,
226 1262 265 1298 in
289 1262 426 1299 eodem
449 1270 538 1298 esse
559 1261 767 1305 contingit.
790 1261 948 1305 Oportet
984 1263 1113 1296 autem
1145 1268 1382 1305 supponere,
1406 1259 1623 1297 secundum
1656 1259 1747 1297 fidei

130 1309 335 1346 catholicae
356 1309 605 1352 documenta,
619 1307 722 1354 quod
743 1307 911 1353 Spiritus
931 1316 953 1343 a
969 1307 1066 1343 Filio
1088 1306 1379 1354 distinguatur;
1401 1307 1515 1344 aliter
1532 1308 1651 1348 enim,
1667 1316 1746 1344 non

130 1360 236 1392 esset
256 1355 426 1399 trinitas,
449 1355 516 1391 sed
536 1355 707 1391 dualitas
734 1354 773 1390 in
803 1354 1000 1399 personis.
1021 1354 1180 1398 Oportet
1202 1354 1322 1401 igitur
1341 1353 1569 1400 hujusmodi
1589 1354 1748 1391 distinc-

131 1402 279 1439 tionem
309 1411 376 1448 per
397 1402 569 1448 aliquam
591 1401 881 1446 oppositionem
912 1400 1010 1437 sieri.
1031 1402 1116 1436 Non
1149 1406 1279 1437 autem
1310 1401 1561 1446 oppositione
1581 1400 1748 1438 affirma·

129 1448 251 1486 tionis
272 1452 309 1485 et
329 1449 566 1495 negationis,
587 1449 680 1494 quia
695 1448 753 1484 sic
768 1447 1217 1494 distinguunturentiaa
1237 1456 1315 1484 non
1333 1447 1490 1484 entibus
1507 1459 1516 1491 ;
1538 1457 1611 1485 nec
1628 1448 1749 1485 etiam

132 1496 386 1541 oppositione
404 1495 638 1541 privationis
658 1498 695 1531 et
716 1494 887 1538 habitus,
910 1494 1002 1541 quia
1023 1494 1081 1530 sic
1114 1493 1386 1540 distinguntur
1415 1494 1588 1540 perfecta
1606 1494 1655 1532 ab
1674 1495 1747 1532 im-

128 1543 338 1588 perfecti&
364 1552 491 1589 neque
513 1542 630 1578 etiam
651 1541 901 1587 oppositione
932 1540 1236 1585 contrarietatis,
1257 1542 1350 1588 quia
1369 1541 1427 1578 sic
1448 1541 1750 1587 distinguuntur

130 1599 217 1635 quae
244 1593 339 1626 sunt
370 1589 588 1626 secundum
621 1588 787 1625 formam
815 1588 996 1632 diversa;
1030 1596 1121 1625 nam
1151 1589 1423 1630 contrarietas,
1443 1592 1486 1625 ut
1519 1588 1746 1635 philosophi

129 1636 286 1680 docent,
309 1639 369 1673 est
389 1634 613 1673 differentia
630 1635 849 1672 secundum
871 1635 1052 1679 sormam,
1071 1644 1157 1681 quae
1178 1635 1337 1682 quidem
1359 1635 1581 1673 differentia
1603 1635 1753 1673 divinis

129 1683 314 1729 personis
333 1692 411 1720 non
435 1683 630 1723 convenit,
653 1692 773 1729 quum
806 1691 939 1719 earum
974 1682 1026 1719 sit
1059 1691 1137 1718 una
1158 1682 1296 1724 forma,
1319 1683 1423 1720 sicut
1448 1691 1528 1720 una
1558 1683 1746 1727 essentia,

131 1730 351 1767 secundum
374 1731 470 1767 illud
485 1729 677 1775 Apostoli,
700 1730 746 1766 de
780 1730 879 1765 Filio
907 1729 1100 1766 dicentis:
1123 1729 1192 1773 Qua·
1220 1740 1331 1775 quum
1363 1731 1401 1766 in
1428 1731 1549 1774 forma
1578 1731 1645 1766 Dei
1662 1733 1752 1766 esset

130 1777 254 1821 (Phia,
271 1786 313 1820 11,
336 1777 385 1823 6),
412 1777 565 1814 scilicet
583 1777 723 1814 Patris.
745 1776 994 1822 Relinquitur
1029 1776 1149 1822 igitur
1181 1786 1300 1813 unam
1333 1785 1545 1823 personam
1574 1775 1747 1814 divinam

130 1824 178 1860 ab
200 1824 277 1860 alia
296 1833 373 1861 non
396 1824 587 1870 distingui
610 1823 687 1861 nisi
710 1824 959 1869 oppositione
980 1823 1213 1867 relationis;
1237 1824 1294 1861 sic
1322 1824 1426 1860 enim
1448 1824 1570 1861 Filius
1590 1833 1614 1861 a
1634 1825 1752 1861 Patre

129 1870 390 1916 distinguitur
408 1871 626 1908 secundum
647 1871 938 1917 oppositionem
971 1870 1172 1907 relativam
1197 1872 1319 1916 patris
1349 1874 1386 1908 et
1416 1870 1500 1908 filii.
1523 1873 1609 1908 Non
1642 1870 1747 1908 enim

127 1918 169 1954 in
195 1917 340 1954 divinis
373 1918 555 1963 personis
590 1918 667 1954 alia
700 1917 862 1954 relativa
894 1917 1092 1962 oppositio
1119 1925 1209 1954 esse
1244 1922 1386 1963 potest,
1409 1918 1487 1954 nisi
1525 1917 1747 1955 secundum

130 1964 339 2009 originem.
363 1966 459 2000 Nam
481 1964 641 2000 relative
662 1965 842 2009 opposita
863 1965 921 1999 vel
947 1973 1066 2009 super
1088 1964 1346 2010 quantitatem
1368 1964 1597 2009 fundantur,
1619 1968 1662 2001 ut
1682 1964 1753 2001 du·

127 2010 237 2057 plum
253 2015 291 2047 et
313 2011 532 2055 dimidium,
548 2012 609 2047 vel
630 2020 748 2056 super
768 2012 962 2047 actionem
986 2015 1023 2047 et
1049 2011 1293 2056 passionem,
1315 2015 1355 2048 ut
1387 2011 1574 2049 domiuus
1594 2014 1633 2049 et
1665 2019 1750 2048 ser·

127 2066 215 2101 vus,
250 2066 415 2095 movens
436 2062 473 2094 et
493 2061 658 2102 motum,
678 2061 787 2103 pater
818 2062 855 2094 et
887 2057 1006 2094 filius.
1030 2059 1194 2099 Rursus,
1217 2058 1471 2095 relativorum
1504 2067 1592 2105 quae
1627 2066 1748 2105 super

129 2105 388 2151 quantitatem
421 2104 636 2141 fundantur
668 2104 846 2151 quaedam
878 2105 1093 2141 fundantur
1113 2113 1232 2150 super
1252 2105 1447 2143 diversam
1468 2104 1745 2152 quantitatem,

128 2155 170 2188 ut
191 2151 352 2196 duplum
374 2154 411 2188 et
431 2152 652 2195 dimidium,
672 2152 800 2198 majus
819 2156 856 2188 et
879 2152 1035 2195 minus;
1055 2151 1234 2198 quaedam
1255 2153 1515 2198 superipsam
1536 2152 1743 2197 unitatem,

127 2201 171 2235 ut
188 2198 305 2242 idem,
328 2198 431 2245 quod
454 2198 652 2245 significat
672 2207 794 2235 unum
827 2199 867 2234 in
902 2199 1138 2243 substantia,
1164 2203 1201 2236 et
1226 2199 1390 2246 aequale,
1413 2199 1517 2246 quod
1546 2198 1746 2247 significat

128 2254 251 2282 unum
270 2246 310 2281 in
331 2245 561 2291 quantitate,
582 2250 619 2282 et
635 2245 776 2289 simile,
798 2246 903 2292 quod
935 2245 1134 2292 significat
1156 2254 1280 2283 unum
1300 2246 1342 2283 in
1373 2247 1576 2293 qualitate.
1598 2247 1749 2285 Divinae

127 2292 249 2338 igitur
266 2301 445 2337 personae
467 2293 656 2339 distingui
684 2302 761 2329 nou
780 2296 948 2338 possunt
966 2293 1227 2330 relationibus
1249 2293 1423 2331 fundatis
1442 2303 1562 2339 super
1580 2294 1751 2331 diversi·

126 2342 243 2375 tatem
267 2340 512 2386 quantitatis,
531 2341 623 2386 quia
644 2340 702 2376 sic
722 2339 927 2376 tolleretur
944 2340 1061 2376 trium
1083 2349 1342 2386 personarum
1361 2341 1592 2388 aequalitas3
1615 2349 1747 2387 neque

126 2386 267 2437 iterum
288 2386 548 2423 relationibus
580 2396 667 2433 quae
693 2386 909 2423 fundantur
941 2395 1061 2433 super
1087 2396 1233 2433 unum3
1256 2387 1482 2434 hujusmodi
1511 2388 1617 2425 enim
1645 2388 1745 2425 rela-

125 2436 255 2469 tiones
277 2433 571 2470 distinctionem
588 2443 666 2470 non
689 2438 866 2478 causant,
888 2434 968 2471 imo
989 2435 1118 2482 magis
1138 2434 1186 2471 ad
1207 2435 1522 2472 convenientiam
1544 2435 1742 2481 pertinere

127 2479 395 2526 inveniuntur,
414 2480 485 2517 etsi
502 2480 600 2517 forte
619 2481 749 2527 aliqua
768 2489 905 2518 eorum
926 2481 1220 2518 distinctionem
1243 2486 1566 2528 praesupponant.
1586 2483 1630 2519 In
1647 2481 1751 2519 rela-

126 2526 304 2564 tionibus
321 2536 412 2564 vero
440 2528 627 2565 omnibus
655 2537 775 2574 super
807 2528 1000 2566 actionem
1031 2529 1090 2565 vel
1116 2529 1347 2574 passionem
1380 2529 1569 2574 fundatis,
1592 2537 1749 2574 semper

129 2573 293 2610 alterum
316 2577 375 2611 est
396 2580 433 2610 ut
467 2574 687 2620 subjectum
709 2579 747 2611 et
763 2575 958 2622 inaequale
980 2576 1200 2613 secundum
1223 2576 1418 2620 virtutem,
1446 2576 1524 2614 nisi
1555 2576 1684 2613 solum
1706 2575 1745 2611 in

126 2619 385 2670 relationibus
408 2621 586 2668 originis,
608 2622 648 2658 in
670 2622 815 2669 quibus
837 2623 948 2659 nulla
962 2623 1175 2660 minoratio
1194 2622 1438 2668 designatur,
1455 2632 1502 2660 eo
1516 2622 1622 2670 quod
1639 2622 1748 2659 inve·

128 2669 236 2702 nitur
255 2667 404 2714 aliquid
425 2668 642 2714 producere
662 2669 738 2706 sibi
761 2669 892 2706 simile
914 2674 950 2706 ct
970 2670 1133 2717 aequale,
1157 2659 1376 2708 secundum
1403 2674 1587 2708 naturam
1607 2671 1646 2706 et
1666 2668 1744 2705 vir-

125 2716 259 2764 tutem.
282 2714 529 2761 Relinquitur
549 2716 669 2762 igitur
703 2716 809 2763 quod
841 2716 984 2753 divinae
1010 2726 1193 2763 personae
1225 2717 1417 2763 distingui
1451 2725 1530 2754 non
1599 2719 1744 2752 ossunt

125 2767 203 2796 nisi
224 2761 474 2805 oppositione
497 2763 659 2799 relativa
689 2763 908 2800 secundum
937 2764 1146 2810 originem.
1170 2765 1329 2811 Oportet
1350 2764 1484 2811 igitur,
1510 2763 1543 2799 si
1597 2761 1741 2808 piritus

126 2810 332 2858 sanetus-a
358 2809 455 2845 Filio
477 2808 748 2856 distinguitur,
771 2811 876 2857 quod
896 2812 945 2847 sit
967 2811 1015 2848 ab
1035 2820 1106 2856 eo;
1131 2820 1212 2849 non
1242 2811 1347 2848 euim
1377 2813 1438 2848 est
1479 2809 1614 2846 dicere
1635 2809 1743 2856 quod

126 2853 316 2938 thulsss'si'n
336 2855 520 2939 adspiritu
541 2861 693 2902 sancto,
716 2866 838 2904 quum
858 2858 1026 2904 Spiritus
1047 2862 1210 2896 sanctus
1231 2857 1359 2905 magis
1376 2855 1461 2894 Filii
1479 2865 1569 2894 esse
1589 2855 1752 2894 dicatur·

125 2909 146 2936 e
183 2909 206 2937 a
255 2910 267 2937 i
286 2908 326 2938 10
374 2909 472 2941 etur.
