1894 3223
680 117 766 152 Ltss.
797 117 842 159 11,
871 117 970 152 cat).
998 117 1112 152 XLIX.
1639 119 1704 153 163

81 202 261 247 scipsum
282 200 618 246 moveat‚oporte!
641 197 745 244 quod
767 207 834 242 per
854 197 1025 243 aliquam
1042 197 1220 234 altiorem
1239 197 1403 234 sormam
1420 197 1706 244 apprehensam

82 255 128 285 se
148 249 306 284 moveat
324 244 373 282 ad
399 243 687 291 judicandum3
710 253 796 290 quae
817 244 975 290 quidem
998 253 1086 281 esse
1107 253 1186 281 non
1209 248 1338 290 potest
1372 245 1449 282 nisi
1482 245 1570 291 ipsa
1605 245 1707 281 ratio

80 293 193 338 honi,
213 293 277 330 vel
296 290 586 335 convenientis,
607 299 676 338 per
696 299 813 336 quam
833 290 880 327 de
901 291 1078 337 quolibet
1115 291 1374 328 determinato
1395 291 1515 335 bono,
1536 291 1594 328 vel
1618 300 1709 329 con-

82 339 258 378 venienti
287 338 502 385 judicatur.
526 338 597 374 illa
625 336 748 383 igitur
778 337 865 374 sola
885 346 927 375 se
958 338 1005 374 ad
1023 338 1281 384 judicandum
1316 343 1473 375 movent
1496 349 1582 385 quae
1601 347 1707 376 com-

82 395 244 425 munem
273 385 368 423 boni
399 385 460 422 vel
497 384 772 422 convenientis
803 384 994 421 rationem
1019 386 1330 431 apruelienduiit.
1354 387 1442 423 llaec
1464 390 1593 422 autem
1616 389 1709 423 sunt

83 434 171 472 sola
193 432 490 470 intellectualia.
521 431 616 469 Sola
634 431 757 478 igitur
778 431 1062 469 intellectualia
1096 442 1137 468 se
1161 442 1238 469 non
1272 433 1401 470 solum
1424 433 1471 469 ad
1493 432 1707 480 agendum,

83 481 154 519 sed
189 481 307 517 etiam
339 478 387 517 ad
417 478 680 526 judicandum
710 482 882 515 movent.
916 480 1006 515 Sola
1038 479 1158 526 igitur
1177 481 1264 526 ipsa
1283 484 1378 517 sunt
1405 479 1711 527 liberainjudi·

83 527 212 566 cando
233 539 241 563 :
264 526 370 574 quod
389 529 450 563 cst
470 525 639 563 liberum
661 525 866 562 arbitrium
888 525 1043 562 habere.

131 575 316 620 Amplius,
338 583 362 611 a
379 573 640 620 conceptione
660 573 877 610 universali
902 582 981 610 non
1010 573 1188 620 sequitur
1205 578 1336 611 motus
1357 578 1393 610 et
1411 574 1513 611 actio
1531 574 1609 611 nisi
1627 584 1709 611 me-

83 621 219 659 diante
251 620 480 667 particulari
516 619 847 666 apprehensione,
871 629 917 656 co
948 620 1052 667 quod
1073 625 1205 657 motus
1226 624 1263 657 et
1294 621 1398 657 aetio
1421 622 1523 657 eirca
1543 622 1711 666 particu-

84 668 184 706 laria
205 672 279 705 est.
295 667 523 704 Intellectus
544 670 674 704 autem
689 671 747 704 est
761 667 993 704 naturaliter
1010 667 1290 704 universalium
1313 668 1638 713 appreliensivus.
1654 668 1709 705 Ad

85 715 162 754 hoc
193 715 316 762 igitur
346 714 450 762 quod
473 724 519 751 ex
549 713 865 760 apprehensione
896 714 1121 750 intellectus
1141 718 1329 760 sequatur
1349 719 1495 763 motus,
1517 718 1585 751 aut
1604 725 1712 762 quap

86 771 256 808 cumque
277 762 393 802 actio,
415 764 569 807 oportet
587 761 689 808 quod
710 761 948 798 universalis
968 760 1193 808 intellectus
1212 761 1418 806 conceptio
1433 761 1710 807 applicetur-au

86 809 356 856 particularia.
392 809 463 846 Sed
506 808 729 846 universale
774 808 949 844 eontinet
991 808 1030 843 in
1067 807 1244 852 potentia
1281 808 1405 844 multa
1442 809 1708 853 particularia.

89 859 227 893 Potest
263 856 385 903 igitur
423 855 635 902 applicatio
674 855 948 900 conceptionis
983 854 1264 891 intellectualis
1299 854 1383 891 fieri
1424 855 1470 891 ad
1509 856 1637 900 plura,
1673 859 1712 893 et

88 904 259 940 diversa.
279 902 477 940 ,iudicium
499 902 620 949 igitur
639 902 864 938 intellectus
883 901 929 937 dc
944 901 1158 945 agibilibus
1174 910 1252 937 non
1267 906 1326 938 est
1341 901 1643 939 determinatum
1661 902 1711 939 ad

88 960 213 987 unum
235 953 403 987 tantum.
426 949 577 986 Habent
596 949 718 995 igitur
734 948 870 985 omnia
892 948 1173 984 intellectualia
1195 948 1360 985 liberum
1382 949 1602 986 arbitrium.

138 999 333 1034 Praeterea
362 996 503 1043 judicii
537 995 715 1032 libertate
752 998 885 1031 carent
906 995 1038 1041 aliqua
1058 994 1118 1031 vel
1154 999 1313 1041 propter
1333 995 1408 1032 hoc
1429 996 1533 1042 quod
1555 996 1709 1034 nultum

89 1043 236 1081 habent
268 1043 479 1090 judicium,
501 1042 604 1080 sicut
624 1051 710 1088 quae
747 1041 975 1088 cognitione
997 1045 1143 1085 carent,
1166 1046 1206 1078 ut
1227 1042 1392 1088 lapides,
1416 1047 1452 1078 et
1474 1043 1630 1089 plantae,
1650 1044 1709 1080 vel

88 1091 184 1137 quia
205 1089 562 1136 habentjudicium
583 1098 605 1126 a
626 1093 766 1125 natura
787 1089 1089 1125 determinatum
1113 1088 1159 1125 ad
1184 1099 1319 1134 unum,
1343 1089 1446 1125 sieut
1466 1089 1713 1127 irrationalia

89 1137 292 1174 animalia.
310 1136 486 1174 Naturali
506 1135 609 1173 enim
633 1136 926 1172 existimatione
943 1135 1091 1182 judicat
1112 1136 1197 1172 ovis
1215 1136 1347 1182 lupum
1368 1136 1443 1172 sibi
1462 1137 1660 1180 nocivum,
1674 1142 1711 1173 et

89 1193 137 1221 ex
157 1184 234 1221 hoc
261 1183 413 1231 judicio
437 1183 537 1230 sugit
557 1183 684 1229 ipsum
711 1195 719 1219 ε
749 1183 932 1220 similiter
954 1187 1082 1219 autem
1115 1183 1154 1219 in
1178 1183 1281 1220 aliis.
1304 1184 1569 1230 Quaecumque
1590 1184 1714 1231 igitur

90 1230 238 1268 habent
270 1230 465 1277 Judicium
487 1230 534 1267 de
554 1230 720 1276 agendis
756 1239 836 1267 non
858 1230 1158 1266 determinatum
1181 1240 1203 1267 a
1222 1233 1363 1267 natura
1394 1230 1441 1267 ad
1474 1240 1611 1275 unum,
1642 1240 1711 1268 ne-

91 1287 206 1315 cesse
225 1282 286 1315 est
305 1277 416 1314 liberi
438 1277 588 1315 arbitrii
608 1286 711 1314 esse.
735 1277 968 1323 Hujusmodi
986 1280 1115 1313 autem
1136 1281 1227 1314 sunt
1246 1277 1379 1314 omnia
1400 1277 1708 1322 intellectualia;

88 1325 318 1362 intellectus
341 1325 446 1362 enim
469 1324 728 1371 apprehendit
748 1333 828 1361 non
856 1324 988 1361 solum
1009 1324 1085 1362 hoc
1105 1325 1163 1361 vel
1181 1324 1277 1361 illud
1299 1324 1463 1368 bonum,
1484 1324 1552 1361 sed
1580 1325 1710 1370 ipsum

88 1371 239 1409 bonum
282 1381 495 1409 commune
515 1381 524 1406 ε
558 1371 676 1414 unde,
716 1381 805 1408 cum
844 1372 1069 1408 intellectus
1106 1380 1176 1417 per
1216 1371 1382 1408 sormam
1423 1372 1711 1417 apprehensam

90 1423 244 1455 moveat
266 1419 523 1463 voluntatem,
555 1418 594 1455 in
630 1419 816 1456 omnibus
846 1422 975 1455 autem
998 1428 1162 1455 movens
1181 1422 1218 1455 et
1246 1423 1397 1455 motum
1421 1422 1599 1464 oporteat
1619 1428 1708 1456 esse

89 1466 402 1512 proportionata,
438 1466 622 1502 voluntas
651 1465 884 1502 substantiae
914 1465 1194 1503 intellectualis
1215 1474 1295 1502 non
1314 1469 1374 1502 est
1407 1465 1666 1503 determinata
1687 1475 1712 1503 a

91 1516 232 1549 natura
248 1514 323 1549 nisi
347 1513 393 1549 ad
415 1512 564 1549 bonum
585 1521 811 1549 commune.
833 1512 1027 1559 Quicquid
1048 1513 1168 1558 igitur
1188 1511 1351 1549 offertur
1366 1512 1441 1549 sibi
1463 1512 1536 1549 sub
1557 1513 1710 1550 ratione

89 1558 201 1602 boni,
224 1560 364 1605 poterit
391 1560 575 1596 voluntas
596 1559 779 1596 inclinari
800 1559 841 1596 in
866 1559 978 1603 illud,
1001 1560 1111 1596 nulla
1130 1559 1456 1596 determinatione
1477 1559 1646 1596 naturali
1668 1560 1711 1596 in

89 1607 331 1644 contrarium
365 1606 612 1652 prohibente.
645 1606 787 1643 Omnia
815 1606 937 1652 igitur
970 1606 1255 1643 intellectualia
1277 1606 1442 1643 liberam
1465 1607 1708 1644 voluntatem

90 1652 239 1689 habent
276 1663 322 1690 ex
355 1653 507 1699 Judieio
545 1652 771 1690 intellectus
803 1653 1051 1696 venientein;
1074 1653 1179 1700 quod
1211 1656 1271 1690 est
1302 1653 1467 1690 liberum
1503 1653 1709 1690 arbitrium

90 1699 249 1793 habe3r‹3,
278 1700 384 1747 quod
420 1699 606 1737 definitur
643 1699 809 1737 liberum
848 1700 895 1736 de
926 1700 1078 1736 ratione
1103 1700 1313 1747 Judicium.
1352 1700 1380 1747 (I
1418 1704 1539 1746 part„
1571 1711 1608 1748 q.
1650 1703 1712 1745 59,

90 1750 162 1783 art.
210 1774 218 1782 .

735 1846 902 1889 CAPUT
928 1847 1067 1888 XLIX.

354 1966 454 2000 QUOD
482 1967 721 1996 SUBSTANTIA
750 1967 1073 1998 INTELLEGTUALIS
1098 1967 1178 1996 NON
1204 1967 1264 1996 SIT
1288 1967 1447 1996 CORPUS.

137 2075 190 2111 Ex
209 2074 431 2120 praemissis
447 2079 578 2114 autem
594 2076 819 2113 ostenditur
843 2076 949 2124 quod
970 2076 1080 2114 nulla
1099 2076 1322 2115 substantia
1343 2076 1627 2115 intellectualis
1649 2081 1713 2115 est

91 2128 252 2166 corpus.

110 2214 117 2220 ·
137 2167 297 2205 Nullum
322 2167 428 2205 enim
449 2178 594 2216 corpus
614 2170 815 2207 invenitur
831 2170 980 2217 aliquid
998 2171 1202 2208 continere
1220 2171 1299 2208 nisi
1319 2180 1388 2217 per
1406 2180 1712 2209 commensura·

88 2216 241 2251 tionem
262 2215 522 2268 quantitatis3
544 2216 664 2262 unde,
686 2221 724 2254 et
743 2217 777 2254 si
798 2226 841 2254 se
869 2221 953 2255 toto
973 2221 1099 2255 totum
1120 2218 1271 2264 aliquid
1291 2218 1483 2263 continet,
1503 2222 1541 2255 et
1560 2222 1710 2265 partem

89 2264 200 2344 farte
220 2265 410 2304 continet,
436 2271 626 2310 maJorcm
657 2264 818 2311 quidem
849 2265 1014 2311 majore,
1034 2265 1228 2302 minorem
1251 2269 1381 2302 autem
1402 2266 1571 2303 minore.
1595 2265 1711 2302 intel-

107 2310 226 2361 ectus·
249 2311 380 2362 autem
402 2318 484 2348 non
510 2311 809 2357 comprehendit
840 2320 922 2348 rem
954 2311 1128 2358 aliquam
1162 2311 1404 2350 intellectam
1434 2321 1504 2359 per
1537 2312 1713 2358 aliquam

90 2357 324 2401 quantitatis
343 2358 790 2402 commensurationem,
812 2368 932 2405 quum
954 2367 997 2396 se
1016 2362 1100 2395 toto
1121 2358 1318 2406 intelligat
1338 2362 1376 2396 et
1402 2358 1713 2405 comprehendat

89 2403 217 2454 totum
237 2405 276 2438 et
292 2406 456 2448 partem,
478 2403 632 2451 majora
660 2405 702 2441 in
723 2405 940 2452 quantitate
960 2409 998 2441 et
1015 2405 1184 2442 minora.
1206 2405 1322 2442 Nulla
1342 2404 1465 2451 igitur
1485 2405 1716 2442 substantia.

89 2447 321 2495 intelligens
340 2452 401 2486 est
419 2458 577 2496 corpus.

135 2496 319 2541 Amplius,
344 2496 495 2533 nullum
517 2506 662 2543 corpus
686 2502 815 2543 potest
835 2499 997 2536 alterius
1017 2499 1197 2544 corporis
1218 2498 1385 2536 formam
1407 2497 1708 2536 substantialem

88 2542 278 2588 recipere,
308 2542 477 2595 nisiper
495 2544 789 2589 corruptionem
817 2554 929 2582 suam
952 2546 1118 2582 formam
1145 2545 1309 2582 amittat.
1332 2545 1559 2583 Intellectus
1578 2548 1710 2582 autem

88 2596 172 2625 non
202 2593 483 2636 corrumpitur,
514 2590 582 2627 sed
612 2591 741 2637 magis
760 2591 962 2636 perficitur
989 2601 1058 2638 per
1077 2592 1152 2629 hoc
1172 2592 1278 2638 quod
1298 2592 1437 2638 recipit
1456 2593 1605 2630 formas
1625 2601 1711 2629 om-

89 2635 201 2672 nium
223 2645 456 2682 corporum3
479 2636 680 2683 perficitur
700 2638 804 2674 enim
826 2638 1111 2685 intelligendo;
1133 2638 1320 2685 intelligit
1341 2642 1472 2676 autem
1489 2639 1707 2678 secundum

88 2682 195 2765 guold
223 2683 340 2766 haiiet
367 2683 407 2719 in
438 2692 481 2721 se
511 2684 660 2721 formas
681 2683 986 2722 intellectorum.
1008 2685 1122 2723 Nulla
1142 2685 1264 2733 igitur
1284 2686 1508 2724 substantia
1533 2686 1710 2724 intellec·

106 2738 157 2767 ua
176 2738 210 2766 ts
228 2739 271 2767 es
301 2739 371 2767 cor
400 2739 461 2768 us.
801 2734 805 2741 ’

116 2776 279 2827 ,Αάὴῑιᾳ
308 2739 548 2824 prigcipium
579 2777 818 2815 diversitatis
847 2777 1140 2816 individuorum
1162 2777 1338 2826 ejusdem
1371 2779 1517 2826 speciei
1538 2784 1598 2817 est
1615 2779 1711 2816 divi-

90 2829 153 2874 sio
185 2824 360 2862 materiae
388 2825 606 2862 secundum
631 2825 915 2870 quantitatem;
938 2826 1064 2863 forma
1089 2826 1194 2863 enim
1227 2826 1346 2872 hujus
1383 2827 1489 2874 ignis
1526 2836 1548 2864 a
1582 2826 1709 2863 forma

89 2867 198 2907 illius
218 2870 325 2917 ignis
347 2880 429 2908 non
447 2870 591 2917 differt,
613 2872 691 2909 nisi
711 2881 782 2918 per
799 2872 875 2910 hoc
895 2872 1002 2920 quod
1019 2876 1080 2911 est
1098 2873 1140 2910 in
1160 2873 1329 2911 diversis
1347 2874 1528 2920 partibus
1546 2873 1588 2910 in
1606 2881 1707 2920 quas
