1894 3223
627 126 714 162 LIB.
743 126 806 169 ΙΙΙ,
835 126 934 162 ΟΑΡ.
966 126 1135 162 LXXXVI.
1626 127 1693 162 375

71 209 171 247 riam
192 209 234 246 in
254 217 371 255 quam
393 210 526 254 agant.
547 208 632 244 Non
654 207 775 252 igitur
794 215 842 243 ex
864 207 1099 243 necessitate
1120 215 1330 252 corporum
1352 207 1573 244 coelestium
1596 207 1684 243 tolli·

71 259 136 294 tur
155 255 195 294 id
215 255 321 303 quod
342 254 507 291 materia
527 253 704 300 requirit.
724 254 880 289 Materia
909 259 1037 289 antem
1062 254 1100 289 in
1134 263 1249 300 quani
1285 258 1408 300 agunt
1427 263 1595 299 corpora
1617 262 1689 290 coe<

72 302 190 341 lestia
223 306 318 340 sunt
335 309 504 348 corpora
524 300 726 343 interiora,
743 309 946 346 quae.cuin
961 302 1041 337 siut
1055 301 1328 346 corruptibilia
1343 301 1562 338 secundum
1583 309 1696 337 suam

73 353 269 393 naturam,
289 348 394 386 sicut
413 346 580 385 deficere
599 351 770 394 possunt
791 347 839 384 ab
861 357 964 388 esse,
985 347 1038 384 ita
1059 347 1107 384 ab
1128 348 1299 393 operari,
1321 351 1359 384 et
1379 348 1438 384 316
1453 357 1590 385 eorum
1626 357 1694 384 na-

71 401 162 433 tura
181 396 257 433 hoc
278 395 410 440 habet,
431 398 476 432 ut
495 403 574 432 non
600 404 648 431 ex
671 394 908 431 necessitate
930 394 1151 440 producant
1175 393 1355 432 effectus.
1380 396 1466 431 Non
1499 395 1621 441 igitur
1648 404 1695 431 ex

74 443 314 527 necesssitate
333 441 573 489 proveniunt
593 440 758 479 effectus
778 440 1001 479 coelestium
1022 450 1234 489 corporum
1253 441 1296 478 in
1327 441 1561 488 corporibus
1596 441 1696 478 inse-

72 499 167 527 11011
201 498 262 527 03.

120 537 158 574 Si
175 535 322 584 aliquis
347 538 478 572 autern
498 535 598 572 sorte
627 535 744 580 dicat,
779 536 882 582 quod
916 536 1187 573 necessarium
1222 539 1283 572 est
1313 539 1356 573 ut
1384 535 1548 573 effectus
1577 536 1695 573 coele·

73 583 195 621 stium
213 591 425 629 corporum
446 582 732 628 compleantur,
755 592 828 619 nec
849 587 977 619 tamen
1008 593 1077 629 per
1105 583 1181 620 hoc
1212 581 1365 620 tollitur
1393 583 1642 629 possibilitas
1672 592 1695 621 a

73 630 194 668 rebus
209 628 483 674 inferioribus,
501 638 548 666 eo
567 629 672 681 quod
693 630 860 676 quilibet
879 629 1043 667 effectus
1058 634 1118 667 est
1135 630 1173 666 in
1196 629 1373 675 potentia
1385 634 1595 676 antequam
1612 629 1694 675 fiat,

72 681 114 714 et
131 681 227 715 tunc
248 676 393 714 dicitur
410 676 630 722 possibilis.
653 676 818 720 Quando
838 681 968 713 autem
985 677 1066 722 jam
1087 680 1147 713 est
1168 677 1207 712 in
1226 680 1329 720 actu,
1351 677 1494 713 transit
1513 686 1535 713 a
1554 676 1690 722 possi-

73 723 226 761 bilitate
246 723 288 760 in
308 724 602 767 necessitatem,
624 727 660 759 et
678 727 802 760 totum
823 723 898 760 hoc
916 723 1093 769 subjacet
1114 723 1342 760 coelestibus
1363 723 1552 760 motibus.
1576 726 1618 760 Et
1638 723 1696 761 sic

77 779 160 807 non
178 770 333 808 tollitur
353 770 450 816 quin
471 770 686 816 aliquando
708 769 872 807 effectus
893 770 944 807 sit
965 770 1188 815 possibilis,
1217 770 1310 806 licet
1337 771 1610 808 necessarium
1642 770 1694 807 sit

75 816 260 855 effectum
276 817 388 854 illum
411 818 650 864 quandoque
669 817 847 862 produci.
870 817 931 854 Sic
949 817 1055 854 enim
1069 816 1354 853 Albumazarin
1370 818 1497 863 primo
1512 817 1614 854 libro
1631 817 1694 855 sui

77 865 338 901 Introductorii
357 863 566 901 defendere
589 864 726 900 nititur
741 863 945 909 possibile.

124 913 209 949 Non
229 914 290 948 est
309 914 438 948 autem
461 910 652 956 possibile
673 911 777 956 quod
797 920 865 955 per
890 910 995 947 hunc
1031 910 1193 948 modum
1227 910 1420 956 possibile
1449 910 1694 949 defendatur.

77 958 276 995 Possibile
298 957 402 993 enim
425 957 624 1004 quoddam
645 961 718 1000 est,
741 957 845 1003 quod
862 957 909 993 ad
931 958 1204 994 necessarium
1229 957 1421 1004 sequitur.
1458 959 1554 995 Nam
1587 958 1692 1005 quod

76 1013 243 1042 necesse
264 1008 433 1040 estesse
470 1003 662 1049 possibile
680 1008 739 1040 est
763 1013 866 1040 esse.
890 1004 1002 1047 Quod
1039 1005 1146 1040 enim
1176 1013 1258 1041 non
1293 1004 1486 1051 possibile
1517 1009 1576 1041 est
1608 1013 1696 1042 esse

77 1050 328 1097 impossibile
349 1054 410 1087 est
429 1059 533 1087 esse.
556 1052 600 1086 Et
618 1050 724 1096 quod
763 1050 1012 1096 impossibile
1033 1055 1093 1087 est
1114 1060 1203 1088 esse
1224 1060 1389 1088 11666336
1410 1056 1468 1088 631
1490 1061 1571 1088 11011
1593 1061 1694 1088 6336.

77 1098 202 1150 Igitur
221 1096 328 1143 quod
344 1105 510 1134 necesse
524 1100 585 1133 est
602 1105 691 1134 6336
730 1105 894 1133 11666336
914 1100 974 1134 631
995 1106 1074 1134 non
1095 1106 1197 1134 esse.
1221 1099 1301 1134 Hoc
1319 1101 1449 1134 autem
1467 1102 1527 1134 est
1548 1099 1695 1144 impos-

78 1144 210 1182 sibile.
229 1146 331 1190 Ergo
351 1143 602 1190 impossibile
623 1147 683 1180 est
711 1143 817 1190 quod
839 1143 988 1190 aliquid
1009 1153 1174 1181 necesse
1196 1144 1248 1180 sit
1267 1153 1371 1189 esse,
1393 1148 1431 1180 et
1451 1148 1582 1181 tamen
1616 1154 1696 1181 non

77 1191 131 1229 sit
148 1190 342 1238 possibile
359 1190 459 1227 illud
478 1199 582 1228 esse.
603 1191 704 1237 Ergo
718 1190 910 1236 possibile
926 1190 1024 1227 illud
1046 1191 1226 1238 sequitur
1240 1190 1289 1228 ad
1311 1200 1476 1228 11666336
1495 1200 1598 1228 6336.
1615 1193 1695 1230 Hoc

77 1242 210 1276 autem
218 1237 412 1285 possibile
423 1246 504 1275 non
517 1240 577 1274 est
588 1237 859 1275 necessarium
869 1237 1191 1290 defendere‚quia
1204 1247 1285 1275 non
1299 1242 1436 1275 contra
1445 1239 1520 1275 1106
1534 1238 1697 1276 effectus

78 1294 127 1322 ex
143 1284 380 1322 necessitate
395 1284 551 1322 causari
564 1283 762 1325 dicuntur,
773 1284 843 1321 sed
857 1288 996 1322 contra
1011 1285 1203 1330 possibile
1218 1285 1325 1332 quod
1339 1286 1555 1331 opponitur
1565 1294 1699 1323 neces·

77 1332 199 1377 sario,
236 1335 326 1370 rout
337 1331 482 1369 dicitur
492 1330 683 1378 possibile
697 1331 801 1378 quod
814 1335 1040 1377 potestesse
1053 1335 1090 1368 et
1101 1341 1182 1369 non
1195 1341 1299 1370 esse.
1310 1334 1397 1369 Non
1410 1332 1553 1370 dicitur
1567 1337 1697 1370 autem

78 1379 202 1426 aliqui
263 1387 334 1426 per
363 1378 471 1416 hunc
503 1377 665 1415 modum
691 1378 884 1424 possibile
915 1383 953 1415 et
975 1379 1213 1425 contingens
1246 1389 1293 1416 ex
1328 1379 1404 1416 1106
1430 1380 1562 1417 3010111
1593 1380 1696 1426 quod

79 1426 318 1473 quandoque
339 1425 452 1463 sitin
472 1425 649 1471 potentia
679 1428 718 1462 et
742 1425 980 1472 quandoque
998 1426 1038 1461 in
1062 1430 1166 1470 actu,
1197 1430 1240 1463 ut
1271 1426 1458 1472 praedicta
1486 1427 1696 1472 responsio

79 1471 365 1519 praesupponit.
386 1473 484 1509 Nam
506 1472 564 1509 sic
583 1472 702 1509 etiam
725 1472 766 1508 111
787 1472 962 1509 motibus
983 1472 1212 1509 coelestibus
1233 1477 1294 1510 est
1318 1473 1510 1519 possibile
1536 1478 1573 1510 61
1603 1482 1697 1511 con-

80 1520 255 1566 tingens.
275 1520 362 1556 Non
383 1519 489 1555 enim
504 1527 661 1564 semper
680 1522 741 1556 est
761 1519 989 1565 conjunctio
1018 1519 1078 1555 vel
1104 1519 1303 1565 oppositio
1325 1519 1424 1556 solis
1445 1524 1512 1556 aut
1532 1520 1636 1557 lunae
1656 1521 1697 1559 in

82 1570 187 1610 actu,
210 1565 280 1604 sed
299 1565 537 1612 quandoque
560 1565 719 1612 quidem
737 1565 777 1601 in
791 1570 894 1609 actu,
916 1566 1153 1612 quandoque
1170 1570 1299 1603 autem
1328 1566 1370 1604 in
1389 1566 1577 1612 potentia.
1603 1568 1697 1611 Quae

80 1617 215 1650 tamen
231 1612 459 1650 necessaria
477 1616 584 1656 sunt,
605 1621 694 1649 cum
716 1612 762 1648 de
779 1613 841 1649 1113
856 1612 998 1649 dentur
1023 1612 1399 1650 demonstrationes.
1415 1613 1489 1650 Sed
1503 1614 1697 1660 possibile

79 1660 141 1697 vel
183 1659 422 1706 contingens
454 1659 559 1706 quod
589 1659 804 1705 opponitur
835 1659 1064 1696 necessario
1096 1659 1172 1697 hoc
1203 1659 1245 1696 in
1275 1670 1349 1697 sua
1380 1661 1533 1697 ratione
1565 1661 1696 1705 habet,

81 1707 185 1754 quod
205 1715 286 1748 non
307 1707 359 1743 sit
378 1715 543 1743 necesse
564 1706 661 1758 illud
682 1701 765 1742 fleri
784 1706 943 1752 quando
964 1715 1045 1743 non
1078 1710 1163 1752 est;
1192 1707 1299 1753 quod
1316 1707 1476 1753 quidem
1509 1711 1582 1752 est,
1604 1709 1698 1754 quia.

80 1762 162 1791 non
185 1753 233 1791 de
254 1753 492 1790 necessitate
512 1756 693 1799 sequitur
708 1762 757 1789 ex
781 1762 900 1790 causa
923 1762 1010 1790 sua.
1040 1753 1164 1799 Sicut,
1193 1763 1283 1790 cum
1302 1753 1474 1792 dicimus
1497 1755 1696 1792 Socratem

80 1809 287 1838 sessurum
303 1808 407 1844 esse,
421 1802 482 1837 631
493 1799 752 1846 contingens;
773 1800 905 1845 ipsum
925 1803 1057 1837 autem
1070 1809 1159 1838 6336
1174 1802 1426 1846 moriturum,
1442 1804 1503 1838 est
1518 1810 1699 1839 necessa—

79 1847 199 1892 rium,
217 1846 312 1894 quia
331 1846 551 1884 secundum
572 1846 715 1884 horum
737 1855 786 1883 ex
805 1855 927 1883 causa
954 1855 1028 1884 sua
1057 1846 1104 1883 de
1135 1848 1373 1885 necessitate
1399 1848 1593 1894 sequitur,
1615 1857 1695 1886 non

81 1897 212 1936 autem
231 1894 416 1940 primum.
450 1893 490 1931 Si
522 1902 618 1940 ergo
638 1903 686 1931 ex
713 1893 890 1931 motibus
920 1893 1151 1931 coelestibus
1174 1894 1223 1931 de
1243 1894 1482 1932 necessitate
1518 1896 1698 1942 sequitur

78 1941 186 1988 quod
212 1949 350 1977 eorum
371 1939 536 1978 effectus
556 1941 638 1978 sint
655 1940 893 1988 quandoque
915 1940 1051 1985 futuri,
1073 1941 1226 1979 tollitur
1247 1941 1442 1988 possibile
1473 1946 1512 1980 et
1543 1942 1696 1980 contin-

82 1996 196 2035 gens,
218 1987 325 2035 quod
345 1987 573 2026 necessario
587 1987 814 2034 opponitur.

127 2034 340 2086 Sciendum
361 2037 491 2071 autem
512 2034 632 2081 quod,
652 2034 701 2072 ad
721 2034 969 2080 probandum
987 2034 1151 2073 effectus
1172 2035 1392 2073 coelestium
1414 2045 1626 2083 corporum
1652 2047 1699 2074 ex

80 2084 317 2118 necessitate
338 2081 559 2126 provenire,
577 2081 777 2118 Avicenna
796 2081 837 2118 in
859 2091 932 2119 sua
951 2083 1110 2127 Metaph.
1133 2082 1187 2129 (x,
1211 2082 1244 2129 1)
1267 2083 1391 2120 utitur
1408 2083 1476 2120 tali
1510 2084 1663 2121 ratione
1688 2097 1694 2120 :

82 2127 121 2165 Si
144 2127 249 2164 enim
267 2127 413 2174 aliquis
431 2126 595 2165 effectus
612 2128 834 2165 coelestium
855 2137 1067 2174 corporum
1080 2128 1306 2175 impeditur,
1330 2131 1602 2177 oportetquod
1621 2131 1695 2167 hoc

80 2174 135 2211 sit
153 2183 223 2220 per
241 2173 415 2220 aliquam
435 2183 597 2211 causam
615 2174 880 2212 voluntariam
901 2175 960 2211 vel
982 2176 1216 2213 naturalem.
1240 2177 1379 2214 Omnis
1414 2180 1544 2214 autem
1578 2186 1699 2215 causa

82 2221 308 2258 voluntaria
325 2220 386 2257 vel
407 2221 600 2258 naturalis
619 2221 822 2259 reducitur
850 2222 899 2258 ad
921 2222 1083 2269 aliquod
1115 2223 1276 2260 coeleste
1308 2224 1563 2269 principium.
1596 2220 1706 2271 Ergo'

82 2266 640 2319 impedimentum—effectuum
655 2268 875 2306 coelestium
891 2278 1101 2316 corporum
1116 2270 1295 2316 procedit
1308 2280 1357 2307 ex
1374 2270 1574 2317 aliquibus
1587 2268 1704 2308 coele-'

79 2314 212 2351 stibus
239 2314 461 2360 principi1s.
480 2314 732 2360 Impossibile
761 2318 822 2352 631
844 2325 953 2362 ergo,
989 2316 1110 2362 quod,
1142 2316 1178 2353 si
1209 2320 1318 2355 totus
1350 2317 1447 2354 ordo
1475 2317 1695 2355 coelestium

82 2360 204 2398 simul
225 2360 454 2412 accipiatur,
476 2359 642 2413 effectus
666 2361 752 2408 ejus
787 2371 964 2409 unquam
994 2367 1186 2400 cassetur.
1219 2363 1328 2401 Unde
1359 2363 1562 2401 concludit
1592 2365 1698 2410 quod

79 2415 250 2455 corpora
267 2407 445 2444 coelestia
465 2407 616 2460 faciunt
631 2409 860 2446 necessario
887 2418 977 2446 esse
997 2409 1139 2447 debere
1160 2408 1326 2448 effectus
1345 2409 1387 2447 in
1416 2410 1480 2447 his
1499 2410 1697 2448 inferiori—

80 2454 172 2500 bus,
193 2458 273 2491 tam
293 2454 541 2491 voluntarios
561 2463 679 2501 quam
699 2456 915 2493 naturales.
938 2457 1028 2493 Haec
1048 2459 1180 2493 autem
1199 2456 1316 2501 ratio,
1343 2460 1387 2493 ut
1405 2457 1636 2495 Aristoteles
1655 2458 1695 2495 in

82 2501 260 2539 secundo
279 2501 424 2545 Physic.
444 2500 539 2537 dicit
557 2501 667 2547 (text.
689 2511 791 2539 com.
821 2505 868 2539 40
897 2505 936 2539 et
963 2502 1097 2587 infra)13
1128 2503 1202 2540 fuit
1221 2503 1484 2550 quorumdam
1514 2505 1697 2552 antiquo-

84 2557 188 2593 rum,
210 2547 277 2595 qui
297 2547 496 2594 negabant
514 2556 652 2585 casum
677 2551 716 2585 et
749 2548 962 2594 fortunam,
982 2558 1053 2595 per
1100 2557 1148 2587 06
1173 2549 1280 2597 quod
1302 2550 1515 2598 cujuslibet
1533 2551 1697 2590 effectus

78 2599 144 2633 est
162 2595 296 2641 aliqua
329 2603 452 2632 causa
483 2594 755 2631 determinata.
790 2595 924 2633 Posita
953 2598 1084 2633 autem
1114 2605 1238 2634 66036
1263 2599 1424 2643 ponitur
1453 2598 1616 2636 effectus
1650 2600 1697 2636 de

81 2642 343 2686 necessitate3
365 2645 404 2678 et
423 2641 494 2686 sic,
514 2650 605 2678 cum
626 2641 762 2679 omnia
782 2651 831 2679 ex
849 2643 1086 2680 necessitate
1106 2645 1354 2690 proveniant,
1375 2653 1457 2682 non
1474 2649 1533 2683 631
1546 2645 1697 2693 aliquid

80 2688 286 2726 fortuitum
305 2687 366 2725 vel
383 2687 555 2726 casuale.

131 2736 238 2773 Hanc
259 2738 390 2772 autem
410 2735 604 2772 rationem
625 2735 709 2781 ipse
723 2735 839 2772 solvit
855 2736 896 2772 in
910 2739 1021 2774 sexto
1034 2738 1210 2784 Metaph„
1226 2738 1334 2786 (text.
1346 2748 1448 2777 com.
1462 2739 1499 2787 7)
1513 2742 1694 2787 negando

83 2781 182 2819 duas
199 2782 496 2829 propositiones
511 2782 656 2829 quibus
672 2782 755 2819 haec
775 2782 875 2820 ratio
896 2783 1031 2820 utitur.
1055 2784 1228 2828 Quarum
1244 2795 1324 2824 una
1337 2790 1410 2832 631,
1439 2788 1545 2834 quod
1565 2789 1696 2834 posita

84 2837 208 2880 causa
224 2838 488 2876 quacumque,
510 2837 675 2867 necesse
695 2829 747 2866 sit
765 2830 850 2876 ejus
866 2829 1048 2867 effectum
1065 2831 1175 2878 poni.
1192 2833 1273 2870 Hoc
1305 2833 1410 2871 enim
1442 2843 1524 2871 non
1542 2838 1695 2881 oportet

81 2882 123 2912 111
142 2875 329 2914 omnibus
350 2876 500 2924 causis,
521 2876 618 2924 quia
634 2876 767 2924 aliqua
786 2886 920 2924 causa,
942 2877 1033 2916 licet
1065 2878 1117 2916 sit
1143 2888 1214 2926 per
1250 2888 1295 2919 se
1319 2883 1359 2919 et
1384 2881 1541 2929 proprie
1574 2891 1695 2919 causa
