1803 3223
64 103 156 141 XXII
400 100 536 136 BERN.
562 98 720 134 MARIAE
746 97 806 132 DE
831 95 997 133 RUBEIS
1026 93 1334 133 DISSERTATIO.

65 200 247 243 hominis
264 201 351 240 «ad
368 199 490 239 altius
509 198 684 244 bonum,
704 206 834 245 quam
847 195 960 245 quod
973 194 1150 245 experiri
1168 194 1213 233 in
1236 194 1430 245 praesenti
1445 194 1530 234 vita
1549 193 1679 245 possit

66 265 251 306 humana
267 263 466 315 fragilitas
486 275 524 309 »,
545 258 818 310 hominesque
838 271 862 299 a
884 273 903 297 «
923 257 1184 299 sensibilium
1207 258 1554 299 delectationibus
1573 272 1592 296 n
1626 269 1676 299 eo

66 329 241 370 validius
264 342 283 366 «
304 328 355 366 ad
368 326 633 365 honestatem
650 323 989 373 perducuntur»,
1013 323 1125 374 quod
1151 336 1170 360 «
1190 334 1277 363 esse
1292 323 1372 362 alia
1392 323 1500 362 bona
1511 322 1575 361 his
1589 333 1678 362 sen-

67 393 253 433 sibilibus
274 391 464 442 potiora»
483 386 674 426 noverint
693 400 703 436 ;
730 399 945 438 «quorum
968 391 1090 439 gustu
1105 387 1238 426 multo
1260 388 1424 426 suavius
1439 388 1510 438 qui
1529 390 1678 427 vacant

67 457 226 505 activis,
249 456 312 495 vel
325 450 690 502 contemplationis
700 450 1258 500 virtutibus,delectantur».
1272 451 1361 490 Imo
1374 452 1499 490 etiam
1515 451 1678 490 «verior

65 521 140 561 Dei
161 518 342 570 cognitio
362 531 381 553 n
406 514 585 555 habetur
604 527 613 554 :
642 514 783 553 «tunc
803 514 915 553 enim
930 514 1066 553 solum
1086 526 1181 554 vere
1201 516 1335 554 Deum
1363 515 1674 567 cognoscimus,

67 584 233 635 quando
254 582 393 631 ipsum
414 590 499 619 esse
521 578 731 618 credimus
752 589 875 628 supra
895 578 937 616 id
959 589 1099 627 omne,
1123 580 1235 629 quod
1256 579 1307 618 de
1323 581 1409 619 Deo
1431 579 1605 630 cogitari
1625 578 1679 617 ab

65 648 235 688 homine
255 643 450 695 possibile
483 647 600 692 est»,
623 654 720 683 cum
741 653 838 681 sane
863 656 881 678 α
908 643 1143 682 naturalem
1177 643 1358 682 hominis
1393 643 1677 694 coguitionem

23 750 25 754 ,
67 712 203 752 divina
222 708 451 748 substantia
472 708 645 748 excedat
664 721 703 747 υ,
724 707 830 747 Hinc
854 721 875 744 «
893 707 1084 745 firmatur
1101 707 1145 745 in
1164 707 1335 746 homine
1359 707 1500 757 opinio
1522 723 1560 753 »‚
1584 718 1677 757 quae

67 776 247 816 divinam
282 774 429 813 deceat
461 772 668 811 infinitam
694 772 1000 811 excellentiam.
1018 771 1188 810 Accedit
1212 771 1585 821 «praesumptionis
1613 782 1677 810 re-

65 839 238 891 pressio,
260 849 354 888 quae
392 839 455 876 est
486 839 621 875 mater
655 836 817 876 erroris.
841 836 945 875 Sunt
978 837 1089 876 enim
1126 836 1295 886 quidam
1325 839 1491 875 tantum
1522 837 1572 874 de
1602 847 1678 875 suo

65 904 234 956 ingenio
254 904 574 954 praesumentes,
592 903 639 940 ut
653 903 787 940 totam
799 904 991 939 naturam
1006 901 1187 939 divinam
1203 913 1244 939 se
1261 904 1457 951 reputent
1472 912 1546 939 suo
1560 900 1663 939 intel

65 970 178 1009 lectu
193 979 310 1018 posse
322 966 457 1006 metiri
475 978 483 1005 :
502 965 758 1004 aestimantes
773 965 933 1004 scilicet
947 968 1084 1004 totum
1106 976 1192 1003 esse
1207 977 1350 1004 verum
1370 967 1480 1015 quod
1498 965 1556 1004 eis
1572 965 1680 1004 vide·

65 1037 151 1081 tur,
174 1036 216 1072 et
243 1032 395 1071 falsum
427 1030 540 1080 quod
571 1029 629 1068 eis
650 1040 734 1068 non
755 1029 931 1068 videtur.
954 1030 1008 1068 Ut
1042 1041 1154 1080 ergo,
1180 1029 1230 1069 ab
1244 1029 1323 1069 hac
1351 1030 1677 1079 praesumptione

64 1098 275 1138 humanus
296 1097 459 1135 animus
487 1094 702 1141 liberatus,
723 1093 773 1132 ad
795 1093 1027 1132 modestam
1048 1093 1231 1132 veritatis
1249 1094 1563 1144 inquisitionem
1583 1105 1674 1144 per-

64 1159 506 1209 veniat‚necessarium
522 1172 540 1194 »
555 1157 618 1196 vel
634 1156 884 1196 conveniens
899 1157 1054 1196 etutile
1068 1157 1146 1196 suit
1164 1171 1182 1194 «
1196 1157 1357 1196 homini
1374 1158 1549 1209 proponi
1566 1169 1678 1208 quae-

66 1227 163 1266 dam
176 1225 487 1273 divinitusquze
508 1221 680 1261 omnino
696 1221 958 1260 intellectum
978 1221 1066 1272 ejus
1086 1223 1385 1262 excederent».
1403 1223 1508 1269 Quid
1524 1224 1543 1262 ‘3
1559 1222 1677 1268 Quod

69 1306 90 1328 <‹
110 1301 251 1331 rerum
266 1287 622 1327 nobilissimarum
644 1285 842 1336 cognitio,
864 1279 1255 1337 quantumcumque
1271 1288 1532 1337 imperfecta,
1552 1287 1678 1326 maxi-

66 1364 179 1392 mam
194 1351 495 1402 perfectionem
529 1350 679 1388 animae
700 1349 862 1389 confert
883 1365 903 1386 2>
922 1362 932 1398 3
966 1350 1077 1389 unde
1103 1366 1120 1387 (t
1142 1352 1329 1400 quamvis
1351 1363 1413 1399 ea,
1437 1363 1530 1402 quae
1554 1362 1677 1401 supra

65 1417 272 1456 rationem
302 1418 414 1462 sunt,
437 1413 542 1453 ratio
571 1413 755 1452 humana
786 1414 907 1463 plene
940 1425 1088 1463 capere
1119 1426 1202 1454 non
1228 1416 1369 1465 possit,
1391 1420 1533 1455 tamen
1568 1416 1675 1454 mul-

64 1483 157 1520 tum
189 1480 263 1519 sibi
293 1477 560 1529 perfectionis
593 1476 846 1528 acquiritur,
881 1477 912 1514 si
946 1477 1094 1516 saltem
1129 1479 1275 1518 eadem
1308 1480 1678 1530 qualitercumque

64 1547 207 1585 teneat
227 1544 323 1583 fide.

116 1610 235 1649 Hisce
266 1608 477 1659 praecipue
515 1607 773 1659 argumentis
813 1606 952 1647 nobile
989 1607 1204 1658 ingenium
1237 1607 1408 1647 Thomae
1448 1607 1609 1659 agebat,
1632 1610 1680 1647 ut

66 1674 211 1714 divinis
231 1673 442 1712 attributis
463 1683 690 1711 consonam
710 1670 916 1721 nobisque
937 1672 1118 1710 maxime
1146 1671 1292 1710 utilem
1329 1673 1528 1711 suaderet
1561 1683 1678 1711 reve-

64 1738 280 1785 lationem,
303 1748 384 1786 qua
416 1746 658 1785 supremum
690 1737 856 1775 Numen
884 1735 1077 1774 veritates
1112 1735 1282 1784 divinas,
1306 1748 1401 1787 quae
1429 1747 1584 1775 nexum
1602 1747 1675 1775 ne-

66 1801 288 1842 cessarium
325 1803 396 1839 aut
433 1800 711 1839 sufficientem
742 1812 828 1839 non
863 1800 1019 1839 habent
1057 1812 1153 1840 cum
1192 1801 1240 1840 iis
1275 1813 1369 1851 quae
1408 1801 1516 1840 facta
1550 1804 1677 1848 sunt,

64 1877 202 1917 neque
235 1876 307 1915 per
344 1876 391 1903 ea
423 1876 517 1914 quae
563 1864 672 1903 sacta
707 1867 805 1903 sunt
837 1865 1098 1904 innotescere
1130 1869 1317 1915 possunt,
1339 1865 1532 1913 voluerit,
1555 1864 1678 1904 sicuti

64 1933 243 1982 poterat,
266 1940 499 1979 proponere
529 1940 576 1967 ac
608 1928 887 1968 manifestare.
910 1930 1068 1969 Praesto
1103 1934 1200 1968 sunt
1231 1930 1356 1968 etiam
1394 1933 1436 1968 et
1476 1928 1676 1969 decentiae

65 1999 107 2036 et
127 1994 316 2034 utilitatis
336 1993 530 2041 rationes,
554 1996 600 2032 ut
619 1993 765 2033 eadem
787 1994 923 2033 divina
943 1994 1139 2033 revelatio
1160 1995 1211 2033 ad
1232 2005 1299 2033 eas
1318 2005 1487 2044 quoque
1507 1997 1678 2043 proten-

65 2060 233 2099 deretur
252 2058 444 2097 veritates
464 2070 557 2107 qua>
578 2059 773 2097 humanae
796 2058 968 2097 rationis
994 2058 1254 2108 inquisitioni
1284 2057 1434 2108 perviae
1465 2058 1675 2097 dicuntur.

65 2124 221 2171 Quarto
255 2122 443 2173 ejusdem
472 2122 566 2162 libri
608 2123 730 2173 primi
763 2124 1029 2173 praecedente
1060 2123 1195 2172 capite
1229 2134 1318 2162 rem
1356 2122 1465 2161 hanc
1496 2122 1680 2161 illustrat

64 2188 351 2229 sanctissimus
371 2188 539 2226 Doctor.
562 2187 602 2226 Si
622 2198 806 2237 namque
838 2187 1032 2226 veritates
1053 2186 1095 2224 id
1117 2198 1245 2238 genus
1264 2186 1446 2226 naturali
1477 2186 1680 2225 duntaxat
1724 2208 1729 2212 ·

63 2252 215 2291 rationi
235 2251 495 2302 inquirenda}
511 2252 820 2302 relinquuntur,
843 2254 1090 2301 sequeretur
1103 2251 1215 2301 quod
1240 2250 1419 2301 «paucis
1439 2249 1680 2290 hominibus

61 2316 138 2356 Dei
170 2316 351 2368 cognitio
384 2315 548 2354 inesset.
571 2316 747 2354 Plurimi
765 2319 936 2365 propter
956 2315 1257 2366 complexionis
1277 2315 1675 2366 indispositionem»

63 2379 204 2419 minus
222 2379 307 2429 apti
327 2383 424 2419 sunt
443 2380 494 2418 ad
510 2379 728 2419 sciendum
746 2393 754 2418 :
778 2380 1070 2430 impediuntur
1090 2381 1157 2419 alii
1177 2381 1456 2420 «necessitate
1477 2379 1537 2420 rei
1557 2379 1680 2419 fami·

61 2443 174 2483 liaris
193 2457 230 2482 ».
253 2443 486 2489 Quominus
503 2458 524 2478 «
544 2444 630 2483 otio
661 2444 1000 2494 contemplativae
1015 2445 1298 2495 inquisitionis
1317 2459 1337 2482 »
1356 2444 1482 2495 potiri
1502 2446 1678 2494 queant,

67 2520 86 2544 «
107 2509 154 2545 ut
173 2507 222 2545 ad
245 2517 459 2546 summum
476 2507 687 2559 fastigium
712 2509 909 2547 humanae
938 2508 1186 2559 cognitionis
1213 2509 1466 2559 pertingant,
1495 2506 1570 2546 Dei
1597 2505 1674 2544 sci—

25 2610 26 2616 ,
61 2568 162 2608 licet
185 2582 203 2605 »
230 2569 402 2619 ejusque
428 2570 726 2610 attributorum
755 2572 964 2611 notitiam.
986 2572 1196 2611 Laborant
1215 2572 1284 2611 alii
1309 2585 1327 2608 «
1345 2569 1563 2621 pigritia»,
1591 2580 1675 2619 quo

61 2635 277 2672 renuunt«
294 2643 465 2683 mag-nos
481 2648 500 2669 »
527 2645 735 2674 assumere
754 2650 772 2672 «
794 2636 956 2675 labores
975 2637 1101 2674 studii
1124 2650 1161 2684 υ,
1185 2636 1275 2675 sine
1289 2634 1442 2685 quibus
1467 2648 1487 2668 «
1505 2634 1556 2672 ad
1571 2643 1676 2683 prae-

62 2695 183 2735 dictae
194 2696 376 2735 veritatis
389 2696 703 2746 inquisitionem
717 2701 921 2747 perveniri
935 2712 1020 2739 non
1036 2702 1171 2749 potest
1185 2697 1300 2736 ».Vel
1315 2696 1436 2735 «illi»
1457 2698 1673 2745 praeterea,

62 2759 170 2809 qui«
191 2759 243 2797 ad
256 2758 445 2809 ejusdem
458 2759 642 2798 veritatis
654 2761 936 2810 cognitionem
952 2766 1023 2801 aut
1035 2761 1319 2800 inventionem
1335 2759 1672 2810 pertingerent»,

61 2823 126 2862 vix
149 2837 168 2860 «
188 2822 465 2874 postlongum
478 2826 642 2873 tempus
655 2839 674 2861 »
692 2823 733 2862 id
751 2830 1085 2875 assequerentur,
1099 2828 1190 2864 tum
1207 2838 1226 2861 «
1245 2827 1417 2873 propter
1431 2823 1675 2874 hujusmodi
