1894 3223
664 119 751 158 Lm.
778 121 826 165 lt,
853 122 954 159 CAP.
981 123 1038 159 xl.
1592 130 1659 167 1¹3

728 266 894 308 CAPUT
922 268 972 309 X.

453 378 645 412 QUALITER
678 380 871 411 ΡοΤΕΝΤΙΑ
898 367 937 410 iri
954 383 1028 412 1)Εο
1050 385 1229 415 mcum.

76 481 182 535 fluia
198 491 292 519 vero
311 482 412 535 nihil
438 486 500 520 est
530 483 725 536 suiipsius
755 485 1006 531 principium,
1045 498 1165 534 quum
1199 489 1331 526 divina
1363 491 1465 528 actio
1491 483 1570 529 non
1605 492 1656 530 sit

31 527 140 582 aliud
159 538 275 582 quam
297 531 866 583 ejus-potentia,'manifestum
889 538 947 570 est
968 544 1013 570 ex
1036 536 1232 580 praedictis
1254 537 1358 583 quod
1377 538 1551 583 potentia
1572 548 1654 577 non

32 575 238 629 dieiturin
262 577 342 629 [leo
361 581 464 614 sicut
484 578 724 623 principium
740 579 924 624 actionis,
957 581 1025 617 sed
1060 582 1163 619 sicut
1195 583 1432 630 principium
1467 586 1572 623 sacti.
1612 588 1657 624 Et

30 632 126 671 quia
142 627 319 676 potentia
337 629 559 677 resp-ectum
581 625 628 662 ad
647 626 813 663 altorum
830 627 1014 672 importat
1036 628 1074 664 in
1093 629 1245 666 ratione
1269 631 1655 677 p1·iu:ipii(cstenim

30 672 208 724 potentia
226 674 353 708 activa
370 673 609 718 prineipium
631 673 772 718 agendi
796 674 834 709 in
856 675 977 719 aliud,
1000 679 1043 711 ut
1061 685 1129 721 per
1150 676 1433 723 Philosophum
1448 679 1657 728 (Metaphy-

32 725 122 770 ⁵3⁰9
141 721 297 771 v,⁴text.
319 727 462 755 comm.
487 719 543 766 17)
564 719 694 766 patet),
719 721 972 758 manifestum
995 726 1116 758 estex
1136 723 1335 768 praedictis
1353 727 1459 771 quod
1481 729 1657 772 potentia

29 763 176 801 dicitur
194 773 235 801 in
258 766 338 802 Deo
359 775 427 818 per
443 770 666 813 respectum
686 767 734 804 ad
756 769 869 812 sacta,
891 768 1109 805 secundum
1131 769 1186 805 rei
1221 772 1439 814 veritatem,
1471 784 1549 810 non
1585 785 1654 821 per

30 814 254 857 respectum
275 812 323 849 ad
345 816 557 858 actionem,
580 814 656 851 nisi
680 815 898 851 secundum
931 815 1091 852 modum
1112 816 1374 863 intelligendi,
1401 825 1516 865 prout
1537 822 1653 859 intel-

32 857 159 910 lectus
178 862 316 912 noster
337 860 506 898 diversis
527 861 856 907 conceptionibus
880 865 1090 909 utrumque
1112 863 1351 910 considerat,
1380 866 1554 905 divinam
1576 869 1654 906 sci·

32 905 126 942 licet
145 909 360 951 potentiam
383 911 421 943 et
441 909 526 953 ejus
542 908 752 944 actionem.

80 953 199 996 Unde,
221 953 256 990 si
277 954 420 1000 aliquae
440 955 618 991 actiones
639 956 719 991 Deo
740 955 991 999 conveniant,
1015 966 1101 1003 quse
1137 967 1215 995 non
1239 959 1279 995 in
1307 959 1468 1007 aliquod
1502 962 1650 1001 factum

30 1000 328 1053 transeanysed
351 1005 536 1048 maneant
555 1001 592 1037 in
619 1005 772 1047 agente,
798 1007 977 1048 respectu
1001 1003 1139 1040 harum
1161 1015 1240 1042 non
1263 1006 1408 1044 dicitur
1426 1009 1465 1044 in
1480 1010 1559 1046 Deo
1574 1019 1644 1056 po-

29 1048 164 1098 tentia,
187 1055 264 1099 nisi
285 1047 503 1084 secundum
526 1047 686 1085 modum
707 1048 968 1095 intelligendi,
992 1059 1072 1088 non
1095 1053 1314 1090 secundum
1348 1055 1403 1091 rei
1424 1056 1644 1094 veritatem.

29 1093 262 1146 Hujus-modi
285 1097 416 1131 autem
433 1095 612 1132 actiones
632 1099 726 1132 sunt
746 1095 968 1143 intelligere
990 1101 1027 1133 ct
1046 1098 1158 1135 velle.
1190 1101 1369 1137 Potentia
1404 1102 1525 1148 igitur
1559 1105 1644 1148 Dei,

26 1147 184 1186 proprie
203 1139 415 1188 loquendo,
438 1150 518 1178 non
537 1142 698 1188 respicit
726 1142 955 1188 hujusmodi
990 1145 1182 1189 actiones,
1213 1147 1283 1183 sed
1317 1148 1428 1185 solos
1462 1148 1644 1188 effectus.

27 1186 254 1272 fflffiffggus
270 1187 391 1235 igitur
408 1191 445 1225 et
463 1189 648 1226 voluntas
666 1190 707 1226 in
731 1191 810 1226 Deo
829 1199 910 1227 non
931 1196 1024 1228 sunt
1045 1196 1087 1229 ut
1106 1194 1306 1239 potentiae,
1337 1195 1408 1232 sed
1434 1196 1565 1233 solum
1606 1200 1650 1234 ut

31 1300 43 1305 -
77 1287 329 1342 Patet-etiarn
348 1297 395 1325 ex
414 1277 611 1334 praedictis
629 1284 737 1336 quod
757 1288 971 1327 multitudo
993 1290 1209 1335 actionum,
1233 1300 1320 1338 quae
1339 1293 1420 1330 Deo
1441 1294 1661 1335 attribuun-

31 1339 107 1380 tur,
129 1339 172 1373 ut
193 1335 428 1381 intelligere,
455 1334 570 1380 velle,
593 1336 810 1381 producere
832 1345 909 1381 res,
932 1340 969 1373 et
994 1337 1155 1383 similia,
1179 1347 1258 1374 non
1280 1344 1374 1377 sunt
1390 1341 1554 1380 diversae
1576 1353 1655 1390 res,

30 1391 121 1436 curn
143 1382 328 1430 quaelibet
346 1382 488 1419 haruin
509 1382 708 1419 actionum
730 1382 771 1420 in
789 1385 867 1420 Deo
887 1384 935 1420 sit
957 1385 1088 1430 ipsum
1105 1384 1190 1431 ejus
1213 1395 1316 1432 esse,
1332 1388 1437 1434 quod
1456 1395 1515 1426 est
1533 1400 1656 1429 unum

32 1433 70 1467 et
89 1429 438 1483 idem3Quomodo
468 1433 599 1482 autem
633 1430 906 1476 multiplicitas
929 1431 1236 1477 significationis
1272 1434 1389 1472 unius
1422 1436 1480 1472 rei
1514 1438 1656 1476 unitati

33 1485 113 1560 {ion
138 1477 381 1561 praeJuditcett‚
408 1486 455 1514 ex
478 1477 540 1513 his
561 1487 648 1524 quae
675 1478 717 1514 in
737 1479 866 1525 primo
887 1478 988 1515 libro
1011 1483 1177 1517 ostensa
1197 1484 1290 1517 sunt
1311 1481 1359 1528 (c.
1383 1482 1442 1529 31)
1465 1486 1656 1522 manifes-

52 1533 116 1561 um
136 1533 226 1562 esse
243 1533 294 1571 po
315 1533 357 1562 es
379 1550 388 1559 .

713 1618 880 1660 CAPUT
910 1618 980 1660 XI.

258 1734 359 1769 QUOD
373 1734 425 1763 DE
449 1733 526 1763 DEO
543 1717 713 1764 DIGATU'R
731 1733 889 1768 ALIQUID
905 1732 1101 1762 RELATIVE
1119 1732 1173 1762 AD
1193 1732 1431 1762 CREATURAS.

81 1839 176 1876 Cum
194 1840 326 1875 autem
341 1837 516 1883 potentia
531 1838 612 1874 Deo
631 1836 840 1873 conveniat
858 1839 1040 1882 respectu
1067 1844 1231 1872 suorum
1264 1835 1490 1879 effectuum,
1515 1839 1653 1881 poten·

34 1885 91 1922 tia
110 1888 241 1922 autern
268 1885 462 1922 rationem
494 1884 675 1930 principii
702 1883 856 1927 habeat,
877 1887 920 1920 ut
953 1882 1001 1929 (c.
1036 1882 1092 1929 10)
1126 1883 1275 1920 dictum
1311 1887 1384 1928 est,
1415 1883 1657 1928 principium

29 1935 164 1970 autem
183 1932 344 1969 relative
364 1931 413 1968 ad
429 1931 710 1978 principiatum
727 1930 893 1974 dicatur,
910 1930 1165 1967 manifestum
1186 1930 1365 1977 estquod
1385 1929 1534 1976 aliquid
1555 1930 1653 1967 rela-

30 1979 110 2017 tive
129 1983 260 2025 potest
279 1978 356 2016 dici
378 1979 426 2016 de
443 1980 523 2015 Deo
543 1978 585 2014 in
605 1981 784 2023 respectu
808 1986 973 2015 suorum
994 1976 1221 2014 effectuum.

78 2027 179 2071 Item,
199 2035 281 2064 non
299 2029 431 2072 potest
447 2025 615 2071 intelligi
636 2025 786 2072 aliquid
801 2025 961 2062 relative
979 2024 1057 2061 diei
1069 2024 1117 2061 ad
1127 2025 1308 2068 alterum,
1322 2023 1400 2060 nisi
1416 2033 1436 2061 e
1452 2032 1649 2062 converso

34 2072 134 2111 illud
147 2073 309 2110 relative
329 2073 594 2127 diceretuqad
614 2073 767 2118 ipsum3
786 2072 855 2109 sed
878 2080 942 2109 res
956 2071 1043 2108 aliae
1061 2071 1222 2108 relative
1243 2070 1430 2108 dicuntur
1449 2071 1498 2108 ad
1518 2073 1656 2116 Deum,

32 2123 169 2166 utpote
187 2119 407 2158 secundum
426 2128 546 2157 suum
565 2128 655 2157 esse
674 2119 778 2166 quod
800 2128 824 2156 a
840 2120 920 2156 Deo
941 2119 1100 2164 habent,
1121 2123 1165 2155 ut
1182 2121 1391 2156 ostensum
1411 2122 1472 2156 est
1492 2117 1533 2165 (l.
1555 2127 1583 2163 1,
1605 2127 1643 2155 c.

33 2168 108 2252 ἐξ),
129 2167 179 2205 ab
197 2167 287 2214 ipso
306 2166 586 2214 dependentes.
607 2168 711 2204 Deus
745 2166 868 2214 igitur
897 2176 918 2203 e
949 2174 1144 2203 converso
1177 2165 1338 2203 relative
1372 2164 1422 2203 ad
1451 2169 1654 2202 creaturas

63 2218 201 2252 icetur.

80 2261 224 2307 Adhuc,
245 2260 465 2298 similitudo
484 2264 543 2298 est
563 2260 702 2298 relatio
720 2260 913 2308 quaedam.
936 2261 1040 2297 Deus
1053 2263 1198 2304 autem,
1216 2259 1321 2296 sicut
1334 2262 1370 2296 et
1380 2263 1519 2297 caetera
1532 2268 1653 2306 agen-

33 2307 102 2352 tia,
123 2308 200 2346 sibi
221 2307 352 2346 simile
372 2307 466 2354 agit.
482 2307 632 2344 Dicitur
653 2307 936 2354 igituraliquid
957 2308 1116 2344 relative
1137 2307 1182 2344 de
1201 2307 1304 2352 ipso.

79 2355 263 2400 Amplius,
285 2354 452 2392 scientia
471 2354 520 2391 ad
540 2354 684 2391 scitum
704 2355 864 2392 relative
880 2354 1037 2391 dicitur.
1058 2356 1163 2391 Deus
1182 2357 1311 2390 autem
1327 2362 1407 2389 non
1423 2353 1553 2390 solum
1570 2352 1654 2389 sui-

32 2402 177 2486 ἓρείῑῗε,
196 2401 266 2485 seld
287 2401 405 2484 etiam
423 2401 592 2438 aliorum
613 2402 822 2438 scientiam
843 2401 973 2438 habet.
996 2401 1119 2447 Igitur
1139 2400 1289 2446 aliquid
1315 2400 1475 2436 relative
1508 2399 1655 2436 dicitur

63 2458 82 2486 e
137 2457 184 2486 eo
201 2458 223 2486 a
270 2457 293 2485 a
311 2457 362 2485 ia.

79 2495 224 2540 Adhuc,
243 2503 408 2532 movens
429 2494 573 2532 dicitur
593 2495 753 2532 relative
779 2494 827 2531 ad
843 2498 1008 2538 motum,
1042 2496 1080 2530 ct
1113 2501 1238 2539 agens
1268 2492 1317 2529 ad
1351 2492 1513 2530 factum.
1552 2494 1657 2529 Deus

33 2546 165 2580 autem
187 2545 249 2580 est
268 2550 392 2589 agens
414 2546 452 2578 et
473 2550 637 2579 movens
659 2550 741 2578 non
759 2545 925 2585 motum,
948 2543 991 2577 ut
1008 2543 1215 2577 ostensum
1236 2542 1298 2576 est
1318 2538 1361 2586 (l.
1379 2549 1406 2584 1,
1427 2549 1462 2577 c.
1487 2538 1558 2586 13).
1591 2538 1656 2576 Di-

24 2593 177 2627 cuntur
196 2588 318 2636 igitur
343 2588 391 2626 de
412 2588 501 2634 ipso
521 2588 749 2625 relationes.
1246 2632 1253 2638 .

77 2638 179 2682 Item,
205 2635 377 2682 primum
415 2635 650 2672 relationem
686 2634 898 2681 quamdam
928 2634 1126 2679 importat.
1158 2632 1349 2670 Similiter
1370 2637 1408 2669 et
1431 2641 1648 2671 summum.

31 2683 246 2721 ostensum
257 2686 319 2720 est
337 2686 470 2720 autem
491 2682 531 2730 (l.
550 2691 625 2724 1,c.
648 2684 691 2718 13
712 2686 750 2718 et
766 2682 820 2727 14)
843 2682 974 2727 ipsum
995 2688 1084 2717 esse
1101 2688 1173 2717 ens
1195 2680 1365 2726 primum
1386 2684 1425 2716 et
1444 2688 1648 2718 summum

30 2729 194 2769 honum.
214 2732 324 2768 Patet
342 2729 464 2776 igitur
483 2728 590 2776 quod
609 2728 735 2765 multa
753 2728 801 2765 de
821 2730 901 2766 Deo
921 2727 1081 2765 relative
1102 2726 1302 2766 dicuntur.
1320 2726 1351 2775 (Ι
1365 2730 1483 2774 part„
1502 2737 1543 2776 q.
1563 2734 1652 2772 xm,

25 2780 165 2823 arten
186 2779 226 2815 et
242 2778 296 2815 De
309 2779 405 2824 pot„
419 2787 459 2825 q.
486 2785 559 2823 vn,
582 2778 655 2813 art.
678 2774 729 2822 8.)
