1894 3223
709 95 797 131 LIB.
826 95 872 138 11,
901 94 1001 130 CAP.
1029 94 1182 130 XXVIII.
1680 99 1737 132 132

122 175 361 212 necessitate
385 184 524 221 agens,
548 179 778 219 arctaretur,
800 175 876 212 hoc
899 178 1003 212 esset
1027 178 1204 221 respectu
1226 174 1384 211 illorum
1406 175 1472 222 qui
1493 175 1540 212 ab
1572 185 1620 212 eo
1652 187 1741 222 pro-

121 221 320 259 ducuntur
339 221 378 258 in
395 231 499 259 esse.
520 222 599 259 Hoc
615 226 745 258 autem
768 232 856 259 esse
876 231 954 259 non
976 227 1117 268 potest,
1140 230 1228 258 cum
1250 230 1370 267 supra
1389 221 1428 268 (l.
1444 231 1471 267 1,
1488 232 1521 259 c.
1537 224 1595 269 66)
1612 227 1741 260 osten-

119 277 207 305 sum
224 268 273 305 sit
294 268 398 315 quod
421 270 525 306 Deus
541 268 730 315 intelligit
751 269 868 305 etiarn
893 279 979 315 quse
1003 278 1079 305 non
1098 272 1203 312 sunt,
1225 277 1297 305 nec
1317 273 1444 308 erunt.
1466 278 1537 306 nec
1566 271 1738 307 suerunt.

119 317 203 352 Nou
224 315 345 360 igitur
365 317 468 352 Deus
489 315 568 362 agit
591 325 637 351 ex
659 315 895 352 necessitate
917 316 977 352 sui
1000 316 1240 359 intellectus,
1259 315 1319 351 vel
1342 315 1531 353 scientiae.

165 363 354 402 Praeterea,
378 361 511 399 divina
531 362 698 399 scicntia
729 367 981 408 comparatur
1011 363 1057 398 ad
1091 372 1153 399 res
1186 362 1233 399 ab
1267 362 1354 408 ipso
1387 363 1614 409 productas,
1637 365 1741 402 sicut

119 409 286 446 scientia
306 407 470 446 artificis
491 409 537 445 ad
560 417 623 445 res
651 407 893 446 artificiatas.
919 409 1107 453 Quaelibet
1143 413 1271 446 autem
1307 418 1372 446 ars
1404 418 1445 447 se
1480 411 1654 448 extendit
1689 412 1739 449 ad

118 456 254 493 omnia
273 465 360 502 quae
381 460 549 502 possunt
568 455 763 493 contineri
786 456 859 493 sub
881 465 1023 503 genere
1048 456 1227 502 subjecto
1263 456 1370 493 illius
1401 457 1511 501 artis,
1534 458 1638 495 sicut
1670 468 1736 496 ars

117 502 372 540 aedificatoria
388 502 436 540 ad
451 511 591 540 omnes
610 503 767 540 domus.
785 503 914 540 Genus
936 507 1066 539 autern
1085 503 1280 550 objectum
1299 503 1442 540 divinae
1461 505 1557 542 artis
1573 509 1632 542 est
1648 514 1735 550 enS‚

118 559 207 587 cuni
228 549 313 596 ipse
334 558 403 596 per
422 558 538 587 suum
561 549 805 587 intellectum
825 550 876 587 sit
899 550 1122 587 universale
1142 550 1380 596 principium
1417 551 1533 595 eritis,
1555 556 1597 588 ut
1623 552 1671 598 (c.
1692 555 1734 590 21

117 599 155 633 et
173 596 232 642 24)
253 600 460 634 ostensum
481 600 554 634 est.
574 597 699 643 Igitur
718 596 943 634 intellectus
960 596 1117 633 divinus
1139 597 1186 634 ad
1207 596 1342 633 omnia
1362 598 1507 643 quibus
1521 599 1622 636 entis
1636 599 1738 637 ratio

116 651 196 680 non
219 647 412 690 repugnat
430 652 543 681 suam
562 644 835 681 causalitatem
859 644 1044 681 extendit.
1069 642 1300 695 liujusmodi
1325 644 1429 680 enim
1449 646 1596 690 omnia,
1613 655 1738 693 quan-

116 693 200 727 tum
224 694 284 728 est
304 690 351 727 de
373 699 430 735 se,
451 694 543 728 nata
563 695 656 727 sunt
677 691 750 728 sub
773 695 860 727 ente
881 691 1088 728 contineri.
1112 692 1198 726 Non
1218 690 1340 736 igitur
1374 690 1531 728 divinus
1560 692 1737 730 intellec-

115 739 180 774 tus
202 737 251 774 ad
270 737 429 785 aliquos
451 737 735 774 determinatos
758 738 922 774 effectus
945 740 1180 774 coarctatur.
1437 755 1446 764 ι

165 784 262 821 Hinc
277 788 338 822 est
357 784 462 831 quod
486 785 527 821 in
549 787 612 822 Ps.
634 793 762 829 cxmu,
784 788 817 829 5,
840 784 984 821 dicitur
1007 795 1015 820 :
1036 785 1192 832 Maqitus
1224 784 1410 824 Dominus,
1444 788 1478 821 et
1495 796 1629 831 maana
1660 788 1737 822 vir-

115 833 175 867 tus
195 831 285 877 ejus,
308 834 341 867 et
358 833 545 877 sapientiae
582 831 660 877 erts
679 841 751 868 non
771 834 822 867 est
840 841 1023 867 numerus.
1119 876 1125 882 ι

167 879 238 915 Per
258 878 333 915 hoc
353 880 483 916 autem
510 878 732 915 excluditur
765 877 1026 924 quorumdam
1061 876 1392 929 philosophorum
1417 879 1565 924 positio
1598 880 1734 917 dicen-

115 924 213 961 tium
236 925 341 972 quod
362 934 409 962 ex
427 925 503 962 hoc
521 925 627 971 quod
648 927 753 962 Deus
770 925 945 970 seipsum
969 923 1168 970 intelligit,
1205 923 1293 961 fluit
1325 924 1373 961 ab
1400 925 1487 971 ipso
1515 926 1561 962 de
1597 936 1734 964 neces-

116 971 231 1009 sitate
254 972 344 1008 talis
366 981 494 1008 rerum
517 971 742 1016 dispositio,
764 971 876 1017 quasi
911 979 991 1007 non
1023 979 1096 1007 suo
1129 970 1292 1008 arbitrio
1320 971 1462 1009 limitet
1501 973 1674 1020 singula,
1698 977 1736 1010 et

116 1019 305 1056 universa
324 1018 522 1064 disponat,
541 1018 644 1055 sicut
669 1017 766 1055 fides
790 1017 986 1054 catholica
1004 1016 1225 1063 profitetur.

161 1065 372 1102 Sciendum
386 1068 518 1102 tamen
538 1064 658 1112 quod,
681 1064 862 1110 quamvis
881 1064 1039 1101 divinus
1075 1064 1301 1103 intellectus
1334 1065 1383 1102 ad
1416 1068 1546 1104 certos
1568 1066 1733 1104 effectus

114 1119 194 1148 non
229 1114 462 1155 coarctetur,
485 1110 570 1158 ipsc
591 1115 722 1148 tamen
762 1111 838 1148 sibi
873 1111 1011 1148 statuit
1037 1110 1321 1149 determinatos
1342 1111 1506 1149 effectus
1545 1122 1646 1159 quos
1668 1123 1737 1159 per

113 1165 226 1196 suam
243 1157 478 1204 sapientiam
495 1157 674 1195 ordinate
691 1158 895 1204 producat,
913 1159 1029 1203 sicut,
1050 1158 1155 1204 Sap„
1176 1166 1248 1205 XL,
1269 1161 1329 1205 21,
1352 1159 1523 1197 dicitur:
1547 1161 1676 1198 Omnia
1695 1162 1735 1196 in

114 1206 298 1251 sapientia
316 1204 541 1252 disposuisti,
563 1206 724 1241 Domine.

748 1352 915 1395 CAPUT
933 1352 1092 1394 XXVII.

188 1472 289 1507 QUOD
314 1472 454 1502 DIVINA
484 1472 688 1502 VOLUNTAS
719 1472 772 1502 AI)
804 1472 1101 1502 DETERMINATOS
1127 1472 1317 1503 EFFECTUS
1339 1473 1417 1503 NON
1442 1473 1659 1504 ARCTATUR.
1716 1479 1719 1481 ’

162 1581 216 1618 Ex
236 1581 299 1618 his
320 1581 438 1619 etiam
458 1581 613 1619 ostendi
636 1585 764 1628 potest
782 1581 887 1628 quod
906 1591 978 1618 nec
997 1582 1082 1628 eJus
1101 1581 1299 1625 voluntas,
1320 1592 1390 1629 per
1425 1592 1542 1630 quam
1564 1584 1659 1630 agit,
1683 1583 1731 1620 ad

115 1627 401 1666 determinatos
421 1627 586 1666 effectus
607 1629 884 1666 necessitatem
908 1628 1036 1666 habet.
1056 1628 1304 1666 Voluntatem
1345 1629 1452 1666 enim
1474 1639 1547 1667 suo
1574 1631 1731 1677 objecto

114 1674 453 1721 proportionatam
474 1684 562 1713 esse
583 1679 749 1722 oportet.
778 1675 979 1722 Objectum
1003 1679 1133 1712 autem
1159 1676 1375 1713 voluntatis
1410 1680 1470 1713 est
1501 1677 1649 1714 bonum
1672 1677 1731 1713 in-

113 1721 328 1767 tellectum,
352 1726 394 1759 ut
414 1725 518 1769 patet
537 1732 583 1759 ex
604 1722 843 1769 supradictis
864 1722 904 1769 (l.
925 1731 953 1766 1,
975 1732 1008 1759 c.
1029 1723 1103 1770 7⁵2).
1120 1722 1310 1760 Voluntas
1331 1723 1453 1770 igitur
1480 1724 1527 1760 ad
1547 1724 1731 1770 quaelibet

114 1776 158 1806 se
179 1772 316 1816 parata
349 1772 409 1806 est
434 1769 644 1806 extendere
677 1779 763 1816 quae
785 1769 819 1806 ei
841 1769 1066 1806 intellectus
1095 1769 1170 1806 sub
1200 1769 1354 1807 ratione
1386 1770 1480 1807 boni
1510 1780 1733 1816 proponere

115 1819 258 1863 potest.
275 1815 313 1854 Si
333 1815 455 1864 igitur
474 1816 700 1853 intellectus
717 1815 875 1853 divinus
908 1816 956 1852 ad
977 1820 1106 1854 certos
1126 1815 1291 1854 effectus
1317 1825 1398 1854 non
1432 1821 1665 1861 coarctetur,
1690 1821 1734 1854 ut

112 1866 318 1901 ostensum
340 1866 401 1901 est
419 1861 469 1910 (c.
483 1863 560 1909 26),
581 1863 818 1910 relinquitur
835 1862 941 1910 quod
963 1872 1034 1900 nec
1053 1863 1187 1900 divina
1219 1863 1403 1901 voluntas
1443 1863 1730 1902 determinatos

114 1909 281 1948 effectus
301 1920 348 1948 ex
367 1910 605 1948 necessitate
625 1910 822 1956 producit.

157 1959 346 2000 Praeterea,
373 1957 472 1995 nihil
488 1966 612 2004 agens
632 1966 700 2003 per
719 1957 962 1995 voluntatem
977 1957 1161 2004 producit
1180 1957 1330 2006 aliquid
1345 1966 1423 1995 non
1448 1958 1631 1995 volendo.
1658 1959 1731 1995 Os-

113 2008 274 2042 tensum
295 2008 424 2042 autem
441 2008 499 2042 est
521 2013 641 2051 supra
660 2004 702 2052 (l.
722 2013 749 2050 1,
768 2014 803 2042 c.
823 2005 896 2052 81),
919 2005 1023 2052 quod
1047 2007 1164 2050 Deus,
1185 2004 1290 2042 circa
1309 2004 1390 2042 alia
1409 2015 1431 2041 a
1450 2013 1506 2049 se,
1530 2005 1629 2041 nihil
1649 2005 1732 2041 vult

115 2059 164 2088 ex
194 2051 430 2090 necessitate
451 2051 648 2089 absoluta.
670 2053 756 2089 Non
777 2052 898 2099 igitur
918 2061 964 2089 ex
992 2052 1229 2089 necessitate
1256 2051 1401 2090 divinae
1420 2051 1639 2090 voluntatis
1660 2052 1732 2089 ali-

113 2097 358 2147 quieffectus
378 2098 611 2146 procedunt,
634 2098 705 2137 sed
724 2108 772 2137 ex
791 2099 877 2146 ejus
900 2098 1026 2137 libera
1048 2098 1328 2146 dispositione.

732 2246 899 2290 CAPUT
930 2247 1107 2288 XXVIII.

230 2375 422 2411 QUALl'rEB
443 2374 484 2405 IN
507 2374 638 2404 RERUM
661 2371 928 2403 PRODUGTIONE
950 2370 1122 2399 DEBITUM
1146 2369 1328 2399 JUSTITIAE
1354 2368 1609 2398 INVENlATUR.

162 2483 378 2522 ostendere
406 2486 536 2520 autern
564 2491 613 2519 ex
647 2482 847 2529 praedictis
876 2483 1030 2533 oportet
1049 2479 1154 2526 quod
1184 2480 1289 2531 Deus
1317 2487 1399 2530 Πομ
1429 2487 1476 2515 ex
1496 2476 1734 2530 necessitate

114 2535 300 2578 operatus
336 2532 395 2567 est
426 2529 467 2565 in
503 2537 633 2566 rerum
664 2529 878 2572 creatione,
899 2536 1014 2573 quasi
1035 2536 1083 2563 ex
1112 2525 1244 2578 deb1to
1272 2528 1438 2577 justitiae
1463 2533 1526 2579 res
1559 2533 1599 2561 1n
1638 2533 1730 2562 esse

114 2577 358 2625 produxerit.
376 2575 535 2613 Justitia
553 2575 660 2612 enim
675 2575 893 2612 secundum
910 2572 1197 2618 Philosophum
1215 2580 1256 2624 in
1271 2575 1411 2624 quinto
1425 2572 1544 2608 Ethzc.
1562 2569 1611 2618 (c.
1633 2573 1654 2608 3
1684 2569 1734 2608 ad

115 2624 283 2663 alterum
306 2622 464 2668 est,.cui
504 2621 678 2659 debitum
715 2621 857 2659 reddit.
882 2620 987 2657 Nihil
1026 2622 1158 2656 autem
1181 2618 1550 2671 universali-rerum·
1568 2625 1639 2663 pro
1671 2626 1735 2654 uc·

114 2671 215 2711 tioni
239 2669 572 2717 praesupponitur,
597 2668 661 2706 cui
693 2667 842 2714 aliquid
863 2666 1065 2704 debeatur.
1086 2667 1317 2718 Ipsaigitur
1337 2664 1576 2702 universalis
1598 2673 1731 2702 rerum

121 2718 330 2765 productio
352 2727 399 2754 ex
418 2716 549 2753 debito
565 2714 728 2762 Justitiae
747 2714 954 2760 provenire
975 2721 1055 2749 non
1075 2715 1216 2758 potuit.

162 2766 261 2806 Item,
288 2773 377 2801 cum
395 2763 560 2810 justitiae
581 2766 692 2799 actus
717 2761 768 2799 sit
802 2760 962 2797 reddere
988 2759 1201 2806 unicuique
1223 2759 1328 2806 quod
1361 2768 1478 2796 suum
1509 2762 1582 2802 est,
1605 2761 1735 2795 actum

123 2810 283 2849 'ustitiae
298 2809 485 2858 praecedit
504 2812 615 2846 actus
630 2817 709 2856 quo
728 2807 877 2855 aliquid
900 2806 1069 2853 aliquus
1090 2815 1205 2843 suum
1228 2805 1412 2849 efficitur,
1431 2805 1534 2842 sicut
1553 2807 1593 2842 in
1616 2805 1736 2856 rebus

116 2820 306 2897 Immanis
324 2860 446 2906 patet.
466 2856 620 2907 Aliquis
642 2855 748 2896 enim
778 2853 996 2892 laborando
1030 2856 1202 2891 meretur
1224 2862 1341 2891 suum
1373 2852 1476 2890 effici
1497 2852 1602 2899 quod
1623 2854 1735 2905 retrif
