1894 3223
675 56 764 93 LtB.
792 57 856 101 111,
885 57 986 93 CAP.
1014 57 1129 93 XLIX.
1641 61 1709 96 319

82 139 183 178 nihil
196 140 291 177 facit
305 139 580 177 frustra.Esset
596 142 725 175 autem
740 139 857 175 inane
873 138 1112 176 desiderium
1130 142 1279 176 naturae
1295 139 1329 177 si
1343 149 1545 187 nunquam
1574 146 1712 187 posset

81 187 254 234 impleri.
271 189 338 224 Est
356 186 479 233 igitur
510 185 709 231 implebile
732 186 972 222 desiderium
996 187 1174 223 naturale
1196 187 1386 224 hominis.
1407 189 1491 224 Non
1517 192 1647 225 autem
1670 189 1710 225 in

83 234 158 271 hac
180 235 271 278 vita,
290 237 333 271 ut
351 237 558 271 ostensum
578 237 651 269 est.
671 233 965 278 Oportetigitur
982 234 1086 279 quod
1111 234 1321 280 impleatur
1343 238 1433 280 post
1454 234 1556 272 hanc
1574 235 1710 272 vitam.

83 283 150 318 Est
173 281 295 327 igitur
315 280 486 318 felicitas
506 279 644 316 ultima
665 280 841 316 hominis
864 285 952 325 post
978 281 1078 317 lianc
1098 282 1233 318 vitam.

130 329 314 373 Amplius,
343 326 533 374 quamdiu
566 327 714 373 aliquid
748 331 928 364 movetur
961 327 1007 363 ad
1037 328 1334 373 perfectionem,
1361 328 1537 366 nondum
1566 333 1631 367 rest
1670 330 1713 366 in

82 374 224 412 ultimo
257 373 349 411 fine.
372 374 446 412 Sed
468 382 609 411 omnes
648 374 832 411 homines
856 374 896 410 in
931 375 1213 420 cognoscendo
1233 376 1438 412 veritatem
1474 386 1632 422 semper
1668 386 1712 415 se

84 421 233 459 habent
252 425 295 458 ut
332 421 430 458 moti
463 425 500 458 et
535 420 742 458 tendentes
773 421 819 457 ad
852 422 1148 466 perfectionem,
1171 422 1264 468 quia
1298 423 1355 458 illi
1379 423 1445 469 qui
1475 428 1712 470 sequuntur,

84 477 243 515 semper
260 468 469 505 inveniunt
488 468 566 505 alia
586 477 672 515 quae
693 478 716 504 a
733 468 932 514 prioribus
954 469 1230 513 suntinventa‚
1249 469 1352 506 sicut
1370 470 1486 507 etiam
1510 471 1654 509 dicitur
1672 471 1712 508 in

84 515 262 554 secundo
283 516 442 562 Metaph.
463 515 570 563 (text.
590 524 733 552 comm.
759 515 805 562 1).
826 517 910 552 Non
944 515 1065 561 igitur
1097 516 1280 553 homines
1302 517 1340 552 in
1364 518 1593 563 cognitione
1611 518 1712 556 veri-

83 563 177 600 tatis
194 563 253 600 sic
273 572 316 600 se
337 563 484 600 habent
504 563 618 609 quasi
640 563 678 599 in
702 562 841 599 ultima
861 562 938 599 fine
957 563 1172 600 existentes
1194 572 1284 600 cum
1321 563 1443 609 igitur
1468 565 1508 601 in
1531 565 1695 611 specula

83 610 194 647 tione
212 619 283 656 per
301 619 419 658 quam
478 609 641 647 uaeritur
659 610 836 656 cognitio
858 610 1048 653 veritatis,
1067 611 1237 651 maxime
1257 608 1597 649 videatur-ultima
1627 612 1717 650 feli--

83 657 184 695 citas
205 657 382 694 hominis
401 657 442 694 in
493 666 538 694 ac
553 657 632 693 vita
652 657 886 701 consistere,
903 657 1005 694 sicut
1026 658 1143 694 etiam
1163 657 1247 703 ipse
1261 658 1492 695 Aristoteles
1514 660 1654 705 probat
1673 659 1716 696 in

85 703 240 742 decimo
279 705 398 741 Ethic.
422 704 521 751 (cap.
548 704 617 750 10),
648 704 895 750 impossibile
927 707 987 741 est
1005 704 1134 741 dicere
1164 704 1270 751 quod
1308 705 1428 742 homo
1460 706 1499 742 in
1534 707 1606 743 hac
1636 707 1712 743 vita

84 750 270 789 ultimum
293 760 410 789 suum
432 750 551 788 finem
572 755 853 798 consequatur.

132 800 323 839 Praeterea,
346 808 463 836 omne
485 799 589 845 quod
609 803 668 835 est
701 800 738 834 in
761 798 950 844 potentia,
970 798 1139 835 intendit
1158 798 1265 835 exire
1284 798 1325 835 in
1347 803 1493 836 actum.
1516 800 1713 847 Quamdiu

87 845 210 892 igitur
230 854 310 882 non
342 851 402 883 est
433 856 480 882 ex
495 849 577 882 toto
610 846 751 882 factum
788 846 827 881 in
859 849 962 889 actu,
987 854 1063 882 non
1089 849 1149 881 est
1166 846 1205 881 in
1228 854 1302 882 suo
1323 845 1399 882 fine
1422 847 1577 884 ultimo.
1599 848 1714 885 Intel—

86 892 214 934 lectus
229 897 359 929 autem
381 895 517 929 noster
527 896 585 929 est
606 893 644 928 in
667 893 842 938 potentia
855 892 905 930 ad
921 901 1061 930 omnes
1080 892 1228 929 formas
1248 902 1378 929 rerum
1395 894 1720 941 cognoscendas„

86 938 303 976 Reducitur
338 943 468 976 autem
490 939 531 975 in
552 943 680 976 actum
703 948 793 975 cum
824 939 997 985 aliquam
1019 949 1150 976 earum
1175 941 1396 986 cognoscit.
1418 943 1517 987 Ergo
1539 950 1616 978 non
1640 942 1713 978 erit

87 995 133 1023 ex
155 990 238 1024 toto
269 987 311 1023 in
343 990 447 1030 actu,
469 994 542 1022 nec
572 986 613 1022 in
635 986 774 1022 ultimo
795 995 869 1022 suo
897 987 988 1030 tine,
1009 987 1086 1023 nisi
1109 987 1267 1032 quando
1300 988 1449 1031 omnia,
1472 989 1611 1025 saltem
1636 989 1711 1025 ista

86 1033 320 1077 materialia,
339 1032 562 1079 cognoscit.
584 1033 658 1069 Sed
697 1033 771 1069 hoc
794 1041 873 1070 non
912 1036 1042 1078 potest
1078 1033 1197 1069 homo
1219 1036 1378 1080 assequi
1417 1044 1487 1080 per
1522 1036 1714 1072 scientias

86 1079 353 1125 speculativas
385 1079 530 1126 quibus
567 1078 608 1116 in
649 1080 722 1116 hac
744 1079 823 1116 vita
842 1081 1045 1116 veritatem
1075 1080 1374 1126 cognoscimus.
1396 1083 1482 1118 Non
1507 1085 1568 1118 est
1593 1082 1715 1128 igitur

85 1126 278 1173 possibile
296 1126 401 1171 quod
422 1126 560 1163 ultima
580 1126 748 1163 felicitas
769 1126 945 1163 hominis
967 1126 1017 1163 sit
1038 1126 1080 1162 in
1101 1127 1175 1163 hac
1194 1127 1284 1164 vita.

134 1175 296 1219 Propter
317 1173 390 1210 has
411 1177 541 1210 autem
563 1177 601 1210 et
618 1173 846 1220 hujusmodi
869 1173 1044 1210 rationes
1064 1174 1284 1210 Alexander
1303 1177 1340 1211 et
1358 1176 1550 1213 Averroes
1570 1185 1714 1222 posue-

108 1224 180 1258 unt
201 1220 382 1258 ultimam
401 1220 577 1257 hominis
598 1220 824 1258 felicitatem
847 1229 927 1257 non
948 1230 1037 1258 esse
1055 1221 1096 1257 in
1118 1221 1319 1267 cogitione
1340 1222 1529 1267 humana,
1545 1233 1632 1270 quae
1653 1228 1713 1260 est

174 1268 365 1305 scientias
386 1267 666 1314 speculativas,
689 1267 756 1305 sed
776 1277 846 1313 per
870 1268 1212 1305 continuationem
1232 1277 1322 1305 cum
1344 1269 1568 1306 substantia
1603 1280 1712 1317 sepa-

86 1317 188 1360 rata,
209 1324 326 1362 quam
347 1323 437 1352 esse
455 1314 669 1352 credebant
683 1315 917 1361 possibilem
940 1315 1093 1352 homini
1115 1315 1156 1351 in
1178 1315 1251 1353 hac
1270 1316 1363 1352 vita.

133 1361 235 1406 Quia
247 1370 341 1399 vero
353 1362 585 1399 Aristoteles
601 1362 699 1398 vidit
716 1362 869 1408 (Ethic.,
888 1370 928 1406 x,
944 1372 1030 1408 cap.
1051 1362 1107 1445 1οἒ
1126 1361 1231 1409 quod
1255 1371 1337 1399 non
1357 1366 1418 1400 est
1436 1363 1515 1400 alia
1534 1364 1711 1411 cognitio

86 1407 266 1446 hominis
284 1409 326 1445 in
347 1409 421 1446 hac
434 1409 527 1453 vita,
543 1418 660 1455 quam
680 1419 750 1455 per
765 1409 954 1446 scientias
969 1418 1087 1454 specu
1108 1410 1234 1452 ativas
1253 1410 1386 1455 posuit
1405 1410 1606 1447 hominem
1630 1420 1711 1448 non

88 1455 282 1502 consequi
300 1455 526 1492 felicitatem
548 1457 775 1501 perfectam,
793 1455 861 1492 sed
883 1465 956 1492 suo
978 1456 1171 1507 modo.¹,In
1187 1466 1266 1503 quo
1281 1457 1379 1493 satis
1399 1462 1572 1503 apparet,
1592 1467 1713 1505 quan—

85 1505 166 1539 tam
199 1502 424 1549 angustiam
460 1502 710 1548 patiebantur
726 1503 819 1539 hinc
843 1502 934 1538 inde
959 1512 1095 1539 eorum
1115 1503 1304 1548 praeclara
1323 1504 1500 1550 ingenia,
1525 1513 1547 1541 a
1565 1505 1711 1551 quibus

85 1549 285 1596 angustiis
323 1549 594 1595 liberabimur,
631 1550 664 1586 si
701 1558 897 1595 ponamus
935 1550 1155 1586 secundum
1189 1550 1445 1596 probationes
1481 1552 1710 1597 praemissas

86 1596 289 1633 hominem
325 1596 373 1633 ad
394 1606 525 1633 veram
562 1596 788 1634 felicitatem
809 1600 899 1643 post
931 1596 1033 1634 hanc
1056 1597 1176 1633 vitam
1197 1598 1402 1643 pervenire
1422 1607 1556 1644 posse,
1578 1599 1713 1636 anima

86 1643 264 1680 hominis
287 1643 510 1680 “immortali
544 1643 750 1681 existente.
771 1645 814 1680 In
845 1652 924 1690 quo
955 1647 1059 1681 statu
1089 1644 1223 1681 anima
1242 1644 1438 1691 intelliget
1458 1655 1528 1691 per
1547 1646 1710 1683 modum

85 1699 164 1736 quo
177 1690 407 1737 intelligunt
421 1690 654 1728 substantiae
669 1694 874 1736 separatae,
889 1691 992 1728 sicut
1007 1691 1047 1727 in
1061 1691 1239 1728 secundo
1253 1691 1353 1738 (cap.
1370 1691 1429 1738 81)
1447 1692 1566 1738 hujus
1579 1693 1710 1739 operis

85 1740 294 1774 ostensum
315 1741 389 1774 est.
404 1736 485 1773 Erit
502 1737 624 1784 igitur
644 1738 783 1775 ultima
802 1738 970 1774 felicitas
990 1738 1165 1774 bominis
1185 1738 1226 1774 in
1245 1738 1474 1785 cognitione
1492 1740 1575 1784 Dei,
1592 1749 1710 1787 quam

84 1783 205 1821 habet
222 1784 397 1821 humana
416 1793 531 1821 mens
551 1788 641 1831 post
662 1785 764 1822 hanc
785 1785 904 1821 vitam
925 1794 994 1831 per
1013 1785 1174 1822 modum
1197 1794 1275 1832 quo
1296 1786 1428 1832 ipsum
1461 1791 1711 1833 cognoscunt

86 1831 322 1869 substantiae
339 1835 544 1877 separatae.

132 1879 295 1924 Propter
308 1878 428 1925 quod,
441 1879 635 1922 Matth.‚v,
654 1881 710 1923 12,
725 1878 918 1916 Dominus
939 1879 1131 1915 mercedem
1151 1879 1269 1916 nobis
1289 1881 1327 1914 in
1343 1880 1437 1915 coelts
1455 1880 1660 1926 promittit,
1674 1885 1714 1917 et

82 1925 233 1970 matth„
245 1927 411 1970 ΧΧΠ,3Ο,
425 1926 519 1962 dicit
539 1926 644 1972 quod
667 1927 793 1963 sancti
813 1929 918 1961 erunt
935 1927 1028 1962 sieut
1043 1927 1240 1973 anqeliqui
1254 1927 1379 1962 vident
1394 1937 1531 1973 semper
1542 1930 1654 1964 Deum
1671 1930 1711 1964 in

83 1973 191 2017 coelis,
213 1975 257 2010 ut
278 1972 422 2010 dicitur
440 1973 590 2018 Matth.‚
613 1981 727 2019 xvm,
751 1976 808 2010 10.
833 1972 929 2019 (1-11,
951 1983 990 2021 q.
1008 1982 1049 2018 v,
1069 1977 1140 2010 art.
1162 1974 1211 2020 3.)

729 2113 897 2156 CAPUT
926 2114 1064 2155 XLIX.

133 2220 233 2255 QUOD
260 2219 507 2250 SUBSTANTIAE
533 2220 745 2250 SEPARATAE
768 2221 848 2250 NON
868 2221 1016 2251 VIDENT
1038 2222 1148 2251 DEUM
1172 2223 1245 2251 PER
1269 2222 1491 2252 ESSENTIAM
1512 2223 1565 2252 EX
1586 2223 1662 2253 HOC

415 2280 517 2315 QUOD
543 2280 794 2309 COGNOSGANT
817 2280 898 2310 EUM
915 2280 989 2310 PER
1010 2281 1230 2310 ESSENTIAM
1257 2282 1376 2310 SUAM.

133 2390 295 2436 Oportet
313 2391 443 2425 autem
467 2388 682 2435 inquirere,
695 2393 828 2427 utrum
849 2391 933 2428 haec
947 2391 1035 2436 ipsa
1051 2391 1228 2437 cognitio
1243 2400 1321 2437 qua
1340 2391 1573 2428 substantiae
1595 2400 1708 2438 sepa-

83 2439 178 2474 ratae
193 2440 231 2472 et
245 2435 388 2473 animae
407 2439 498 2481 post
516 2439 683 2473 mortem
697 2441 948 2484 cognoscunt
962 2440 1084 2474 Deum
1104 2447 1173 2483 per
1196 2447 1290 2474 suas
1312 2438 1522 2482 essentias,
1539 2437 1712 2476 sufficiat

84 2483 134 2521 ad
155 2484 334 2530 ipsorum
372 2482 552 2519 ultimam
585 2482 826 2520 felicitatem.
844 2484 900 2521 Ad
922 2484 1036 2530 cujus
1055 2484 1229 2520 veritatis
1252 2484 1549 2531 indagationem
1581 2486 1711 2531 primo

86 2529 377 2568 ostendendum
412 2533 487 2573 est,
509 2529 613 2576 quod
645 2540 714 2576 per
745 2531 862 2567 talem
894 2531 1056 2567 modum
1075 2531 1319 2577 cognitionis
1339 2540 1419 2568 non
1452 2533 1712 2579 cognoscitur

86 2577 222 2614 divina
241 2576 430 2615 essentia.
452 2576 654 2623 Contingit
682 2577 786 2613 enim
817 2587 864 2614 ex
884 2577 1025 2614 effectu
1058 2586 1300 2623 cognoscere
1320 2587 1482 2616 causam
1519 2579 1710 2625 multipli-

87 2624 197 2662 eiter.
221 2626 306 2661 Uno
326 2623 460 2667 modo,
483 2623 702 2661 secundum
724 2624 830 2670 quod
851 2623 1015 2661 effectus
1036 2625 1206 2661 sumitur
1225 2628 1268 2661 ut
1296 2626 1468 2662 medium
1490 2625 1710 2677 awogno-

86 2671 279 2708 scendum
300 2671 348 2708 de
367 2680 490 2711 causa
506 2671 611 2717 quod
628 2671 692 2715 sit,
712 2675 749 2707 et
766 2671 871 2717 quod
886 2671 978 2708 talis
999 2671 1063 2714 sit,
1086 2671 1190 2707 sicut
1209 2671 1351 2708 accidit
1371 2673 1410 2708 in
1427 2673 1608 2710 scientiis
1622 2682 1710 2720 quae

87 2725 250 2754 causam
281 2718 556 2755 demonstrant
587 2727 656 2764 per
690 2716 888 2754 effectum.
909 2718 995 2754 Alio
1028 2718 1161 2763 modo,
1181 2718 1237 2755 ita
1267 2719 1372 2766 quod
1395 2719 1436 2756 in
1457 2720 1546 2766 ipso
1566 2719 1710 2757 effectu

12 2782 21 2798 .-
85 2763 266 2801 videatur
278 2774 401 2802 causa
415 2765 456 2801 in
472 2768 662 2812 quantum
676 2764 896 2802 similitudo
913 2773 1043 2801 causae
1058 2765 1224 2802 resultat
1240 2765 1280 2801 in
1293 2765 1448 2804 effectu.
1465 2767 1574 2804 Sicut
1588 2767 1709 2804 homo

84 2808 239 2847 videtur
256 2811 298 2848 in
334 2812 498 2859 speculo
530 2816 690 2859 propter
718 2820 832 2849 suam
869 2811 1186 2852 similitudinem.
1209 2814 1251 2849 Et
1282 2812 1414 2851 differt
1437 2814 1502 2852 hic
1523 2814 1666 2851 modus
1687 2823 1710 2851 a
