<?xml version="1.0" encoding="UTF-8"?>
<!DOCTYPE html PUBLIC "-//W3C//DTD XHTML 1.0 Transitional//EN"
    "http://www.w3.org/TR/xhtml1/DTD/xhtml1-transitional.dtd">
<html xmlns="http://www.w3.org/1999/xhtml" xml:lang="en" lang="en">
 <head>
  <title>
</title>
<meta http-equiv="Content-Type" content="text/html;charset=utf-8" />
  <meta name='ocr-system' content='tesseract 3.04.00' />
  <meta name='ocr-capabilities' content='ocr_page ocr_carea ocr_par ocr_line ocrx_word'/>
</head>
<body>
  <div class='ocr_page' id='page_1' title='image "./deveritatecathol00thomuoft_0287.png"; bbox 0 0 1894 3223; ppageno 0'>
   <div class='ocr_carea' id='block_1_1' title="bbox 696 93 1715 138">
    <p class='ocr_par' dir='ltr' id='par_1_1' title="bbox 696 93 1715 138">
     <span class='ocr_line' id='line_1_1' title="bbox 696 93 1715 138; baseline -0.001 -8"><span class='ocrx_word' id='word_1_1' title='bbox 696 95 784 131; x_wconf 69' lang='grc' dir='ltr'><strong><em>[ΑΒ.</em></strong></span> <span class='ocrx_word' id='word_1_2' title='bbox 813 95 859 138; x_wconf 87' lang='lat' dir='ltr'>ll,</span> <span class='ocrx_word' id='word_1_3' title='bbox 887 94 989 130; x_wconf 74' lang='lat' dir='ltr'><strong>CAP.</strong></span> <span class='ocrx_word' id='word_1_4' title='bbox 1014 93 1132 130; x_wconf 89' lang='lat' dir='ltr'><strong>XCIV.</strong></span> <span class='ocrx_word' id='word_1_5' title='bbox 1647 94 1715 130; x_wconf 75' lang='lat'>247</span> 
     </span>
    </p>
   </div>
   <div class='ocr_carea' id='block_1_2' title="bbox 96 172 1729 1306">
    <p class='ocr_par' dir='ltr' id='par_1_2' title="bbox 96 172 1718 273">
     <span class='ocr_line' id='line_1_2' title="bbox 96 172 1718 224; baseline -0.003 -8"><span class='ocrx_word' id='word_1_6' title='bbox 96 186 226 224; x_wconf 85' lang='lat' dir='ltr'>neque</span> <span class='ocrx_word' id='word_1_7' title='bbox 245 185 333 224; x_wconf 85' lang='lat' dir='ltr'>quae</span> <span class='ocrx_word' id='word_1_8' title='bbox 353 176 406 214; x_wconf 86' lang='lat' dir='ltr'>sit</span> <span class='ocrx_word' id='word_1_9' title='bbox 424 185 517 222; x_wconf 87' lang='lat' dir='ltr'>pars</span> <span class='ocrx_word' id='word_1_10' title='bbox 536 183 686 220; x_wconf 88' lang='lat' dir='ltr'>earum,</span> <span class='ocrx_word' id='word_1_11' title='bbox 708 183 837 221; x_wconf 88' lang='lat' dir='ltr'>neque</span> <span class='ocrx_word' id='word_1_12' title='bbox 857 174 920 211; x_wconf 89' lang='lat' dir='ltr'>cui</span> <span class='ocrx_word' id='word_1_13' title='bbox 942 173 1132 211; x_wconf 91' lang='lat' dir='ltr'>uniantur</span> <span class='ocrx_word' id='word_1_14' title='bbox 1149 177 1192 211; x_wconf 87' lang='lat' dir='ltr'>ut</span> <span class='ocrx_word' id='word_1_15' title='bbox 1213 174 1361 211; x_wconf 87' lang='lat' dir='ltr'>formae.</span> <span class='ocrx_word' id='word_1_16' title='bbox 1383 172 1636 219; x_wconf 79' lang='lat' dir='ltr'>Impossibile</span> <span class='ocrx_word' id='word_1_17' title='bbox 1656 175 1718 211; x_wconf 86' lang='lat' dir='ltr'>est</span> 
     </span>
     <span class='ocr_line' id='line_1_3' title="bbox 96 221 929 273; baseline -0.006 -11"><span class='ocrx_word' id='word_1_18' title='bbox 96 224 220 273; x_wconf 82' lang='lat' dir='ltr'>igitur</span> <span class='ocrx_word' id='word_1_19' title='bbox 243 222 348 270; x_wconf 80' lang='lat' dir='ltr'>quod</span> <span class='ocrx_word' id='word_1_20' title='bbox 369 223 450 260; x_wconf 91' lang='lat' dir='ltr'>sint</span> <span class='ocrx_word' id='word_1_21' title='bbox 471 222 607 269; x_wconf 90' lang='lat' dir='ltr'>plures</span> <span class='ocrx_word' id='word_1_22' title='bbox 627 222 746 259; x_wconf 92' lang='lat' dir='ltr'>unius</span> <span class='ocrx_word' id='word_1_23' title='bbox 768 221 929 267; x_wconf 84' lang='lat' dir='ltr'>speciei.</span> 
     </span>
    </p>

    <p class='ocr_par' dir='ltr' id='par_1_3' title="bbox 96 266 1719 597">
     <span class='ocr_line' id='line_1_4' title="bbox 143 266 1716 321; baseline -0.003 -14"><span class='ocrx_word' id='word_1_24' title='bbox 143 272 327 317; x_wconf 83' lang='lat' dir='ltr'><strong><em>Amplius,</em></strong></span> <span class='ocrx_word' id='word_1_25' title='bbox 348 269 404 307; x_wconf 85' lang='lat' dir='ltr'>Ad</span> <span class='ocrx_word' id='word_1_26' title='bbox 425 270 500 307; x_wconf 88' lang='lat' dir='ltr'>hoc</span> <span class='ocrx_word' id='word_1_27' title='bbox 520 272 615 306; x_wconf 90' lang='lat' dir='ltr'>sunt</span> <span class='ocrx_word' id='word_1_28' title='bbox 633 269 747 321; x_wconf 85' lang='lat' dir='ltr'>plura</span> <span class='ocrx_word' id='word_1_29' title='bbox 768 268 971 305; x_wconf 83' lang='lat' dir='ltr'>individua</span> <span class='ocrx_word' id='word_1_30' title='bbox 993 268 1032 304; x_wconf 92' lang='lat' dir='ltr'>in</span> <span class='ocrx_word' id='word_1_31' title='bbox 1055 277 1133 305; x_wconf 85' lang='lat' dir='ltr'>una</span> <span class='ocrx_word' id='word_1_32' title='bbox 1153 268 1298 314; x_wconf 89' lang='lat' dir='ltr'>specie,</span> <span class='ocrx_word' id='word_1_33' title='bbox 1322 268 1362 304; x_wconf 92' lang='lat' dir='ltr'>in</span> <span class='ocrx_word' id='word_1_34' title='bbox 1383 267 1501 304; x_wconf 87' lang='lat' dir='ltr'>rebus</span> <span class='ocrx_word' id='word_1_35' title='bbox 1522 266 1716 313; x_wconf 86' lang='lat' dir='ltr'>corrupti-</span> 
     </span>
     <span class='ocr_line' id='line_1_5' title="bbox 96 313 1716 363; baseline -0.002 -7"><span class='ocrx_word' id='word_1_36' title='bbox 96 318 260 362; x_wconf 85' lang='lat' dir='ltr'>bilibus,</span> <span class='ocrx_word' id='word_1_37' title='bbox 280 321 323 354; x_wconf 90' lang='lat' dir='ltr'>ut</span> <span class='ocrx_word' id='word_1_38' title='bbox 342 320 484 354; x_wconf 88' lang='lat' dir='ltr'>natura</span> <span class='ocrx_word' id='word_1_39' title='bbox 503 316 651 362; x_wconf 84' lang='lat' dir='ltr'>speciei</span> <span class='ocrx_word' id='word_1_40' title='bbox 687 324 774 363; x_wconf 66' lang='lat' dir='ltr'>quae</span> <span class='ocrx_word' id='word_1_41' title='bbox 809 324 888 351; x_wconf 87' lang='lat' dir='ltr'>non</span> <span class='ocrx_word' id='word_1_42' title='bbox 919 318 1049 360; x_wconf 81' lang='lat' dir='ltr'>potest</span> <span class='ocrx_word' id='word_1_43' title='bbox 1081 319 1269 361; x_wconf 87' lang='lat' dir='ltr'>perpetuo</span> <span class='ocrx_word' id='word_1_44' title='bbox 1301 313 1528 351; x_wconf 86' lang='lat' dir='ltr'>conservari</span> <span class='ocrx_word' id='word_1_45' title='bbox 1561 314 1602 350; x_wconf 87' lang='lat' dir='ltr'>in</span> <span class='ocrx_word' id='word_1_46' title='bbox 1635 322 1716 353; x_wconf 89' lang='lat' dir='ltr'>uno</span> 
     </span>
     <span class='ocr_line' id='line_1_6' title="bbox 97 360 1717 408; baseline -0.002 -6"><span class='ocrx_word' id='word_1_47' title='bbox 97 364 304 402; x_wconf 89' lang='lat' dir='ltr'>individuo</span> <span class='ocrx_word' id='word_1_48' title='bbox 324 367 581 402; x_wconf 86' lang='lat' dir='ltr'>conservetur</span> <span class='ocrx_word' id='word_1_49' title='bbox 600 363 642 400; x_wconf 91' lang='lat' dir='ltr'>in</span> <span class='ocrx_word' id='word_1_50' title='bbox 661 362 864 408; x_wconf 87' lang='lat' dir='ltr'>pluribus;</span> <span class='ocrx_word' id='word_1_51' title='bbox 885 362 1004 406; x_wconf 90' lang='lat' dir='ltr'>unde,</span> <span class='ocrx_word' id='word_1_52' title='bbox 1027 361 1143 398; x_wconf 86' lang='lat' dir='ltr'>ctiam</span> <span class='ocrx_word' id='word_1_53' title='bbox 1166 363 1205 398; x_wconf 89' lang='lat' dir='ltr'>in</span> <span class='ocrx_word' id='word_1_54' title='bbox 1228 362 1463 408; x_wconf 83' lang='lat' dir='ltr'>corporibus</span> <span class='ocrx_word' id='word_1_55' title='bbox 1482 360 1717 407; x_wconf 83' lang='lat' dir='ltr'>incorrupti-</span> 
     </span>
     <span class='ocr_line' id='line_1_7' title="bbox 96 408 1717 457; baseline -0.001 -8"><span class='ocrx_word' id='word_1_56' title='bbox 96 411 260 457; x_wconf 87' lang='lat' dir='ltr'>bilibus,</span> <span class='ocrx_word' id='word_1_57' title='bbox 282 420 364 449; x_wconf 91' lang='lat' dir='ltr'>non</span> <span class='ocrx_word' id='word_1_58' title='bbox 382 414 442 448; x_wconf 90' lang='lat' dir='ltr'>est</span> <span class='ocrx_word' id='word_1_59' title='bbox 461 410 541 448; x_wconf 89' lang='lat' dir='ltr'>nisi</span> <span class='ocrx_word' id='word_1_60' title='bbox 560 419 686 447; x_wconf 89' lang='lat' dir='ltr'>unum</span> <span class='ocrx_word' id='word_1_61' title='bbox 705 408 953 446; x_wconf 88' lang='lat' dir='ltr'>individuum</span> <span class='ocrx_word' id='word_1_62' title='bbox 974 409 1015 445; x_wconf 92' lang='lat' dir='ltr'>in</span> <span class='ocrx_word' id='word_1_63' title='bbox 1036 418 1115 445; x_wconf 87' lang='lat' dir='ltr'>una</span> <span class='ocrx_word' id='word_1_64' title='bbox 1148 409 1293 454; x_wconf 88' lang='lat' dir='ltr'>specie.</span> <span class='ocrx_word' id='word_1_65' title='bbox 1315 408 1551 446; x_wconf 63' lang='lat' dir='ltr'>substantiae</span> <span class='ocrx_word' id='word_1_66' title='bbox 1584 412 1717 447; x_wconf 86' lang='lat' dir='ltr'>autem</span> 
     </span>
     <span class='ocr_line' id='line_1_8' title="bbox 97 455 1717 505; baseline -0.002 -9"><span class='ocrx_word' id='word_1_67' title='bbox 97 462 288 505; x_wconf 82' lang='lat' dir='ltr'>separatae</span> <span class='ocrx_word' id='word_1_68' title='bbox 309 462 451 496; x_wconf 87' lang='lat' dir='ltr'>natura</span> <span class='ocrx_word' id='word_1_69' title='bbox 468 461 600 505; x_wconf 86' lang='lat' dir='ltr'>potest</span> <span class='ocrx_word' id='word_1_70' title='bbox 618 457 846 494; x_wconf 88' lang='lat' dir='ltr'>conservari</span> <span class='ocrx_word' id='word_1_71' title='bbox 869 456 909 493; x_wconf 92' lang='lat' dir='ltr'>in</span> <span class='ocrx_word' id='word_1_72' title='bbox 930 464 1011 493; x_wconf 90' lang='lat' dir='ltr'>uno</span> <span class='ocrx_word' id='word_1_73' title='bbox 1032 456 1252 502; x_wconf 86' lang='lat' dir='ltr'>individuo,</span> <span class='ocrx_word' id='word_1_74' title='bbox 1275 465 1321 493; x_wconf 93' lang='lat' dir='ltr'>eo</span> <span class='ocrx_word' id='word_1_75' title='bbox 1342 456 1449 503; x_wconf 90' lang='lat' dir='ltr'>quod</span> <span class='ocrx_word' id='word_1_76' title='bbox 1472 458 1565 493; x_wconf 88' lang='lat' dir='ltr'>sunt</span> <span class='ocrx_word' id='word_1_77' title='bbox 1586 455 1717 493; x_wconf 89' lang='lat' dir='ltr'>incor-</span> 
     </span>
     <span class='ocr_line' id='line_1_9' title="bbox 97 503 1719 552; baseline -0.001 -9"><span class='ocrx_word' id='word_1_78' title='bbox 97 506 321 552; x_wconf 85' lang='lat' dir='ltr'>ruptibiles,</span> <span class='ocrx_word' id='word_1_79' title='bbox 343 508 386 542; x_wconf 92' lang='lat' dir='ltr'>ut</span> <span class='ocrx_word' id='word_1_80' title='bbox 402 514 525 551; x_wconf 91' lang='lat' dir='ltr'>supra</span> <span class='ocrx_word' id='word_1_81' title='bbox 544 505 593 551; x_wconf 93' lang='lat' dir='ltr'>(c.</span> <span class='ocrx_word' id='word_1_82' title='bbox 615 504 674 550; x_wconf 82' lang='lat'>55)</span> <span class='ocrx_word' id='word_1_83' title='bbox 696 508 902 542; x_wconf 90' lang='lat' dir='ltr'>ostensum</span> <span class='ocrx_word' id='word_1_84' title='bbox 931 507 1004 541; x_wconf 87' lang='lat' dir='ltr'>est.</span> <span class='ocrx_word' id='word_1_85' title='bbox 1027 504 1112 540; x_wconf 91' lang='lat' dir='ltr'>Non</span> <span class='ocrx_word' id='word_1_86' title='bbox 1147 504 1268 551; x_wconf 82' lang='lat' dir='ltr'>igitur</span> <span class='ocrx_word' id='word_1_87' title='bbox 1299 507 1454 550; x_wconf 78' lang='lat' dir='ltr'>oportet</span> <span class='ocrx_word' id='word_1_88' title='bbox 1483 512 1574 540; x_wconf 91' lang='lat' dir='ltr'>esse</span> <span class='ocrx_word' id='word_1_89' title='bbox 1604 503 1719 549; x_wconf 88' lang='lat' dir='ltr'>plura</span> 
     </span>
     <span class='ocr_line' id='line_1_10' title="bbox 99 550 1137 597; baseline -0.003 -7"><span class='ocrx_word' id='word_1_90' title='bbox 99 552 318 597; x_wconf 90' lang='lat' dir='ltr'>individua,</span> <span class='ocrx_word' id='word_1_91' title='bbox 340 552 382 589; x_wconf 92' lang='lat' dir='ltr'>in</span> <span class='ocrx_word' id='word_1_92' title='bbox 402 552 484 590; x_wconf 88' lang='lat' dir='ltr'>illis</span> <span class='ocrx_word' id='word_1_93' title='bbox 502 551 754 593; x_wconf 82' lang='lat' dir='ltr'>substantiis,</span> <span class='ocrx_word' id='word_1_94' title='bbox 776 550 954 597; x_wconf 85' lang='lat' dir='ltr'>ejusdem</span> <span class='ocrx_word' id='word_1_95' title='bbox 976 551 1137 597; x_wconf 91' lang='lat' dir='ltr'>speciei.</span> 
     </span>
    </p>

    <p class='ocr_par' dir='ltr' id='par_1_4' title="bbox 98 596 1719 930">
     <span class='ocr_line' id='line_1_11' title="bbox 144 596 1717 650; baseline -0.001 -13"><span class='ocrx_word' id='word_1_96' title='bbox 144 601 245 642; x_wconf 82' lang='lat' dir='ltr'>Item,</span> <span class='ocrx_word' id='word_1_97' title='bbox 269 599 310 638; x_wconf 86' lang='lat' dir='ltr'>ld</span> <span class='ocrx_word' id='word_1_98' title='bbox 330 599 436 646; x_wconf 87' lang='lat' dir='ltr'>quod</span> <span class='ocrx_word' id='word_1_99' title='bbox 457 602 518 637; x_wconf 89' lang='lat' dir='ltr'>est</span> <span class='ocrx_word' id='word_1_100' title='bbox 533 598 680 645; x_wconf 88' lang='lat' dir='ltr'>speciei</span> <span class='ocrx_word' id='word_1_101' title='bbox 701 598 743 635; x_wconf 92' lang='lat' dir='ltr'>in</span> <span class='ocrx_word' id='word_1_102' title='bbox 764 607 1006 645; x_wconf 88' lang='lat' dir='ltr'>unoquoque</span> <span class='ocrx_word' id='word_1_103' title='bbox 1027 597 1189 644; x_wconf 85' lang='lat' dir='ltr'>dignius</span> <span class='ocrx_word' id='word_1_104' title='bbox 1212 600 1272 634; x_wconf 89' lang='lat' dir='ltr'>est</span> <span class='ocrx_word' id='word_1_105' title='bbox 1291 606 1339 635; x_wconf 90' lang='lat' dir='ltr'>eo</span> <span class='ocrx_word' id='word_1_106' title='bbox 1359 597 1465 650; x_wconf 66' lang='lat' dir='ltr'>quod</span> <span class='ocrx_word' id='word_1_107' title='bbox 1487 601 1547 635; x_wconf 87' lang='lat' dir='ltr'>cst</span> <span class='ocrx_word' id='word_1_108' title='bbox 1574 596 1717 635; x_wconf 88' lang='lat' dir='ltr'>indivi-</span> 
     </span>
     <span class='ocr_line' id='line_1_12' title="bbox 98 644 1717 693; baseline -0.001 -9"><span class='ocrx_word' id='word_1_109' title='bbox 98 646 303 685; x_wconf 89' lang='lat' dir='ltr'>duationis</span> <span class='ocrx_word' id='word_1_110' title='bbox 335 646 575 693; x_wconf 89' lang='lat' dir='ltr'>principium</span> <span class='ocrx_word' id='word_1_111' title='bbox 608 649 749 692; x_wconf 83' lang='lat' dir='ltr'>praetcr</span> <span class='ocrx_word' id='word_1_112' title='bbox 780 646 975 682; x_wconf 87' lang='lat' dir='ltr'>rationem</span> <span class='ocrx_word' id='word_1_113' title='bbox 1009 644 1155 691; x_wconf 87' lang='lat' dir='ltr'>speciei</span> <span class='ocrx_word' id='word_1_114' title='bbox 1189 644 1408 689; x_wconf 83' lang='lat' dir='ltr'>exsistens;</span> <span class='ocrx_word' id='word_1_115' title='bbox 1438 645 1717 690; x_wconf 79' lang='lat' dir='ltr'>multiplicatio</span> 
     </span>
     <span class='ocr_line' id='line_1_13' title="bbox 101 691 1718 741; baseline -0.001 -10"><span class='ocrx_word' id='word_1_116' title='bbox 101 694 224 741; x_wconf 84' lang='lat' dir='ltr'>igitur</span> <span class='ocrx_word' id='word_1_117' title='bbox 260 694 484 741; x_wconf 83' lang='lat' dir='ltr'>specierum</span> <span class='ocrx_word' id='word_1_118' title='bbox 515 694 605 740; x_wconf 89' lang='lat' dir='ltr'>plus</span> <span class='ocrx_word' id='word_1_119' title='bbox 633 693 742 730; x_wconf 82' lang='lat' dir='ltr'>addit</span> <span class='ocrx_word' id='word_1_120' title='bbox 774 692 994 730; x_wconf 88' lang='lat' dir='ltr'>nobilitatis</span> <span class='ocrx_word' id='word_1_121' title='bbox 1025 694 1065 729; x_wconf 90' lang='lat' dir='ltr'>et</span> <span class='ocrx_word' id='word_1_122' title='bbox 1088 691 1345 739; x_wconf 87' lang='lat' dir='ltr'>perfectionis</span> <span class='ocrx_word' id='word_1_123' title='bbox 1377 692 1562 729; x_wconf 86' lang='lat' dir='ltr'>universo</span> <span class='ocrx_word' id='word_1_124' title='bbox 1601 702 1718 739; x_wconf 88' lang='lat' dir='ltr'>quam</span> 
     </span>
     <span class='ocr_line' id='line_1_14' title="bbox 99 738 1718 788; baseline -0.001 -9"><span class='ocrx_word' id='word_1_125' title='bbox 99 741 379 788; x_wconf 84' lang='lat' dir='ltr'>multiplicatio</span> <span class='ocrx_word' id='word_1_126' title='bbox 415 741 711 778; x_wconf 91' lang='lat' dir='ltr'>individuorum</span> <span class='ocrx_word' id='word_1_127' title='bbox 751 740 792 776; x_wconf 92' lang='lat' dir='ltr'>in</span> <span class='ocrx_word' id='word_1_128' title='bbox 830 748 911 776; x_wconf 89' lang='lat' dir='ltr'>una</span> <span class='ocrx_word' id='word_1_129' title='bbox 947 739 1100 785; x_wconf 84' lang='lat' dir='ltr'>specie.</span> <span class='ocrx_word' id='word_1_130' title='bbox 1140 738 1334 775; x_wconf 80' lang='lat' dir='ltr'>perfectio</span> <span class='ocrx_word' id='word_1_131' title='bbox 1369 743 1501 775; x_wconf 87' lang='lat' dir='ltr'>autem</span> <span class='ocrx_word' id='word_1_132' title='bbox 1540 739 1718 777; x_wconf 85' lang='lat' dir='ltr'>universi</span> 
     </span>
     <span class='ocr_line' id='line_1_15' title="bbox 99 785 1719 832; baseline -0.001 -6"><span class='ocrx_word' id='word_1_133' title='bbox 99 788 272 826; x_wconf 82' lang='lat' dir='ltr'>maxime</span> <span class='ocrx_word' id='word_1_134' title='bbox 290 788 476 826; x_wconf 86' lang='lat' dir='ltr'>consistit</span> <span class='ocrx_word' id='word_1_135' title='bbox 494 788 535 824; x_wconf 92' lang='lat' dir='ltr'>in</span> <span class='ocrx_word' id='word_1_136' title='bbox 556 787 792 825; x_wconf 76' lang='lat' dir='ltr'>substantiis</span> <span class='ocrx_word' id='word_1_137' title='bbox 810 787 1016 832; x_wconf 88' lang='lat' dir='ltr'>separatis.</span> <span class='ocrx_word' id='word_1_138' title='bbox 1035 785 1160 832; x_wconf 83' lang='lat' dir='ltr'>Magis</span> <span class='ocrx_word' id='word_1_139' title='bbox 1178 785 1301 832; x_wconf 88' lang='lat' dir='ltr'>igitur</span> <span class='ocrx_word' id='word_1_140' title='bbox 1331 786 1520 832; x_wconf 88' lang='lat' dir='ltr'>competit</span> <span class='ocrx_word' id='word_1_141' title='bbox 1552 786 1600 822; x_wconf 89' lang='lat' dir='ltr'>ad</span> <span class='ocrx_word' id='word_1_142' title='bbox 1630 795 1719 832; x_wconf 89' lang='lat' dir='ltr'>per-</span> 
     </span>
     <span class='ocr_line' id='line_1_16' title="bbox 102 832 1719 882; baseline -0.002 -9"><span class='ocrx_word' id='word_1_143' title='bbox 102 836 316 873; x_wconf 86' lang='lat' dir='ltr'>fectionem</span> <span class='ocrx_word' id='word_1_144' title='bbox 337 835 512 873; x_wconf 91' lang='lat' dir='ltr'>universi</span> <span class='ocrx_word' id='word_1_145' title='bbox 533 834 639 882; x_wconf 87' lang='lat' dir='ltr'>quod</span> <span class='ocrx_word' id='word_1_146' title='bbox 668 834 750 872; x_wconf 92' lang='lat' dir='ltr'>sint</span> <span class='ocrx_word' id='word_1_147' title='bbox 780 834 915 880; x_wconf 87' lang='lat' dir='ltr'>plures</span> <span class='ocrx_word' id='word_1_148' title='bbox 946 833 1167 870; x_wconf 88' lang='lat' dir='ltr'>secundum</span> <span class='ocrx_word' id='word_1_149' title='bbox 1199 832 1373 879; x_wconf 87' lang='lat' dir='ltr'>speciem</span> <span class='ocrx_word' id='word_1_150' title='bbox 1404 833 1569 871; x_wconf 83' lang='lat' dir='ltr'>diversae</span> <span class='ocrx_word' id='word_1_151' title='bbox 1600 842 1719 881; x_wconf 88' lang='lat' dir='ltr'>quam</span> 
     </span>
     <span class='ocr_line' id='line_1_17' title="bbox 100 880 1318 930; baseline -0.002 -11"><span class='ocrx_word' id='word_1_152' title='bbox 100 883 208 930; x_wconf 87' lang='lat' dir='ltr'>quod</span> <span class='ocrx_word' id='word_1_153' title='bbox 227 883 308 920; x_wconf 89' lang='lat' dir='ltr'>sint</span> <span class='ocrx_word' id='word_1_154' title='bbox 328 882 460 920; x_wconf 82' lang='lat' dir='ltr'>multae</span> <span class='ocrx_word' id='word_1_155' title='bbox 481 882 701 919; x_wconf 89' lang='lat' dir='ltr'>secundum</span> <span class='ocrx_word' id='word_1_156' title='bbox 722 889 932 918; x_wconf 87' lang='lat' dir='ltr'>numerum</span> <span class='ocrx_word' id='word_1_157' title='bbox 951 880 994 917; x_wconf 93' lang='lat' dir='ltr'>in</span> <span class='ocrx_word' id='word_1_158' title='bbox 1014 880 1151 917; x_wconf 87' lang='lat' dir='ltr'>eadem</span> <span class='ocrx_word' id='word_1_159' title='bbox 1171 880 1318 927; x_wconf 87' lang='lat' dir='ltr'>specie.</span> 
     </span>
    </p>

    <p class='ocr_par' dir='ltr' id='par_1_5' title="bbox 98 927 1729 1306">
     <span class='ocr_line' id='line_1_18' title="bbox 147 927 1717 974; baseline -0.001 -8"><span class='ocrx_word' id='word_1_160' title='bbox 147 931 338 970; x_wconf 82' lang='lat' dir='ltr'>Praeterea,</span> <span class='ocrx_word' id='word_1_161' title='bbox 360 929 597 967; x_wconf 79' lang='lat' dir='ltr'>substantiae</span> <span class='ocrx_word' id='word_1_162' title='bbox 617 932 808 974; x_wconf 79' lang='lat' dir='ltr'>separatae</span> <span class='ocrx_word' id='word_1_163' title='bbox 823 930 918 965; x_wconf 89' lang='lat' dir='ltr'>sunt</span> <span class='ocrx_word' id='word_1_164' title='bbox 936 927 1192 973; x_wconf 85' lang='lat' dir='ltr'>perfectiores</span> <span class='ocrx_word' id='word_1_165' title='bbox 1210 937 1328 974; x_wconf 88' lang='lat' dir='ltr'>quam</span> <span class='ocrx_word' id='word_1_166' title='bbox 1343 935 1510 972; x_wconf 86' lang='lat' dir='ltr'>corpora</span> <span class='ocrx_word' id='word_1_167' title='bbox 1525 927 1717 965; x_wconf 75' lang='lat' dir='ltr'>coelestia,</span> 
     </span>
     <span class='ocr_line' id='line_1_19' title="bbox 100 974 1720 1023; baseline -0.001 -9"><span class='ocrx_word' id='word_1_168' title='bbox 100 976 177 1014; x_wconf 90' lang='lat' dir='ltr'>Sed</span> <span class='ocrx_word' id='word_1_169' title='bbox 198 978 239 1014; x_wconf 93' lang='lat' dir='ltr'>in</span> <span class='ocrx_word' id='word_1_170' title='bbox 259 976 494 1023; x_wconf 89' lang='lat' dir='ltr'>corporibus</span> <span class='ocrx_word' id='word_1_171' title='bbox 515 975 757 1015; x_wconf 86' lang='lat' dir='ltr'>coelestibus,</span> <span class='ocrx_word' id='word_1_172' title='bbox 775 978 933 1021; x_wconf 89' lang='lat' dir='ltr'>propter</span> <span class='ocrx_word' id='word_1_173' title='bbox 949 983 1086 1011; x_wconf 88' lang='lat' dir='ltr'>eorum</span> <span class='ocrx_word' id='word_1_174' title='bbox 1106 974 1402 1020; x_wconf 81' lang='lat' dir='ltr'>perfectionem,</span> <span class='ocrx_word' id='word_1_175' title='bbox 1418 983 1499 1011; x_wconf 93' lang='lat' dir='ltr'>non</span> <span class='ocrx_word' id='word_1_176' title='bbox 1519 974 1720 1012; x_wconf 84' lang='lat' dir='ltr'>invenitur</span> 
     </span>
     <span class='ocr_line' id='line_1_20' title="bbox 101 1021 1719 1068; baseline -0.002 -7"><span class='ocrx_word' id='word_1_177' title='bbox 101 1024 180 1061; x_wconf 87' lang='lat' dir='ltr'>nisi</span> <span class='ocrx_word' id='word_1_178' title='bbox 214 1032 339 1061; x_wconf 92' lang='lat' dir='ltr'>unum</span> <span class='ocrx_word' id='word_1_179' title='bbox 369 1023 618 1060; x_wconf 89' lang='lat' dir='ltr'>individuum</span> <span class='ocrx_word' id='word_1_180' title='bbox 650 1022 773 1060; x_wconf 91' lang='lat' dir='ltr'>unius</span> <span class='ocrx_word' id='word_1_181' title='bbox 803 1021 964 1067; x_wconf 88' lang='lat' dir='ltr'>speciei,</span> <span class='ocrx_word' id='word_1_182' title='bbox 987 1025 1068 1058; x_wconf 89' lang='lat' dir='ltr'>tum</span> <span class='ocrx_word' id='word_1_183' title='bbox 1099 1021 1193 1068; x_wconf 87' lang='lat' dir='ltr'>quia</span> <span class='ocrx_word' id='word_1_184' title='bbox 1228 1021 1539 1068; x_wconf 84' lang='lat' dir='ltr'>unumquodque</span> <span class='ocrx_word' id='word_1_185' title='bbox 1581 1030 1719 1059; x_wconf 86' lang='lat' dir='ltr'>eorum</span> 
     </span>
     <span class='ocr_line' id='line_1_21' title="bbox 98 1068 1720 1115; baseline -0.001 -8"><span class='ocrx_word' id='word_1_186' title='bbox 98 1074 259 1108; x_wconf 81' lang='lat' dir='ltr'>constat</span> <span class='ocrx_word' id='word_1_187' title='bbox 287 1079 336 1107; x_wconf 85' lang='lat' dir='ltr'>ex</span> <span class='ocrx_word' id='word_1_188' title='bbox 363 1073 446 1107; x_wconf 83' lang='lat' dir='ltr'>tota</span> <span class='ocrx_word' id='word_1_189' title='bbox 478 1070 644 1107; x_wconf 88' lang='lat' dir='ltr'>materia</span> <span class='ocrx_word' id='word_1_190' title='bbox 675 1077 758 1106; x_wconf 88' lang='lat' dir='ltr'>suae</span> <span class='ocrx_word' id='word_1_191' title='bbox 791 1068 952 1114; x_wconf 85' lang='lat' dir='ltr'>speciei,</span> <span class='ocrx_word' id='word_1_192' title='bbox 988 1071 1070 1105; x_wconf 89' lang='lat' dir='ltr'>tum</span> <span class='ocrx_word' id='word_1_193' title='bbox 1101 1068 1196 1115; x_wconf 87' lang='lat' dir='ltr'>quia</span> <span class='ocrx_word' id='word_1_194' title='bbox 1224 1068 1265 1105; x_wconf 92' lang='lat' dir='ltr'>in</span> <span class='ocrx_word' id='word_1_195' title='bbox 1299 1077 1380 1105; x_wconf 91' lang='lat' dir='ltr'>uno</span> <span class='ocrx_word' id='word_1_196' title='bbox 1412 1068 1617 1105; x_wconf 90' lang='lat' dir='ltr'>individuo</span> <span class='ocrx_word' id='word_1_197' title='bbox 1660 1071 1720 1105; x_wconf 87' lang='lat' dir='ltr'>est</span> 
     </span>
     <span class='ocr_line' id='line_1_22' title="bbox 100 1113 1721 1164; baseline -0.001 -10"><span class='ocrx_word' id='word_1_198' title='bbox 100 1117 273 1164; x_wconf 82' lang='lat' dir='ltr'>perfecte</span> <span class='ocrx_word' id='word_1_199' title='bbox 292 1117 418 1154; x_wconf 88' lang='lat' dir='ltr'>virtus</span> <span class='ocrx_word' id='word_1_200' title='bbox 439 1117 587 1163; x_wconf 89' lang='lat' dir='ltr'>speciei</span> <span class='ocrx_word' id='word_1_201' title='bbox 621 1115 671 1154; x_wconf 88' lang='lat' dir='ltr'>ad</span> <span class='ocrx_word' id='word_1_202' title='bbox 696 1115 976 1162; x_wconf 88' lang='lat' dir='ltr'>complendum</span> <span class='ocrx_word' id='word_1_203' title='bbox 1009 1115 1109 1152; x_wconf 90' lang='lat' dir='ltr'>illud</span> <span class='ocrx_word' id='word_1_204' title='bbox 1138 1113 1180 1152; x_wconf 92' lang='lat' dir='ltr'>in</span> <span class='ocrx_word' id='word_1_205' title='bbox 1212 1115 1400 1152; x_wconf 90' lang='lat' dir='ltr'>universo</span> <span class='ocrx_word' id='word_1_206' title='bbox 1430 1115 1478 1152; x_wconf 89' lang='lat' dir='ltr'>ad</span> <span class='ocrx_word' id='word_1_207' title='bbox 1511 1115 1617 1161; x_wconf 80' lang='lat' dir='ltr'>quod</span> <span class='ocrx_word' id='word_1_208' title='bbox 1647 1124 1721 1153; x_wconf 87' lang='lat' dir='ltr'>sua</span> 
     </span>
     <span class='ocr_line' id='line_1_23' title="bbox 100 1162 1729 1211; baseline -0.002 -9"><span class='ocrx_word' id='word_1_209' title='bbox 100 1164 256 1211; x_wconf 87' lang='lat' dir='ltr'>species</span> <span class='ocrx_word' id='word_1_210' title='bbox 289 1163 509 1208; x_wconf 89' lang='lat' dir='ltr'>ordinatur,</span> <span class='ocrx_word' id='word_1_211' title='bbox 545 1163 649 1201; x_wconf 89' lang='lat' dir='ltr'>sicut</span> <span class='ocrx_word' id='word_1_212' title='bbox 679 1163 878 1210; x_wconf 82' lang='lat' dir='ltr'>praecipue</span> <span class='ocrx_word' id='word_1_213' title='bbox 908 1164 1013 1208; x_wconf 88' lang='lat' dir='ltr'>patet</span> <span class='ocrx_word' id='word_1_214' title='bbox 1044 1162 1087 1199; x_wconf 91' lang='lat' dir='ltr'>in</span> <span class='ocrx_word' id='word_1_215' title='bbox 1121 1162 1207 1200; x_wconf 91' lang='lat' dir='ltr'>sole</span> <span class='ocrx_word' id='word_1_216' title='bbox 1241 1166 1279 1199; x_wconf 92' lang='lat' dir='ltr'>et</span> <span class='ocrx_word' id='word_1_217' title='bbox 1310 1162 1419 1199; x_wconf 89' lang='lat' dir='ltr'>luna.</span> <span class='ocrx_word' id='word_1_218' title='bbox 1450 1162 1572 1199; x_wconf 88' lang='lat' dir='ltr'>Multo</span> <span class='ocrx_word' id='word_1_219' title='bbox 1605 1162 1729 1208; x_wconf 79' lang='lat' dir='ltr'>igitur</span> 
     </span>
     <span class='ocr_line' id='line_1_24' title="bbox 100 1201 1728 1258; baseline -0.002 -10"><span class='ocrx_word' id='word_1_220' title='bbox 100 1211 230 1258; x_wconf 84' lang='lat' dir='ltr'>magis</span> <span class='ocrx_word' id='word_1_221' title='bbox 250 1211 292 1249; x_wconf 90' lang='lat' dir='ltr'>in</span> <span class='ocrx_word' id='word_1_222' title='bbox 311 1201 550 1250; x_wconf 62' lang='lat' dir='ltr'>substantiis</span> <span class='ocrx_word' id='word_1_223' title='bbox 569 1210 764 1257; x_wconf 88' lang='lat' dir='ltr'>separatis</span> <span class='ocrx_word' id='word_1_224' title='bbox 793 1218 876 1247; x_wconf 90' lang='lat' dir='ltr'>non</span> <span class='ocrx_word' id='word_1_225' title='bbox 904 1209 1106 1247; x_wconf 88' lang='lat' dir='ltr'>invenitur</span> <span class='ocrx_word' id='word_1_226' title='bbox 1136 1209 1216 1247; x_wconf 90' lang='lat' dir='ltr'>nisi</span> <span class='ocrx_word' id='word_1_227' title='bbox 1248 1218 1374 1247; x_wconf 88' lang='lat' dir='ltr'>unum</span> <span class='ocrx_word' id='word_1_228' title='bbox 1404 1209 1654 1249; x_wconf 83' lang='lat' dir='ltr'>individuum</span> <span class='ocrx_word' id='word_1_229' title='bbox 1685 1209 1728 1246; x_wconf 89' lang='lat' dir='ltr'>in</span> 
     </span>
     <span class='ocr_line' id='line_1_25' title="bbox 100 1255 1419 1306; baseline 0 -12"><span class='ocrx_word' id='word_1_230' title='bbox 100 1267 183 1295; x_wconf 90' lang='lat' dir='ltr'>una</span> <span class='ocrx_word' id='word_1_231' title='bbox 203 1258 351 1306; x_wconf 86' lang='lat' dir='ltr'>specie.</span> <span class='ocrx_word' id='word_1_232' title='bbox 373 1258 403 1306; x_wconf 94' lang='lat' dir='ltr'>(I</span> <span class='ocrx_word' id='word_1_233' title='bbox 423 1261 540 1305; x_wconf 68' lang='lat' dir='ltr'>part„</span> <span class='ocrx_word' id='word_1_234' title='bbox 560 1268 598 1306; x_wconf 89' lang='lat' dir='ltr'>q.</span> <span class='ocrx_word' id='word_1_235' title='bbox 619 1267 655 1303; x_wconf 84' lang='lat' dir='ltr'>L,</span> <span class='ocrx_word' id='word_1_236' title='bbox 677 1260 750 1296; x_wconf 88' lang='lat' dir='ltr'>art.</span> <span class='ocrx_word' id='word_1_237' title='bbox 769 1259 812 1302; x_wconf 83' lang='lat'>4;</span> <span class='ocrx_word' id='word_1_238' title='bbox 832 1260 871 1294; x_wconf 86' lang='lat' dir='ltr'>et</span> <span class='ocrx_word' id='word_1_239' title='bbox 890 1258 923 1295; x_wconf 92' lang='lat'>11</span> <span class='ocrx_word' id='word_1_240' title='bbox 941 1257 1058 1300; x_wconf 68' lang='lat' dir='ltr'>Sem„</span> <span class='ocrx_word' id='word_1_241' title='bbox 1077 1256 1169 1294; x_wconf 89' lang='lat' dir='ltr'>dist.</span> <span class='ocrx_word' id='word_1_242' title='bbox 1190 1265 1249 1301; x_wconf 91' lang='lat'>111,</span> <span class='ocrx_word' id='word_1_243' title='bbox 1271 1260 1345 1295; x_wconf 81' lang='lat' dir='ltr'>art.</span> <span class='ocrx_word' id='word_1_244' title='bbox 1367 1255 1419 1304; x_wconf 84' lang='grc'>4.)</span> 
     </span>
    </p>
   </div>
   <div class='ocr_carea' id='block_1_3' title="bbox 746 1403 1079 1448">
    <p class='ocr_par' dir='ltr' id='par_1_6' title="bbox 746 1403 1079 1448">
     <span class='ocr_line' id='line_1_26' title="bbox 746 1403 1079 1448; baseline -0.012 0"><span class='ocrx_word' id='word_1_245' title='bbox 746 1403 916 1448; x_wconf 86' lang='lat' dir='ltr'><strong>CAPUT</strong></span> <span class='ocrx_word' id='word_1_246' title='bbox 942 1405 1079 1446; x_wconf 91' lang='lat' dir='ltr'><strong>XCIV.</strong></span> 
     </span>
    </p>
   </div>
   <div class='ocr_carea' id='block_1_4' title="bbox 230 1521 1601 1562">
    <p class='ocr_par' dir='ltr' id='par_1_7' title="bbox 230 1521 1601 1562">
     <span class='ocr_line' id='line_1_27' title="bbox 230 1521 1601 1562; baseline -0.004 -5"><span class='ocrx_word' id='word_1_247' title='bbox 230 1526 331 1562; x_wconf 87' lang='lat' dir='ltr'>QUOD</span> <span class='ocrx_word' id='word_1_248' title='bbox 357 1525 597 1557; x_wconf 80' lang='lat' dir='ltr'>SUBSTANTIA</span> <span class='ocrx_word' id='word_1_249' title='bbox 621 1524 825 1555; x_wconf 80' lang='lat' dir='ltr'>SEPARATA</span> <span class='ocrx_word' id='word_1_250' title='bbox 849 1524 899 1554; x_wconf 88' lang='grc' dir='ltr'>ΕΤ</span> <span class='ocrx_word' id='word_1_251' title='bbox 923 1524 1052 1553; x_wconf 79' lang='grc' dir='ltr'><strong>ΑΝΙΜΑ</strong></span> <span class='ocrx_word' id='word_1_252' title='bbox 1075 1523 1156 1554; x_wconf 89' lang='lat' dir='ltr'>NON</span> <span class='ocrx_word' id='word_1_253' title='bbox 1179 1521 1278 1554; x_wconf 85' lang='lat' dir='ltr'>SUNT</span> <span class='ocrx_word' id='word_1_254' title='bbox 1300 1523 1416 1554; x_wconf 83' lang='lat' dir='ltr'>UNIUS</span> <span class='ocrx_word' id='word_1_255' title='bbox 1443 1522 1601 1553; x_wconf 86' lang='lat' dir='ltr'>SPECIEI.</span> 
     </span>
    </p>
   </div>
   <div class='ocr_carea' id='block_1_5' title="bbox 49 1631 1730 2905">
    <p class='ocr_par' dir='ltr' id='par_1_8' title="bbox 105 1631 1727 1727">
     <span class='ocr_line' id='line_1_28' title="bbox 153 1631 1727 1680; baseline -0.001 -8"><span class='ocrx_word' id='word_1_256' title='bbox 153 1637 207 1673; x_wconf 84' lang='lat' dir='ltr'>Ex</span> <span class='ocrx_word' id='word_1_257' title='bbox 226 1635 290 1673; x_wconf 86' lang='lat' dir='ltr'>his</span> <span class='ocrx_word' id='word_1_258' title='bbox 310 1637 442 1672; x_wconf 85' lang='lat' dir='ltr'>autem</span> <span class='ocrx_word' id='word_1_259' title='bbox 462 1635 629 1672; x_wconf 90' lang='lat' dir='ltr'>ulterius</span> <span class='ocrx_word' id='word_1_260' title='bbox 650 1633 874 1672; x_wconf 88' lang='lat' dir='ltr'>ostenditur</span> <span class='ocrx_word' id='word_1_261' title='bbox 890 1633 996 1680; x_wconf 86' lang='lat' dir='ltr'>quod</span> <span class='ocrx_word' id='word_1_262' title='bbox 1017 1632 1152 1670; x_wconf 89' lang='lat' dir='ltr'>anima</span> <span class='ocrx_word' id='word_1_263' title='bbox 1171 1641 1253 1669; x_wconf 90' lang='lat' dir='ltr'>non</span> <span class='ocrx_word' id='word_1_264' title='bbox 1280 1635 1340 1669; x_wconf 88' lang='lat' dir='ltr'>est</span> <span class='ocrx_word' id='word_1_265' title='bbox 1370 1631 1549 1678; x_wconf 81' lang='lat' dir='ltr'>eJ&#39;usdem</span> <span class='ocrx_word' id='word_1_266' title='bbox 1579 1633 1727 1680; x_wconf 87' lang='lat' dir='ltr'>speciei</span> 
     </span>
     <span class='ocr_line' id='line_1_29' title="bbox 105 1681 680 1727; baseline -0.005 -6"><span class='ocrx_word' id='word_1_267' title='bbox 105 1692 196 1721; x_wconf 89' lang='lat' dir='ltr'>cum</span> <span class='ocrx_word' id='word_1_268' title='bbox 217 1682 454 1720; x_wconf 81' lang='lat' dir='ltr'>substantiis</span> <span class='ocrx_word' id='word_1_269' title='bbox 472 1681 680 1727; x_wconf 88' lang='lat' dir='ltr'>separatis.</span> 
     </span>
    </p>

    <p class='ocr_par' dir='ltr' id='par_1_9' title="bbox 104 1725 1728 1916">
     <span class='ocr_line' id='line_1_30' title="bbox 151 1725 1726 1777; baseline -0.002 -10"><span class='ocrx_word' id='word_1_270' title='bbox 151 1729 274 1777; x_wconf 87' lang='lat' dir='ltr'>Major</span> <span class='ocrx_word' id='word_1_271' title='bbox 293 1729 399 1766; x_wconf 89' lang='lat' dir='ltr'>enim</span> <span class='ocrx_word' id='word_1_272' title='bbox 422 1732 484 1766; x_wconf 88' lang='lat' dir='ltr'>est</span> <span class='ocrx_word' id='word_1_273' title='bbox 503 1727 726 1766; x_wconf 85' lang='lat' dir='ltr'>differentia</span> <span class='ocrx_word' id='word_1_274' title='bbox 743 1728 885 1765; x_wconf 83' lang='lat' dir='ltr'>animae</span> <span class='ocrx_word' id='word_1_275' title='bbox 907 1727 1091 1763; x_wconf 80' lang='lat' dir='ltr'>humanae</span> <span class='ocrx_word' id='word_1_276' title='bbox 1109 1736 1132 1762; x_wconf 90' lang='lat' dir='ltr'>a</span> <span class='ocrx_word' id='word_1_277' title='bbox 1150 1725 1375 1763; x_wconf 83' lang='lat' dir='ltr'>substantia</span> <span class='ocrx_word' id='word_1_278' title='bbox 1395 1728 1576 1772; x_wconf 88' lang='lat' dir='ltr'>separata</span> <span class='ocrx_word' id='word_1_279' title='bbox 1608 1736 1726 1773; x_wconf 86' lang='lat' dir='ltr'>quam</span> 
     </span>
     <span class='ocr_line' id='line_1_31' title="bbox 106 1773 1728 1821; baseline -0.002 -6"><span class='ocrx_word' id='word_1_280' title='bbox 106 1777 228 1815; x_wconf 89' lang='lat' dir='ltr'>unius</span> <span class='ocrx_word' id='word_1_281' title='bbox 249 1776 483 1815; x_wconf 85' lang='lat' dir='ltr'>substautiae</span> <span class='ocrx_word' id='word_1_282' title='bbox 502 1779 692 1821; x_wconf 80' lang='lat' dir='ltr'>separatae</span> <span class='ocrx_word' id='word_1_283' title='bbox 716 1775 764 1811; x_wconf 86' lang='lat' dir='ltr'>ab</span> <span class='ocrx_word' id='word_1_284' title='bbox 796 1775 887 1811; x_wconf 85' lang='lat' dir='ltr'>alia.</span> <span class='ocrx_word' id='word_1_285' title='bbox 910 1774 983 1810; x_wconf 88' lang='lat' dir='ltr'>Sed</span> <span class='ocrx_word' id='word_1_286' title='bbox 1017 1773 1252 1810; x_wconf 86' lang='lat' dir='ltr'>substantiae</span> <span class='ocrx_word' id='word_1_287' title='bbox 1283 1776 1475 1819; x_wconf 81' lang='lat' dir='ltr'>separatae</span> <span class='ocrx_word' id='word_1_288' title='bbox 1508 1782 1649 1810; x_wconf 88' lang='lat' dir='ltr'>omnes</span> <span class='ocrx_word' id='word_1_289' title='bbox 1679 1774 1728 1811; x_wconf 91' lang='lat' dir='ltr'>ad</span> 
     </span>
     <span class='ocr_line' id='line_1_32' title="bbox 104 1819 1727 1870; baseline -0.001 -9"><span class='ocrx_word' id='word_1_290' title='bbox 104 1824 276 1861; x_wconf 88' lang='lat' dir='ltr'>invicem</span> <span class='ocrx_word' id='word_1_291' title='bbox 306 1823 438 1870; x_wconf 91' lang='lat' dir='ltr'>specie</span> <span class='ocrx_word' id='word_1_292' title='bbox 471 1822 674 1866; x_wconf 81' lang='lat' dir='ltr'>differunt,</span> <span class='ocrx_word' id='word_1_293' title='bbox 703 1825 745 1859; x_wconf 92' lang='lat' dir='ltr'>ut</span> <span class='ocrx_word' id='word_1_294' title='bbox 775 1825 982 1859; x_wconf 88' lang='lat' dir='ltr'>ostensum</span> <span class='ocrx_word' id='word_1_295' title='bbox 1016 1824 1075 1857; x_wconf 89' lang='lat' dir='ltr'>est</span> <span class='ocrx_word' id='word_1_296' title='bbox 1107 1819 1156 1867; x_wconf 91' lang='lat' dir='ltr'>(c.</span> <span class='ocrx_word' id='word_1_297' title='bbox 1186 1820 1261 1867; x_wconf 89' lang='lat'>93.)</span> <span class='ocrx_word' id='word_1_298' title='bbox 1291 1819 1413 1857; x_wconf 86' lang='lat' dir='ltr'>Multo</span> <span class='ocrx_word' id='word_1_299' title='bbox 1445 1819 1568 1867; x_wconf 82' lang='lat' dir='ltr'>igitur</span> <span class='ocrx_word' id='word_1_300' title='bbox 1598 1821 1727 1868; x_wconf 84' lang='lat' dir='ltr'>magis</span> 
     </span>
     <span class='ocr_line' id='line_1_33' title="bbox 105 1869 764 1916; baseline -0.006 -7"><span class='ocrx_word' id='word_1_301' title='bbox 105 1870 331 1910; x_wconf 86' lang='lat' dir='ltr'>substantia</span> <span class='ocrx_word' id='word_1_302' title='bbox 349 1873 531 1916; x_wconf 87' lang='lat' dir='ltr'>separata</span> <span class='ocrx_word' id='word_1_303' title='bbox 551 1870 599 1907; x_wconf 90' lang='lat' dir='ltr'>ab</span> <span class='ocrx_word' id='word_1_304' title='bbox 618 1869 764 1907; x_wconf 88' lang='lat' dir='ltr'>anima.</span> 
     </span>
    </p>

    <p class='ocr_par' dir='ltr' id='par_1_10' title="bbox 104 1913 1730 2199">
     <span class='ocr_line' id='line_1_34' title="bbox 152 1913 1727 1964; baseline -0.001 -9"><span class='ocrx_word' id='word_1_305' title='bbox 152 1919 335 1964; x_wconf 82' lang='lat' dir='ltr'>Amplius,</span> <span class='ocrx_word' id='word_1_306' title='bbox 358 1927 606 1964; x_wconf 84' lang='lat' dir='ltr'>unaquaeque</span> <span class='ocrx_word' id='word_1_307' title='bbox 626 1925 690 1954; x_wconf 86' lang='lat' dir='ltr'>res</span> <span class='ocrx_word' id='word_1_308' title='bbox 709 1916 826 1953; x_wconf 85' lang='lat' dir='ltr'>habet</span> <span class='ocrx_word' id='word_1_309' title='bbox 846 1915 1052 1962; x_wconf 91' lang='lat' dir='ltr'>proprium</span> <span class='ocrx_word' id='word_1_310' title='bbox 1071 1923 1161 1952; x_wconf 90' lang='lat' dir='ltr'>esse</span> <span class='ocrx_word' id='word_1_311' title='bbox 1183 1913 1406 1952; x_wconf 88' lang='lat' dir='ltr'>secundum</span> <span class='ocrx_word' id='word_1_312' title='bbox 1427 1913 1622 1952; x_wconf 89' lang='lat' dir='ltr'>rationem</span> <span class='ocrx_word' id='word_1_313' title='bbox 1643 1924 1727 1953; x_wconf 87' lang='lat' dir='ltr'>suae</span> 
     </span>
     <span class='ocr_line' id='line_1_35' title="bbox 105 1961 1729 2012; baseline -0.002 -9"><span class='ocrx_word' id='word_1_314' title='bbox 105 1965 278 2012; x_wconf 90' lang='lat' dir='ltr'>speciei;</span> <span class='ocrx_word' id='word_1_315' title='bbox 309 1973 478 2012; x_wconf 87' lang='lat' dir='ltr'>quorum</span> <span class='ocrx_word' id='word_1_316' title='bbox 510 1964 616 2001; x_wconf 90' lang='lat' dir='ltr'>enim</span> <span class='ocrx_word' id='word_1_317' title='bbox 649 1967 710 2001; x_wconf 84' lang='lat' dir='ltr'>est</span> <span class='ocrx_word' id='word_1_318' title='bbox 737 1963 893 2000; x_wconf 87' lang='lat' dir='ltr'>diversa</span> <span class='ocrx_word' id='word_1_319' title='bbox 923 1962 1024 1999; x_wconf 90' lang='lat' dir='ltr'>ratio</span> <span class='ocrx_word' id='word_1_320' title='bbox 1068 1962 1243 2003; x_wconf 87' lang='lat' dir='ltr'>essendi,</span> <span class='ocrx_word' id='word_1_321' title='bbox 1279 1961 1422 1999; x_wconf 89' lang='lat' dir='ltr'>horum</span> <span class='ocrx_word' id='word_1_322' title='bbox 1467 1965 1526 1998; x_wconf 91' lang='lat' dir='ltr'>est</span> <span class='ocrx_word' id='word_1_323' title='bbox 1573 1962 1729 2000; x_wconf 88' lang='lat' dir='ltr'>diversa</span> 
     </span>
     <span class='ocr_line' id='line_1_36' title="bbox 105 2008 1730 2060; baseline -0.002 -9"><span class='ocrx_word' id='word_1_324' title='bbox 105 2012 277 2060; x_wconf 87' lang='lat' dir='ltr'>species.</span> <span class='ocrx_word' id='word_1_325' title='bbox 311 2013 407 2049; x_wconf 92' lang='lat' dir='ltr'>Esse</span> <span class='ocrx_word' id='word_1_326' title='bbox 440 2015 571 2049; x_wconf 87' lang='lat' dir='ltr'>autem</span> <span class='ocrx_word' id='word_1_327' title='bbox 603 2010 746 2048; x_wconf 88' lang='lat' dir='ltr'>animae</span> <span class='ocrx_word' id='word_1_328' title='bbox 778 2010 963 2047; x_wconf 85' lang='lat' dir='ltr'>humanae</span> <span class='ocrx_word' id='word_1_329' title='bbox 992 2012 1032 2046; x_wconf 88' lang='lat' dir='ltr'>et</span> <span class='ocrx_word' id='word_1_330' title='bbox 1062 2008 1297 2048; x_wconf 75' lang='lat' dir='ltr'>substantiae</span> <span class='ocrx_word' id='word_1_331' title='bbox 1330 2011 1522 2055; x_wconf 79' lang='lat' dir='ltr'>separatae</span> <span class='ocrx_word' id='word_1_332' title='bbox 1554 2018 1636 2046; x_wconf 91' lang='lat' dir='ltr'>non</span> <span class='ocrx_word' id='word_1_333' title='bbox 1669 2012 1730 2047; x_wconf 84' lang='lat' dir='ltr'>est</span> 
     </span>
     <span class='ocr_line' id='line_1_37' title="bbox 104 2056 1728 2102; baseline -0.002 -4"><span class='ocrx_word' id='word_1_334' title='bbox 104 2060 229 2098; x_wconf 89' lang='lat' dir='ltr'>unius</span> <span class='ocrx_word' id='word_1_335' title='bbox 248 2059 439 2102; x_wconf 87' lang='lat' dir='ltr'>rationis;</span> <span class='ocrx_word' id='word_1_336' title='bbox 455 2067 547 2095; x_wconf 88' lang='lat' dir='ltr'>nam</span> <span class='ocrx_word' id='word_1_337' title='bbox 567 2058 609 2095; x_wconf 93' lang='lat' dir='ltr'>in</span> <span class='ocrx_word' id='word_1_338' title='bbox 629 2067 718 2096; x_wconf 90' lang='lat' dir='ltr'>esse</span> <span class='ocrx_word' id='word_1_339' title='bbox 735 2056 968 2094; x_wconf 87' lang='lat' dir='ltr'>substantiae</span> <span class='ocrx_word' id='word_1_340' title='bbox 983 2058 1173 2102; x_wconf 81' lang='lat' dir='ltr'>separatae</span> <span class='ocrx_word' id='word_1_341' title='bbox 1190 2064 1272 2093; x_wconf 90' lang='lat' dir='ltr'>non</span> <span class='ocrx_word' id='word_1_342' title='bbox 1287 2058 1418 2101; x_wconf 91' lang='lat' dir='ltr'>potest</span> <span class='ocrx_word' id='word_1_343' title='bbox 1431 2056 1728 2094; x_wconf 87' lang='lat' dir='ltr'>communicare</span> 
     </span>
     <span class='ocr_line' id='line_1_38' title="bbox 104 2103 1728 2153; baseline -0.003 -8"><span class='ocrx_word' id='word_1_344' title='bbox 104 2115 252 2153; x_wconf 88' lang='lat' dir='ltr'>corpus</span> <span class='ocrx_word' id='word_1_345' title='bbox 271 2106 375 2144; x_wconf 89' lang='lat' dir='ltr'>sicut</span> <span class='ocrx_word' id='word_1_346' title='bbox 393 2108 523 2152; x_wconf 85' lang='lat' dir='ltr'>potest</span> <span class='ocrx_word' id='word_1_347' title='bbox 546 2105 841 2143; x_wconf 88' lang='lat' dir='ltr'>communicare</span> <span class='ocrx_word' id='word_1_348' title='bbox 859 2104 898 2140; x_wconf 87' lang='lat' dir='ltr'>in</span> <span class='ocrx_word' id='word_1_349' title='bbox 922 2112 1011 2141; x_wconf 90' lang='lat' dir='ltr'>esse</span> <span class='ocrx_word' id='word_1_350' title='bbox 1029 2103 1172 2140; x_wconf 87' lang='lat' dir='ltr'>animae</span> <span class='ocrx_word' id='word_1_351' title='bbox 1189 2103 1383 2143; x_wconf 84' lang='lat' dir='ltr'>hamanae,</span> <span class='ocrx_word' id='word_1_352' title='bbox 1402 2111 1488 2149; x_wconf 86' lang='lat' dir='ltr'>quae</span> <span class='ocrx_word' id='word_1_353' title='bbox 1506 2103 1728 2140; x_wconf 88' lang='lat' dir='ltr'>secundum</span> 
     </span>
     <span class='ocr_line' id='line_1_39' title="bbox 105 2148 1729 2199; baseline -0.002 -8"><span class='ocrx_word' id='word_1_354' title='bbox 105 2162 197 2192; x_wconf 86' lang='lat' dir='ltr'>esse</span> <span class='ocrx_word' id='word_1_355' title='bbox 218 2153 354 2191; x_wconf 89' lang='lat' dir='ltr'>unitur</span> <span class='ocrx_word' id='word_1_356' title='bbox 373 2152 529 2199; x_wconf 89' lang='lat' dir='ltr'>corpori</span> <span class='ocrx_word' id='word_1_357' title='bbox 551 2156 594 2189; x_wconf 91' lang='lat' dir='ltr'>ut</span> <span class='ocrx_word' id='word_1_358' title='bbox 612 2152 739 2189; x_wconf 88' lang='lat' dir='ltr'>forma</span> <span class='ocrx_word' id='word_1_359' title='bbox 760 2150 948 2188; x_wconf 79' lang='lat' dir='ltr'>materiae.</span> <span class='ocrx_word' id='word_1_360' title='bbox 962 2150 1104 2188; x_wconf 90' lang='lat' dir='ltr'>Anima</span> <span class='ocrx_word' id='word_1_361' title='bbox 1120 2150 1242 2197; x_wconf 83' lang='lat' dir='ltr'>igitur</span> <span class='ocrx_word' id='word_1_362' title='bbox 1261 2149 1438 2187; x_wconf 87' lang='lat' dir='ltr'>humana</span> <span class='ocrx_word' id='word_1_363' title='bbox 1452 2148 1583 2187; x_wconf 86' lang='lat' dir='ltr'>differt</span> <span class='ocrx_word' id='word_1_364' title='bbox 1597 2151 1729 2196; x_wconf 87' lang='lat' dir='ltr'>specie</span> 
     </span>
    </p>

    <p class='ocr_par' dir='ltr' id='par_1_11' title="bbox 107 2199 614 2246">
     <span class='ocr_line' id='line_1_40' title="bbox 107 2199 614 2246; baseline -0.006 -6"><span class='ocrx_word' id='word_1_365' title='bbox 107 2210 134 2240; x_wconf 80' lang='lat' dir='ltr'>a</span> <span class='ocrx_word' id='word_1_366' title='bbox 149 2199 386 2239; x_wconf 88' lang='lat' dir='ltr'>substantiis</span> <span class='ocrx_word' id='word_1_367' title='bbox 405 2199 614 2246; x_wconf 88' lang='lat' dir='ltr'>separatis.</span> 
     </span>
    </p>

    <p class='ocr_par' dir='ltr' id='par_1_12' title="bbox 49 2243 1730 2531">
     <span class='ocr_line' id='line_1_41' title="bbox 49 2243 1728 2294; baseline -0.002 -10"><span class='ocrx_word' id='word_1_368' title='bbox 49 2249 54 2253; x_wconf 83' lang='lat'><strong><em>&#39;</em></strong></span> <span class='ocrx_word' id='word_1_369' title='bbox 155 2248 300 2289; x_wconf 83' lang='lat' dir='ltr'>Adhuc,</span> <span class='ocrx_word' id='word_1_370' title='bbox 324 2247 431 2294; x_wconf 90' lang='lat' dir='ltr'>quod</span> <span class='ocrx_word' id='word_1_371' title='bbox 452 2246 570 2284; x_wconf 86' lang='lat' dir='ltr'>habet</span> <span class='ocrx_word' id='word_1_372' title='bbox 591 2245 812 2283; x_wconf 86' lang='lat' dir='ltr'>secundum</span> <span class='ocrx_word' id='word_1_373' title='bbox 829 2244 1008 2291; x_wconf 90' lang='lat' dir='ltr'>seipsum</span> <span class='ocrx_word' id='word_1_374' title='bbox 1033 2244 1210 2291; x_wconf 89' lang='lat' dir='ltr'>speciem</span> <span class='ocrx_word' id='word_1_375' title='bbox 1241 2252 1324 2281; x_wconf 89' lang='lat' dir='ltr'>non</span> <span class='ocrx_word' id='word_1_376' title='bbox 1343 2246 1474 2290; x_wconf 85' lang='lat' dir='ltr'>potest</span> <span class='ocrx_word' id='word_1_377' title='bbox 1509 2252 1598 2281; x_wconf 90' lang='lat' dir='ltr'>esse</span> <span class='ocrx_word' id='word_1_378' title='bbox 1617 2243 1728 2290; x_wconf 88' lang='lat' dir='ltr'>ejus-</span> 
     </span>
     <span class='ocr_line' id='line_1_42' title="bbox 106 2290 1729 2340; baseline -0.002 -8"><span class='ocrx_word' id='word_1_379' title='bbox 106 2292 200 2332; x_wconf 84' lang='lat' dir='ltr'>dem</span> <span class='ocrx_word' id='word_1_380' title='bbox 225 2294 372 2339; x_wconf 88' lang='lat' dir='ltr'>speciei</span> <span class='ocrx_word' id='word_1_381' title='bbox 396 2302 487 2332; x_wconf 92' lang='lat' dir='ltr'>cum</span> <span class='ocrx_word' id='word_1_382' title='bbox 510 2303 558 2331; x_wconf 89' lang='lat' dir='ltr'>eo</span> <span class='ocrx_word' id='word_1_383' title='bbox 576 2293 683 2340; x_wconf 84' lang='lat' dir='ltr'>quod</span> <span class='ocrx_word' id='word_1_384' title='bbox 716 2301 797 2330; x_wconf 91' lang='lat' dir='ltr'>non</span> <span class='ocrx_word' id='word_1_385' title='bbox 823 2292 941 2329; x_wconf 88' lang='lat' dir='ltr'>habet</span> <span class='ocrx_word' id='word_1_386' title='bbox 961 2291 1182 2329; x_wconf 86' lang='lat' dir='ltr'>secundum</span> <span class='ocrx_word' id='word_1_387' title='bbox 1199 2299 1244 2328; x_wconf 90' lang='lat' dir='ltr'>se</span> <span class='ocrx_word' id='word_1_388' title='bbox 1261 2290 1449 2336; x_wconf 88' lang='lat' dir='ltr'>speciem,</span> <span class='ocrx_word' id='word_1_389' title='bbox 1471 2290 1540 2327; x_wconf 87' lang='lat' dir='ltr'>sed</span> <span class='ocrx_word' id='word_1_390' title='bbox 1558 2293 1729 2336; x_wconf 85' lang='lat' dir='ltr'>estpars</span> 
     </span>
     <span class='ocr_line' id='line_1_43' title="bbox 106 2336 1730 2388; baseline -0.004 -9"><span class='ocrx_word' id='word_1_391' title='bbox 106 2340 274 2387; x_wconf 85' lang='lat' dir='ltr'>speciei.</span> <span class='ocrx_word' id='word_1_392' title='bbox 302 2339 533 2378; x_wconf 86' lang='lat' dir='ltr'>Substantia</span> <span class='ocrx_word' id='word_1_393' title='bbox 569 2343 698 2378; x_wconf 87' lang='lat' dir='ltr'>autem</span> <span class='ocrx_word' id='word_1_394' title='bbox 732 2343 914 2385; x_wconf 87' lang='lat' dir='ltr'>separata</span> <span class='ocrx_word' id='word_1_395' title='bbox 930 2338 1048 2375; x_wconf 87' lang='lat' dir='ltr'>habet</span> <span class='ocrx_word' id='word_1_396' title='bbox 1076 2347 1146 2385; x_wconf 90' lang='lat' dir='ltr'>per</span> <span class='ocrx_word' id='word_1_397' title='bbox 1173 2338 1348 2384; x_wconf 90' lang='lat' dir='ltr'>seipsam</span> <span class='ocrx_word' id='word_1_398' title='bbox 1369 2336 1568 2388; x_wconf 80' lang='lat' dir='ltr'>speciem3</span> <span class='ocrx_word' id='word_1_399' title='bbox 1596 2337 1730 2374; x_wconf 89' lang='lat' dir='ltr'>anima</span> 
     </span>
     <span class='ocr_line' id='line_1_44' title="bbox 108 2383 1727 2432; baseline -0.002 -6"><span class='ocrx_word' id='word_1_400' title='bbox 108 2390 243 2426; x_wconf 82' lang='lat' dir='ltr'>autem</span> <span class='ocrx_word' id='word_1_401' title='bbox 271 2395 367 2431; x_wconf 91' lang='lat' dir='ltr'>non,</span> <span class='ocrx_word' id='word_1_402' title='bbox 389 2387 461 2424; x_wconf 91' lang='lat' dir='ltr'>sed</span> <span class='ocrx_word' id='word_1_403' title='bbox 481 2390 542 2423; x_wconf 93' lang='lat' dir='ltr'>est</span> <span class='ocrx_word' id='word_1_404' title='bbox 577 2395 670 2432; x_wconf 89' lang='lat' dir='ltr'>pars</span> <span class='ocrx_word' id='word_1_405' title='bbox 705 2386 854 2432; x_wconf 89' lang='lat' dir='ltr'>speciei</span> <span class='ocrx_word' id='word_1_406' title='bbox 893 2386 1092 2422; x_wconf 87' lang='lat' dir='ltr'>humanae.</span> <span class='ocrx_word' id='word_1_407' title='bbox 1124 2384 1377 2431; x_wconf 88' lang='lat' dir='ltr'>Impossibile</span> <span class='ocrx_word' id='word_1_408' title='bbox 1400 2387 1461 2420; x_wconf 87' lang='lat' dir='ltr'>est</span> <span class='ocrx_word' id='word_1_409' title='bbox 1482 2383 1604 2429; x_wconf 82' lang='lat' dir='ltr'>igitur</span> <span class='ocrx_word' id='word_1_410' title='bbox 1622 2383 1727 2430; x_wconf 89' lang='lat' dir='ltr'>quod</span> 
     </span>
     <span class='ocr_line' id='line_1_45' title="bbox 107 2429 1727 2479; baseline -0.002 -7"><span class='ocrx_word' id='word_1_411' title='bbox 107 2434 245 2473; x_wconf 88' lang='lat' dir='ltr'>anima</span> <span class='ocrx_word' id='word_1_412' title='bbox 263 2434 316 2471; x_wconf 87' lang='lat' dir='ltr'>sit</span> <span class='ocrx_word' id='word_1_413' title='bbox 341 2432 519 2479; x_wconf 84' lang='lat' dir='ltr'>ejusdem</span> <span class='ocrx_word' id='word_1_414' title='bbox 554 2433 703 2479; x_wconf 86' lang='lat' dir='ltr'>speciei</span> <span class='ocrx_word' id='word_1_415' title='bbox 736 2442 827 2469; x_wconf 90' lang='lat' dir='ltr'>cum</span> <span class='ocrx_word' id='word_1_416' title='bbox 865 2431 1103 2469; x_wconf 85' lang='lat' dir='ltr'>substantiis</span> <span class='ocrx_word' id='word_1_417' title='bbox 1124 2430 1333 2477; x_wconf 85' lang='lat' dir='ltr'>separatis,</span> <span class='ocrx_word' id='word_1_418' title='bbox 1364 2430 1442 2467; x_wconf 89' lang='lat' dir='ltr'>nisi</span> <span class='ocrx_word' id='word_1_419' title='bbox 1473 2429 1574 2466; x_wconf 88' lang='lat' dir='ltr'>forte</span> <span class='ocrx_word' id='word_1_420' title='bbox 1607 2429 1727 2469; x_wconf 90' lang='lat' dir='ltr'>homo</span> 
     </span>
     <span class='ocr_line' id='line_1_46' title="bbox 107 2476 1467 2531; baseline -0.006 -10"><span class='ocrx_word' id='word_1_421' title='bbox 107 2484 218 2521; x_wconf 84' lang='lat' dir='ltr'>esset</span> <span class='ocrx_word' id='word_1_422' title='bbox 235 2479 414 2527; x_wconf 85' lang='lat' dir='ltr'>ejusdem</span> <span class='ocrx_word' id='word_1_423' title='bbox 433 2479 581 2527; x_wconf 82' lang='lat' dir='ltr'>speciei</span> <span class='ocrx_word' id='word_1_424' title='bbox 603 2489 694 2518; x_wconf 87' lang='lat' dir='ltr'>cum</span> <span class='ocrx_word' id='word_1_425' title='bbox 711 2478 818 2531; x_wconf 82' lang='lat' dir='ltr'>iLlis;</span> <span class='ocrx_word' id='word_1_426' title='bbox 838 2478 946 2526; x_wconf 89' lang='lat' dir='ltr'>quod</span> <span class='ocrx_word' id='word_1_427' title='bbox 964 2481 1070 2525; x_wconf 88' lang='lat' dir='ltr'>patet</span> <span class='ocrx_word' id='word_1_428' title='bbox 1082 2486 1179 2530; x_wconf 29' lang='lat' dir='ltr'>‘esse</span> <span class='ocrx_word' id='word_1_429' title='bbox 1202 2476 1467 2529; x_wconf 81' lang='lat' dir='ltr'>impossihile.</span> 
     </span>
    </p>

    <p class='ocr_par' dir='ltr' id='par_1_13' title="bbox 107 2524 1729 2905">
     <span class='ocr_line' id='line_1_47' title="bbox 155 2524 1727 2573; baseline -0.002 -8"><span class='ocrx_word' id='word_1_430' title='bbox 155 2530 347 2573; x_wconf 72' lang='lat' dir='ltr'>Praeterea,</span> <span class='ocrx_word' id='word_1_431' title='bbox 377 2536 426 2565; x_wconf 84' lang='lat' dir='ltr'>ex</span> <span class='ocrx_word' id='word_1_432' title='bbox 450 2526 611 2573; x_wconf 89' lang='lat' dir='ltr'>propria</span> <span class='ocrx_word' id='word_1_433' title='bbox 639 2530 869 2572; x_wconf 79' lang='lat' dir='ltr'>operatlone</span> <span class='ocrx_word' id='word_1_434' title='bbox 898 2525 956 2562; x_wconf 91' lang='lat' dir='ltr'>rei</span> <span class='ocrx_word' id='word_1_435' title='bbox 981 2527 1199 2571; x_wconf 83' lang='lat' dir='ltr'>percipitur</span> <span class='ocrx_word' id='word_1_436' title='bbox 1226 2532 1383 2569; x_wconf 85' lang='lat' dir='ltr'>species</span> <span class='ocrx_word' id='word_1_437' title='bbox 1413 2531 1526 2570; x_wconf 84' lang='lat' dir='ltr'>eJus3</span> <span class='ocrx_word' id='word_1_438' title='bbox 1548 2524 1727 2571; x_wconf 85' lang='lat' dir='ltr'>operatio</span> 
     </span>
     <span class='ocr_line' id='line_1_48' title="bbox 108 2570 1729 2620; baseline -0.002 -7"><span class='ocrx_word' id='word_1_439' title='bbox 108 2576 218 2613; x_wconf 86' lang='lat' dir='ltr'>enim</span> <span class='ocrx_word' id='word_1_440' title='bbox 236 2575 483 2612; x_wconf 85' lang='lat' dir='ltr'>demonstrat</span> <span class='ocrx_word' id='word_1_441' title='bbox 501 2573 699 2617; x_wconf 87' lang='lat' dir='ltr'>virtutem,</span> <span class='ocrx_word' id='word_1_442' title='bbox 720 2581 808 2620; x_wconf 89' lang='lat' dir='ltr'>quae</span> <span class='ocrx_word' id='word_1_443' title='bbox 827 2571 978 2608; x_wconf 86' lang='lat' dir='ltr'>indicat</span> <span class='ocrx_word' id='word_1_444' title='bbox 997 2571 1228 2608; x_wconf 88' lang='lat' dir='ltr'>essentiam.</span> <span class='ocrx_word' id='word_1_445' title='bbox 1251 2570 1415 2616; x_wconf 81' lang='lat' dir='ltr'>Propria</span> <span class='ocrx_word' id='word_1_446' title='bbox 1440 2572 1572 2608; x_wconf 87' lang='lat' dir='ltr'>autem</span> <span class='ocrx_word' id='word_1_447' title='bbox 1593 2580 1729 2617; x_wconf 90' lang='lat' dir='ltr'>opera-</span> 
     </span>
     <span class='ocr_line' id='line_1_49' title="bbox 108 2617 1725 2666; baseline -0.004 -5"><span class='ocrx_word' id='word_1_448' title='bbox 108 2622 167 2661; x_wconf 83' lang='lat' dir='ltr'>tio</span> <span class='ocrx_word' id='word_1_449' title='bbox 186 2621 421 2660; x_wconf 87' lang='lat' dir='ltr'>substantiae</span> <span class='ocrx_word' id='word_1_450' title='bbox 441 2623 631 2666; x_wconf 82' lang='lat' dir='ltr'>separatae</span> <span class='ocrx_word' id='word_1_451' title='bbox 655 2623 694 2656; x_wconf 89' lang='lat' dir='ltr'>et</span> <span class='ocrx_word' id='word_1_452' title='bbox 713 2619 857 2657; x_wconf 86' lang='lat' dir='ltr'>animae</span> <span class='ocrx_word' id='word_1_453' title='bbox 876 2618 1127 2655; x_wconf 83' lang='lat' dir='ltr'>intellectivae</span> <span class='ocrx_word' id='word_1_454' title='bbox 1159 2620 1220 2655; x_wconf 89' lang='lat' dir='ltr'>est</span> <span class='ocrx_word' id='word_1_455' title='bbox 1239 2617 1489 2664; x_wconf 78' lang='lat' dir='ltr'>intelligere3</span> <span class='ocrx_word' id='word_1_456' title='bbox 1510 2621 1571 2654; x_wconf 89' lang='lat' dir='ltr'>est</span> <span class='ocrx_word' id='word_1_457' title='bbox 1594 2622 1725 2655; x_wconf 87' lang='lat' dir='ltr'>autem</span> 
     </span>
     <span class='ocr_line' id='line_1_50' title="bbox 107 2664 1726 2712; baseline -0.004 -4"><span class='ocrx_word' id='word_1_458' title='bbox 107 2669 276 2708; x_wconf 89' lang='lat' dir='ltr'>omnino</span> <span class='ocrx_word' id='word_1_459' title='bbox 297 2669 402 2707; x_wconf 86' lang='lat' dir='ltr'>alius</span> <span class='ocrx_word' id='word_1_460' title='bbox 438 2667 583 2706; x_wconf 89' lang='lat' dir='ltr'>modus</span> <span class='ocrx_word' id='word_1_461' title='bbox 611 2665 860 2712; x_wconf 84' lang='lat' dir='ltr'>intelligendi</span> <span class='ocrx_word' id='word_1_462' title='bbox 886 2664 1120 2702; x_wconf 89' lang='lat' dir='ltr'>substantiae</span> <span class='ocrx_word' id='word_1_463' title='bbox 1146 2666 1337 2712; x_wconf 84' lang='lat' dir='ltr'>separatae</span> <span class='ocrx_word' id='word_1_464' title='bbox 1364 2667 1403 2701; x_wconf 87' lang='lat' dir='ltr'>et</span> <span class='ocrx_word' id='word_1_465' title='bbox 1434 2664 1576 2702; x_wconf 78' lang='lat' dir='ltr'>animae</span> <span class='ocrx_word' id='word_1_466' title='bbox 1593 2667 1726 2708; x_wconf 77' lang='lat' dir='ltr'>3‘nam</span> 
     </span>
     <span class='ocr_line' id='line_1_51' title="bbox 110 2711 1727 2764; baseline -0.003 -10"><span class='ocrx_word' id='word_1_467' title='bbox 110 2716 246 2755; x_wconf 85' lang='lat' dir='ltr'>anima</span> <span class='ocrx_word' id='word_1_468' title='bbox 280 2715 466 2762; x_wconf 86' lang='lat' dir='ltr'>intelligit</span> <span class='ocrx_word' id='word_1_469' title='bbox 500 2724 524 2752; x_wconf 88' lang='lat' dir='ltr'>a</span> <span class='ocrx_word' id='word_1_470' title='bbox 553 2712 897 2760; x_wconf 85' lang='lat' dir='ltr'>phantasmatibus</span> <span class='ocrx_word' id='word_1_471' title='bbox 933 2711 1179 2758; x_wconf 86' lang='lat' dir='ltr'>accipiendo,</span> <span class='ocrx_word' id='word_1_472' title='bbox 1199 2719 1301 2764; x_wconf 32' lang='lat' dir='ltr'>onon</span> <span class='ocrx_word' id='word_1_473' title='bbox 1328 2714 1469 2764; x_wconf 37' lang='lat' dir='ltr'>,autem</span> <span class='ocrx_word' id='word_1_474' title='bbox 1502 2711 1727 2750; x_wconf 87' lang='lat' dir='ltr'>substantia</span> 
     </span>
     <span class='ocr_line' id='line_1_52' title="bbox 108 2757 1726 2811; baseline -0.002 -11"><span class='ocrx_word' id='word_1_475' title='bbox 108 2765 306 2809; x_wconf 83' lang='lat' dir='ltr'>separata,</span> <span class='ocrx_word' id='word_1_476' title='bbox 342 2771 465 2810; x_wconf 89' lang='lat' dir='ltr'>quum</span> <span class='ocrx_word' id='word_1_477' title='bbox 503 2769 585 2799; x_wconf 89' lang='lat' dir='ltr'>non</span> <span class='ocrx_word' id='word_1_478' title='bbox 607 2760 749 2798; x_wconf 86' lang='lat' dir='ltr'>habeat</span> <span class='ocrx_word' id='word_1_479' title='bbox 782 2768 933 2811; x_wconf 81' lang='lat' dir='ltr'>organa</span> <span class='ocrx_word' id='word_1_480' title='bbox 970 2767 1161 2805; x_wconf 86' lang='lat' dir='ltr'>corporea</span> <span class='ocrx_word' id='word_1_481' title='bbox 1195 2767 1239 2796; x_wconf 82' lang='lat' dir='ltr'>ln</span> <span class='ocrx_word' id='word_1_482' title='bbox 1270 2757 1417 2806; x_wconf 84' lang='lat' dir='ltr'>quihus</span> <span class='ocrx_word' id='word_1_483' title='bbox 1445 2763 1599 2805; x_wconf 83' lang='lat' dir='ltr'>oportet</span> <span class='ocrx_word' id='word_1_484' title='bbox 1635 2767 1726 2797; x_wconf 88' lang='lat' dir='ltr'>esse</span> 
     </span>
     <span class='ocr_line' id='line_1_53' title="bbox 110 2805 1726 2856; baseline -0.002 -9"><span class='ocrx_word' id='word_1_485' title='bbox 110 2809 403 2856; x_wconf 86' lang='lat' dir='ltr'>phantasmata.</span> <span class='ocrx_word' id='word_1_486' title='bbox 424 2811 511 2847; x_wconf 89' lang='lat' dir='ltr'>Non</span> <span class='ocrx_word' id='word_1_487' title='bbox 549 2811 644 2846; x_wconf 88' lang='lat' dir='ltr'>sunt</span> <span class='ocrx_word' id='word_1_488' title='bbox 680 2807 802 2854; x_wconf 85' lang='lat' dir='ltr'>igitur</span> <span class='ocrx_word' id='word_1_489' title='bbox 841 2814 976 2843; x_wconf 86' lang='lat' dir='ltr'>amma</span> <span class='ocrx_word' id='word_1_490' title='bbox 1012 2805 1189 2845; x_wconf 85' lang='lat' dir='ltr'>humana</span> <span class='ocrx_word' id='word_1_491' title='bbox 1212 2808 1252 2845; x_wconf 87' lang='lat' dir='ltr'>et</span> <span class='ocrx_word' id='word_1_492' title='bbox 1287 2805 1515 2845; x_wconf 84' lang='lat' dir='ltr'>substantia</span> <span class='ocrx_word' id='word_1_493' title='bbox 1541 2808 1726 2854; x_wconf 83' lang='lat' dir='ltr'>separata</span> 
     </span>
     <span class='ocr_line' id='line_1_54' title="bbox 111 2851 988 2905; baseline -0.005 -10"><span class='ocrx_word' id='word_1_494' title='bbox 111 2856 234 2895; x_wconf 86' lang='lat' dir='ltr'>unius</span> <span class='ocrx_word' id='word_1_495' title='bbox 253 2856 416 2905; x_wconf 86' lang='lat' dir='ltr'>speciei.</span> <span class='ocrx_word' id='word_1_496' title='bbox 436 2856 483 2904; x_wconf 87' lang='grc' dir='ltr'>(ΙΙ</span> <span class='ocrx_word' id='word_1_497' title='bbox 501 2857 622 2902; x_wconf 67' lang='lat' dir='ltr'>sent„</span> <span class='ocrx_word' id='word_1_498' title='bbox 643 2854 735 2893; x_wconf 85' lang='lat' dir='ltr'>dist.</span> <span class='ocrx_word' id='word_1_499' title='bbox 756 2862 816 2900; x_wconf 90' lang='lat'>111,</span> <span class='ocrx_word' id='word_1_500' title='bbox 834 2856 909 2892; x_wconf 86' lang='lat' dir='ltr'>art.</span> <span class='ocrx_word' id='word_1_501' title='bbox 935 2851 988 2900; x_wconf 87' lang='grc'>6.)</span> 
     </span>
    </p>
   </div>
  </div>
 </body>
</html>
