<?xml version="1.0" encoding="UTF-8"?>
<!DOCTYPE html PUBLIC "-//W3C//DTD XHTML 1.0 Transitional//EN"
    "http://www.w3.org/TR/xhtml1/DTD/xhtml1-transitional.dtd">
<html xmlns="http://www.w3.org/1999/xhtml" xml:lang="en" lang="en">
 <head>
  <title>
</title>
<meta http-equiv="Content-Type" content="text/html;charset=utf-8" />
  <meta name='ocr-system' content='tesseract 3.04.00' />
  <meta name='ocr-capabilities' content='ocr_page ocr_carea ocr_par ocr_line ocrx_word'/>
</head>
<body>
  <div class='ocr_page' id='page_1' title='image "./deveritatecathol00thomuoft_0120.png"; bbox 0 0 1894 3223; ppageno 0'>
   <div class='ocr_carea' id='block_1_1' title="bbox 158 115 1188 160">
    <p class='ocr_par' dir='ltr' id='par_1_1' title="bbox 158 115 1188 160">
     <span class='ocr_line' id='line_1_1' title="bbox 158 115 1188 160; baseline 0 -9"><span class='ocrx_word' id='word_1_1' title='bbox 158 123 204 160; x_wconf 73' lang='lat'>30</span> <span class='ocrx_word' id='word_1_2' title='bbox 755 116 843 151; x_wconf 72' lang='lat' dir='ltr'>Lis.</span> <span class='ocrx_word' id='word_1_3' title='bbox 872 116 901 159; x_wconf 91' lang='grc'>1,</span> <span class='ocrx_word' id='word_1_4' title='bbox 929 115 1029 152; x_wconf 86' lang='lat' dir='ltr'>CAP.</span> <span class='ocrx_word' id='word_1_5' title='bbox 1057 115 1188 151; x_wconf 83' lang='lat' dir='ltr'>Lxxu.</span> 
     </span>
    </p>
   </div>
   <div class='ocr_carea' id='block_1_2' title="bbox 159 193 1784 992">
    <p class='ocr_par' dir='ltr' id='par_1_2' title="bbox 159 193 1783 525">
     <span class='ocr_line' id='line_1_2' title="bbox 160 193 1781 250; baseline -0.005 -11"><span class='ocrx_word' id='word_1_6' title='bbox 160 205 257 250; x_wconf 86' lang='lat' dir='ltr'>gunt</span> <span class='ocrx_word' id='word_1_7' title='bbox 276 205 314 238; x_wconf 87' lang='lat' dir='ltr'>et</span> <span class='ocrx_word' id='word_1_8' title='bbox 332 199 522 238; x_wconf 88' lang='lat' dir='ltr'>sentiunt.</span> <span class='ocrx_word' id='word_1_9' title='bbox 543 200 639 235; x_wconf 88' lang='lat' dir='ltr'>Nam</span> <span class='ocrx_word' id='word_1_10' title='bbox 669 205 739 243; x_wconf 89' lang='lat' dir='ltr'>per</span> <span class='ocrx_word' id='word_1_11' title='bbox 771 197 846 232; x_wconf 87' lang='grc'><strong>1100</strong></span> <span class='ocrx_word' id='word_1_12' title='bbox 875 196 1003 241; x_wconf 86' lang='lat' dir='ltr'>magis</span> <span class='ocrx_word' id='word_1_13' title='bbox 1039 195 1304 232; x_wconf 84' lang='lat' dir='ltr'>attenderetur</span> <span class='ocrx_word' id='word_1_14' title='bbox 1336 193 1527 232; x_wconf 88' lang='lat' dir='ltr'>habitudo</span> <span class='ocrx_word' id='word_1_15' title='bbox 1558 202 1694 231; x_wconf 89' lang='lat' dir='ltr'>rerum</span> <span class='ocrx_word' id='word_1_16' title='bbox 1732 193 1781 232; x_wconf 86' lang='lat' dir='ltr'>ad</span> 
     </span>
     <span class='ocr_line' id='line_1_3' title="bbox 159 240 1777 294; baseline -0.005 -8"><span class='ocrx_word' id='word_1_17' title='bbox 159 249 447 294; x_wconf 78' lang='lat' dir='ltr'>intelligentem</span> <span class='ocrx_word' id='word_1_18' title='bbox 467 249 504 282; x_wconf 90' lang='lat' dir='ltr'>et</span> <span class='ocrx_word' id='word_1_19' title='bbox 525 244 773 286; x_wconf 78' lang='lat' dir='ltr'>sentientem,</span> <span class='ocrx_word' id='word_1_20' title='bbox 796 243 890 289; x_wconf 85' lang='lat' dir='ltr'>quia</span> <span class='ocrx_word' id='word_1_21' title='bbox 909 242 1127 290; x_wconf 84' lang='lat' dir='ltr'>intelligere</span> <span class='ocrx_word' id='word_1_22' title='bbox 1148 246 1186 278; x_wconf 88' lang='lat' dir='ltr'>et</span> <span class='ocrx_word' id='word_1_23' title='bbox 1200 242 1346 278; x_wconf 90' lang='lat' dir='ltr'>sentire</span> <span class='ocrx_word' id='word_1_24' title='bbox 1363 244 1422 278; x_wconf 88' lang='lat' dir='ltr'>est</span> <span class='ocrx_word' id='word_1_25' title='bbox 1440 240 1660 278; x_wconf 89' lang='lat' dir='ltr'>secundum</span> <span class='ocrx_word' id='word_1_26' title='bbox 1672 241 1777 288; x_wconf 90' lang='lat' dir='ltr'>quod</span> 
     </span>
     <span class='ocr_line' id='line_1_4' title="bbox 159 287 1779 334; baseline -0.006 -1"><span class='ocrx_word' id='word_1_27' title='bbox 159 305 224 333; x_wconf 89' lang='lat' dir='ltr'>res</span> <span class='ocrx_word' id='word_1_28' title='bbox 247 297 340 332; x_wconf 88' lang='lat' dir='ltr'>sunt</span> <span class='ocrx_word' id='word_1_29' title='bbox 360 294 400 329; x_wconf 94' lang='lat' dir='ltr'>in</span> <span class='ocrx_word' id='word_1_30' title='bbox 421 291 623 328; x_wconf 87' lang='lat' dir='ltr'>intellectu</span> <span class='ocrx_word' id='word_1_31' title='bbox 645 293 682 326; x_wconf 89' lang='lat' dir='ltr'>et</span> <span class='ocrx_word' id='word_1_32' title='bbox 711 298 847 332; x_wconf 88' lang='lat' dir='ltr'>sensu,</span> <span class='ocrx_word' id='word_1_33' title='bbox 870 289 1089 326; x_wconf 89' lang='lat' dir='ltr'>secundum</span> <span class='ocrx_word' id='word_1_34' title='bbox 1111 289 1272 326; x_wconf 88' lang='lat' dir='ltr'>modum</span> <span class='ocrx_word' id='word_1_35' title='bbox 1310 288 1532 334; x_wconf 87' lang='lat' dir='ltr'>utriusque.</span> <span class='ocrx_word' id='word_1_36' title='bbox 1555 287 1678 324; x_wconf 85' lang='lat' dir='ltr'>Habet</span> <span class='ocrx_word' id='word_1_37' title='bbox 1712 296 1779 324; x_wconf 91' lang='lat' dir='ltr'>au·</span> 
     </span>
     <span class='ocr_line' id='line_1_5' title="bbox 160 334 1781 382; baseline -0.006 -2"><span class='ocrx_word' id='word_1_38' title='bbox 160 348 240 380; x_wconf 86' lang='lat' dir='ltr'>tem</span> <span class='ocrx_word' id='word_1_39' title='bbox 263 339 533 378; x_wconf 80' lang='lat' dir='ltr'>habitudinem</span> <span class='ocrx_word' id='word_1_40' title='bbox 556 336 734 374; x_wconf 88' lang='lat' dir='ltr'>sentiens</span> <span class='ocrx_word' id='word_1_41' title='bbox 752 339 789 372; x_wconf 90' lang='lat' dir='ltr'>et</span> <span class='ocrx_word' id='word_1_42' title='bbox 805 336 1033 382; x_wconf 89' lang='lat' dir='ltr'>intelligens</span> <span class='ocrx_word' id='word_1_43' title='bbox 1065 336 1113 373; x_wconf 86' lang='lat' dir='ltr'>ad</span> <span class='ocrx_word' id='word_1_44' title='bbox 1147 345 1229 372; x_wconf 88' lang='lat' dir='ltr'>rem</span> <span class='ocrx_word' id='word_1_45' title='bbox 1259 344 1345 382; x_wconf 80' lang='lat' dir='ltr'>quae</span> <span class='ocrx_word' id='word_1_46' title='bbox 1378 339 1439 371; x_wconf 90' lang='lat' dir='ltr'>est</span> <span class='ocrx_word' id='word_1_47' title='bbox 1467 338 1577 371; x_wconf 85' lang='lat' dir='ltr'>extra</span> <span class='ocrx_word' id='word_1_48' title='bbox 1607 334 1781 371; x_wconf 85' lang='lat' dir='ltr'>animam</span> 
     </span>
     <span class='ocr_line' id='line_1_6' title="bbox 160 381 1783 435; baseline -0.006 -9"><span class='ocrx_word' id='word_1_49' title='bbox 160 398 231 435; x_wconf 87' lang='lat' dir='ltr'>per</span> <span class='ocrx_word' id='word_1_50' title='bbox 247 388 489 424; x_wconf 83' lang='lat' dir='ltr'>voluntatem</span> <span class='ocrx_word' id='word_1_51' title='bbox 511 387 549 420; x_wconf 91' lang='lat' dir='ltr'>et</span> <span class='ocrx_word' id='word_1_52' title='bbox 568 383 797 429; x_wconf 87' lang='lat' dir='ltr'>appetitum.</span> <span class='ocrx_word' id='word_1_53' title='bbox 820 383 926 419; x_wconf 84' lang='lat' dir='ltr'>Unde</span> <span class='ocrx_word' id='word_1_54' title='bbox 948 382 1081 419; x_wconf 87' lang='lat' dir='ltr'>omnia</span> <span class='ocrx_word' id='word_1_55' title='bbox 1102 383 1316 420; x_wconf 81' lang='lat' dir='ltr'>sentientia</span> <span class='ocrx_word' id='word_1_56' title='bbox 1335 385 1373 418; x_wconf 87' lang='lat' dir='ltr'>et</span> <span class='ocrx_word' id='word_1_57' title='bbox 1386 381 1654 428; x_wconf 80' lang='lat' dir='ltr'>intelligentia</span> <span class='ocrx_word' id='word_1_58' title='bbox 1669 390 1783 426; x_wconf 88' lang='lat' dir='ltr'>appe·</span> 
     </span>
     <span class='ocr_line' id='line_1_7' title="bbox 160 428 1782 476; baseline -0.005 -4"><span class='ocrx_word' id='word_1_59' title='bbox 160 439 250 472; x_wconf 89' lang='lat' dir='ltr'>tunt</span> <span class='ocrx_word' id='word_1_60' title='bbox 269 437 308 471; x_wconf 88' lang='lat' dir='ltr'>et</span> <span class='ocrx_word' id='word_1_61' title='bbox 324 433 474 469; x_wconf 88' lang='lat' dir='ltr'>volunt.</span> <span class='ocrx_word' id='word_1_62' title='bbox 497 430 684 467; x_wconf 89' lang='lat' dir='ltr'>Voluntas</span> <span class='ocrx_word' id='word_1_63' title='bbox 704 433 834 467; x_wconf 84' lang='lat' dir='ltr'>tamen</span> <span class='ocrx_word' id='word_1_64' title='bbox 856 430 1013 476; x_wconf 79' lang='lat' dir='ltr'>proprie</span> <span class='ocrx_word' id='word_1_65' title='bbox 1035 430 1077 466; x_wconf 87' lang='lat' dir='ltr'>in</span> <span class='ocrx_word' id='word_1_66' title='bbox 1097 430 1300 467; x_wconf 87' lang='lat' dir='ltr'>intellectu</span> <span class='ocrx_word' id='word_1_67' title='bbox 1321 432 1394 467; x_wconf 89' lang='lat' dir='ltr'>est.</span> <span class='ocrx_word' id='word_1_68' title='bbox 1413 429 1508 466; x_wconf 89' lang='lat' dir='ltr'>Cum</span> <span class='ocrx_word' id='word_1_69' title='bbox 1535 428 1657 476; x_wconf 87' lang='lat' dir='ltr'>igitur</span> <span class='ocrx_word' id='word_1_70' title='bbox 1677 429 1782 465; x_wconf 88' lang='lat' dir='ltr'>Deus</span> 
     </span>
     <span class='ocr_line' id='line_1_8' title="bbox 161 476 1019 525; baseline -0.009 -5"><span class='ocrx_word' id='word_1_71' title='bbox 161 483 215 520; x_wconf 88' lang='lat' dir='ltr'>sit</span> <span class='ocrx_word' id='word_1_72' title='bbox 234 480 476 525; x_wconf 84' lang='lat' dir='ltr'>intelligens,</span> <span class='ocrx_word' id='word_1_73' title='bbox 499 480 654 523; x_wconf 86' lang='lat' dir='ltr'>oportet</span> <span class='ocrx_word' id='word_1_74' title='bbox 671 476 776 523; x_wconf 89' lang='lat' dir='ltr'>quod</span> <span class='ocrx_word' id='word_1_75' title='bbox 797 476 849 513; x_wconf 90' lang='lat' dir='ltr'>sit</span> <span class='ocrx_word' id='word_1_76' title='bbox 867 477 1019 513; x_wconf 90' lang='lat' dir='ltr'>volens.</span> 
     </span>
    </p>

    <p class='ocr_par' dir='ltr' id='par_1_3' title="bbox 160 521 1784 992">
     <span class='ocr_line' id='line_1_9' title="bbox 207 521 1783 571; baseline -0.003 -8"><span class='ocrx_word' id='word_1_77' title='bbox 207 527 390 571; x_wconf 76' lang='lat' dir='ltr'>Amplius,</span> <span class='ocrx_word' id='word_1_78' title='bbox 411 524 508 561; x_wconf 89' lang='lat' dir='ltr'>illud</span> <span class='ocrx_word' id='word_1_79' title='bbox 529 523 635 570; x_wconf 90' lang='lat' dir='ltr'>quod</span> <span class='ocrx_word' id='word_1_80' title='bbox 655 523 913 569; x_wconf 84' lang='lat' dir='ltr'>consequitur</span> <span class='ocrx_word' id='word_1_81' title='bbox 931 532 1048 560; x_wconf 90' lang='lat' dir='ltr'>omne</span> <span class='ocrx_word' id='word_1_82' title='bbox 1069 532 1154 567; x_wconf 89' lang='lat' dir='ltr'>ens,</span> <span class='ocrx_word' id='word_1_83' title='bbox 1176 522 1362 559; x_wconf 87' lang='lat' dir='ltr'>convenit</span> <span class='ocrx_word' id='word_1_84' title='bbox 1398 522 1492 566; x_wconf 92' lang='lat' dir='ltr'>enti,</span> <span class='ocrx_word' id='word_1_85' title='bbox 1517 521 1559 558; x_wconf 86' lang='lat' dir='ltr'>in</span> <span class='ocrx_word' id='word_1_86' title='bbox 1589 524 1783 568; x_wconf 87' lang='lat' dir='ltr'>quantum</span> 
     </span>
     <span class='ocr_line' id='line_1_10' title="bbox 162 568 1784 616; baseline -0.003 -6"><span class='ocrx_word' id='word_1_87' title='bbox 162 578 223 612; x_wconf 86' lang='lat' dir='ltr'>est</span> <span class='ocrx_word' id='word_1_88' title='bbox 242 582 327 610; x_wconf 90' lang='lat' dir='ltr'>ens.</span> <span class='ocrx_word' id='word_1_89' title='bbox 347 571 458 616; x_wconf 82' lang='lat' dir='ltr'>Quod</span> <span class='ocrx_word' id='word_1_90' title='bbox 478 575 608 608; x_wconf 87' lang='lat' dir='ltr'>autem</span> <span class='ocrx_word' id='word_1_91' title='bbox 630 575 690 607; x_wconf 88' lang='lat' dir='ltr'>est</span> <span class='ocrx_word' id='word_1_92' title='bbox 708 570 951 615; x_wconf 77' lang='lat' dir='ltr'>hujusmodi,</span> <span class='ocrx_word' id='word_1_93' title='bbox 973 573 1128 615; x_wconf 85' lang='lat' dir='ltr'>oportet</span> <span class='ocrx_word' id='word_1_94' title='bbox 1148 569 1254 615; x_wconf 86' lang='lat' dir='ltr'>quod</span> <span class='ocrx_word' id='word_1_95' title='bbox 1274 569 1316 606; x_wconf 89' lang='lat' dir='ltr'>in</span> <span class='ocrx_word' id='word_1_96' title='bbox 1339 578 1386 606; x_wconf 91' lang='lat' dir='ltr'>eo</span> <span class='ocrx_word' id='word_1_97' title='bbox 1404 569 1574 606; x_wconf 81' lang='lat' dir='ltr'>maxime</span> <span class='ocrx_word' id='word_1_98' title='bbox 1603 568 1784 605; x_wconf 84' lang='lat' dir='ltr'>invenia-</span> 
     </span>
     <span class='ocr_line' id='line_1_11' title="bbox 160 616 1778 666; baseline -0.004 -8"><span class='ocrx_word' id='word_1_99' title='bbox 160 626 237 661; x_wconf 84' lang='lat' dir='ltr'>tur,</span> <span class='ocrx_word' id='word_1_100' title='bbox 260 619 364 666; x_wconf 90' lang='lat' dir='ltr'>quod</span> <span class='ocrx_word' id='word_1_101' title='bbox 385 622 445 655; x_wconf 88' lang='lat' dir='ltr'>est</span> <span class='ocrx_word' id='word_1_102' title='bbox 460 620 632 664; x_wconf 90' lang='lat' dir='ltr'>primum</span> <span class='ocrx_word' id='word_1_103' title='bbox 659 626 743 654; x_wconf 88' lang='lat' dir='ltr'>ens.</span> <span class='ocrx_word' id='word_1_104' title='bbox 767 616 934 653; x_wconf 84' lang='lat' dir='ltr'>Cuilibet</span> <span class='ocrx_word' id='word_1_105' title='bbox 953 619 1085 652; x_wconf 88' lang='lat' dir='ltr'>autem</span> <span class='ocrx_word' id='word_1_106' title='bbox 1106 616 1186 652; x_wconf 88' lang='lat' dir='ltr'>enti</span> <span class='ocrx_word' id='word_1_107' title='bbox 1226 616 1414 662; x_wconf 89' lang='lat' dir='ltr'>competit</span> <span class='ocrx_word' id='word_1_108' title='bbox 1448 620 1630 661; x_wconf 86' lang='lat' dir='ltr'>appetere</span> <span class='ocrx_word' id='word_1_109' title='bbox 1661 623 1778 652; x_wconf 84' lang='lat' dir='ltr'>suam</span> 
     </span>
     <span class='ocr_line' id='line_1_12' title="bbox 160 661 1781 715; baseline -0.003 -12"><span class='ocrx_word' id='word_1_110' title='bbox 160 667 441 715; x_wconf 81' lang='lat' dir='ltr'>perfectionem</span> <span class='ocrx_word' id='word_1_111' title='bbox 474 669 512 702; x_wconf 85' lang='lat' dir='ltr'>et</span> <span class='ocrx_word' id='word_1_112' title='bbox 542 664 883 702; x_wconf 87' lang='lat' dir='ltr'>conservationem</span> <span class='ocrx_word' id='word_1_113' title='bbox 917 663 979 700; x_wconf 90' lang='lat' dir='ltr'>sui</span> <span class='ocrx_word' id='word_1_114' title='bbox 1012 671 1114 706; x_wconf 87' lang='lat' dir='ltr'>esse,</span> <span class='ocrx_word' id='word_1_115' title='bbox 1149 662 1364 709; x_wconf 85' lang='lat' dir='ltr'>unicuique</span> <span class='ocrx_word' id='word_1_116' title='bbox 1395 666 1525 699; x_wconf 88' lang='lat' dir='ltr'>tamen</span> <span class='ocrx_word' id='word_1_117' title='bbox 1558 661 1781 699; x_wconf 86' lang='lat' dir='ltr'>secundum</span> 
     </span>
     <span class='ocr_line' id='line_1_13' title="bbox 162 709 1784 756; baseline -0.004 -5"><span class='ocrx_word' id='word_1_118' title='bbox 162 723 281 752; x_wconf 91' lang='lat' dir='ltr'>suum</span> <span class='ocrx_word' id='word_1_119' title='bbox 305 712 467 749; x_wconf 89' lang='lat' dir='ltr'>modum</span> <span class='ocrx_word' id='word_1_120' title='bbox 493 723 501 748; x_wconf 91' lang='lat'>:</span> <span class='ocrx_word' id='word_1_121' title='bbox 521 711 857 748; x_wconf 78' lang='lat' dir='ltr'>intellectualibus</span> <span class='ocrx_word' id='word_1_122' title='bbox 890 710 1050 756; x_wconf 91' lang='lat' dir='ltr'>quidem</span> <span class='ocrx_word' id='word_1_123' title='bbox 1070 718 1140 755; x_wconf 88' lang='lat' dir='ltr'>per</span> <span class='ocrx_word' id='word_1_124' title='bbox 1161 709 1420 753; x_wconf 88' lang='lat' dir='ltr'>voluntatem,</span> <span class='ocrx_word' id='word_1_125' title='bbox 1442 709 1684 746; x_wconf 77' lang='lat' dir='ltr'>animalibus</span> <span class='ocrx_word' id='word_1_126' title='bbox 1715 717 1784 753; x_wconf 88' lang='lat' dir='ltr'>per</span> 
     </span>
     <span class='ocr_line' id='line_1_14' title="bbox 162 755 1781 805; baseline -0.005 -6"><span class='ocrx_word' id='word_1_127' title='bbox 162 760 395 799; x_wconf 86' lang='lat' dir='ltr'>sensibilem</span> <span class='ocrx_word' id='word_1_128' title='bbox 425 759 655 805; x_wconf 85' lang='lat' dir='ltr'>appetitum,</span> <span class='ocrx_word' id='word_1_129' title='bbox 676 757 902 794; x_wconf 86' lang='lat' dir='ltr'>carentibus</span> <span class='ocrx_word' id='word_1_130' title='bbox 929 765 1021 793; x_wconf 91' lang='lat' dir='ltr'>vero</span> <span class='ocrx_word' id='word_1_131' title='bbox 1048 765 1169 793; x_wconf 90' lang='lat' dir='ltr'>sensu</span> <span class='ocrx_word' id='word_1_132' title='bbox 1201 765 1269 800; x_wconf 87' lang='lat' dir='ltr'>per</span> <span class='ocrx_word' id='word_1_133' title='bbox 1298 755 1515 802; x_wconf 89' lang='lat' dir='ltr'>appetitum</span> <span class='ocrx_word' id='word_1_134' title='bbox 1542 755 1781 792; x_wconf 87' lang='lat' dir='ltr'>naturalem.</span> 
     </span>
     <span class='ocr_line' id='line_1_15' title="bbox 161 801 1784 851; baseline -0.004 -7"><span class='ocrx_word' id='word_1_135' title='bbox 161 808 283 846; x_wconf 85' lang='lat' dir='ltr'>Aliter</span> <span class='ocrx_word' id='word_1_136' title='bbox 301 811 448 850; x_wconf 86' lang='lat' dir='ltr'>tamen,</span> <span class='ocrx_word' id='word_1_137' title='bbox 476 815 562 851; x_wconf 81' lang='lat' dir='ltr'>quae</span> <span class='ocrx_word' id='word_1_138' title='bbox 582 805 727 842; x_wconf 90' lang='lat' dir='ltr'>habent</span> <span class='ocrx_word' id='word_1_139' title='bbox 747 808 784 840; x_wconf 90' lang='lat' dir='ltr'>et</span> <span class='ocrx_word' id='word_1_140' title='bbox 803 814 889 851; x_wconf 80' lang='lat' dir='ltr'>quae</span> <span class='ocrx_word' id='word_1_141' title='bbox 912 813 991 840; x_wconf 90' lang='lat' dir='ltr'>non</span> <span class='ocrx_word' id='word_1_142' title='bbox 1014 803 1171 840; x_wconf 87' lang='lat' dir='ltr'>habent.</span> <span class='ocrx_word' id='word_1_143' title='bbox 1194 804 1292 839; x_wconf 87' lang='lat' dir='ltr'>Nam</span> <span class='ocrx_word' id='word_1_144' title='bbox 1314 812 1361 840; x_wconf 88' lang='lat' dir='ltr'>ea</span> <span class='ocrx_word' id='word_1_145' title='bbox 1393 811 1481 849; x_wconf 79' lang='lat' dir='ltr'>quae</span> <span class='ocrx_word' id='word_1_146' title='bbox 1511 810 1592 838; x_wconf 89' lang='lat' dir='ltr'>non</span> <span class='ocrx_word' id='word_1_147' title='bbox 1623 801 1784 846; x_wconf 88' lang='lat' dir='ltr'>habent,</span> 
     </span>
     <span class='ocr_line' id='line_1_16' title="bbox 163 848 1783 901; baseline -0.004 -10"><span class='ocrx_word' id='word_1_148' title='bbox 163 854 376 901; x_wconf 77' lang='lat' dir='ltr'>appetitiva</span> <span class='ocrx_word' id='word_1_149' title='bbox 393 853 536 889; x_wconf 88' lang='lat' dir='ltr'>virtute</span> <span class='ocrx_word' id='word_1_150' title='bbox 557 852 619 889; x_wconf 87' lang='lat' dir='ltr'>sui</span> <span class='ocrx_word' id='word_1_151' title='bbox 638 852 796 898; x_wconf 83' lang='lat' dir='ltr'>generis</span> <span class='ocrx_word' id='word_1_152' title='bbox 817 851 1014 888; x_wconf 85' lang='lat' dir='ltr'>desiderio</span> <span class='ocrx_word' id='word_1_153' title='bbox 1033 850 1200 886; x_wconf 86' lang='lat' dir='ltr'>tendunt</span> <span class='ocrx_word' id='word_1_154' title='bbox 1221 849 1270 886; x_wconf 89' lang='lat' dir='ltr'>ad</span> <span class='ocrx_word' id='word_1_155' title='bbox 1292 848 1578 896; x_wconf 88' lang='lat' dir='ltr'>acquirendum</span> <span class='ocrx_word' id='word_1_156' title='bbox 1595 848 1701 895; x_wconf 90' lang='lat' dir='ltr'>quod</span> <span class='ocrx_word' id='word_1_157' title='bbox 1722 848 1783 885; x_wconf 88' lang='lat' dir='ltr'>eis</span> 
     </span>
     <span class='ocr_line' id='line_1_17' title="bbox 164 894 1784 947; baseline -0.004 -9"><span class='ocrx_word' id='word_1_158' title='bbox 164 902 295 945; x_wconf 81' lang='lat' dir='ltr'>deest3</span> <span class='ocrx_word' id='word_1_159' title='bbox 318 909 405 947; x_wconf 75' lang='grc'><strong>(1030</strong></span> <span class='ocrx_word' id='word_1_160' title='bbox 426 903 557 936; x_wconf 85' lang='grc'><strong>0010111</strong></span> <span class='ocrx_word' id='word_1_161' title='bbox 578 898 723 936; x_wconf 84' lang='grc'><strong>11011001</strong></span> <span class='ocrx_word' id='word_1_162' title='bbox 742 899 968 945; x_wconf 89' lang='lat' dir='ltr'>quietantur</span> <span class='ocrx_word' id='word_1_163' title='bbox 984 898 1025 933; x_wconf 92' lang='lat' dir='ltr'>in</span> <span class='ocrx_word' id='word_1_164' title='bbox 1044 898 1145 942; x_wconf 92' lang='grc'><strong>11150.</strong></span> <span class='ocrx_word' id='word_1_165' title='bbox 1169 898 1249 933; x_wconf 91' lang='lat' dir='ltr'>Hoc</span> <span class='ocrx_word' id='word_1_166' title='bbox 1270 897 1391 942; x_wconf 88' lang='lat' dir='ltr'>igitur</span> <span class='ocrx_word' id='word_1_167' title='bbox 1410 896 1538 941; x_wconf 91' lang='lat' dir='ltr'>primo</span> <span class='ocrx_word' id='word_1_168' title='bbox 1560 895 1656 939; x_wconf 89' lang='lat' dir='ltr'>enti,</span> <span class='ocrx_word' id='word_1_169' title='bbox 1676 894 1784 942; x_wconf 88' lang='lat' dir='ltr'>quod</span> 
     </span>
     <span class='ocr_line' id='line_1_18' title="bbox 164 941 1783 992; baseline -0.004 -7"><span class='ocrx_word' id='word_1_170' title='bbox 164 951 268 986; x_wconf 88' lang='lat' dir='ltr'>Deus</span> <span class='ocrx_word' id='word_1_171' title='bbox 290 951 362 992; x_wconf 92' lang='lat' dir='ltr'>est,</span> <span class='ocrx_word' id='word_1_172' title='bbox 385 947 524 983; x_wconf 85' lang='lat' dir='ltr'>deesse</span> <span class='ocrx_word' id='word_1_173' title='bbox 558 955 639 983; x_wconf 89' lang='lat' dir='ltr'>non</span> <span class='ocrx_word' id='word_1_174' title='bbox 672 949 815 991; x_wconf 87' lang='lat' dir='ltr'>potest.</span> <span class='ocrx_word' id='word_1_175' title='bbox 839 946 933 982; x_wconf 90' lang='lat' dir='ltr'>Cum</span> <span class='ocrx_word' id='word_1_176' title='bbox 954 945 1076 991; x_wconf 85' lang='lat' dir='ltr'>igitur</span> <span class='ocrx_word' id='word_1_177' title='bbox 1101 945 1186 989; x_wconf 87' lang='lat' dir='ltr'>ipse</span> <span class='ocrx_word' id='word_1_178' title='bbox 1218 944 1270 980; x_wconf 87' lang='lat' dir='ltr'>sit</span> <span class='ocrx_word' id='word_1_179' title='bbox 1298 943 1545 990; x_wconf 87' lang='lat' dir='ltr'>intelligens,</span> <span class='ocrx_word' id='word_1_180' title='bbox 1563 943 1669 979; x_wconf 86' lang='lat' dir='ltr'>inest</span> <span class='ocrx_word' id='word_1_181' title='bbox 1703 941 1783 980; x_wconf 91' lang='lat' dir='ltr'>sibi</span> 
     </span>
    </p>
   </div>
   <div class='ocr_carea' id='block_1_3' title="bbox 104 990 1277 1040">
    <p class='ocr_par' dir='ltr' id='par_1_4' title="bbox 104 990 1277 1040">
     <span class='ocr_line' id='line_1_19' title="bbox 104 990 1277 1040; baseline -0.005 -8"><span class='ocrx_word' id='word_1_182' title='bbox 104 1018 107 1021; x_wconf 97' lang='lat'>-</span> <span class='ocrx_word' id='word_1_183' title='bbox 162 996 348 1032; x_wconf 88' lang='lat' dir='ltr'>voluntas</span> <span class='ocrx_word' id='word_1_184' title='bbox 369 1003 447 1040; x_wconf 88' lang='lat' dir='ltr'>qua</span> <span class='ocrx_word' id='word_1_185' title='bbox 462 993 590 1039; x_wconf 86' lang='lat' dir='ltr'>placet</span> <span class='ocrx_word' id='word_1_186' title='bbox 610 992 686 1030; x_wconf 91' lang='lat' dir='ltr'>sibi</span> <span class='ocrx_word' id='word_1_187' title='bbox 706 1001 822 1029; x_wconf 88' lang='grc'><strong>5011111</strong></span> <span class='ocrx_word' id='word_1_188' title='bbox 844 1001 932 1029; x_wconf 88' lang='grc'><strong>0550</strong></span> <span class='ocrx_word' id='word_1_189' title='bbox 955 996 992 1028; x_wconf 86' lang='grc'>01</span> <span class='ocrx_word' id='word_1_190' title='bbox 1013 1001 1086 1028; x_wconf 89' lang='grc'>500</span> <span class='ocrx_word' id='word_1_191' title='bbox 1104 990 1277 1027; x_wconf 85' lang='lat' dir='ltr'>bonitas.</span> 
     </span>
    </p>
   </div>
   <div class='ocr_carea' id='block_1_4' title="bbox 165 1035 1791 2823">
    <p class='ocr_par' dir='ltr' id='par_1_5' title="bbox 165 1035 1784 1274">
     <span class='ocr_line' id='line_1_20' title="bbox 210 1035 1784 1086; baseline -0.003 -9"><span class='ocrx_word' id='word_1_192' title='bbox 210 1043 310 1081; x_wconf 82' lang='lat' dir='ltr'>Item,</span> <span class='ocrx_word' id='word_1_193' title='bbox 332 1040 554 1086; x_wconf 90' lang='lat' dir='ltr'>intelligere</span> <span class='ocrx_word' id='word_1_194' title='bbox 575 1043 723 1086; x_wconf 83' lang='lat' dir='ltr'>quanto</span> <span class='ocrx_word' id='word_1_195' title='bbox 744 1039 957 1085; x_wconf 86' lang='lat' dir='ltr'>perfectius</span> <span class='ocrx_word' id='word_1_196' title='bbox 977 1042 1048 1082; x_wconf 83' lang='grc'><strong>051,</strong></span> <span class='ocrx_word' id='word_1_197' title='bbox 1070 1042 1179 1074; x_wconf 85' lang='grc'><strong>101110</strong></span> <span class='ocrx_word' id='word_1_198' title='bbox 1201 1036 1475 1074; x_wconf 85' lang='lat' dir='ltr'>delectabilius</span> <span class='ocrx_word' id='word_1_199' title='bbox 1512 1035 1752 1083; x_wconf 81' lang='lat' dir='ltr'>intelligenti</span> <span class='ocrx_word' id='word_1_200' title='bbox 1771 1047 1784 1081; x_wconf 90' lang='lat'>;</span> 
     </span>
     <span class='ocr_line' id='line_1_21' title="bbox 165 1084 1781 1133; baseline -0.004 -7"><span class='ocrx_word' id='word_1_201' title='bbox 165 1089 236 1126; x_wconf 92' lang='lat' dir='ltr'>sed</span> <span class='ocrx_word' id='word_1_202' title='bbox 270 1090 374 1125; x_wconf 88' lang='lat' dir='ltr'>Deus</span> <span class='ocrx_word' id='word_1_203' title='bbox 409 1087 608 1133; x_wconf 90' lang='lat' dir='ltr'>intelligit,</span> <span class='ocrx_word' id='word_1_204' title='bbox 631 1090 668 1123; x_wconf 91' lang='lat' dir='ltr'>et</span> <span class='ocrx_word' id='word_1_205' title='bbox 700 1096 817 1123; x_wconf 91' lang='lat' dir='ltr'>suum</span> <span class='ocrx_word' id='word_1_206' title='bbox 852 1085 1073 1132; x_wconf 90' lang='lat' dir='ltr'>intelligere</span> <span class='ocrx_word' id='word_1_207' title='bbox 1106 1088 1166 1121; x_wconf 86' lang='lat' dir='ltr'>est</span> <span class='ocrx_word' id='word_1_208' title='bbox 1195 1084 1545 1130; x_wconf 83' lang='lat' dir='ltr'>perfectissimum,</span> <span class='ocrx_word' id='word_1_209' title='bbox 1579 1088 1620 1120; x_wconf 90' lang='lat' dir='ltr'>ut</span> <span class='ocrx_word' id='word_1_210' title='bbox 1659 1091 1781 1128; x_wconf 85' lang='lat' dir='ltr'>supra</span> 
     </span>
     <span class='ocr_line' id='line_1_22' title="bbox 165 1130 1782 1182; baseline -0.004 -10"><span class='ocrx_word' id='word_1_211' title='bbox 165 1136 267 1182; x_wconf 85' lang='lat' dir='ltr'>(cap.</span> <span class='ocrx_word' id='word_1_212' title='bbox 296 1135 354 1181; x_wconf 78' lang='lat'>44)</span> <span class='ocrx_word' id='word_1_213' title='bbox 382 1137 587 1171; x_wconf 89' lang='lat' dir='ltr'>ostensum</span> <span class='ocrx_word' id='word_1_214' title='bbox 609 1137 680 1171; x_wconf 90' lang='lat' dir='ltr'>est.</span> <span class='ocrx_word' id='word_1_215' title='bbox 700 1135 800 1180; x_wconf 89' lang='lat' dir='ltr'>Ergo</span> <span class='ocrx_word' id='word_1_216' title='bbox 824 1133 1045 1179; x_wconf 86' lang='lat' dir='ltr'>intelligere</span> <span class='ocrx_word' id='word_1_217' title='bbox 1066 1136 1123 1168; x_wconf 88' lang='lat' dir='ltr'>est</span> <span class='ocrx_word' id='word_1_218' title='bbox 1145 1132 1180 1167; x_wconf 88' lang='lat' dir='ltr'>ei</span> <span class='ocrx_word' id='word_1_219' title='bbox 1215 1131 1624 1168; x_wconf 87' lang='lat' dir='ltr'>delectabilissimum.</span> <span class='ocrx_word' id='word_1_220' title='bbox 1647 1130 1782 1166; x_wconf 88' lang='lat' dir='ltr'>Delec-</span> 
     </span>
     <span class='ocr_line' id='line_1_23' title="bbox 165 1177 1782 1227; baseline -0.004 -8"><span class='ocrx_word' id='word_1_221' title='bbox 165 1183 262 1220; x_wconf 88' lang='lat' dir='ltr'>tatio</span> <span class='ocrx_word' id='word_1_222' title='bbox 283 1181 548 1227; x_wconf 87' lang='lat' dir='ltr'>intelligibilis</span> <span class='ocrx_word' id='word_1_223' title='bbox 569 1184 628 1217; x_wconf 91' lang='lat' dir='ltr'>est</span> <span class='ocrx_word' id='word_1_224' title='bbox 649 1190 718 1226; x_wconf 88' lang='lat' dir='ltr'>per</span> <span class='ocrx_word' id='word_1_225' title='bbox 744 1180 1000 1223; x_wconf 90' lang='lat' dir='ltr'>voluntatem,</span> <span class='ocrx_word' id='word_1_226' title='bbox 1020 1179 1123 1216; x_wconf 87' lang='lat' dir='ltr'>sicut</span> <span class='ocrx_word' id='word_1_227' title='bbox 1141 1179 1348 1215; x_wconf 86' lang='lat' dir='ltr'>delectatio</span> <span class='ocrx_word' id='word_1_228' title='bbox 1383 1177 1588 1215; x_wconf 89' lang='lat' dir='ltr'>sensibilis</span> <span class='ocrx_word' id='word_1_229' title='bbox 1620 1180 1680 1214; x_wconf 89' lang='lat' dir='ltr'>est</span> <span class='ocrx_word' id='word_1_230' title='bbox 1711 1185 1782 1223; x_wconf 88' lang='lat' dir='ltr'>per</span> 
     </span>
     <span class='ocr_line' id='line_1_24' title="bbox 165 1226 1359 1274; baseline -0.003 -8"><span class='ocrx_word' id='word_1_231' title='bbox 165 1229 501 1274; x_wconf 81' lang='lat' dir='ltr'>concupiscentiae</span> <span class='ocrx_word' id='word_1_232' title='bbox 523 1228 752 1273; x_wconf 88' lang='lat' dir='ltr'>appetitum.</span> <span class='ocrx_word' id='word_1_233' title='bbox 777 1229 842 1264; x_wconf 89' lang='lat' dir='ltr'>Est</span> <span class='ocrx_word' id='word_1_234' title='bbox 862 1227 983 1273; x_wconf 88' lang='lat' dir='ltr'>igitur</span> <span class='ocrx_word' id='word_1_235' title='bbox 1001 1227 1040 1262; x_wconf 93' lang='lat' dir='ltr'>in</span> <span class='ocrx_word' id='word_1_236' title='bbox 1062 1228 1140 1262; x_wconf 90' lang='lat' dir='ltr'>Deo</span> <span class='ocrx_word' id='word_1_237' title='bbox 1162 1226 1359 1262; x_wconf 87' lang='lat' dir='ltr'>voluntas.</span> 
     </span>
    </p>

    <p class='ocr_par' dir='ltr' id='par_1_6' title="bbox 166 1268 1787 1553">
     <span class='ocr_line' id='line_1_25' title="bbox 212 1268 1787 1320; baseline -0.004 -7"><span class='ocrx_word' id='word_1_238' title='bbox 212 1278 405 1314; x_wconf 61' lang='lat' dir='ltr'>Praeterea,</span> <span class='ocrx_word' id='word_1_239' title='bbox 437 1275 563 1311; x_wconf 85' lang='lat' dir='ltr'>forma</span> <span class='ocrx_word' id='word_1_240' title='bbox 594 1284 663 1320; x_wconf 89' lang='lat' dir='ltr'>per</span> <span class='ocrx_word' id='word_1_241' title='bbox 693 1274 937 1310; x_wconf 85' lang='lat' dir='ltr'>intellectum</span> <span class='ocrx_word' id='word_1_242' title='bbox 970 1273 1220 1310; x_wconf 89' lang='lat' dir='ltr'>considerata</span> <span class='ocrx_word' id='word_1_243' title='bbox 1250 1281 1332 1309; x_wconf 89' lang='lat' dir='ltr'>non</span> <span class='ocrx_word' id='word_1_244' title='bbox 1361 1274 1505 1314; x_wconf 88' lang='lat' dir='ltr'>movet,</span> <span class='ocrx_word' id='word_1_245' title='bbox 1535 1279 1607 1307; x_wconf 85' lang='lat' dir='ltr'>nec</span> <span class='ocrx_word' id='word_1_246' title='bbox 1635 1268 1787 1317; x_wconf 86' lang='lat' dir='ltr'>aliquid</span> 
     </span>
     <span class='ocr_line' id='line_1_26' title="bbox 166 1318 1784 1365; baseline -0.004 -5"><span class='ocrx_word' id='word_1_247' title='bbox 166 1326 305 1360; x_wconf 86' lang='lat' dir='ltr'>causat</span> <span class='ocrx_word' id='word_1_248' title='bbox 323 1322 401 1359; x_wconf 91' lang='lat' dir='ltr'>nisi</span> <span class='ocrx_word' id='word_1_249' title='bbox 424 1322 620 1358; x_wconf 78' lang='lat' dir='ltr'>mediante</span> <span class='ocrx_word' id='word_1_250' title='bbox 640 1321 854 1364; x_wconf 87' lang='lat' dir='ltr'>voluntate,</span> <span class='ocrx_word' id='word_1_251' title='bbox 876 1321 989 1365; x_wconf 83' lang='lat' dir='ltr'>cujus</span> <span class='ocrx_word' id='word_1_252' title='bbox 1007 1320 1203 1365; x_wconf 86' lang='lat' dir='ltr'>objectum</span> <span class='ocrx_word' id='word_1_253' title='bbox 1222 1323 1282 1356; x_wconf 89' lang='lat' dir='ltr'>est</span> <span class='ocrx_word' id='word_1_254' title='bbox 1299 1318 1405 1363; x_wconf 86' lang='lat' dir='ltr'>finis,</span> <span class='ocrx_word' id='word_1_255' title='bbox 1428 1322 1466 1354; x_wconf 90' lang='lat' dir='ltr'>et</span> <span class='ocrx_word' id='word_1_256' title='bbox 1484 1318 1632 1354; x_wconf 88' lang='lat' dir='ltr'>bonum</span> <span class='ocrx_word' id='word_1_257' title='bbox 1661 1327 1684 1354; x_wconf 87' lang='lat' dir='ltr'>a</span> <span class='ocrx_word' id='word_1_258' title='bbox 1705 1325 1784 1363; x_wconf 88' lang='lat' dir='ltr'>quo</span> 
     </span>
     <span class='ocr_line' id='line_1_27' title="bbox 166 1365 1781 1414; baseline -0.004 -8"><span class='ocrx_word' id='word_1_259' title='bbox 166 1373 346 1406; x_wconf 90' lang='lat' dir='ltr'>movetur</span> <span class='ocrx_word' id='word_1_260' title='bbox 379 1368 524 1414; x_wconf 87' lang='lat' dir='ltr'>aliquis</span> <span class='ocrx_word' id='word_1_261' title='bbox 556 1368 605 1404; x_wconf 89' lang='lat' dir='ltr'>ad</span> <span class='ocrx_word' id='word_1_262' title='bbox 637 1368 847 1414; x_wconf 88' lang='lat' dir='ltr'>agendum,</span> <span class='ocrx_word' id='word_1_263' title='bbox 872 1368 974 1403; x_wconf 88' lang='lat' dir='ltr'>unde</span> <span class='ocrx_word' id='word_1_264' title='bbox 997 1367 1221 1403; x_wconf 86' lang='lat' dir='ltr'>intellectus</span> <span class='ocrx_word' id='word_1_265' title='bbox 1243 1365 1510 1410; x_wconf 81' lang='lat' dir='ltr'>speculativus</span> <span class='ocrx_word' id='word_1_266' title='bbox 1531 1373 1611 1401; x_wconf 90' lang='lat' dir='ltr'>non</span> <span class='ocrx_word' id='word_1_267' title='bbox 1637 1368 1781 1407; x_wconf 83' lang='lat' dir='ltr'>movet,</span> 
     </span>
     <span class='ocr_line' id='line_1_28' title="bbox 166 1410 1786 1462; baseline -0.003 -10"><span class='ocrx_word' id='word_1_268' title='bbox 166 1425 295 1462; x_wconf 88' lang='lat' dir='ltr'>neque</span> <span class='ocrx_word' id='word_1_269' title='bbox 315 1415 547 1461; x_wconf 87' lang='lat' dir='ltr'>imaginatio</span> <span class='ocrx_word' id='word_1_270' title='bbox 570 1424 668 1460; x_wconf 87' lang='lat' dir='ltr'>pura</span> <span class='ocrx_word' id='word_1_271' title='bbox 685 1414 834 1460; x_wconf 86' lang='lat' dir='ltr'>absque</span> <span class='ocrx_word' id='word_1_272' title='bbox 855 1414 1131 1450; x_wconf 82' lang='lat' dir='ltr'>aestiinatione.</span> <span class='ocrx_word' id='word_1_273' title='bbox 1153 1413 1228 1450; x_wconf 90' lang='lat' dir='ltr'>Sed</span> <span class='ocrx_word' id='word_1_274' title='bbox 1257 1413 1384 1449; x_wconf 81' lang='lat' dir='ltr'>forma</span> <span class='ocrx_word' id='word_1_275' title='bbox 1403 1411 1628 1448; x_wconf 88' lang='lat' dir='ltr'>intellectus</span> <span class='ocrx_word' id='word_1_276' title='bbox 1661 1410 1786 1447; x_wconf 81' lang='lat' dir='ltr'>divini</span> 
     </span>
     <span class='ocr_line' id='line_1_29' title="bbox 167 1457 1787 1506; baseline -0.002 -7"><span class='ocrx_word' id='word_1_277' title='bbox 167 1467 228 1500; x_wconf 91' lang='lat' dir='ltr'>est</span> <span class='ocrx_word' id='word_1_278' title='bbox 249 1472 370 1499; x_wconf 88' lang='lat' dir='ltr'>causa</span> <span class='ocrx_word' id='word_1_279' title='bbox 390 1465 522 1498; x_wconf 86' lang='lat' dir='ltr'>motus</span> <span class='ocrx_word' id='word_1_280' title='bbox 543 1465 580 1497; x_wconf 89' lang='lat' dir='ltr'>et</span> <span class='ocrx_word' id='word_1_281' title='bbox 600 1470 688 1498; x_wconf 89' lang='lat' dir='ltr'>esse</span> <span class='ocrx_word' id='word_1_282' title='bbox 709 1461 747 1496; x_wconf 92' lang='lat' dir='ltr'>in</span> <span class='ocrx_word' id='word_1_283' title='bbox 771 1461 877 1497; x_wconf 88' lang='lat' dir='ltr'>aliis.</span> <span class='ocrx_word' id='word_1_284' title='bbox 900 1460 987 1506; x_wconf 82' lang='lat' dir='ltr'>Agit</span> <span class='ocrx_word' id='word_1_285' title='bbox 1020 1460 1125 1496; x_wconf 92' lang='lat' dir='ltr'>enim</span> <span class='ocrx_word' id='word_1_286' title='bbox 1144 1468 1207 1496; x_wconf 89' lang='lat' dir='ltr'>res</span> <span class='ocrx_word' id='word_1_287' title='bbox 1226 1469 1296 1505; x_wconf 91' lang='lat' dir='ltr'>per</span> <span class='ocrx_word' id='word_1_288' title='bbox 1326 1459 1585 1503; x_wconf 89' lang='lat' dir='ltr'>intellectum,</span> <span class='ocrx_word' id='word_1_289' title='bbox 1612 1461 1655 1495; x_wconf 89' lang='lat' dir='ltr'>ut</span> <span class='ocrx_word' id='word_1_290' title='bbox 1683 1457 1787 1496; x_wconf 82' lang='lat' dir='ltr'>infra</span> 
     </span>
     <span class='ocr_line' id='line_1_30' title="bbox 167 1507 1422 1553; baseline -0.003 -7"><span class='ocrx_word' id='word_1_291' title='bbox 167 1509 400 1548; x_wconf 86' lang='lat' dir='ltr'>ostendetur</span> <span class='ocrx_word' id='word_1_292' title='bbox 417 1508 530 1544; x_wconf 84' lang='lat' dir='ltr'>etsie</span> <span class='ocrx_word' id='word_1_293' title='bbox 552 1511 705 1553; x_wconf 76' lang='lat' dir='ltr'>oportet</span> <span class='ocrx_word' id='word_1_294' title='bbox 722 1507 827 1553; x_wconf 88' lang='lat' dir='ltr'>quod</span> <span class='ocrx_word' id='word_1_295' title='bbox 842 1507 926 1553; x_wconf 90' lang='lat' dir='ltr'>ipse</span> <span class='ocrx_word' id='word_1_296' title='bbox 945 1507 996 1543; x_wconf 88' lang='lat' dir='ltr'>sit</span> <span class='ocrx_word' id='word_1_297' title='bbox 1014 1507 1167 1543; x_wconf 87' lang='lat' dir='ltr'>volens.</span> <span class='ocrx_word' id='word_1_298' title='bbox 1418 1548 1422 1551; x_wconf 12' lang='lat' dir='ltr'><em>b</em></span> 
     </span>
    </p>

    <p class='ocr_par' dir='ltr' id='par_1_7' title="bbox 166 1551 1789 1881">
     <span class='ocr_line' id='line_1_31' title="bbox 213 1551 1786 1599; baseline -0.003 -8"><span class='ocrx_word' id='word_1_299' title='bbox 213 1558 315 1599; x_wconf 78' lang='lat' dir='ltr'>Item,</span> <span class='ocrx_word' id='word_1_300' title='bbox 337 1556 377 1591; x_wconf 91' lang='lat' dir='ltr'>in</span> <span class='ocrx_word' id='word_1_301' title='bbox 401 1555 613 1591; x_wconf 87' lang='lat' dir='ltr'>virtutibus</span> <span class='ocrx_word' id='word_1_302' title='bbox 643 1554 802 1590; x_wconf 85' lang='lat' dir='ltr'>motivis</span> <span class='ocrx_word' id='word_1_303' title='bbox 833 1558 871 1590; x_wconf 90' lang='lat' dir='ltr'>et</span> <span class='ocrx_word' id='word_1_304' title='bbox 902 1553 1141 1590; x_wconf 88' lang='lat' dir='ltr'>habentibus</span> <span class='ocrx_word' id='word_1_305' title='bbox 1170 1552 1416 1590; x_wconf 87' lang='lat' dir='ltr'>intellectum</span> <span class='ocrx_word' id='word_1_306' title='bbox 1445 1551 1554 1597; x_wconf 87' lang='lat' dir='ltr'>prior</span> <span class='ocrx_word' id='word_1_307' title='bbox 1586 1552 1786 1588; x_wconf 81' lang='lat' dir='ltr'>invenitur</span> 
     </span>
     <span class='ocr_line' id='line_1_32' title="bbox 166 1598 1786 1647; baseline -0.003 -8"><span class='ocrx_word' id='word_1_308' title='bbox 166 1604 365 1640; x_wconf 77' lang='lat' dir='ltr'>voluntas.</span> <span class='ocrx_word' id='word_1_309' title='bbox 383 1604 480 1638; x_wconf 91' lang='lat' dir='ltr'>Nam</span> <span class='ocrx_word' id='word_1_310' title='bbox 494 1603 679 1638; x_wconf 89' lang='lat' dir='ltr'>voluntas</span> <span class='ocrx_word' id='word_1_311' title='bbox 696 1610 852 1637; x_wconf 89' lang='lat' dir='ltr'>omnem</span> <span class='ocrx_word' id='word_1_312' title='bbox 874 1601 1091 1646; x_wconf 89' lang='lat' dir='ltr'>potentiam</span> <span class='ocrx_word' id='word_1_313' title='bbox 1112 1600 1284 1647; x_wconf 86' lang='lat' dir='ltr'>applicat</span> <span class='ocrx_word' id='word_1_314' title='bbox 1304 1600 1350 1636; x_wconf 89' lang='lat' dir='ltr'>ad</span> <span class='ocrx_word' id='word_1_315' title='bbox 1374 1608 1491 1636; x_wconf 89' lang='lat' dir='ltr'>suum</span> <span class='ocrx_word' id='word_1_316' title='bbox 1510 1602 1653 1635; x_wconf 89' lang='lat' dir='ltr'>actum.</span> <span class='ocrx_word' id='word_1_317' title='bbox 1672 1598 1786 1635; x_wconf 88' lang='lat' dir='ltr'>Intel-</span> 
     </span>
     <span class='ocr_line' id='line_1_33' title="bbox 167 1646 1781 1697; baseline -0.002 -11"><span class='ocrx_word' id='word_1_318' title='bbox 167 1651 332 1697; x_wconf 88' lang='lat' dir='ltr'>ligimus</span> <span class='ocrx_word' id='word_1_319' title='bbox 353 1649 459 1685; x_wconf 90' lang='lat' dir='ltr'>enim</span> <span class='ocrx_word' id='word_1_320' title='bbox 477 1649 570 1695; x_wconf 88' lang='lat' dir='ltr'>quia</span> <span class='ocrx_word' id='word_1_321' title='bbox 586 1649 795 1692; x_wconf 89' lang='lat' dir='ltr'>volumus;</span> <span class='ocrx_word' id='word_1_322' title='bbox 818 1648 1084 1694; x_wconf 78' lang='lat' dir='ltr'>imaginamur</span> <span class='ocrx_word' id='word_1_323' title='bbox 1102 1648 1195 1694; x_wconf 82' lang='lat' dir='ltr'>quia</span> <span class='ocrx_word' id='word_1_324' title='bbox 1214 1647 1413 1690; x_wconf 90' lang='lat' dir='ltr'>volumus,</span> <span class='ocrx_word' id='word_1_325' title='bbox 1442 1650 1478 1682; x_wconf 85' lang='lat' dir='ltr'>et</span> <span class='ocrx_word' id='word_1_326' title='bbox 1508 1646 1565 1682; x_wconf 91' lang='lat' dir='ltr'>sic</span> <span class='ocrx_word' id='word_1_327' title='bbox 1599 1646 1646 1682; x_wconf 88' lang='lat' dir='ltr'>de</span> <span class='ocrx_word' id='word_1_328' title='bbox 1677 1646 1781 1683; x_wconf 87' lang='lat' dir='ltr'>aliis.</span> 
     </span>
     <span class='ocr_line' id='line_1_34' title="bbox 168 1693 1786 1742; baseline -0.002 -9"><span class='ocrx_word' id='word_1_329' title='bbox 168 1699 213 1734; x_wconf 89' lang='lat' dir='ltr'>Et</span> <span class='ocrx_word' id='word_1_330' title='bbox 230 1698 305 1733; x_wconf 90' lang='grc'><strong>1100</strong></span> <span class='ocrx_word' id='word_1_331' title='bbox 322 1697 452 1740; x_wconf 83' lang='lat' dir='ltr'>habet,</span> <span class='ocrx_word' id='word_1_332' title='bbox 469 1696 561 1742; x_wconf 85' lang='lat' dir='ltr'>quia</span> <span class='ocrx_word' id='word_1_333' title='bbox 578 1695 774 1741; x_wconf 87' lang='lat' dir='ltr'>objectum</span> <span class='ocrx_word' id='word_1_334' title='bbox 796 1695 881 1741; x_wconf 78' lang='lat' dir='ltr'>eJus</span> <span class='ocrx_word' id='word_1_335' title='bbox 903 1699 962 1731; x_wconf 90' lang='lat' dir='ltr'>est</span> <span class='ocrx_word' id='word_1_336' title='bbox 982 1694 1087 1738; x_wconf 89' lang='lat' dir='ltr'>finis,</span> <span class='ocrx_word' id='word_1_337' title='bbox 1105 1695 1286 1741; x_wconf 89' lang='lat' dir='ltr'>quamvis</span> <span class='ocrx_word' id='word_1_338' title='bbox 1307 1693 1534 1730; x_wconf 89' lang='lat' dir='ltr'>intellectus</span> <span class='ocrx_word' id='word_1_339' title='bbox 1550 1702 1631 1729; x_wconf 89' lang='lat' dir='ltr'>non</span> <span class='ocrx_word' id='word_1_340' title='bbox 1647 1702 1786 1730; x_wconf 87' lang='lat' dir='ltr'>secun·</span> 
     </span>
     <span class='ocr_line' id='line_1_35' title="bbox 169 1740 1786 1786; baseline -0.002 -6"><span class='ocrx_word' id='word_1_341' title='bbox 169 1744 262 1780; x_wconf 89' lang='lat' dir='ltr'>dum</span> <span class='ocrx_word' id='word_1_342' title='bbox 286 1743 447 1780; x_wconf 90' lang='lat' dir='ltr'>modum</span> <span class='ocrx_word' id='word_1_343' title='bbox 466 1752 596 1780; x_wconf 79' lang='lat' dir='ltr'>causae</span> <span class='ocrx_word' id='word_1_344' title='bbox 618 1742 827 1779; x_wconf 82' lang='lat' dir='ltr'>efficientis</span> <span class='ocrx_word' id='word_1_345' title='bbox 848 1746 885 1778; x_wconf 90' lang='lat' dir='ltr'>et</span> <span class='ocrx_word' id='word_1_346' title='bbox 906 1742 1115 1786; x_wconf 89' lang='lat' dir='ltr'>moventis,</span> <span class='ocrx_word' id='word_1_347' title='bbox 1139 1742 1205 1778; x_wconf 86' lang='lat' dir='ltr'>sed</span> <span class='ocrx_word' id='word_1_348' title='bbox 1229 1740 1449 1778; x_wconf 88' lang='lat' dir='ltr'>secundum</span> <span class='ocrx_word' id='word_1_349' title='bbox 1472 1740 1634 1777; x_wconf 89' lang='lat' dir='ltr'>modum</span> <span class='ocrx_word' id='word_1_350' title='bbox 1655 1748 1786 1777; x_wconf 85' lang='lat' dir='ltr'>causae</span> 
     </span>
     <span class='ocr_line' id='line_1_36' title="bbox 168 1786 1789 1834; baseline -0.001 -7"><span class='ocrx_word' id='word_1_351' title='bbox 168 1790 300 1827; x_wconf 86' lang='lat' dir='ltr'>finalis</span> <span class='ocrx_word' id='word_1_352' title='bbox 335 1793 491 1826; x_wconf 89' lang='lat' dir='ltr'>moveat</span> <span class='ocrx_word' id='word_1_353' title='bbox 527 1789 782 1829; x_wconf 88' lang='lat' dir='ltr'>voluntatem,</span> <span class='ocrx_word' id='word_1_354' title='bbox 808 1789 1067 1834; x_wconf 90' lang='lat' dir='ltr'>proponendo</span> <span class='ocrx_word' id='word_1_355' title='bbox 1097 1788 1172 1825; x_wconf 91' lang='lat' dir='ltr'>sibi</span> <span class='ocrx_word' id='word_1_356' title='bbox 1208 1797 1325 1825; x_wconf 89' lang='lat' dir='ltr'>suum</span> <span class='ocrx_word' id='word_1_357' title='bbox 1358 1787 1569 1833; x_wconf 90' lang='lat' dir='ltr'>objectum,</span> <span class='ocrx_word' id='word_1_358' title='bbox 1601 1786 1706 1833; x_wconf 85' lang='lat' dir='ltr'>quod</span> <span class='ocrx_word' id='word_1_359' title='bbox 1727 1790 1789 1825; x_wconf 86' lang='lat' dir='ltr'>est</span> 
     </span>
     <span class='ocr_line' id='line_1_37' title="bbox 168 1835 1596 1881; baseline -0.003 -7"><span class='ocrx_word' id='word_1_360' title='bbox 168 1837 275 1874; x_wconf 84' lang='lat' dir='ltr'>finis.</span> <span class='ocrx_word' id='word_1_361' title='bbox 297 1837 426 1873; x_wconf 81' lang='lat' dir='ltr'>Primo</span> <span class='ocrx_word' id='word_1_362' title='bbox 447 1836 569 1881; x_wconf 87' lang='lat' dir='ltr'>igitur</span> <span class='ocrx_word' id='word_1_363' title='bbox 588 1836 760 1872; x_wconf 89' lang='lat' dir='ltr'>moventi</span> <span class='ocrx_word' id='word_1_364' title='bbox 782 1836 967 1872; x_wconf 90' lang='lat' dir='ltr'>convenit</span> <span class='ocrx_word' id='word_1_365' title='bbox 986 1835 1156 1872; x_wconf 79' lang='lat' dir='ltr'>maxime</span> <span class='ocrx_word' id='word_1_366' title='bbox 1178 1835 1321 1871; x_wconf 84' lang='lat' dir='ltr'>habere</span> <span class='ocrx_word' id='word_1_367' title='bbox 1339 1835 1596 1871; x_wconf 89' lang='lat' dir='ltr'>voluntatem.</span> 
     </span>
    </p>

    <p class='ocr_par' dir='ltr' id='par_1_8' title="bbox 169 1879 1788 2116">
     <span class='ocr_line' id='line_1_38' title="bbox 215 1879 1787 1929; baseline -0.002 -10"><span class='ocrx_word' id='word_1_368' title='bbox 215 1886 405 1927; x_wconf 61' lang='lat' dir='ltr'>Praeterea,</span> <span class='ocrx_word' id='word_1_369' title='bbox 429 1883 595 1919; x_wconf 90' lang='lat' dir='ltr'>liberum</span> <span class='ocrx_word' id='word_1_370' title='bbox 617 1887 677 1919; x_wconf 90' lang='lat' dir='ltr'>est</span> <span class='ocrx_word' id='word_1_371' title='bbox 696 1882 801 1929; x_wconf 86' lang='lat' dir='ltr'>quod</span> <span class='ocrx_word' id='word_1_372' title='bbox 822 1883 883 1919; x_wconf 89' lang='grc'>501</span> <span class='ocrx_word' id='word_1_373' title='bbox 905 1892 1026 1919; x_wconf 87' lang='grc'><strong>00050</strong></span> <span class='ocrx_word' id='word_1_374' title='bbox 1046 1886 1118 1926; x_wconf 86' lang='grc'><strong>051,</strong></span> <span class='ocrx_word' id='word_1_375' title='bbox 1138 1885 1175 1918; x_wconf 88' lang='grc'>01</span> <span class='ocrx_word' id='word_1_376' title='bbox 1196 1882 1254 1918; x_wconf 86' lang='grc'>510</span> <span class='ocrx_word' id='word_1_377' title='bbox 1272 1882 1440 1918; x_wconf 89' lang='lat' dir='ltr'>liberum</span> <span class='ocrx_word' id='word_1_378' title='bbox 1456 1881 1572 1917; x_wconf 87' lang='lat' dir='ltr'>habet</span> <span class='ocrx_word' id='word_1_379' title='bbox 1589 1879 1787 1917; x_wconf 87' lang='lat' dir='ltr'>rationem</span> 
     </span>
     <span class='ocr_line' id='line_1_39' title="bbox 171 1926 1784 1977; baseline -0.003 -9"><span class='ocrx_word' id='word_1_380' title='bbox 171 1930 256 1976; x_wconf 87' lang='lat' dir='ltr'>ejus</span> <span class='ocrx_word' id='word_1_381' title='bbox 274 1930 379 1977; x_wconf 88' lang='lat' dir='ltr'>quod</span> <span class='ocrx_word' id='word_1_382' title='bbox 400 1934 460 1966; x_wconf 84' lang='lat' dir='ltr'>est</span> <span class='ocrx_word' id='word_1_383' title='bbox 481 1939 549 1974; x_wconf 86' lang='lat' dir='ltr'>per</span> <span class='ocrx_word' id='word_1_384' title='bbox 568 1939 624 1966; x_wconf 91' lang='lat' dir='ltr'>se.</span> <span class='ocrx_word' id='word_1_385' title='bbox 644 1930 833 1966; x_wconf 83' lang='lat' dir='ltr'>Voluntas</span> <span class='ocrx_word' id='word_1_386' title='bbox 851 1934 982 1966; x_wconf 88' lang='lat' dir='ltr'>autem</span> <span class='ocrx_word' id='word_1_387' title='bbox 1003 1930 1129 1975; x_wconf 85' lang='lat' dir='ltr'>prima</span> <span class='ocrx_word' id='word_1_388' title='bbox 1150 1929 1267 1965; x_wconf 82' lang='lat' dir='ltr'>habet</span> <span class='ocrx_word' id='word_1_389' title='bbox 1287 1928 1506 1965; x_wconf 88' lang='lat' dir='ltr'>libertatem</span> <span class='ocrx_word' id='word_1_390' title='bbox 1541 1928 1582 1963; x_wconf 89' lang='lat' dir='ltr'>in</span> <span class='ocrx_word' id='word_1_391' title='bbox 1613 1926 1784 1973; x_wconf 85' lang='lat' dir='ltr'>agendo.</span> 
     </span>
     <span class='ocr_line' id='line_1_40' title="bbox 169 1976 1788 2024; baseline -0.002 -10"><span class='ocrx_word' id='word_1_392' title='bbox 169 1979 214 2015; x_wconf 90' lang='lat' dir='ltr'>In</span> <span class='ocrx_word' id='word_1_393' title='bbox 234 1981 422 2024; x_wconf 85' lang='lat' dir='ltr'>quantum</span> <span class='ocrx_word' id='word_1_394' title='bbox 445 1977 550 2013; x_wconf 90' lang='lat' dir='ltr'>enim</span> <span class='ocrx_word' id='word_1_395' title='bbox 575 1976 795 2013; x_wconf 82' lang='lat' dir='ltr'>voluntarie</span> <span class='ocrx_word' id='word_1_396' title='bbox 816 1977 897 2023; x_wconf 87' lang='lat' dir='ltr'>agit</span> <span class='ocrx_word' id='word_1_397' title='bbox 914 1976 1017 2023; x_wconf 88' lang='lat' dir='ltr'>quis,</span> <span class='ocrx_word' id='word_1_398' title='bbox 1040 1976 1183 2013; x_wconf 88' lang='lat' dir='ltr'>dicitur</span> <span class='ocrx_word' id='word_1_399' title='bbox 1203 1976 1325 2012; x_wconf 89' lang='lat' dir='ltr'>libere</span> <span class='ocrx_word' id='word_1_400' title='bbox 1344 1984 1459 2022; x_wconf 89' lang='lat' dir='ltr'>agere</span> <span class='ocrx_word' id='word_1_401' title='bbox 1494 1983 1788 2021; x_wconf 86' lang='lat' dir='ltr'>quamcumque</span> 
     </span>
     <span class='ocr_line' id='line_1_41' title="bbox 171 2022 1786 2070; baseline -0.002 -10"><span class='ocrx_word' id='word_1_402' title='bbox 171 2025 380 2061; x_wconf 87' lang='lat' dir='ltr'>actionem.</span> <span class='ocrx_word' id='word_1_403' title='bbox 404 2026 534 2060; x_wconf 81' lang='lat' dir='ltr'>Primo</span> <span class='ocrx_word' id='word_1_404' title='bbox 556 2023 678 2070; x_wconf 87' lang='lat' dir='ltr'>igitur</span> <span class='ocrx_word' id='word_1_405' title='bbox 707 2024 839 2069; x_wconf 86' lang='lat' dir='ltr'>agenti</span> <span class='ocrx_word' id='word_1_406' title='bbox 867 2024 1037 2060; x_wconf 79' lang='lat' dir='ltr'>maxime</span> <span class='ocrx_word' id='word_1_407' title='bbox 1069 2023 1257 2069; x_wconf 89' lang='lat' dir='ltr'>competit</span> <span class='ocrx_word' id='word_1_408' title='bbox 1283 2032 1353 2068; x_wconf 89' lang='lat' dir='ltr'>per</span> <span class='ocrx_word' id='word_1_409' title='bbox 1378 2022 1623 2059; x_wconf 80' lang='lat' dir='ltr'>voluntatem</span> <span class='ocrx_word' id='word_1_410' title='bbox 1655 2029 1786 2067; x_wconf 87' lang='lat' dir='ltr'>agere,</span> 
     </span>
     <span class='ocr_line' id='line_1_42' title="bbox 170 2070 931 2116; baseline -0.003 -8"><span class='ocrx_word' id='word_1_411' title='bbox 170 2072 233 2109; x_wconf 86' lang='lat' dir='ltr'>cui</span> <span class='ocrx_word' id='word_1_412' title='bbox 256 2071 424 2107; x_wconf 80' lang='lat' dir='ltr'>maxime</span> <span class='ocrx_word' id='word_1_413' title='bbox 445 2070 632 2116; x_wconf 86' lang='lat' dir='ltr'>competit</span> <span class='ocrx_word' id='word_1_414' title='bbox 652 2080 721 2116; x_wconf 88' lang='lat' dir='ltr'>per</span> <span class='ocrx_word' id='word_1_415' title='bbox 741 2080 782 2107; x_wconf 88' lang='lat' dir='ltr'>se</span> <span class='ocrx_word' id='word_1_416' title='bbox 802 2080 931 2115; x_wconf 86' lang='lat' dir='ltr'>agere.</span> 
     </span>
    </p>

    <p class='ocr_par' dir='ltr' id='par_1_9' title="bbox 169 2114 1791 2669">
     <span class='ocr_line' id='line_1_43' title="bbox 217 2114 1789 2164; baseline -0.002 -10"><span class='ocrx_word' id='word_1_417' title='bbox 217 2119 400 2163; x_wconf 76' lang='lat' dir='ltr'>Amplius,</span> <span class='ocrx_word' id='word_1_418' title='bbox 423 2117 514 2154; x_wconf 86' lang='lat' dir='ltr'>finis</span> <span class='ocrx_word' id='word_1_419' title='bbox 535 2121 571 2154; x_wconf 88' lang='lat' dir='ltr'>et</span> <span class='ocrx_word' id='word_1_420' title='bbox 592 2126 714 2164; x_wconf 87' lang='lat' dir='ltr'>agens</span> <span class='ocrx_word' id='word_1_421' title='bbox 736 2117 781 2154; x_wconf 88' lang='lat' dir='ltr'>ad</span> <span class='ocrx_word' id='word_1_422' title='bbox 804 2117 922 2154; x_wconf 87' lang='lat' dir='ltr'>finem</span> <span class='ocrx_word' id='word_1_423' title='bbox 957 2127 1112 2163; x_wconf 89' lang='lat' dir='ltr'>semper</span> <span class='ocrx_word' id='word_1_424' title='bbox 1144 2117 1264 2154; x_wconf 89' lang='lat' dir='ltr'>unius</span> <span class='ocrx_word' id='word_1_425' title='bbox 1291 2115 1445 2153; x_wconf 88' lang='lat' dir='ltr'>ordinis</span> <span class='ocrx_word' id='word_1_426' title='bbox 1471 2115 1728 2152; x_wconf 89' lang='lat' dir='ltr'>inveniuntur</span> <span class='ocrx_word' id='word_1_427' title='bbox 1746 2114 1789 2151; x_wconf 87' lang='lat' dir='ltr'>in</span> 
     </span>
     <span class='ocr_line' id='line_1_44' title="bbox 170 2161 1789 2211; baseline -0.002 -10"><span class='ocrx_word' id='word_1_428' title='bbox 170 2165 290 2203; x_wconf 88' lang='lat' dir='ltr'>rebus</span> <span class='ocrx_word' id='word_1_429' title='bbox 315 2177 324 2201; x_wconf 81' lang='lat'>2</span> <span class='ocrx_word' id='word_1_430' title='bbox 360 2164 464 2201; x_wconf 90' lang='lat' dir='ltr'>unde</span> <span class='ocrx_word' id='word_1_431' title='bbox 496 2164 588 2201; x_wconf 87' lang='lat' dir='ltr'>finis</span> <span class='ocrx_word' id='word_1_432' title='bbox 624 2164 843 2210; x_wconf 85' lang='lat' dir='ltr'>proximus,</span> <span class='ocrx_word' id='word_1_433' title='bbox 867 2164 931 2211; x_wconf 90' lang='lat' dir='ltr'>qui</span> <span class='ocrx_word' id='word_1_434' title='bbox 955 2168 1015 2201; x_wconf 88' lang='lat' dir='ltr'>est</span> <span class='ocrx_word' id='word_1_435' title='bbox 1046 2164 1371 2210; x_wconf 84' lang='lat' dir='ltr'>proportionatus</span> <span class='ocrx_word' id='word_1_436' title='bbox 1392 2163 1539 2208; x_wconf 86' lang='lat' dir='ltr'>agenti,</span> <span class='ocrx_word' id='word_1_437' title='bbox 1576 2162 1716 2199; x_wconf 87' lang='lat' dir='ltr'>incidit</span> <span class='ocrx_word' id='word_1_438' title='bbox 1746 2161 1789 2198; x_wconf 89' lang='lat' dir='ltr'>in</span> 
     </span>
     <span class='ocr_line' id='line_1_45' title="bbox 169 2209 1788 2258; baseline -0.002 -10"><span class='ocrx_word' id='word_1_439' title='bbox 169 2211 275 2248; x_wconf 89' lang='lat' dir='ltr'>idem</span> <span class='ocrx_word' id='word_1_440' title='bbox 308 2211 438 2257; x_wconf 89' lang='lat' dir='ltr'>specie</span> <span class='ocrx_word' id='word_1_441' title='bbox 461 2221 551 2248; x_wconf 89' lang='lat' dir='ltr'>cum</span> <span class='ocrx_word' id='word_1_442' title='bbox 572 2215 727 2257; x_wconf 86' lang='lat' dir='ltr'>agente,</span> <span class='ocrx_word' id='word_1_443' title='bbox 750 2215 828 2247; x_wconf 85' lang='lat' dir='ltr'>tam</span> <span class='ocrx_word' id='word_1_444' title='bbox 852 2211 891 2247; x_wconf 91' lang='lat' dir='ltr'>in</span> <span class='ocrx_word' id='word_1_445' title='bbox 913 2212 1165 2248; x_wconf 88' lang='lat' dir='ltr'>naturalibus</span> <span class='ocrx_word' id='word_1_446' title='bbox 1181 2220 1298 2258; x_wconf 88' lang='lat' dir='ltr'>quam</span> <span class='ocrx_word' id='word_1_447' title='bbox 1320 2210 1362 2246; x_wconf 89' lang='lat' dir='ltr'>in</span> <span class='ocrx_word' id='word_1_448' title='bbox 1383 2209 1670 2246; x_wconf 82' lang='lat' dir='ltr'>artificialibus.</span> <span class='ocrx_word' id='word_1_449' title='bbox 1691 2210 1788 2245; x_wconf 88' lang='lat' dir='ltr'>Nam</span> 
     </span>
     <span class='ocr_line' id='line_1_46' title="bbox 171 2256 1789 2305; baseline -0.002 -10"><span class='ocrx_word' id='word_1_450' title='bbox 171 2259 299 2295; x_wconf 85' lang='lat' dir='ltr'>forma</span> <span class='ocrx_word' id='word_1_451' title='bbox 316 2258 411 2295; x_wconf 84' lang='lat' dir='ltr'>artis</span> <span class='ocrx_word' id='word_1_452' title='bbox 431 2267 500 2304; x_wconf 89' lang='lat' dir='ltr'>per</span> <span class='ocrx_word' id='word_1_453' title='bbox 519 2267 636 2305; x_wconf 86' lang='lat' dir='ltr'>quam</span> <span class='ocrx_word' id='word_1_454' title='bbox 657 2258 798 2294; x_wconf 77' lang='lat' dir='ltr'>artifex</span> <span class='ocrx_word' id='word_1_455' title='bbox 818 2258 911 2304; x_wconf 86' lang='lat' dir='ltr'>agit,</span> <span class='ocrx_word' id='word_1_456' title='bbox 934 2262 994 2295; x_wconf 79' lang='lat' dir='ltr'>est</span> <span class='ocrx_word' id='word_1_457' title='bbox 1023 2259 1177 2304; x_wconf 88' lang='lat' dir='ltr'>species</span> <span class='ocrx_word' id='word_1_458' title='bbox 1201 2258 1352 2302; x_wconf 80' lang='lat' dir='ltr'>formae,</span> <span class='ocrx_word' id='word_1_459' title='bbox 1376 2266 1463 2302; x_wconf 65' lang='lat' dir='ltr'>quae</span> <span class='ocrx_word' id='word_1_460' title='bbox 1500 2259 1560 2292; x_wconf 89' lang='lat' dir='ltr'>est</span> <span class='ocrx_word' id='word_1_461' title='bbox 1592 2256 1635 2292; x_wconf 88' lang='lat' dir='ltr'>in</span> <span class='ocrx_word' id='word_1_462' title='bbox 1670 2258 1789 2292; x_wconf 88' lang='lat' dir='ltr'>mate-</span> 
     </span>
     <span class='ocr_line' id='line_1_47' title="bbox 170 2302 1787 2352; baseline -0.002 -10"><span class='ocrx_word' id='word_1_463' title='bbox 170 2305 242 2350; x_wconf 88' lang='lat' dir='ltr'>ria,</span> <span class='ocrx_word' id='word_1_464' title='bbox 265 2315 351 2352; x_wconf 84' lang='lat' dir='ltr'>quae</span> <span class='ocrx_word' id='word_1_465' title='bbox 373 2308 433 2342; x_wconf 89' lang='lat' dir='ltr'>est</span> <span class='ocrx_word' id='word_1_466' title='bbox 452 2305 544 2342; x_wconf 89' lang='lat' dir='ltr'>finis</span> <span class='ocrx_word' id='word_1_467' title='bbox 565 2304 742 2349; x_wconf 87' lang='lat' dir='ltr'>artificis,</span> <span class='ocrx_word' id='word_1_468' title='bbox 766 2308 806 2341; x_wconf 91' lang='lat' dir='ltr'>et</span> <span class='ocrx_word' id='word_1_469' title='bbox 828 2306 954 2342; x_wconf 81' lang='lat' dir='ltr'>forma</span> <span class='ocrx_word' id='word_1_470' title='bbox 975 2305 1080 2351; x_wconf 89' lang='lat' dir='ltr'>ignis</span> <span class='ocrx_word' id='word_1_471' title='bbox 1113 2304 1355 2351; x_wconf 87' lang='lat' dir='ltr'>generantis,</span> <span class='ocrx_word' id='word_1_472' title='bbox 1375 2313 1453 2350; x_wconf 88' lang='lat' dir='ltr'>qua</span> <span class='ocrx_word' id='word_1_473' title='bbox 1484 2303 1578 2350; x_wconf 86' lang='lat' dir='ltr'>agit,</span> <span class='ocrx_word' id='word_1_474' title='bbox 1601 2306 1661 2339; x_wconf 90' lang='lat' dir='ltr'>est</span> <span class='ocrx_word' id='word_1_475' title='bbox 1681 2302 1787 2348; x_wconf 88' lang='lat' dir='ltr'>ejus-</span> 
     </span>
     <span class='ocr_line' id='line_1_48' title="bbox 172 2349 1789 2399; baseline -0.002 -10"><span class='ocrx_word' id='word_1_476' title='bbox 172 2352 259 2389; x_wconf 91' lang='lat' dir='ltr'>dem</span> <span class='ocrx_word' id='word_1_477' title='bbox 283 2352 428 2398; x_wconf 89' lang='lat' dir='ltr'>speciei</span> <span class='ocrx_word' id='word_1_478' title='bbox 451 2361 541 2389; x_wconf 91' lang='lat' dir='ltr'>cum</span> <span class='ocrx_word' id='word_1_479' title='bbox 570 2353 697 2389; x_wconf 87' lang='lat' dir='ltr'>forma</span> <span class='ocrx_word' id='word_1_480' title='bbox 717 2352 824 2398; x_wconf 87' lang='lat' dir='ltr'>ignis</span> <span class='ocrx_word' id='word_1_481' title='bbox 855 2353 1045 2398; x_wconf 86' lang='lat' dir='ltr'>generali,</span> <span class='ocrx_word' id='word_1_482' title='bbox 1064 2362 1151 2399; x_wconf 82' lang='lat' dir='ltr'>quae</span> <span class='ocrx_word' id='word_1_483' title='bbox 1185 2355 1246 2389; x_wconf 85' lang='lat' dir='ltr'>est</span> <span class='ocrx_word' id='word_1_484' title='bbox 1279 2350 1372 2388; x_wconf 88' lang='lat' dir='ltr'>finis</span> <span class='ocrx_word' id='word_1_485' title='bbox 1401 2349 1685 2397; x_wconf 88' lang='lat' dir='ltr'>generationis.</span> <span class='ocrx_word' id='word_1_486' title='bbox 1708 2351 1789 2385; x_wconf 89' lang='lat' dir='ltr'>Deo</span> 
     </span>
     <span class='ocr_line' id='line_1_49' title="bbox 171 2397 1790 2446; baseline -0.002 -10"><span class='ocrx_word' id='word_1_487' title='bbox 171 2403 301 2436; x_wconf 83' lang='lat' dir='ltr'>autem</span> <span class='ocrx_word' id='word_1_488' title='bbox 324 2399 425 2435; x_wconf 89' lang='lat' dir='ltr'>nihil</span> <span class='ocrx_word' id='word_1_489' title='bbox 452 2398 708 2436; x_wconf 91' lang='lat' dir='ltr'>coordinatur</span> <span class='ocrx_word' id='word_1_490' title='bbox 727 2399 841 2445; x_wconf 87' lang='lat' dir='ltr'>quasi</span> <span class='ocrx_word' id='word_1_491' title='bbox 877 2399 1058 2446; x_wconf 78' lang='lat' dir='ltr'>eJ&#39;usdem</span> <span class='ocrx_word' id='word_1_492' title='bbox 1091 2399 1258 2443; x_wconf 91' lang='lat' dir='ltr'>ordinis,</span> <span class='ocrx_word' id='word_1_493' title='bbox 1281 2398 1360 2434; x_wconf 91' lang='lat' dir='ltr'>nisi</span> <span class='ocrx_word' id='word_1_494' title='bbox 1396 2398 1496 2444; x_wconf 90' lang='lat' dir='ltr'>ipse,</span> <span class='ocrx_word' id='word_1_495' title='bbox 1519 2397 1619 2434; x_wconf 88' lang='lat' dir='ltr'>alias</span> <span class='ocrx_word' id='word_1_496' title='bbox 1652 2399 1790 2433; x_wconf 87' lang='lat' dir='ltr'>essent</span> 
     </span>
     <span class='ocr_line' id='line_1_50' title="bbox 169 2445 1791 2498; baseline -0.002 -16"><span class='ocrx_word' id='word_1_497' title='bbox 169 2446 284 2498; x_wconf 82' lang='lat' dir='ltr'>plura</span> <span class='ocrx_word' id='word_1_498' title='bbox 311 2446 451 2492; x_wconf 85' lang='lat' dir='ltr'>prima,</span> <span class='ocrx_word' id='word_1_499' title='bbox 486 2445 600 2492; x_wconf 92' lang='lat' dir='ltr'>cujus</span> <span class='ocrx_word' id='word_1_500' title='bbox 630 2446 872 2483; x_wconf 87' lang='lat' dir='ltr'>contrarium</span> <span class='ocrx_word' id='word_1_501' title='bbox 905 2455 1025 2492; x_wconf 80' lang='lat' dir='ltr'>supra</span> <span class='ocrx_word' id='word_1_502' title='bbox 1047 2446 1147 2492; x_wconf 87' lang='lat' dir='ltr'>(cap.</span> <span class='ocrx_word' id='word_1_503' title='bbox 1183 2445 1240 2493; x_wconf 82' lang='lat'>13)</span> <span class='ocrx_word' id='word_1_504' title='bbox 1274 2448 1483 2482; x_wconf 91' lang='lat' dir='ltr'>ostensum</span> <span class='ocrx_word' id='word_1_505' title='bbox 1510 2448 1582 2481; x_wconf 88' lang='lat' dir='ltr'>est.</span> <span class='ocrx_word' id='word_1_506' title='bbox 1622 2445 1707 2489; x_wconf 87' lang='lat' dir='ltr'>Ipse</span> <span class='ocrx_word' id='word_1_507' title='bbox 1729 2445 1791 2479; x_wconf 89' lang='lat' dir='ltr'>est</span> 
     </span>
     <span class='ocr_line' id='line_1_51' title="bbox 170 2490 1790 2540; baseline -0.002 -12"><span class='ocrx_word' id='word_1_508' title='bbox 170 2497 293 2538; x_wconf 79' lang='lat' dir='ltr'>igitur</span> <span class='ocrx_word' id='word_1_509' title='bbox 312 2493 551 2539; x_wconf 90' lang='lat' dir='ltr'>principium</span> <span class='ocrx_word' id='word_1_510' title='bbox 570 2502 692 2539; x_wconf 86' lang='lat' dir='ltr'>agens</span> <span class='ocrx_word' id='word_1_511' title='bbox 715 2496 873 2539; x_wconf 88' lang='lat' dir='ltr'>propter</span> <span class='ocrx_word' id='word_1_512' title='bbox 891 2492 1024 2537; x_wconf 90' lang='lat' dir='ltr'>finem,</span> <span class='ocrx_word' id='word_1_513' title='bbox 1045 2493 1113 2540; x_wconf 90' lang='lat' dir='ltr'>qui</span> <span class='ocrx_word' id='word_1_514' title='bbox 1146 2497 1206 2530; x_wconf 89' lang='lat' dir='ltr'>est</span> <span class='ocrx_word' id='word_1_515' title='bbox 1234 2493 1414 2538; x_wconf 89' lang='lat' dir='ltr'>ipsemet.</span> <span class='ocrx_word' id='word_1_516' title='bbox 1448 2493 1535 2537; x_wconf 89' lang='lat' dir='ltr'>Ipse</span> <span class='ocrx_word' id='word_1_517' title='bbox 1555 2490 1677 2538; x_wconf 89' lang='lat' dir='ltr'>igitur</span> <span class='ocrx_word' id='word_1_518' title='bbox 1708 2497 1790 2526; x_wconf 89' lang='lat' dir='ltr'>non</span> 
     </span>
     <span class='ocr_line' id='line_1_52' title="bbox 172 2537 1789 2591; baseline -0.002 -16"><span class='ocrx_word' id='word_1_519' title='bbox 172 2539 302 2591; x_wconf 83' lang='lat' dir='ltr'>solum</span> <span class='ocrx_word' id='word_1_520' title='bbox 324 2543 385 2576; x_wconf 88' lang='lat' dir='ltr'>est</span> <span class='ocrx_word' id='word_1_521' title='bbox 402 2539 494 2576; x_wconf 89' lang='lat' dir='ltr'>finis</span> <span class='ocrx_word' id='word_1_522' title='bbox 515 2540 755 2586; x_wconf 85' lang='lat' dir='ltr'>appetibilis,</span> <span class='ocrx_word' id='word_1_523' title='bbox 778 2540 845 2576; x_wconf 91' lang='lat' dir='ltr'>sed</span> <span class='ocrx_word' id='word_1_524' title='bbox 868 2543 1071 2586; x_wconf 86' lang='lat' dir='ltr'>appetens,</span> <span class='ocrx_word' id='word_1_525' title='bbox 1099 2543 1142 2576; x_wconf 89' lang='lat' dir='ltr'>ut</span> <span class='ocrx_word' id='word_1_526' title='bbox 1160 2540 1216 2576; x_wconf 88' lang='lat' dir='ltr'>ita</span> <span class='ocrx_word' id='word_1_527' title='bbox 1239 2540 1383 2584; x_wconf 87' lang='lat' dir='ltr'>dicam,</span> <span class='ocrx_word' id='word_1_528' title='bbox 1411 2547 1455 2575; x_wconf 89' lang='lat' dir='ltr'>se</span> <span class='ocrx_word' id='word_1_529' title='bbox 1475 2537 1594 2574; x_wconf 88' lang='lat' dir='ltr'>finem</span> <span class='ocrx_word' id='word_1_530' title='bbox 1612 2541 1651 2574; x_wconf 83' lang='lat' dir='ltr'>et</span> <span class='ocrx_word' id='word_1_531' title='bbox 1670 2545 1789 2582; x_wconf 85' lang='lat' dir='ltr'>appe·</span> 
     </span>
     <span class='ocr_line' id='line_1_53' title="bbox 171 2583 1789 2668; baseline -0.001 -48"><span class='ocrx_word' id='word_1_532' title='bbox 171 2588 244 2667; x_wconf 53' lang='lat' dir='ltr'>utu</span> <span class='ocrx_word' id='word_1_533' title='bbox 265 2586 538 2668; x_wconf 60' lang='lat' dir='ltr'>inttellectuali‚</span> <span class='ocrx_word' id='word_1_534' title='bbox 560 2596 651 2625; x_wconf 92' lang='lat' dir='ltr'>cum</span> <span class='ocrx_word' id='word_1_535' title='bbox 668 2587 721 2624; x_wconf 88' lang='lat' dir='ltr'>sit</span> <span class='ocrx_word' id='word_1_536' title='bbox 739 2586 980 2634; x_wconf 88' lang='lat' dir='ltr'>intelligens,</span> <span class='ocrx_word' id='word_1_537' title='bbox 1001 2588 1068 2634; x_wconf 92' lang='lat' dir='ltr'>qui</span> <span class='ocrx_word' id='word_1_538' title='bbox 1090 2590 1150 2624; x_wconf 90' lang='lat' dir='ltr'>est</span> <span class='ocrx_word' id='word_1_539' title='bbox 1178 2587 1378 2624; x_wconf 85' lang='lat' dir='ltr'>voluntas.</span> <span class='ocrx_word' id='word_1_540' title='bbox 1399 2586 1468 2623; x_wconf 87' lang='lat' dir='ltr'>Est</span> <span class='ocrx_word' id='word_1_541' title='bbox 1482 2585 1604 2631; x_wconf 89' lang='lat' dir='ltr'>igitur</span> <span class='ocrx_word' id='word_1_542' title='bbox 1635 2583 1678 2620; x_wconf 86' lang='lat' dir='ltr'>in</span> <span class='ocrx_word' id='word_1_543' title='bbox 1708 2585 1789 2620; x_wconf 88' lang='lat' dir='ltr'>Deo</span> 
     </span>
     <span class='ocr_line' id='line_1_54' title="bbox 170 2640 1229 2669; baseline 0.011 -2"><span class='ocrx_word' id='word_1_544' title='bbox 170 2640 220 2669; x_wconf 90' lang='lat' dir='ltr'>vo</span> <span class='ocrx_word' id='word_1_545' title='bbox 240 2641 291 2668; x_wconf 90' lang='lat' dir='ltr'>un</span> <span class='ocrx_word' id='word_1_546' title='bbox 311 2641 368 2669; x_wconf 87' lang='lat' dir='ltr'>as.</span> <span class='ocrx_word' id='word_1_547' title='bbox 1226 2656 1229 2658; x_wconf 93' lang='lat'>·</span> 
     </span>
    </p>

    <p class='ocr_par' dir='ltr' id='par_1_10' title="bbox 171 2676 1791 2823">
     <span class='ocr_line' id='line_1_55' title="bbox 208 2676 1788 2730; baseline -0.001 -16"><span class='ocrx_word' id='word_1_548' title='bbox 208 2679 326 2730; x_wconf 31' lang='lat' dir='ltr'>‘Hanc</span> <span class='ocrx_word' id='word_1_549' title='bbox 348 2682 477 2715; x_wconf 88' lang='lat' dir='ltr'>autem</span> <span class='ocrx_word' id='word_1_550' title='bbox 500 2680 568 2716; x_wconf 87' lang='lat' dir='ltr'>Dei</span> <span class='ocrx_word' id='word_1_551' title='bbox 597 2680 841 2718; x_wconf 86' lang='lat' dir='ltr'>voluntatem</span> <span class='ocrx_word' id='word_1_552' title='bbox 877 2681 1088 2727; x_wconf 79' lang='lat' dir='ltr'>scripturae</span> <span class='ocrx_word' id='word_1_553' title='bbox 1120 2689 1244 2718; x_wconf 75' lang='lat' dir='ltr'>sacrae</span> <span class='ocrx_word' id='word_1_554' title='bbox 1276 2677 1503 2716; x_wconf 89' lang='lat' dir='ltr'>testimonia</span> <span class='ocrx_word' id='word_1_555' title='bbox 1535 2676 1788 2714; x_wconf 86' lang='lat' dir='ltr'>confitentur.</span> 
     </span>
     <span class='ocr_line' id='line_1_56' title="bbox 172 2725 1791 2773; baseline 0 -12"><span class='ocrx_word' id='word_1_556' title='bbox 172 2725 322 2762; x_wconf 80' lang='lat' dir='ltr'>Dicitur</span> <span class='ocrx_word' id='word_1_557' title='bbox 342 2725 448 2762; x_wconf 85' lang='lat' dir='ltr'>enim</span> <span class='ocrx_word' id='word_1_558' title='bbox 469 2726 510 2763; x_wconf 91' lang='lat' dir='ltr'>in</span> <span class='ocrx_word' id='word_1_559' title='bbox 530 2728 594 2762; x_wconf 89' lang='lat' dir='ltr'>Ps.</span> <span class='ocrx_word' id='word_1_560' title='bbox 613 2735 773 2769; x_wconf 79' lang='lat' dir='ltr'>cxxxiv,</span> <span class='ocrx_word' id='word_1_561' title='bbox 794 2731 814 2764; x_wconf 88' lang='lat'>6</span> <span class='ocrx_word' id='word_1_562' title='bbox 837 2740 844 2764; x_wconf 92' lang='lat'>:</span> <span class='ocrx_word' id='word_1_563' title='bbox 868 2728 999 2764; x_wconf 79' lang='lat' dir='ltr'>Omnia</span> <span class='ocrx_word' id='word_1_564' title='bbox 1033 2736 1262 2773; x_wconf 66' lang='lat' dir='ltr'>quaecumque</span> <span class='ocrx_word' id='word_1_565' title='bbox 1278 2726 1395 2762; x_wconf 81' lang='lat' dir='ltr'>voluit</span> <span class='ocrx_word' id='word_1_566' title='bbox 1420 2725 1595 2762; x_wconf 78' lang='lat' dir='ltr'>Dominus</span> <span class='ocrx_word' id='word_1_567' title='bbox 1624 2726 1730 2768; x_wconf 74' lang='lat' dir='ltr'>secit3</span> <span class='ocrx_word' id='word_1_568' title='bbox 1752 2725 1791 2761; x_wconf 83' lang='lat' dir='ltr'>et</span> 
     </span>
     <span class='ocr_line' id='line_1_57' title="bbox 171 2772 1574 2823; baseline 0.004 -15"><span class='ocrx_word' id='word_1_569' title='bbox 171 2772 370 2818; x_wconf 82' lang='lat' dir='ltr'>Rom.,1x‚</span> <span class='ocrx_word' id='word_1_570' title='bbox 392 2774 434 2809; x_wconf 77' lang='lat'>¹9</span> <span class='ocrx_word' id='word_1_571' title='bbox 456 2783 467 2810; x_wconf 69' lang='grc' dir='ltr'>ε</span> <span class='ocrx_word' id='word_1_572' title='bbox 492 2773 681 2810; x_wconf 73' lang='lat' dir='ltr'>Voluntati</span> <span class='ocrx_word' id='word_1_573' title='bbox 704 2774 782 2819; x_wconf 77' lang='lat' dir='ltr'>ejus</span> <span class='ocrx_word' id='word_1_574' title='bbox 799 2776 881 2820; x_wconf 79' lang='lat' dir='ltr'>quis</span> <span class='ocrx_word' id='word_1_575' title='bbox 897 2775 1068 2812; x_wconf 77' lang='lat' dir='ltr'>resistit?</span> <span class='ocrx_word' id='word_1_576' title='bbox 1085 2778 1111 2821; x_wconf 87' lang='lat' dir='ltr'>(l</span> <span class='ocrx_word' id='word_1_577' title='bbox 1132 2780 1247 2822; x_wconf 85' lang='lat' dir='ltr'>part.,</span> <span class='ocrx_word' id='word_1_578' title='bbox 1269 2786 1307 2823; x_wconf 90' lang='lat' dir='ltr'>q.</span> <span class='ocrx_word' id='word_1_579' title='bbox 1328 2784 1409 2822; x_wconf 84' lang='lat' dir='ltr'>XIX,</span> <span class='ocrx_word' id='word_1_580' title='bbox 1429 2781 1501 2814; x_wconf 81' lang='lat' dir='ltr'>art.</span> <span class='ocrx_word' id='word_1_581' title='bbox 1526 2777 1574 2823; x_wconf 85' lang='lat'>1.)</span> 
     </span>
    </p>
   </div>
  </div>
 </body>
</html>
