1894 3223
709 102 797 139 Llss.
827 103 874 146 lt,
902 103 1001 138 CAP.
1027 103 1131 139 XCII.
1652 106 1722 140 2115

93 187 243 222 natur-(e
265 193 383 231 quam
421 183 501 221 illae
533 193 622 231 quae
650 187 744 221 sunt
781 185 949 229 proximi
990 184 1090 222 fines
1126 188 1306 222 motuum
1342 185 1592 231 coelestium;
1616 187 1722 224 sicut

92 232 359 269 instrumenta
395 230 618 268 artificialia
637 235 729 268 sunt
759 235 916 277 propter
946 232 1130 268 homines
1160 233 1227 279 qui
1259 242 1326 278 per
1351 242 1397 269 ea
1429 237 1658 278 operantur,
1683 237 1721 270 et

92 278 192 316 nihil
215 278 397 324 prohibet
416 287 506 315 esse
533 278 636 315 alios
666 278 852 315 homines
882 279 948 325 qui
977 289 1046 324 per
1078 280 1344 316 iustrumenta
1375 280 1603 325 hujusmodi
1638 289 1720 317 non

92 329 307 372 operantur
325 325 564 370 immediate,
587 324 655 362 sed
680 325 876 371 imperant
910 326 1180 371 operantibus.
1205 328 1248 363 Et
1267 327 1357 364 ideo
1380 328 1464 372 ipse
1484 327 1718 365 Aristoteles

92 372 194 410 hanc
214 373 408 409 rationem
424 381 505 410 non
523 372 675 409 inducit
695 373 809 419 quasi
831 374 1112 416 necessariam,
1136 373 1205 410 sed
1232 378 1421 421 tanquam
1444 374 1690 420 probabilem
1710 387 1717 417 ;

91 419 186 456 dicit
206 420 311 457 enim
333 419 439 466 (text.
464 428 609 457 comm.
626 419 685 465 48)
708 432 717 456 z
739 420 857 463 Quare
890 423 923 456 ei
947 421 1171 456 substantias
1189 423 1224 456 ei
1246 423 1434 466 principia
1453 423 1652 458 immobilia
1689 425 1723 457 et

89 467 321 503 insensibilia
336 467 554 502 rationabile
573 470 625 502 est
645 469 695 502 tot
707 469 909 510 aestimure,·
929 468 1024 512 quod
1042 470 1089 503 sit
1104 470 1343 503 necessarium
1361 471 1491 512 (uitem,
1513 469 1723 504 dimittatur

89 515 305 558 fortioribus
326 513 456 550 dicere.
481 515 614 551 Restat
636 514 758 559 igitur
775 514 1062 551 ostendendum
1087 515 1193 562 quod
1215 520 1308 552 sunt
1327 516 1452 552 multo
1474 516 1608 561 plures
1631 516 1722 553 sub·

93 562 250 598 stantiae
271 561 561 598 intellectuales
583 571 605 598 a
625 562 860 607 corporibus
881 567 1072 607 separatu}
1099 571 1218 609 quam
1249 563 1330 599 sint
1361 567 1493 599 motus
1520 564 1716 600 coelestes.

139 608 378 646 Substantiae
411 609 516 645 enim
552 609 842 645 intellectuales
876 609 1094 646 secundum
1126 618 1242 646 suum
1275 618 1415 655 genus
1435 610 1722 647 transcendunt

93 664 250 693 omnem
271 660 450 692 naturam
478 664 708 701 corpoream
727 668 735 699 ;
758 660 912 701 oportet
927 657 1048 702 igitur
1069 657 1246 701 accipere
1267 656 1434 702 gradum
1460 657 1498 692 in
1522 657 1721 703 prin-dictis

94 702 345 746 substantiis,
383 703 602 740 secundum
640 703 901 740 elevationem
934 712 1069 740 earum
1104 713 1225 748 supra
1261 713 1490 749 corpoream
1523 708 1720 741 naturam.

92 751 190 787 Sunt
211 753 342 787 autem
364 750 544 797 quaedam
579 750 870 787 intellectuales
904 750 1138 787 substantiae
1158 751 1318 787 elevatie
1346 760 1465 796 supra
1489 760 1720 797 corpoream

94 797 375 842 substantiam,
404 797 624 834 secundum
644 798 706 834 sui
727 798 885 844 generis
904 801 1083 834 naturam
1106 801 1274 841 tantum,
1293 808 1380 844 quae
1397 803 1526 834 tamen
1550 799 1724 845 corpori-

93 844 168 882 bus
188 844 382 881 uniuntur
400 848 443 881 ut
463 845 613 889 formae,
633 848 675 881 ut.
695 854 741 880 ex
774 844 992 891 praemissis
1015 844 1061 891 (c.
1084 846 1127 881 68
1157 848 1194 880 et
1218 846 1278 890 70)
1297 848 1401 890 patet
1418 857 1426 889 ;
1445 850 1494 885 et,
1519 846 1614 892 quia
1633 855 1724 883 esse

93 891 409 928 substantiarum
441 892 769 928 intellectualium
802 892 1020 928 secundum
1043 901 1160 929 suum
1180 901 1308 938 genus
1330 892 1481 929 nullam
1504 902 1525 929 a
1557 902 1725 939 corpore

93 938 400 984 dependentiam
429 939 559 982 habet,
582 942 624 974 ut
645 948 765 983 supra
783 938 831 984 (c.
857 938 914 985 91)
936 939 1144 983 probatum
1166 943 1240 983 est,
1274 939 1474 976 invenitur
1496 940 1615 977 altior
1633 949 1722 987 gra-

94 985 170 1023 dus
192 986 383 1022 dictarum
408 986 736 1029 substantiarum,
757 995 860 1031 quae,
877 986 951 1022 etsi
967 995 1047 1023 non
1064 987 1253 1022 uniantur
1267 987 1502 1032 corporibus
1518 991 1559 1023 ut
1572 988 1721 1031 sormae,

95 1036 191 1070 sunt
211 1036 344 1069 tamen
364 1032 513 1078 proprii
535 1037 710 1069 motores
732 1032 959 1079 aliquorum
984 1042 1195 1078 corporum
1219 1033 1584 1070 determinatorum.
1608 1034 1723 1071 Simi-

93 1079 185 1116 liter
209 1083 340 1116 autem
373 1083 516 1116 natura
548 1079 780 1116 substantiae
813 1079 1093 1117 intellectualis
1125 1089 1206 1116 non
1237 1080 1432 1126 dependet
1462 1090 1484 1117 a
1510 1081 1724 1125 movendo,

93 1135 216 1173 quum
239 1135 396 1163 movere
417 1127 472 1163 sit
489 1135 742 1173 consequens
759 1126 807 1163 ad
823 1127 1082 1172 principalem
1099 1136 1235 1163 eorum
1258 1128 1546 1172 operationem,
1562 1138 1648 1174 quae
1664 1132 1723 1165 est

93 1173 332 1220 intelligere.
355 1173 436 1210 Erit
455 1173 578 1221 igitur
603 1177 641 1210 et
661 1173 807 1220 aliquis
827 1174 975 1219 gradus
997 1174 1115 1211 altior
1133 1174 1447 1211 substantiarum
1475 1175 1723 1212 intellectua-

91 1219 205 1265 lium,
225 1229 425 1305 quaebnon
455 1224 550 1258 sunt
579 1221 727 1267 proprii
749 1225 924 1258 motor-es
955 1221 1179 1268 aliquorum
1200 1230 1428 1268 corporum,
1455 1222 1525 1259 sed
1548 1222 1725 1268 superio-

92 1276 156 1305 res
171 1268 314 1305 motori
346 1277 408 1306 us.

138 1316 322 1361 Amplius,
345 1315 450 1353 sicut
469 1324 593 1361 agens
613 1325 681 1362 per
702 1319 883 1353 naturam
908 1316 989 1362 agit
1008 1325 1078 1362 per
1096 1325 1210 1353 suam
1231 1316 1400 1354 formam
1415 1317 1651 1362 naturalem,
1668 1318 1725 1356 ita

92 1370 217 1408 agens
237 1371 307 1409 per
338 1356 584 1400 intellectum
616 1363 697 1409 agit
726 1373 795 1409 per
827 1363 995 1400 sormam
1029 1364 1270 1409 intellectus,
1301 1368 1344 1400 ut
1371 1368 1477 1410 patet
1499 1365 1540 1400 in
1560 1365 1621 1401 liis
1655 1365 1723 1412 qui

94 1412 218 1455 agunt
235 1418 306 1454 per
339 1413 477 1447 artem.
513 1410 623 1448 Sicut
640 1410 762 1456 igitur
797 1419 922 1456 agens
958 1420 1028 1456 per
1068 1415 1248 1448 naturam
1280 1415 1341 1448 est
1375 1412 1721 1457 proportionatum

93 1455 272 1501 patienti,
293 1457 447 1494 ratione
486 1465 571 1494 suae
603 1457 739 1494 formae
777 1457 986 1501 naturalis,
1026 1457 1081 1494 ita
1106 1467 1231 1503 agens
1269 1468 1339 1503 per
1375 1459 1623 1495 intellectum
1664 1462 1724 1496 est

93 1503 437 1548 proportionatum
457 1504 619 1548 patienti
640 1508 677 1540 et
698 1505 815 1548 facto,
832 1513 901 1549 per
916 1504 1083 1541 formam
1102 1504 1341 1545 intellectus,
1365 1509 1408 1541 ut
1419 1505 1572 1542 scilicet
1589 1505 1726 1552 hujus·

94 1550 201 1586 modi
224 1551 275 1586 sit
308 1552 434 1587 forma
464 1551 704 1588 intellectiva
724 1561 810 1597 quie
842 1552 971 1596 possit
1002 1551 1138 1588 induci
1170 1562 1239 1597 per
1270 1552 1466 1589 actionem
1502 1553 1658 1599 agentis
1678 1553 1721 1589 in

93 1598 299 1634 materiam
332 1598 602 1644 recipientem.
635 1599 795 1643 Oportet
821 1597 942 1643 igitur
965 1599 1146 1644 proprios
1173 1603 1348 1636 motores
1370 1600 1540 1644 orbium,
1569 1600 1635 1646 qui
1654 1610 1724 1646 per

93 1644 339 1694 intellectum
356 1648 529 1689 movent,
551 1645 585 1682 si
608 1645 650 1682 in
671 1646 746 1682 hoc
778 1645 1009 1691 opinionem
1036 1646 1260 1683 Aristotelis
1293 1646 1494 1683 sustinere
1516 1647 1716 1691 volumus,

92 1691 194 1728 tales
223 1691 509 1739 intelligentias
530 1692 675 1729 habere
697 1692 835 1739 quales
855 1696 950 1729 sunt
977 1693 1234 1738 explicabiles
1254 1703 1323 1739 per
1344 1698 1476 1731 motus
1506 1694 1663 1731 orbium
1686 1698 1723 1731 et

92 1738 363 1784 producibiles
396 1739 435 1775 in
471 1739 590 1775 rebus
615 1739 902 1776 materialibus.
925 1740 1001 1776 Sed
1029 1749 1149 1785 supra
1170 1740 1400 1787 huiusmodi
1434 1742 1720 1788 conceptiones

93 1785 367 1832 intelligibiles
386 1789 447 1823 est
467 1786 645 1832 accipere
665 1786 820 1833 aliquas
839 1787 1149 1824 universaliores
1168 1799 1176 1831 3
1193 1788 1419 1825 intellectus
1440 1789 1545 1824 enim
1568 1790 1724 1825 univer-

92 1831 221 1870 salius
238 1833 499 1879 apprehendit
529 1834 679 1871 formas
710 1843 841 1870 rerum
862 1843 980 1880 quam
1014 1834 1067 1871 sit
1099 1844 1189 1871 esse
1210 1844 1346 1872 earum
1381 1835 1423 1871 in
1444 1836 1590 1880 rebus3
1614 1836 1720 1873 unde

92 1879 275 1917 videmus
295 1880 400 1926 quod
416 1880 681 1918 universalior
698 1884 758 1918 est
774 1881 903 1918 forma
917 1881 1143 1919 intellectus
1159 1882 1391 1928 speculativi
1407 1892 1525 1929 quam
1540 1883 1720 1928 practici,

93 1930 133 1964 et
151 1927 255 1964 inter
271 1931 375 1965 artes
394 1928 590 1974 practicas
611 1928 877 1965 universalior
908 1933 967 1965 est
987 1930 1195 1975 conceptio
1227 1929 1324 1966 artis
1350 1929 1584 1975 imperantis
1603 1939 1721 1976 quam

90 1975 363 2021 exsequentis.
394 1976 554 2021 Oportet
583 1979 714 2012 autem
747 1976 1062 2013 substantiarum
1086 1976 1415 2014 intellectualium
1436 1977 1583 2024 gradus
1620 1978 1722 2014 acci-

93 2029 186 2066 pere
203 2022 422 2058 secundum
453 2022 621 2069 gradum
649 2023 932 2060 intellectualis
966 2024 1212 2069 operationis
1233 2034 1322 2070 quae
1354 2027 1416 2061 est
1443 2024 1502 2061 eis
1535 2025 1714 2070 propria.

94 2069 191 2105 Sunt
206 2068 328 2115 igitur
347 2069 489 2116 aliquae
510 2069 742 2107 substantiae
773 2070 1062 2107 intellectuales
1095 2080 1217 2116 supra
1238 2071 1330 2108 illas
1347 2080 1434 2118 quae
1451 2075 1546 2109 sunt
1573 2072 1721 2117 proprii

96 2118 133 2150 et
152 2116 322 2160 proximi
345 2121 519 2153 motores
540 2117 892 2154 determinatorum
911 2118 1081 2154 orbium.

141 2162 285 2204 Adhuc,
309 2163 406 2200 ordo
426 2164 601 2201 universi
635 2164 792 2209 exigere
818 2165 973 2201 videtur
1001 2169 1045 2201 ut
1075 2164 1115 2201 id
1136 2165 1243 2211 quod
1263 2167 1323 2202 est
1341 2165 1384 2203 in
1403 2166 1523 2203 rebus
1544 2166 1720 2203 nobilius

96 2209 258 2247 excedat
276 2211 494 2257 quantitate
532 2211 593 2248 vel
619 2220 786 2248 numero
824 2211 1067 2258 ignobiliora
1087 2224 1095 2256 ;
1117 2212 1361 2258 ignobiliora
1394 2213 1500 2249 enim
1539 2213 1723 2249 videntur

97 2263 185 2307 esse
204 2260 363 2302 propter
391 2257 743 2303 nobiliora3unde
775 2261 929 2304 oportet
961 2258 1067 2305 quod
1106 2259 1303 2296 nobiliora
1335 2260 1450 2306 quasi
1489 2263 1647 2305 propter
1678 2268 1722 2296 se

96 2303 327 2340 exsistentia
350 2304 664 2350 multiplicentur
682 2310 874 2351 quantum
904 2305 1097 2350 possibile
1130 2309 1215 2349 est3
1238 2308 1276 2342 et
1295 2305 1385 2342 ideo
1407 2306 1590 2342 videmus
1615 2306 1720 2351 quod

97 2357 265 2394 corpora
291 2350 618 2397 incorruptibilia,
641 2352 794 2389 scilicet
812 2352 1002 2393 coelestia,
1027 2353 1068 2388 in
1091 2356 1242 2389 tantum
1264 2352 1460 2389 excedunt
1481 2352 1719 2398 corporalia,

94 2395 249 2435 Scilicet
269 2396 538 2441 elementaria,
561 2402 603 2435 ut
621 2398 705 2436 haec
724 2399 840 2445 quasi
860 2408 943 2436 non
958 2398 1130 2436 habeant
1149 2399 1367 2436 notabilem
1394 2399 1658 2445 quantitatem
1677 2399 1720 2437 in

96 2443 392 2488 comparatione
414 2444 463 2481 ad
479 2444 559 2481 illa.
581 2445 691 2482 Sicut
708 2449 840 2483 autern
860 2445 1040 2483 coelestia
1059 2454 1225 2491 corpora
1244 2445 1428 2492 digniora
1443 2446 1721 2484 suntelemen-

94 2490 262 2535 taribus,
286 2494 328 2527 ut
356 2491 674 2537 incorruptibilia
704 2492 1045 2537 corruptibilibus,
1075 2493 1130 2529 ita
1161 2492 1396 2529 substantiae
1429 2492 1720 2532 intellectuales

95 2537 284 2575 omnibus
315 2538 574 2584 corporibus,
607 2542 650 2575 ut
681 2538 885 2575 immobile
916 2542 954 2575 et
984 2539 1243 2576 immateriale
1266 2539 1405 2576 mobili
1437 2543 1476 2576 et
1509 2541 1719 2577 materiali.

98 2584 300 2622 Excedunt
319 2585 441 2632 igitur
472 2586 515 2622 in
535 2593 701 2622 numero
734 2585 1022 2622 intellectuales
1050 2585 1283 2623 substantiae
1320 2590 1510 2632 separatae
1540 2587 1720 2625 omnium

96 2639 230 2669 rerum
262 2632 528 2670 materialium
559 2632 871 2670 multitudinem.
891 2634 978 2670 Non
997 2632 1120 2680 igitur
1138 2633 1530 2679 comprehenduntur
1551 2643 1719 2672 numero

104 2679 327 2716 coelestium
349 2683 545 2717 motuum.

146 2727 247 2768 Item,
271 2727 426 2773 species
446 2736 578 2764 rerum
595 2726 860 2764 materialium
880 2735 965 2764 non
983 2727 1300 2773 multiplicantur
1313 2738 1384 2774 per
1401 2729 1606 2766 materiam
1618 2758 1627 2775 ,
1651 2729 1719 2766 sed

97 2781 168 2818 per
184 2773 366 2812 formam.
385 2776 535 2812 Formae
555 2778 686 2811 autem
706 2783 794 2820 quae
814 2777 908 2812 sunt
927 2777 1036 2811 extra
1051 2775 1257 2812 materiam
1278 2775 1424 2813 habent
1444 2785 1534 2813 esse
1550 2777 1722 2822 comple-

96 2819 178 2856 tius
195 2823 233 2857 et
253 2821 521 2859 universalius
541 2830 659 2868 quam
675 2821 813 2858 formae
845 2830 932 2867 quae
962 2824 1056 2858 sunt
1083 2821 1127 2858 in
1156 2822 1342 2868 materia;
1375 2832 1467 2860 nam
1501 2823 1639 2860 formae
1676 2823 1719 2858 in

99 2867 265 2905 materia
288 2868 535 2915 recipiuntur
555 2868 775 2907 secundum
796 2868 974 2906 materiae
993 2869 1266 2915 capacitatem.
1287 2871 1375 2908 Non
1395 2870 1579 2908 videntur
1598 2870 1720 2916 igitur
