1894 3223
148 143 216 180 388
747 137 834 172 LIB.
863 137 926 180 111,
955 137 1056 172 CAP.
1081 137 1182 174 XCV.

146 220 331 262 masculi,
353 218 419 254 ille
452 220 583 253 autem
616 216 860 261 perfectione
891 216 1076 253 foeminae.
1096 219 1201 254 Inter
1229 221 1360 263 partes
1387 221 1518 255 autem
1539 216 1662 253 totius
1685 216 1767 253 uni-

145 267 250 304 versi
281 265 408 310 prima
440 262 662 299 differentia
693 266 855 309 apparet
885 263 1104 300 secundum
1138 265 1375 310 contingens
1413 268 1451 300 et
1477 263 1764 301 necessarium.

146 312 358 358 Superiora
377 310 482 347 enim
512 310 553 346 in
575 308 733 346 entibus
767 313 861 346 sunt
879 310 1106 346 necessaria
1141 314 1179 346 et
1215 310 1532 356 incorruptibilia
1562 313 1599 347 et
1629 310 1769 346 immo·

144 359 266 402 bilia;
287 367 310 394 a
329 366 408 404 qua
427 356 587 403 quidem
610 355 839 409 conditione
859 359 969 393 tanto
988 357 1114 403 magis
1130 356 1332 402 deficiunt,
1353 362 1502 404 quanto
1522 357 1564 394 in
1584 356 1766 393 inferiori

145 405 271 453 gradu
293 404 604 447 constituuntur,
624 407 679 439 ita
700 403 804 449 quod
834 402 971 440 infima
991 407 1298 449 corrumpuntur
1317 404 1476 450 quidem
1505 407 1697 450 quantum
1719 403 1769 439 ad

145 461 237 490 esse
259 460 392 494 suum,
413 453 622 487 moventur
643 459 736 486 vero
764 454 954 496 quantum
985 450 1034 487 ad
1055 459 1150 487 suas
1182 450 1495 495 dispositiones:
1526 460 1622 487 suos
1649 450 1767 486 etiam

144 498 310 536 effectus
332 506 412 534 non
433 497 480 533 de
501 496 750 541 necessitate,
776 496 845 533 sed
866 499 1142 543 contingenter
1160 498 1398 542 producunt.
1415 497 1626 541 Quodlibet
1646 497 1769 543 igitur

145 553 269 592 agens
295 545 400 591 quod
424 547 485 580 est
516 552 607 589 pars
640 543 813 579 universi
846 543 1015 580 intendit
1049 548 1240 590 quantum
1270 547 1399 590 potest
1434 544 1473 580 in
1510 553 1586 581 suo
1625 553 1714 581 esse
1733 546 1771 579 ct

148 591 317 631 naturali
337 590 601 636 dispositione
621 589 848 636 persistere,
870 594 906 627 et
924 599 1041 627 suum
1062 590 1240 627 stabilire
1259 589 1466 635 effectum;
1488 592 1592 627 Deus
1621 595 1766 630 autem,

145 638 213 685 qui
250 641 310 674 est
339 637 514 674 universi
544 636 799 683 gubernator,
822 637 990 673 intendit
1021 637 1126 684 quod
1156 636 1367 674 effectuum
1398 637 1483 683 ejus
1513 637 1577 674 1110
1609 637 1768 683 quidem

146 685 372 722 stabiliatur
394 694 461 730 per
482 684 642 720 modum
665 684 930 727 necessitatis,
950 684 1014 720 hic
1029 687 1158 720 autem
1177 684 1466 731 contingenter,
1489 687 1526 720 et
1548 684 1768 720 secundum

146 732 223 769 hoc
244 732 422 768 diversas
443 731 501 768 eis
522 739 665 767 causas
686 730 844 777 adaptat
866 743 873 766 :
896 731 960 768 his
983 730 1141 777 quidem
1164 731 1425 775 necessarias,
1448 731 1510 767 1115
1525 734 1655 767 autem
1676 740 1770 767 con-

147 779 362 825 tingentes.
386 778 495 815 Cadit
527 778 649 824 igitur
669 777 743 814 sub
763 777 900 814 ordine
922 777 1064 814 divinae
1101 777 1355 823 providentiae
1388 786 1468 813 non
1501 777 1631 813 solum
1665 777 1770 813 hunc

146 824 330 863 effectum
356 834 459 869 esse,
480 824 549 861 sed
572 825 678 861 hunc
700 823 883 861 effectum
911 834 1000 861 esse
1021 825 1311 871 contingenter,
1334 824 1455 860 alium
1479 827 1609 860 autem
1632 832 1769 860 neces-

147 873 254 910 sario
281 883 290 916 ;
329 874 367 908 et
403 871 622 908 secundum
675 870 751 909 1100
797 871 973 917 quaedam
1015 881 1151 908 eorum
1195 881 1281 918 quae
1324 871 1466 908 divinae
1514 869 1771 916 providentiae

145 919 384 970 subduntur,
402 921 495 956 sunt
512 919 752 962 necessaria,
769 918 949 964 quaedam
962 927 1054 955 vero
1071 918 1343 965 contingentia
1360 927 1467 959 ;11011
1484 920 1615 954 autem
1636 917 1771 954 omnia

148 974 389 1006 vecessaria„

196 1015 304 1050 Patet
324 1021 418 1058 ergo
436 1012 555 1058 quod,
578 1012 651 1048 etsi
673 1012 806 1048 divina
828 1011 1077 1058 providentia
1097 1015 1156 1048 est
1177 1020 1246 1057 per
1265 1020 1307 1048 se
1326 1021 1448 1048 causa
1463 1010 1582 1057 hujus
1604 1009 1769 1047 effectus

145 1060 284 1104 futuri,
307 1059 425 1096 etiam
445 1063 505 1095 est
529 1059 736 1104 praesentis
769 1063 806 1095 et
833 1059 1033 1105 praeteriti,
1068 1058 1197 1105 magis
1230 1062 1359 1095 autem
1397 1059 1445 1095 ab
1478 1062 1651 1101 aeterno;
1688 1066 1770 1094 non

148 1111 280 1144 tamen
297 1106 488 1153 sequitur,
511 1109 553 1142 ut
569 1106 696 1151 prima
715 1107 814 1142 ratio
835 1106 1084 1151 procedebat,
1107 1105 1213 1152 quod
1231 1104 1395 1142 effectus
1412 1106 1486 1142 iste
1507 1105 1558 1142 sit
1573 1104 1620 1141 de
1636 1113 1772 1140 neces-

147 1155 264 1191 sitate
286 1153 441 1190 futurus
462 1164 470 1195 ;
493 1156 553 1189 051
579 1153 684 1189 enim
706 1153 838 1189 divina
859 1153 1105 1198 providentia
1127 1162 1195 1197 per
1213 1161 1257 1188 se
1275 1161 1397 1189 causa
1417 1152 1524 1199 quod
1555 1150 1620 1188 1110
1653 1149 1769 1188 effec-

147 1204 213 1239 tus
234 1200 509 1246 contingenter
528 1199 745 1244 proveniat,
769 1203 806 1235 et
826 1200 901 1236 hoc
922 1199 1071 1236 cassari
1094 1208 1174 1235 non
1195 1202 1337 1244 potest.

197 1249 249 1283 Ex
271 1256 349 1293 quo
371 1246 487 1282 etiam
509 1249 613 1291 patet
631 1246 736 1293 quod
759 1246 841 1283 haec
861 1246 1143 1282 conditionalis
1165 1249 1224 1282 est
1243 1255 1336 1281 vera
1357 1257 1365 1281 :
1400 1244 1433 1281 si
1465 1246 1568 1281 Deus
1598 1244 1772 1290 providit

148 1294 225 1331 hoc
247 1294 435 1337 futurum,
459 1293 533 1329 1100
554 1294 653 1337 01·11;
676 1294 778 1330 510111
799 1293 972 1330 secunda
994 1292 1094 1329 ratio
1116 1292 1363 1338 procedebat.
1384 1291 1457 1328 Sed
1479 1292 1536 1328 sic
1565 1292 1637 1328 erit
1670 1292 1775 1328 sicut

148 1342 253 1378 Deus
275 1340 444 1386 providit
465 1339 562 1376 illud
584 1349 673 1376 esse
696 1340 869 1375 futurum
888 1352 896 1382 3
916 1339 1086 1385 providit
1107 1343 1237 1376 autem
1263 1338 1357 1375 illud
1381 1348 1469 1375 esse
1491 1338 1667 1375 futurum
1683 1347 1774 1375 con-

148 1388 373 1434 tingenter,
396 1386 574 1432 sequitur
593 1395 688 1432 ergo
709 1386 989 1423 infaillibiliter
1008 1386 1112 1432 quod
1134 1386 1208 1422 erit
1228 1385 1517 1431 contingenter,
1540 1389 1576 1421 et
1604 1394 1682 1421 000
1703 1394 1770 1421 00-

147 1442 336 1472 cessario.

194 1482 303 1518 Patet
323 1479 441 1516 etiarn
459 1479 563 1525 quod
585 1479 661 1516 1100
675 1478 779 1525 quod
802 1479 962 1525 ponitur
982 1487 1071 1516 esse
1094 1478 1296 1525 provisum
1318 1487 1341 1515 a
1358 1479 1438 1515 Deo
1459 1477 1563 1515 utsit
1579 1477 1773 1523 futurum,

146 1527 182 1565 si
204 1527 256 1564 sit
276 1526 321 1564 dc
341 1535 484 1573 genere
505 1526 836 1571 contingentium,
853 1525 996 1571 poterit
1016 1534 1096 1561 non
1118 1534 1206 1562 esse
1228 1524 1447 1562 secundum
1469 1533 1513 1561 se
1542 1524 1770 1562 considera-

146 1577 230 1612 tum
254 1586 262 1610 :
285 1574 343 1610 sic
370 1573 473 1609 enim
496 1573 698 1618 provisum
735 1577 796 1610 est
828 1577 872 1609 ut
903 1573 956 1609 sit
987 1573 1225 1618 contingens
1263 1575 1404 1618 potens
1439 1580 1519 1608 non
1558 1580 1661 1608 esse.
1684 1573 1772 1608 Non

145 1624 278 1658 tamen
301 1623 359 1657 est
380 1620 569 1666 possibile
591 1619 696 1666 quod
718 1620 815 1656 ordo
834 1619 1091 1666 providentiae
1110 1619 1266 1656 deficiat
1280 1619 1375 1665 quin
1389 1618 1666 1665 contingenter
1684 1628 1771 1655 eve-

146 1668 242 1705 niat.
266 1669 308 1704 Et
326 1668 384 1704 sic
405 1667 517 1703 tertia
539 1667 637 1703 ratio
656 1667 834 1703 solvitur.
859 1666 965 1703 Unde
986 1670 1116 1713 potest
1136 1667 1228 1712 poni
1246 1666 1352 1713 quod
1369 1666 1443 1702 iste
1464 1674 1544 1702 non
1563 1665 1615 1702 sit
1630 1674 1771 1711 regna-

144 1719 272 1767 turus,
294 1714 329 1751 si
350 1714 570 1751 secundum
591 1723 634 1750 se
652 1714 951 1758 consideretur;
973 1722 1053 1750 non
1074 1717 1205 1750 autem
1227 1713 1261 1751 si
1297 1713 1571 1750 consideretur
1605 1716 1648 1748 ut
1679 1721 1769 1757 pro-

145 1770 290 1799 visum„

193 1808 294 1845 Illud
314 1808 431 1845 etiam
448 1807 553 1854 quod
571 1807 724 1844 Tullius
744 1807 880 1853 objicit
900 1807 1121 1844 secundum
1154 1807 1362 1852 praemissa
1380 1806 1564 1843 frivolum
1593 1809 1769 1851 apparet.

148 1855 242 1892 Cum
264 1855 369 1891 enim
391 1855 533 1891 divinae
554 1854 810 1900 providentiae
833 1862 913 1891 non
933 1853 1063 1890 50111111
1098 1853 1320 1890 subdantur
1353 1852 1531 1897 effectus,
1560 1853 1630 1890 sed
1652 1852 1771 1889 etiam

147 1910 291 1946 causae,
317 1905 354 1938 et
373 1901 480 1938 modi
501 1901 675 1945 essendi,
697 1901 800 1937 sicut
820 1910 866 1937 ex
892 1900 1111 1945 praemissis
1142 1900 1240 1946 (cap.
1261 1904 1306 1937 77
1329 1903 1367 1936 et
1401 1899 1500 1946 seq.)
1533 1903 1652 1946 patet,
1689 1907 1772 1936 non

147 1951 327 1995 sequitur
353 1947 473 1995 quod,
496 1947 527 1984 si
548 1947 683 1984 omnia
708 1947 841 1984 divina
860 1947 1108 1993 providentia
1128 1950 1312 1993 aguntur,
1334 1946 1434 1983 nihil
1460 1947 1512 1983 sit
1543 1946 1585 1982 in
1617 1944 1736 1982 nobis
1757 1957 1766 1980 :

146 1995 206 2033 510
225 1994 330 2031 enim
353 1997 446 2032 sunt
466 2003 489 2030 a
508 1995 588 2031 Deo
608 1993 780 2039 provisa,
803 1997 845 2030 ut
866 2003 936 2039 per
952 2003 1026 2030 nos
1048 1993 1168 2030 libere
1187 1993 1296 2030 fiant.

193 2043 325 2088 Neque
347 2046 479 2078 autem
499 2041 777 2078 defectibilitas
805 2050 1016 2078 causarum
1035 2041 1314 2084 secundarum,
1336 2040 1481 2087 quibus
1501 2039 1770 2076 mediantibus

146 2087 311 2126 effectus
332 2088 590 2135 providentiae
608 2088 895 2133 producuntur,
919 2087 1163 2124 certudinem
1185 2087 1327 2124 divinae
1356 2086 1611 2133 providentiae
1640 2089 1770 2131 potest

147 2135 315 2181 auferre,
337 2138 380 2172 ut
400 2134 539 2182 quinta
558 2135 658 2172 ratio
680 2135 916 2180 procedebat
936 2146 944 2179 ;
967 2144 1057 2171 011111
1079 2135 1163 2180 ipse
1183 2136 1288 2171 Deus
1309 2134 1350 2170 in
1366 2133 1553 2171 omnibus
1571 2137 1768 2178 operetur,

146 2186 183 2219 et
200 2191 271 2228 pro
295 2191 370 2219 suo
392 2181 554 2219 arbitrio
581 2181 813 2226 veluntatis,
837 2185 1019 2227 utsupra
1047 2181 1147 2227 (cap.
1177 2183 1224 2218 70
1256 2184 1294 2217 et
1325 2180 1426 2228 seq.)
1455 2184 1662 2218 ostensum
1694 2183 1767 2216 est.

147 2229 255 2265 Unde
277 2229 325 2266 ad
341 2229 426 2276 ejus
447 2228 734 2274 providentiam
756 2229 925 2274 pertinet
943 2232 985 2266 ut
999 2237 1142 2266 causas
1154 2227 1400 2267 defectibiles
1412 2227 1649 2276 quandoque
1664 2226 1770 2264 sinat

148 2275 330 2321 deficere,
352 2275 590 2323 quandoque
610 2284 679 2313 eas
696 2285 719 2313 a
739 2275 893 2313 defectu
913 2279 1133 2312 conservet.

167 2368 172 2374 ¹
196 2323 249 2359 Ea
267 2332 360 2360 vero
381 2332 469 2369 quae
487 2323 535 2360 ad
555 2322 833 2360 necessitatem
853 2323 1102 2369 provisorum
1124 2332 1147 2359 a
1166 2324 1245 2360 Deo
1265 2325 1430 2368 possent
1450 2321 1601 2359 assumi
1620 2330 1667 2357 ex
1690 2329 1769 2358 cer·

146 2369 315 2407 titudine
337 2369 480 2407 divinae
500 2369 678 2408 scientiae
696 2369 829 2408 soluta
848 2373 942 2407 sunt
964 2379 1055 2407 cum
1076 2369 1124 2407 de
1143 2369 1209 2407 Dei
1231 2369 1399 2408 scientia
1419 2372 1614 2417 ageretur.

790 2515 959 2558 CAPUT
996 2515 1115 2558 XCV.

240 2628 341 2662 QUOD
363 2629 616 2658 IMMOBILITAS
638 2628 789 2659 DIVINAE
812 2628 1085 2659 PROVIDENTIAE
1110 2628 1344 2660 UTILITATEM
1368 2627 1572 2658 ORATIONIS
1594 2625 1672 2655 NON

857 2681 1058 2711 EXCLUDIT.

190 2785 450 2837 considerare
470 2787 591 2825 etiam
610 2791 778 2835 oportet,
797 2788 903 2835 quod
924 2788 1029 2826 sicut
1047 2788 1191 2826 divinae
1214 2785 1470 2835 providentiae
1504 2784 1765 2823 immobilitas

141 2835 423 2869 necessitatem
444 2833 563 2871 rebus
583 2835 755 2880 provisis
767 2844 848 2872 non
869 2835 1052 2881 imponit,
1072 2835 1127 2872 ita
1138 2844 1210 2872 nec
1222 2834 1339 2872 etiam
1351 2832 1544 2870 orationis
1554 2832 1764 2881 utilitatem

144 2879 330 2917 excludit.
348 2880 435 2916 Non
454 2880 562 2918 enim
581 2881 631 2919 ad
650 2881 726 2919 hoc
748 2882 876 2920 oratio
893 2883 943 2920 ad
963 2884 1087 2920 Deum
1108 2881 1300 2926 funditur,
1320 2883 1365 2919 ut
1382 2883 1529 2918 aeterna
1553 2879 1764 2926 providen-
