1894 3223
124 129 192 165 362
694 120 781 157 ΠΒ.
804 120 873 162 111,
902 118 1002 157 CAP.
1029 118 1172 157 LXXIX.

123 212 221 246 turae
241 206 361 252 igitur
379 202 669 241 intellectuales
688 210 757 247 per
778 210 891 238 suam
912 200 1181 247 operationem
1203 204 1297 240 sunt
1317 200 1473 241 motivae
1495 203 1532 237 et
1562 199 1737 247 regitivae

126 255 291 292 aliarum
313 254 596 287 creaturarum.

750 392 918 434 CAPUT
943 392 1116 434 LXXIX.

128 516 228 550 QUOD
264 513 512 545 SUBSTANTIAE
536 511 868 543 INTELLEGTUALES
895 512 1122 541 INFERIORES
1149 512 1355 543 REGUNTUR
1377 514 1453 544 PER
1489 514 1739 545 SUPEBIORES.

176 624 271 663 Cum
293 626 423 661 autem
443 622 546 659 inter
565 625 766 659 creaturas
797 620 1087 658 intellectuales
1120 621 1301 668 quaedam
1334 622 1414 659 sint
1445 623 1535 661 aliis
1569 623 1743 668 altiores,

129 674 173 709 ut
201 680 249 708 ex
281 669 555 717 superioribus
577 668 658 715 (lib.
680 676 725 712 11,
746 676 832 714 cap.
855 667 980 714 91-95)
997 670 1115 714 patet,
1139 671 1295 714 oportet
1325 669 1430 716 quod
1465 674 1500 705 et
1534 670 1745 708 inferiores

128 717 456 756 intellectualium
479 720 710 753 naturarum
730 723 800 760 per
819 715 1048 760 superiores
1065 713 1352 761 gubernentur.

175 765 319 806 Adhuc,
340 764 504 801 virtutes
524 762 653 810 magis
670 761 917 799 universales
937 765 1031 799 sunt
1050 761 1206 800 motivae
1228 761 1415 800 virtutum
1434 763 1745 808 particularium.

130 811 234 849 sicut
254 811 401 849 dictum
422 814 481 847 est
504 809 601 857 (cap.
621 809 698 855 78).
720 808 952 854 Superiores
974 812 1104 846 autem
1125 809 1229 846 inter
1263 809 1553 847 intellectuales
1582 814 1746 849 naturas

131 858 276 896 habent
305 859 456 896 formas
490 857 619 903 magis
650 855 914 908 universales,
935 859 993 908 ¹ut
1037 865 1158 903 supra
1177 855 1260 910 (lib.
1282 865 1324 899 11,
1347 866 1433 903 cap,
1456 857 1514 903 98)
1537 861 1747 895 ostensum

131 910 205 943 est..
223 907 320 944 Sunt
340 905 463 951 igitur
481 904 656 950 regitivae
676 903 910 940 inferiorum
932 902 1261 941 1ntellectualium
1286 907 1531 942 naturarum.

176 954 275 994 Item,
297 951 474 999 potentia
489 949 730 988 intellectiva
749 959 836 997 quae
857 953 919 987 est
937 950 1197 997 propinquior
1221 950 1419 997 principio
1451 960 1609 997 semper
1640 951 1748 988 inve·

131 1000 238 1036 nitur
259 999 424 1047 rugitiva
443 997 724 1050 intellectualis
741 997 898 1050 virtutis
919 1006 1006 1044 quae
1038 997 1166 1044 magis
1192 1007 1216 1035 a
1245 998 1442 1044 principio
1463 998 1607 1050 distat.
1631 997 1746 1042 Quod

131 1046 288 1093 quide-ui
312 1049 473 1092 apparet
490 1050 571 1082 tam
591 1045 633 1082 in
664 1048 844 1082 scientiis
879 1045 1147 1090 speculativis,
1167 1054 1285 1092 quam
1322 1045 1364 1082 in
1396 1045 1549 1083 activis.
1573 1045 1746 1083 Scientia

132 1094 238 1130 enirn
272 1093 513 1139 ¹speculativa
543 1101 630 1139 quae
663 1091 806 1138 accipit
842 1090 891 1129 ab
930 1091 1008 1129 alia
1038 1092 1234 1139 principia
1280 1102 1328 1130 cx
1371 1093 1516 1139 quibus
1559 1091 1750 1129 deliberat

132 1140 277 1178 dicitur
298 1149 386 1178 esse
405 1140 463 1176 illi
485 1137 767 1183 subalternata,
789 1140 831 1190 et·
847 1139 1016 1176 scientia
1035 1139 1163 1176 activa
1182 1149 1269 1186 quae
1289 1142 1348 1177 est
1368 1139 1631 1186 propinquior
1661 1138 1746 1183 fini,

132 1187 200 1233 qui
233 1191 293 1224 est
327 1186 566 1234 principium
596 1185 639 1223 in
681 1186 909 1231 operativis‚
944 1189 1005 1223 est
1044 1185 1353 1224 architectonica
1396 1189 1577 1232 respectu
1619 1185 1748 1232 magis

134 1234 333 1271 distantis.
355 1234 451 1271 Cum
473 1242 567 1280 ergo
585 1232 689 1270 inter
707 1231 997 1270 intellectuales
1017 1232 1261 1274 substantias
1321 1233 1470 1270 uaedam
1506 1232 1586 1270 sint
1619 1233 1748 1279 primo

132 1280 344 1327 principio,
366 1280 520 1318 scilicet
535 1281 629 1324 Deo,
650 1279 971 1326 propinquiores,
992 1283 1035 1317 ut
1070 1279 1110 1316 in
1147 1279 1274 1325 primo
1311 1290 1396 1326 cap.
1419 1283 1463 1317 48
1485 1284 1522 1316 et
1539 1279 1601 1326 78)
1619 1284 1751 1316 osten-

133 1336 221 1364 sum
246 1331 318 1372 est,
339 1327 435 1373 ipsae
454 1331 568 1364 erunt
587 1327 754 1364 aliarum
775 1327 963 1371 regitivae.

179 1375 323 1415 Adhuc,
341 1374 566 1421 superiores
587 1372 875 1410 intellectuales
895 1373 1127 1411 substantiae
1147 1373 1360 1420 perfectius
1381 1373 1523 1411 divinae
1539 1373 1744 1420 sapientiae

133 1420 381 1458 influentiam
418 1420 460 1457 in
491 1420 636 1466 seipsis
662 1420 882 1466 recipiunt,
914 1430 1004 1457 cum
1034 1419 1344 1467 unumquodque
1392 1420 1555 1466 recipiat
1599 1420 1750 1466 aliquid

134 1468 353 1504 secundum
373 1467 535 1504 modum
553 1476 685 1504 suum.
708 1468 781 1504 Per
800 1467 1036 1513 sapientiam
1066 1470 1198 1504 autem
1232 1466 1405 1504 divinam
1440 1467 1576 1504 omnia
1603 1466 1748 1514 guber·

133 1517 290 1555 uantur,
308 1514 418 1551 etsie
437 1517 590 1560 oportet
606 1513 712 1561 quod
727 1523 774 1551 ea
792 1523 880 1561 quae
900 1514 1028 1562 magis
1048 1513 1221 1551 divinam
1240 1514 1476 1560 sapientiam
1513 1514 1750 1561 participant

133 1561 215 1598 sint
234 1560 492 1608 gubernativa
512 1569 649 1598 eorum
669 1570 756 1608 quae
775 1561 911 1600 minus
938 1561 1187 1609 participant.
1209 1561 1445 1599 Substantiae
1481 1561 1603 1608 igitur
1635 1561 1751 1598 intel-

133 1608 324 1645 lectuales
344 1607 554 1646 inferiores
574 1607 848 1655 gubernantur
867 1617 936 1654 per
955 1609 1196 1655 superiores.

181 1655 372 1692 Dicuntur
406 1664 500 1702 ergo
538 1655 766 1701 superiores
802 1655 967 1701 spiritus
1001 1659 1038 1693 et
1068 1655 1200 1702 angeli
1236 1655 1278 1692 in
1309 1659 1500 1703 quantum
1538 1654 1748 1693 inferiores

133 1702 298 1748 spiritus
311 1701 499 1748 dirigunt,
515 1702 630 1749 quasi
651 1702 709 1739 eis
723 1703 1013 1741 annuntiando.
1027 1704 1124 1740 Nam
1140 1702 1272 1749 angeli
1291 1703 1405 1750 quasi
1422 1702 1549 1739 nuntii
1564 1702 1752 1739 dicuntur

134 1752 172 1786 et
190 1749 377 1793 ministri,
397 1750 438 1786 in
461 1752 653 1796 quantum
671 1758 741 1795 per
761 1758 876 1787 suam
901 1749 1172 1796 operationem
1194 1753 1442 1796 exequuntur
1459 1749 1577 1786 etiam
1602 1749 1642 1786 in
1664 1757 1750 1786 cor·

133 1795 338 1841 poralibus
353 1795 495 1833 divinae
512 1796 768 1842 providentiae
783 1797 963 1834 ordinem
977 1809 985 1841 ;
1000 1806 1090 1834 nam
1106 1796 1287 1834 minister
1301 1800 1363 1834 est
1379 1796 1492 1844 quasi
1509 1796 1749 1833 instrumen-

132 1846 216 1880 tum
255 1843 488 1887 animatum‚
510 1843 729 1880 secundum
764 1843 1052 1891 Philosophum
1091 1842 1246 1890 (Ethic.‚
1264 1851 1352 1888 v111,
1373 1853 1406 1880 c.
1434 1847 1470 1879 7.
1494 1847 1530 1879 et
1567 1842 1697 1886 Polit,
1722 1851 1748 1883 1,

134 1898 169 1926 c.
190 1889 236 1936 1).
261 1891 304 1926 Et
322 1889 398 1926 hoc
425 1893 484 1927 est
512 1889 619 1937 quod
639 1889 783 1928 dicitur
801 1890 844 1928 in
873 1892 936 1929 Ps.
958 1899 1040 1935 Clu,
1057 1893 1101 1928 4:
1119 1889 1187 1934 Qut
1212 1891 1305 1934 facit
1324 1891 1466 1935 anqelos
1488 1899 1567 1926 suos
1582 1891 1748 1935 spiritus,

135 1936 321 1972 ministros
341 1946 423 1973 suos
441 1938 623 1981 flammam
643 1937 754 1981 iqnis.

756 2081 924 2124 CAPUT
965 2081 1120 2123 LXXX.

502 2201 553 2231 DE
578 2201 843 2232 ORDINATIONE
868 2201 1103 2231 ANGELORUM
1128 2201 1181 2230 AD
1207 2201 1385 2231 INVIGEM.

181 2312 275 2348 Cum
297 2315 428 2348 autem
449 2309 754 2357 corporaliaper
766 2309 990 2356 spiritualia
1006 2313 1208 2357 regantur,
1222 2312 1266 2347 ut
1285 2313 1493 2350 ostensum
1513 2314 1588 2356 est,
1608 2319 1751 2358 corpo·

133 2356 275 2396 ralium
304 2361 436 2395 autem
474 2361 535 2394 est
567 2357 729 2404 quidam
764 2356 875 2401 ordo,
909 2359 1064 2404 oportet
1093 2355 1201 2404 quod
1237 2355 1450 2403 superiora
1477 2366 1645 2404 corpora
1681 2367 1751 2404 per

133 2405 361 2450 superiores
372 2403 664 2442 intellectuales
673 2404 918 2443 substantias
929 2406 1136 2452 regantur:
1147 2403 1437 2442 inferioravero
1447 2414 1516 2450 per
1525 2404 1748 2443 inferiores.

181 2451 281 2496 Quia
294 2460 386 2489 vero
415 2454 562 2499 quanto
584 2451 718 2499 aliqua
736 2450 960 2489 substantia
993 2453 1054 2489 est
1073 2450 1269 2498 superior,
1283 2454 1394 2489 tanto
1423 2452 1550 2489 virtus
1575 2450 1662 2499 ejus
1688 2454 1750 2488 est

132 2498 408 2544 universalior,
426 2498 552 2537 virtus
566 2507 659 2537 vero
692 2498 974 2537 intellectualis
988 2497 1223 2536 substantiae
1243 2501 1305 2536 est
1321 2497 1589 2537 universalior
1606 2498 1748 2535 virtute

133 2546 312 2591 corporis
333 2574 341 2591 ‚
382 2545 609 2592 superiores
647 2546 806 2593 quidem
848 2546 950 2582 inter
994 2544 1283 2583 intellectuales
1322 2544 1568 2584 substantias
1603 2542 1750 2582 habeut

132 2591 297 2630 virtutes
326 2601 407 2630 non
442 2591 697 2640 explicabiles
724 2602 793 2640 per
816 2593 990 2640 aliquam
1024 2591 1207 2630 virtutem
1228 2600 1475 2640 corpoream,
1492 2595 1528 2629 et
1555 2587 1645 2629 ideo
1665 2599 1748 2643 non

133 2642 227 2674 sunt
244 2640 478 2685 corporibus
495 2640 639 2684 unitae;
661 2640 872 2677 inferiores
890 2648 982 2677 vero
1007 2638 1156 2677 habent
1168 2639 1333 2676 virtutes
1351 2639 1609 2686 particulatas
1627 2636 1748 2683 expll-

133 2683 282 2767 catbiles
312 2687 545 2768 pertaliqua
564 2687 787 2734 corporalia
824 2687 1102 2732 instrumenta,
1119 2690 1158 2723 et
1190 2685 1280 2724 ideo
1301 2689 1455 2732 oportet
1483 2683 1588 2732 quod
1605 2692 1742 2730 corpo-

132 2738 165 2766 r1
197 2739 244 2768 us
265 2740 388 2768 unian
408 2742 466 2771 ur.
1126 2767 1134 2769 >

151 2822 158 2829 ⁸
180 2778 447 2830 Sicut-autem
467 2780 700 2827 superiores
725 2781 829 2818 inter
853 2780 1098 2819 substantias
1118 2778 1406 2818 intellectuales
1428 2780 1523 2815 suut
1539 2777 1738 2830 universa·

131 2823 245 2876 horis
266 2825 440 2877 virtutis,
461 2825 515 2863 ita
530 2828 648 2865 etiam
668 2831 707 2866 et
721 2827 935 2874 perfectius
957 2827 1129 2865 divinam
1149 2825 1452 2873 dispositionem
1475 2823 1627 2871 abipso
1648 2825 1740 2863 reci-

130 2874 244 2916 piunt
262 2880 304 2909 in
323 2871 400 2911 hoc
418 2872 538 2920 quod,
559 2882 687 2921 usque
700 2874 750 2912 ad
769 2874 1002 2922 singularia,
1024 2873 1177 2912 ordinis
1197 2872 1390 2911 rationem
1411 2875 1661 2919 cognoscunt
1675 2877 1739 2919 pet
