1894 3223
154 140 222 175 444
715 122 811 167 tire-22
831 131 895 175 111,
921 131 1024 167 emp.
1051 131 1212 168 cxxxiii

157 215 356 261 Contingit
369 213 492 255 etiam·
500 212 660 258 aliquos
671 211 935 250 voluntariam
953 214 1220 257 paupertatem
1234 216 1486 250 assumentes
1501 211 1777 250 infirmari-aut

157 264 256 301 alias
274 260 456 306 impediri
478 258 694 306 quominus
718 258 872 304 operari
914 258 1084 304 possint.
1112 259 1176 295 Sic
1201 267 1298 306 ergo
1323 263 1574 297 remanerent
1597 259 1775 297 destituti

156 306 396 347 necessariis
423 305 525 342 vitae.
856 344 859 347 7
1029 344 1031 346 ¹
1066 344 1069 347 ,
1151 344 1156 347 ,

202 356 304 398 Item,
325 361 406 390 non
423 346 570 389 modici
589 350 781 397 temporis
802 351 914 388 labor
934 351 1081 390 sufficit
1102 352 1149 389 ad
1171 353 1400 390 necessaria
1421 353 1509 389 vitae
1531 351 1744 399 quaerenda
1763 364 1775 390 ε

185 400 263 438 uod
279 402 385 446 patet
404 399 445 436 in
466 398 604 436 multis
621 399 689 446 qui
708 401 834 435 totum
858 402 1013 444 tempus
1033 399 1081 436 ad
1102 399 1178 436 hoc
1198 399 1436 445 expendunt,
1459 400 1523 436 vix
1542 404 1674 436 tamen
1693 399 1778 437 suf·

155 413 354 485 gelentem
371 445 702 484 sustentationem
715 446 920 491 acquirere
936 449 1117 490 possunt.
1129 446 1168 482 Si
1185 449 1315 483 autem
1329 446 1593 483 voluntariam
1608 455 1777 492 pauper·

155 498 274 531 tatem
308 495 508 531 sectantes
535 494 732 538 oporteret
760 492 894 529 labore
922 492 1097 529 manuali
1118 492 1265 529 victum
1290 493 1516 539 acquirere,
1545 497 1778 539 sequeretur

156 540 262 588 quod
282 539 388 578 circa
406 538 637 586 hujusmodi
658 538 834 576 laborem
861 540 990 585 majus
1019 543 1175 584 tempus
1208 548 1291 576 suae
1311 539 1402 576 vitae
1421 543 1716 584 consumerent,
1739 543 1777 576 et

155 597 224 634 per
245 595 498 634 consequens
518 585 804 632 impedirentur
824 586 872 622 ab
892 586 981 622 aliis
1002 586 1130 632 magis
1159 586 1399 623 necessariis
1431 586 1670 631 actionibus,
1688 595 1776 632 quae

156 635 273 671 etiam
296 642 485 679 magnum
504 636 661 679 tempus
681 632 910 679 requirunt,
933 633 1038 669 sicut
1069 635 1163 669 sunt
1190 633 1365 670 studium
1387 633 1605 678 sapientiae,
1627 637 1665 670 et
1688 634 1778 670 doc·

155 681 273 724 trina,
295 685 333 717 et
352 680 429 717 alia
451 679 680 726 hujusmodi
703 679 928 725 spiritualia
945 679 1132 716 exercitia
1153 691 1161 716 :
1181 682 1220 716 ct
1239 680 1299 716 sic
1323 684 1534 725 paupertas
1551 680 1776 717 voluntaria

156 728 285 772 magis
307 727 515 773 impediret
536 727 819 773 perfectionem
838 726 927 763 vitae
948 735 1064 772 quam
1084 726 1132 762 ad
1150 726 1278 772 ipsam
1299 726 1538 772 disponeret.

204 775 242 811 Si
263 774 353 821 quis
372 777 503 811 autem
536 773 641 810 dicat
667 773 772 820 quod
797 773 909 810 labor
929 773 1128 810 manualis
1148 773 1400 810 necessarlus
1419 777 1478 810 031
1494 773 1541 809 ad
1555 773 1776 810 tollendum

156 822 295 862 otium,
319 821 395 858 hoc
418 829 498 857 non
520 820 667 857 sufficit
694 820 741 857 ad
764 820 1026 866 propositum.
1054 820 1193 857 Melius
1225 820 1329 857 enim
1363 823 1469 857 esset
1492 820 1631 856 tollere
1651 819 1777 858 otium

156 878 226 914 per
258 868 542 913 occupationes
582 867 623 903 111
652 867 865 904 virtutibus
898 866 1118 904 moralibus
1149 867 1294 914 quibus
1333 866 1561 903 deserviunt
1589 866 1776 910 organice

158 914 316 959 divitiae,
349 918 444 961 puta
474 914 517 951 in
553 914 820 960 eleemosynis
855 914 1048 951 faciendis
1079 918 1118 951 et
1149 914 1249 951 aliis
1270 913 1521 960 hujusmodi,
1554 921 1670 960 quam
1706 921 1778 959 per

157 961 332 1001 laborem
355 961 594 998 manualem.

203 1010 393 1049 Praeterea,
416 1009 560 1045 vanum
582 1011 689 1045 esset
708 1007 801 1044 dare
821 1007 1036 1045 consilium
1052 1007 1100 1044 de
1125 1011 1353 1054 paupertate
1365 1007 1412 1044 ad
1428 1007 1502 1044 1100
1519 1006 1651 1044 solum
1670 1007 1775 1053 quod

158 1055 344 1093 homines
364 1064 557 1101 pauperes
578 1054 669 1092 faeti
687 1054 931 1092 abstinerent
952 1054 1000 1091 ab
1021 1055 1117 1098 otio,
1134 1055 1251 1091 vitam
1268 1063 1382 1092 suam
1400 1054 1604 1092 laboribus
1616 1062 1778 1091 manua·

158 1103 264 1141 libus
285 1106 539 1148 occupantes,
556 1101 634 1138 nisi
648 1101 696 1138 ad
709 1102 783 1138 1100
799 1102 958 1138 daretur
973 1101 1077 1148 quod
1093 1101 1359 1139 nobilioribus
1377 1101 1576 1138 exercitiis
1590 1103 1776 1138 vacarent

159 1158 277 1197 quam
297 1149 379 1185 illis
401 1158 487 1195 quae
507 1152 602 1186 sunt
620 1148 838 1186 secundum
860 1148 977 1186 vitam
1001 1148 1208 1186 bominum
1232 1156 1498 1185 communem.

207 1197 355 1233 Sivero
377 1195 522 1241 aliquis
553 1195 657 1232 dicat
683 1195 788 1241 quod
821 1195 1073 1232 necessarius
1105 1198 1166 1233 est
1197 1195 1310 1232 labor
1338 1195 1535 1231 manualis
1567 1195 1616 1231 ad
1644 1194 1776 1231 carnis

160 1243 506 1288 concupiscentias
524 1242 757 1286 domandas,
792 1241 868 1278 hoc
889 1251 969 1278 non
990 1245 1051 1278 est
1069 1242 1116 1279 ad
1138 1242 1383 1287 propositum
1403 1254 1411 1286 ;
1434 1242 1649 1288 quaerimus
1670 1241 1774 1277 enim

159 1293 293 1328 utrum
315 1290 367 1326 sit
387 1289 656 1326 necessarIum
679 1288 782 1335 quod
802 1289 948 1325 victum
970 1298 1038 1334 per
1058 1289 1282 1326 manualem
1311 1289 1486 1326 laborem
1512 1288 1776 1325 voluntariam

158 1339 427 1383 paupertatem
444 1338 642 1373 sectantes
660 1336 879 1382 acquirant.

206 1385 397 1427 Praeterea,
417 1382 611 1428 possibile
634 1386 696 1419 est
724 1383 861 1419 multis
896 1382 985 1418 aliis
1018 1382 1148 1420 modis
1183 1382 1527 1428 concupiscentias
1547 1382 1680 1419 carnis
1707 1382 1777 1419 do-

159 1439 281 1475 mare,
316 1430 468 1466 scilicet
502 1438 573 1475 per
604 1429 769 1475 jejunia,
809 1429 967 1475 vigilias
998 1433 1032 1465 et
1071 1429 1148 1466 alia
1188 1429 1431 1475 huiusmodi.
1473 1429 1622 1465 Labore
1659 1428 1780 1466 etiam

160 1476 334 1513 manuali
358 1476 405 1513 ad
430 1476 537 1513 hunc
555 1475 672 1512 finem
698 1476 753 1513 uti
775 1480 940 1521 possent
963 1476 1080 1513 etiam
1102 1475 1257 1520 divites,
1273 1476 1339 1522 qui
1357 1484 1437 1512 non
1451 1475 1598 1513 habent
1612 1483 1776 1513 necesse

159 1523 339 1560 laborare
358 1526 517 1569 propter
532 1523 679 1560 victum
701 1523 971 1569 quaerendum.

205 1570 407 1607 Invenitur
427 1571 559 1607 autem
577 1573 617 1606 et
635 1569 738 1606 alius
757 1569 902 1606 ‘modus
919 1569 1091 1615 vivendi,
1110 1573 1152 1606 ut
1169 1569 1321 1607 scilicet
1335 1569 1596 1607 voluntariam
1615 1578 1778 1615 pauper-

158 1621 277 1653 tatem
315 1620 514 1655 sectantes
547 1616 681 1654 vivant
709 1617 756 1654 de
783 1617 847 1653 1113
884 1626 971 1663 quae
1003 1616 1051 1654 ab
1086 1617 1176 1654 aliis
1207 1617 1446 1661 inseruntur,
1486 1617 1553 1664 qui
1591 1617 1639 1653 ad
1672 1616 1774 1653 hanc

158 1664 438 1710 perlectionem
463 1663 697 1701 voluntariae
716 1664 958 1709 paupertatis
978 1662 1167 1709 proficere
1188 1664 1340 1709 volunt,
1364 1663 1521 1701 divitias
1542 1663 1772 1700 retinentes.

139 1707 203 1747 'Et
223 1711 329 1748 1111110
347 1711 509 1748 modum
529 1710 682 1747 videtur
697 1712 890 1747 Dominus
911 1720 1000 1747 cum
1023 1711 1109 1748 suis
1130 1711 1339 1756 discipulis
1357 1711 1614 1753 observasse;
1632 1710 1777 1756 legitur

160 1758 279 1801 enim,
303 1759 410 1802 Luc„
440 1760 530 1801 vm,
566 1760 602 1802 3,
634 1758 740 1804 quod
773 1758 962 1795 mulieres
990 1757 1170 1805 quaedam
1196 1758 1464 1804 sequebantur
1495 1757 1709 1802 Christum,
1739 1760 1777 1793 01

158 1805 418 1840 ttziizz'strctbant
435 1805 494 1840 itti
511 1805 555 1840 de
574 1805 812 1849 facultatibus
831 1807 919 1841 suis.

207 1852 280 1888 Sed
302 1852 376 1888 iste
392 1852 510 1888 etiam
531 1851 676 1888 modus
693 1852 848 1888 vivendi
868 1860 949 1888 non
967 1851 1121 1888 videtur
1140 1851 1398 1889 conveniens.
1420 1853 1507 1888 Non
1536 1851 1642 1888 enim
1668 1850 1775 1888 vide-

158 1902 222 1934 tur
243 1898 478 1935 rationabile
498 1898 604 1944 quod
625 1898 771 1944 aliquis
792 1898 962 1935 dimittat
982 1906 1056 1934 sua
1076 1901 1114 1934 et
1131 1898 1236 1934 vivat
1255 1898 1303 1934 de
1323 1898 1469 1935 alieno.

206 1947 396 1985 Prccterea,
419 1945 705 1982 inconveniens
726 1944 880 1981 videtur
901 1944 1006 1991 quod
1027 1944 1172 1990 aliquis
1193 1944 1242 1982 ab
1263 1945 1396 1991 aliquo
1423 1945 1591 1989 accipiat
1610 1948 1648 1981 et
1674 1944 1774 1981 nihil

159 1992 194 2036 ei
216 1991 404 2036 rependat
426 2003 435 2035 ;
460 1991 501 2028 in
524 1991 653 2028 dando
680 1991 784 2027 enim
816 1995 854 2027 et
890 1991 1117 2036 recipiendo
1149 1992 1356 2038 aequalitas
1384 1991 1549 2038 Justitite
1582 1995 1772 2028 servatur,

159 2039 293 2075 Potest
312 2041 441 2075 autem
464 2038 653 2075 sustineri
674 2038 779 2085 quod
810 2037 866 2074 illi
896 2037 943 2074 de
974 2038 1036 2075 liis
1062 2047 1150 2084 quae
1177 2039 1226 2076 ab
1253 2038 1346 2076 aliis
1374 2038 1599 2075 inferuntur
1628 2038 1773 2082 vivant,

159 2085 224 2131 qui
253 2084 312 2123 eis
339 2084 518 2122 serviunt
536 2085 577 2121 in
606 2085 741 2131 aliquo
771 2084 904 2122 officio
927 2089 1117 2131 :propter
1149 2085 1256 2132 quod
1288 2090 1326 2121 et
1359 2085 1532 2122 ministri
1564 2085 1714 2128 altaris,
1735 2088 1774 2121 et

157 2131 451 2177 praedicatores,
471 2131 539 2179 qui
561 2131 780 2170 doctrinam
810 2135 849 2168 et
880 2131 958 2169 alia
992 2131 1125 2169 divina
1150 2131 1298 2180 populo
1331 2131 1439 2176 dant,
1472 2140 1554 2170 non
1585 2131 1773 2169 inconve-

157 2178 312 2215 nienter
329 2178 514 2216 videntur
540 2178 589 2216 ab
609 2179 669 2216 eis
699 2179 1032 2216 sustentationem
1062 2179 1152 2216 vitae
1183 2179 1393 2225 accipere:
1421 2180 1563 2224 Diqnus
1593 2181 1646 2215 est
1679 2180 1774 2214 enim

157 2226 343 2270 operarius
363 2226 439 2262 cibo
458 2230 533 2266 suo,
556 2229 597 2262 ut
619 2226 812 2263 Dominus
828 2226 935 2270 dicit,
956 2225 1106 2270 Matth.,
1122 2234 1162 2270 x,
1180 2229 1242 2270 10;
1265 2226 1540 2273 propterquod
1559 2225 1776 2271 Apostolus

157 2272 293 2316 dicit,I
314 2272 576 2317 Corintti.‚1x‚
600 2275 664 2314 14,
688 2273 793 2319 quod
818 2274 989 2309 Dominus
1009 2274 1197 2309 ordinavit
1214 2274 1271 2309 his
1295 2275 1360 2319 qai
1385 2273 1773 2318 Evanyelium‘denun·

149 2321 252 2356 ,trans
267 2321 307 2355 ut
326 2319 369 2355 de
391 2320 586 2365 Evangelio
603 2321 749 2363 vivant,-
773 2319 878 2358 sicut
896 2323 933 2357 et
951 2320 1016 2366 qui
1040 2320 1153 2357 altari
1175 2320 1415 2364 deserviunt,
1432 2329 1521 2357 cum
1536 2319 1649 2356 altari
1670 2327 1775 2356 com-

155 2366 405 2412 participant.
426 2366 484 2403 llli
507 2375 601 2413 ergo
622 2367 689 2414 qui
707 2367 747 2403 111
768 2367 878 2403 1111110
897 2366 1031 2404 officio
1051 2367 1202 2413 populo
1220 2366 1461 2412 ministrant,
1486 2366 1787 2404 inconveniens-

155 2413 322 2457 videtur‚
346 2413 379 2451 si
401 2423 425 2451 a
443 2415 591 2460 populo
612 2414 840 2451 necessaria
855 2414 945 2451 vitae
965 2414 1173 2461 accipiant.

202 2461 301 2501 Item,
321 2460 396 2497 iste
414 2461 559 2498 modus
577 2460 734 2499 vivendi
755 2461 911 2498 videtur
943 2470 1032 2499 esse
1062 2461 1152 2499 aliis
1169 2461 1402 2499 damnosus.
1425 2462 1524 2498 Sunt
1552 2461 1658 2498 enim
1688 2460 1776 2507 qui·

156 2507 243 2544 dani
262 2503 363 2554 quds
383 2517 431 2544 ex
454 2507 693 2546 necessitate
712 2511 869 2554 oportet
893 2507 1061 2546 aliorum
1081 2508 1288 2546 beneficiis
1319 2508 1549 2553 sustentari,
1569 2507 1637 2555 qui
1656 2515 1772 2558 prop-

156 2558 214 2591 ter
252 2558 522 2601 paupertatem
549 2558 588 2592 et
620 2554 890 2592 infirmitatem
930 2555 1008 2593 sibi
1049 2563 1131 2593 non
1155 2558 1327 2602 possunt
1359 2555 1563 2598 sufficere3
1603 2560 1771 2601 quorum

155 2600 348 2639 beneficia
383 2605 538 2648 oportet
569 2601 676 2648 quod
705 2602 951 2647 minuantur,
992 2601 1027 2641 si
1057 2602 1116 2640 illi
1148 2603 1216 2649 qui
1246 2602 1468 2640 voluntarie
1505 2603 1772 2652 paupertatem

156 2652 366 2684 assumunt
393 2658 441 2686 ex
461 2648 525 2686 his
545 2658 635 2696 quae
651 2648 700 2687 ab
723 2649 814 2687 aliis
844 2649 989 2686 dantur
1013 2649 1183 2687 debeant
1204 2649 1446 2693 sustentari;
1469 2657 1558 2685 cum
1586 2648 1770 2699 homines

155 2701 237 2730 11011
253 2695 454 2732 sufficiant
474 2704 549 2732 nec
567 2696 649 2733 sint
668 2696 839 2742 prompti
860 2696 909 2733 ad
929 2696 1243 2734 subveniendum
1260 2693 1668 2745 magnaemultitudim
1681 2702 1774 2739 pau-

154 2747 291 2791 perum
312 2752 319 2776 :
346 2742 450 2778 unde
470 2746 508 2780 et
532 2743 758 2789 Apostolus,
781 2745 794 2780 1
827 2743 1013 2788 Timoth.,
1046 2752 1089 2789 V,
1110 2743 1273 2782 mandat
1292 2742 1412 2790 quod,
1434 2741 1468 2778 si
1489 2741 1636 2792 aliquis
1654 2740 1773 2777 habet

154 2786 312 2838 viduam
334 2787 382 2823 ad
402 2796 444 2824 se
463 2790 738 2835 pertinentem,
759 2798 844 2828 eam
878 2793 1087 2835 sustentet,
1108 2793 1153 2828 ut
1181 2790 1357 2827 Ecclesia
1383 2787 1555 2826 sufficiat
1588 2787 1666 2839 1113,
1685 2795 1771 2834 quae

154 2841 242 2884 vere
261 2833 388 2870 viduae
406 2838 512 2872 sunt.
533 2837 602 2888 Est
617 2837 740 2883 igitur
757 2837 1045 2876 inconveniens
1066 2839 1109 2876 ut
1127 2837 1310 2877 homines
1329 2837 1597 2882 paupertatem
1619 2833 1771 2881 eligen-

154 2882 213 2917 tes
236 2886 340 2918 nunc
360 2880 522 2919 modum
541 2883 697 2922 vivendi
716 2885 938 2924 assumant.
