1894 3223
677 79 765 116 ΗΒ.
792 80 840 124 11,
868 79 969 138 (ΠΛΡ.
997 79 1111 120 LXIX.
1648 86 1713 121 193

84 160 139 201 tia
157 163 249 200 actu
286 159 490 205 existens3
511 168 659 213 corpus
694 160 815 213 enim·
841 161 1018 214 1101111013
1053 171 1134 200 non
1155 166 1216 202 est
1252 161 1358 202 idem
1382 166 1491 210 actu,
1513 168 1709 211 praesente

82 207 220 248 anima
238 209 277 245 et
297 207 476 251 absente,
500 207 571 244 sed
592 216 728 245 anima
741 207 836 245 facit
856 218 989 254 ipsum
1009 213 1098 247 actu
1120 219 1224 248 esse.

131 254 245 300 Quod
274 257 407 292 autem
428 253 604 291 secundo
633 254 832 301 objicitur,
856 255 1023 293 formam
1045 261 1081 294 et
1103 258 1307 295 materiam
1331 257 1370 294 in
1390 257 1530 295 eodem
1562 268 1708 305 genere

81 302 301 346 contineri,
323 310 405 338 non
426 301 485 338 sic
504 309 645 338 verum
667 305 726 338 est
756 302 871 348 quasi
903 307 1113 350 utrumque
1135 306 1184 341 sit
1216 305 1370 351 species
1393 306 1514 343 unius
1535 307 1710 352 generis,

84 349 156 387 sed
189 349 284 396 quia
311 352 407 386 sunt
426 348 623 395 principia
651 348 830 395 eJusdem
860 350 1022 395 speciei.
1045 352 1105 388 Sic
1127 352 1247 398 igitur
1275 352 1500 389 substantia
1531 353 1710 391 intellec-

84 395 207 434 tualis
229 399 267 432 et
287 404 450 441 corpus,
473 405 576 442 quae,
599 404 783 433 seorsum
817 397 1063 439 exsistentia,
1085 404 1219 435 essent
1252 399 1500 437 diversorum
1520 409 1712 447 generum

84 443 258 491 species,
280 446 399 488 prout
419 442 626 487 uniuntur,
649 447 743 480 sunt
765 443 884 481 unius
906 445 1078 491 generis,
1102 450 1142 482 ut
1158 446 1365 492 principia.

132 491 218 527 Non
238 493 371 527 autem
391 492 547 536 oportet
584 490 850 528 substantiam
873 491 1182 530 intellectualem
1225 503 1314 530 esse
1337 494 1505 532 sormam
1533 496 1713 534 materia-

84 537 376 584 lem,quamvis
417 545 506 589 esse
527 537 613 583 ejus
634 537 686 575 sit
725 537 764 574 in
802 539 980 582 materia,
1004 543 1046 576 ut
1066 541 1180 577 tertia
1212 541 1313 577 ratio
1349 541 1710 588 p1·ocedebat;non

86 584 193 621 enim
213 588 273 621 est
292 584 335 621 in
365 588 531 621 materia
565 585 671 621 sicut
693 586 867 622 materiae
902 586 1089 623 immersa
1106 588 1165 624 vel
1185 597 1208 624 a
1228 589 1393 625 materia
1412 590 1587 626 totaliter
1606 598 1712 628 com·

85 631 302 677 prehensa,
324 630 395 667 sed
410 631 491 668 alio
512 632 646 676 modo,
670 636 712 668 ut
733 632 881 669 dictum
902 637 974 669 est.
1426 639 1435 648 ’

134 680 214 715 Νο0
237 681 400 723 tamem,
421 687 490 724 per
528 679 603 716 1100
624 679 730 726 quod
768 680 993 716 substantia
1031 681 1312 718 intellectualis
1334 682 1471 719 unitur
1491 684 1647 729 corpori
1668 686 1713 722 ut

87 724 236 769 forma,
256 730 483 762 removetur
501 726 608 772 quod
645 736 667 763 a
688 726 941 772 philosophis
963 727 1107 764 dicitur
1125 728 1189 773 (De
1210 730 1346 768 anima,
1368 738 1427 774 111,
1450 734 1541 766 text.
1564 740 1709 769 comm.

90 772 140 818 9),
162 772 406 809 intellectum
425 781 514 810 esse
536 783 559 810 a
579 782 744 819 corpore
762 778 1011 819 separatum3
1035 778 1072 810 ct
1092 778 1152 811 est
1172 779 1311 821 quarta
1328 777 1441 812 ratio.
1459 778 1525 813 Est
1543 778 1648 814 enim
1670 779 1712 816 in

91 819 227 856 anima
258 819 513 857 considerare
547 824 585 857 et
622 820 750 866 ipsius
787 821 1002 858 essentiam
1024 825 1060 857 et
1100 822 1317 867 potentiam
1356 823 1456 868 ejus.
1484 825 1710 862 Secundum

91 866 309 903 essentiam
347 867 507 918 quidem
539 876 668 911 suam,
690 867 756 904 dat
792 876 884 919 esse
912 868 988 920 ‚mli
1029 868 1215 920 corporij
1236 870 1457 907 secundum
1491 873 1712 917 potentiam

90 922 196 957 vero,
218 917 469 959 operationes
492 915 671 961 proprias
693 913 825 951 efficit.
848 916 887 951 Sl
909 917 1030 961 igitur
1050 919 1227 961 operatio
1249 917 1391 954 animae
1411 927 1481 963 per
1514 927 1709 965 organum

91 960 298 1006 corporale
330 961 564 1006 completur,
585 963 740 1007 oportet
777 961 883 1007 quod
903 962 1080 1007 potentia
1113 963 1270 1007 animae,
1292 974 1379 1011 quae
1407 968 1466 1001 est
1486 965 1594 1003 illius
1618 975 1711 1012 ope-

91 1007 260 1044 rationis
280 1007 534 1053 principium,
557 1008 608 1045 sit
639 1011 751 1045 actus
778 1008 888 1045 illius
925 1009 1049 1055 partis
1086 1010 1265 1056 corporis
1301 1020 1371 1057 per
1390 1021 1508 1058 quam
1533 1014 1710 1059 operatio

90 1053 176 1101 ejus
196 1054 430 1099 completur,
451 1054 555 1092 sicut
573 1054 686 1092 visus
722 1058 784 1091 est
804 1059 916 1093 actus
952 1056 1072 1093 oculi.
1094 1057 1130 1094 Si
1163 1061 1294 1094 autem
1326 1061 1501 1104 operatio
1523 1059 1607 1106 eJ'us
1629 1069 1711 1097 non

90 1100 336 1147 compleatur
356 1111 426 1148 per
447 1110 643 1148 organum
674 1102 894 1148 corporale,
915 1103 1092 1149 potentia
1112 1103 1197 1150 ejus
1217 1113 1298 1141 non
1319 1105 1392 1141 erit
1413 1110 1524 1143 actus
1540 1107 1710 1153 alicujus

89 1147 346 1194 corporis;et
365 1157 434 1194 per
464 1148 540 1186 hoc
561 1148 706 1186 dicitur
738 1150 965 1187 intellectus
986 1160 1076 1188 esse
1115 1156 1335 1197 separatus,
1365 1161 1447 1189 non
1482 1154 1578 1200 quin
1616 1154 1710 1191 sub-

89 1194 239 1233 stantia
257 1195 414 1240 animae,
436 1196 552 1243 cujus
589 1199 648 1234 est
668 1197 840 1242 potentia
876 1197 1115 1243 intellectus,
1137 1207 1210 1235 nec
1229 1199 1365 1247 anima
1385 1199 1626 1238 intellectiva
1660 1201 1712 1238 sit

90 1242 274 1288 corporis
294 1246 421 1287 actus,
445 1246 487 1280 ut
505 1243 632 1280 forma
651 1243 750 1281 dans
770 1244 839 1281 tali
857 1245 1012 1290 corpori
1035 1254 1138 1282 esse.

135 1290 223 1326 Non
240 1293 301 1326 est
321 1293 453 1327 autem
473 1291 763 1332 necessarium,
783 1291 817 1328 si
837 1292 971 1328 anima
987 1292 1208 1330 secundum
1225 1302 1340 1330 suam
1362 1293 1628 1331 substantiam
1651 1298 1712 1333 est

91 1335 221 1374 forma
253 1337 448 1384 corporis,
472 1337 579 1384 quod
606 1338 741 1375 omnis
773 1338 859 1385 ejus
895 1339 1073 1385 operatio
1113 1340 1164 1377 sit
1183 1350 1428 1387 percorpus,
1449 1351 1493 1379 ac
1531 1352 1600 1387 per
1636 1342 1711 1381 1100

89 1383 223 1421 omnis
242 1383 329 1430 ejus
345 1384 472 1421 virtus
492 1385 545 1422 sit
563 1385 733 1432 alicujus
754 1386 934 1432 corporis
955 1390 1081 1431 actus,
1105 1391 1147 1424 ut
1171 1388 1310 1434 quinta
1336 1389 1436 1425 ratio
1457 1389 1709 1435 procedebat.

87 1432 172 1467 Jam
199 1430 305 1467 enim
327 1435 534 1468 ostensum
555 1432 736 1478 estquod
759 1433 893 1469 anima
919 1433 1094 1470 humana
1113 1444 1194 1471 non
1215 1435 1267 1472 sit
1287 1435 1379 1472 talis
1402 1435 1527 1472 forma
1547 1446 1634 1482 quae
1658 1437 1710 1474 sit

89 1476 264 1514 totaliter
302 1478 490 1515 immersa
515 1480 703 1523 materiae,
724 1479 792 1516 sed
831 1484 891 1516 est
923 1481 1024 1516 inter
1056 1490 1197 1518 omnes
1219 1482 1320 1518 alias
1357 1482 1505 1519 formas
1540 1483 1710 1521 maxime

89 1532 212 1570 supra
240 1525 445 1562 materiam
480 1525 655 1570 elevata3
679 1525 782 1563 unde
805 1530 843 1562 et
864 1528 1135 1572 operationem
1155 1528 1373 1573 producere
1394 1533 1523 1575 potest
1558 1530 1708 1578 absque

88 1579 269 1617 corpore,
291 1571 330 1608 id
359 1575 418 1608 est
447 1573 562 1618 quasi
600 1581 681 1609 non
715 1572 945 1619 dependens
975 1584 998 1612 a
1017 1584 1183 1621 corpore
1217 1575 1258 1611 in
1280 1576 1495 1622 operando,
1520 1577 1614 1623 quia
1635 1586 1708 1615 nec

91 1618 211 1656 etiam
231 1617 272 1654 in
292 1618 464 1656 essendo
481 1619 677 1665 dependet
696 1629 718 1656 a
739 1630 918 1666 corpore.

138 1665 284 1702 Eodem
318 1665 435 1702 etiam
456 1666 576 1703 modo
603 1670 707 1713 patet
725 1667 831 1713 quod
865 1677 911 1705 ea
938 1667 1084 1714 quibus
1100 1669 1322 1707 Averrhoes
1340 1679 1454 1708 suam
1476 1671 1707 1716 opinionem

89 1711 327 1796 confirmafre
347 1712 499 1758 nititur,
522 1722 604 1751 non
636 1713 805 1759 probant
833 1715 1098 1752 substantiam
1119 1716 1430 1755 intellectualem
1448 1719 1603 1764 corpori
1627 1728 1708 1756 11011

91 1758 199 1798 uniri
218 1762 261 1795 ut
290 1768 456 1797 ormam.

134 1805 260 1843 Verba
298 1806 404 1844 enim
440 1807 680 1852 Aristotelis,
708 1807 777 1854 qui
818 1807 913 1845 dicit
945 1808 1010 1854 (De
1045 1811 1182 1850 (mima,
1204 1820 1262 1855 111,
1284 1814 1378 1849 text.
1400 1821 1544 1849 comm.
1568 1813 1626 1860 30)
1660 1812 1707 1850 de

85 1852 288 1891 intellectu
311 1853 512 1899 possibili,
533 1854 641 1901 quod
669 1858 729 1892 est
749 1854 1011 1900 impassibilis
1037 1860 1075 1892 et
1096 1856 1300 1895 immixtus
1321 1862 1359 1895 et
1381 1863 1601 1905 separatus,
1625 1869 1707 1897 non

83 1903 236 1946 cogunt
265 1900 446 1938 confiteri
476 1901 583 1949 quod
613 1901 840 1939 substantia
865 1902 1108 1940 intellectiva
1146 1913 1226 1941 non
1258 1906 1310 1942 sit
1344 1906 1454 1943 unita
1485 1907 1640 1953 corpori
1665 1910 1709 1944 ut

85 1946 215 1985 forma
253 1946 353 1985 dans
393 1957 498 1985 esse.
516 1948 776 1986 Veriticantur
805 1949 926 1994 enim,
949 1950 1068 1986 etiam
1089 1950 1124 1987 si
1146 1951 1300 1988 dicatur
1319 1953 1425 1999 quod
1463 1954 1708 1991 intellectiva

84 1994 277 2041 potentia,
299 2004 418 2042 quam
444 1995 678 2033 Aristoteles
697 1999 812 2032 vocat
832 1996 1049 2042 potentiam
1083 2000 1384 2045 perspectivam,
1406 2009 1486 2037 non
1509 2001 1560 2037 sit
1583 2001 1706 2038 alicu-

85 2040 203 2087 00103
224 2042 365 2088 organi
385 2046 498 2080 actus
518 2043 633 2089 quasi
653 2053 722 2089 per
739 2043 872 2088 ipsum
907 2053 1018 2081 suam
1042 2054 1231 2083 exercens
1252 2047 1546 2092 operationem3
1573 2052 1610 2084 et
1630 2048 1706 2086 1100

86 2088 207 2126 etiam
227 2097 298 2125 sua
335 2089 623 2127 demonstratio
656 2090 848 2134 declarat3
871 2100 919 2127 ex
939 2091 1168 2137 operatione
1207 2092 1314 2130 enim
1334 2093 1604 2140 intellectuali,
1628 2105 1706 2141 qua

84 2135 219 2172 anima
240 2135 440 2183 intelligit,
462 2137 637 2174 ostendit
656 2137 788 2183 ipsum
809 2138 1032 2174 immixtum
1052 2147 1143 2176 esse
1162 2140 1223 2177 vel
1255 2145 1504 2187 separatum3
1525 2142 1703 2188 operatio

87 2184 221 2220 autem
241 2183 411 2228 pertinet
425 2183 473 2221 ad
493 2184 711 2230 potentiam
727 2187 770 2221 ut
789 2184 838 2221 ad
859 2185 1113 2231 principium.

135 2227 242 2264 Unde
279 2233 385 2275 patet
415 2230 524 2277 quod
561 2240 635 2268 nec
667 2231 954 2268 demonstratio
992 2232 1218 2270 Aristotelis
1249 2233 1325 2271 1100
1360 2235 1563 2272 concludit
1597 2236 1704 2282 quod

86 2273 312 2312 substantia
332 2276 574 2315 intellectiva
593 2286 672 2315 non
696 2278 856 2315 uniatur
875 2279 1032 2325 corpori
1053 2279 1158 2316 sicut
1169 2279 1309 2317 forma.
1327 2281 1365 2317 Si
1383 2281 1489 2318 enim
1505 2291 1702 2328 ponamus

84 2320 354 2359 substantiam
384 2324 541 2368 animae,
571 2324 792 2362 secundum
824 2334 928 2371 esse,
967 2326 1124 2372 corpori
1155 2327 1214 2363 sic
1248 2328 1415 2371 unitam,
1455 2329 1703 2365 intellectum

88 2371 222 2405 autern
243 2368 394 2406 nullius
425 2370 565 2417 organi
586 2374 716 2408 actum
746 2380 850 2416 esse,
871 2381 953 2409 non
975 2373 1156 2419 sequitur
1175 2373 1282 2419 quod
1313 2373 1538 2411 intellectus
1561 2375 1704 2412 habeat

83 2414 260 2460 aliquam
281 2418 464 2453 naturam
482 2417 781 2455 determinatam
803 2418 865 2464 (de
889 2419 1044 2455 naturis
1061 2419 1150 2456 dico
1171 2419 1452 2466 sensibilium),
1475 2431 1597 2468 quum
1620 2431 1701 2458 non

81 2465 256 2509 ponatur
273 2461 484 2500 harmonia
503 2464 565 2500 vel
587 2464 687 2501 ratio
708 2464 878 2510 alicujus
901 2465 1056 2510 organi,
1079 2465 1183 2502 sicut
1215 2465 1262 2501 de
1282 2476 1405 2503 sensu
1440 2467 1534 2504 dicit
1550 2469 1701 2505 Aristo-

79 2507 182 2545 teles
203 2507 267 2554 (De
286 2510 424 2554 anima,
442 2518 486 2554 11,
508 2513 601 2546 text.
624 2519 768 2547 comm.
793 2511 872 2558 143)
897 2511 1004 2558 quod
1031 2515 1092 2548 est
1113 2511 1294 2557 quaedam
1314 2513 1414 2550 ratio
1433 2515 1571 2561 organi
1589 2527 1597 2560 ;
1618 2524 1700 2553 non

82 2554 192 2594 enim
209 2555 328 2593 babet
343 2555 569 2594 intellectus
591 2557 863 2603 operationem
883 2567 1136 2609 communem
1157 2567 1247 2610 cum
1269 2568 1447 2605 corpore.

127 2601 242 2646 Quod
263 2605 410 2647 autem,
432 2612 502 2648 per
531 2603 607 2641 hoc
640 2603 746 2650 quod
777 2604 1011 2641 Aristoteles
1032 2604 1127 2641 dicit
1143 2605 1406 2656 'intellectum
1429 2617 1517 2645 esse
1539 2609 1696 2646 immix-

78 2650 164 2686 tum
191 2649 253 2686 vel
290 2653 531 2696 separatum,
560 2659 642 2686 non
681 2650 861 2687 intendat
895 2650 1102 2688 excludere
1139 2661 1274 2697 ipsum
1313 2662 1402 2691 esse
1434 2660 1585 2701 partem
1615 2656 1700 2693 sive

79 2695 300 2741 potentiam
338 2696 481 2734 animae
512 2706 600 2743 quae
631 2700 692 2733 est
718 2697 847 2734 forma
873 2698 998 2734 totius
1032 2699 1226 2743 corporis,
1247 2703 1354 2745 patet
1384 2710 1454 2747 per
1483 2703 1560 2740 hoc
1594 2703 1701 2750 quod

79 2741 177 2779 dicit
196 2741 259 2789 (De
287 2745 425 2784 anima,
447 2753 476 2789 1,
496 2746 590 2780 text.
613 2752 756 2780 comm.
779 2744 837 2790 92)
857 2747 996 2781 contra
1030 2744 1124 2781 illos
1144 2745 1211 2791 qui
1250 2746 1434 2784 dicebant
1463 2750 1637 2787 animam
1658 2750 1700 2787 in

83 2787 251 2826 diversis
269 2790 448 2835 partibus
468 2790 647 2836 corporis
669 2790 846 2828 diversas
868 2790 932 2828 sui
953 2794 1085 2836 partes
1107 2791 1252 2829 habere
1276 2805 1285 2830 :
1308 2795 1349 2830 Si
1368 2797 1442 2831 tota
1457 2798 1580 2832 arzima
1601 2806 1702 2833 omne

77 2844 207 2882 corpus
226 2838 394 2878 continet,
416 2839 580 2874 convenit
610 2840 645 2872 et
657 2838 826 2883 partium
853 2847 1145 2884 unamquamque
1164 2840 1308 2885 aliquid
1327 2844 1487 2888 eorporis
1504 2845 1696 2879 continere.

1481 2920 1520 2947 43
