1894 3223
642 140 728 177 LIB.
757 141 814 182 IV,
844 141 944 176 CAP.
971 139 1090 177 xxvi.
1614 142 1684 180 53⁰

65 221 212 260 dicitur
232 233 240 258 :
263 221 378 264 Quum
407 221 545 256 vener&
572 221 791 260 Paracletus,
816 232 918 266 quem
949 231 1010 266 eqo
1039 222 1182 256 mittam
1208 220 1308 257 vebis
1328 231 1350 257 a
1369 222 1491 266 Patre,
1513 223 1684 267 spiritum

65 270 244 311 veritatis,
266 268 330 312 qui
354 277 377 302 (ι
402 268 510 303 Pali-e
535 268 710 312 procedit.
733 269 892 313 (Jfflnm.‚
916 277 981 311 xv,
1001 268 1074 314 26.)
1108 267 1228 310 Unde,
1249 278 1370 314 quum
1393 268 1439 305 de
1471 270 1550 305 Deo
1583 269 1683 307 nihil

66 316 120 352 sit
139 313 388 352 sentiendum
411 313 488 350 nisi
510 314 616 361 quod
637 315 836 361 Scriptura
866 315 995 360 tradit,
1014 323 1093 352 non
1116 318 1177 352 est
1201 314 1413 352 dicendum
1435 316 1540 363 quod
1561 315 1682 363 Spiri-

67 367 132 399 tus
153 364 316 399 sanctus
337 360 524 406 procedat
542 370 565 398 a
585 361 696 398 Filio.

116 408 189 445 Sed
213 408 289 444 hoc
311 407 476 444 omnino
510 408 693 445 frivolum
727 411 798 445 est.
818 410 927 451 Nam,
950 412 1108 453 propter
1138 408 1329 445 unitatem
1356 410 1554 454 essentiae,
1577 411 1682 457 quod

69 455 110 491 in
131 454 342 500 scripturis
364 454 410 491 de
437 464 513 491 una
531 464 702 500 persona
723 455 913 491 dicituret
935 455 980 490 (10
1000 456 1077 491 alia
1099 459 1254 500 oportet
1275 456 1453 502 intelligi,
1473 457 1547 494 nisi
1571 467 1683 503 repu-

69 506 164 546 gnet
194 501 419 547 proprietati
458 502 657 547 personali
691 502 838 547 ipsius,
871 502 1025 538 etiamsi
1059 502 1180 538 dictio
1213 502 1414 539 exclusiva
1445 504 1681 550 adderet-:11¹3

70 548 160 585 licet
182 548 286 585 enim
310 547 463 585 dicatur
497 548 601 595 quod
622 559 722 584 nemo
744 550 843 583 novit
861 550 1005 588 Filiam,
1032 550 1105 584 nisi
1123 550 1230 584 Pater
1252 549 1410 594 (Alutela,
1433 558 1486 594 xi,
1506 551 1579 597 27),
1603 559 1680 589 non

66 598 198 631 tamen
219 604 242 631 a
268 596 496 641 cognitione
519 595 603 632 Filii
631 596 690 632 vel
712 596 797 641 ipse
821 595 942 631 Filius
976 595 1033 632 vel
1056 595 1224 640 Spiritus
1259 600 1422 633 sanctus
1446 598 1680 641 excluditur.

67 641 188 686 Unde,
212 643 366 679 etiamsi
389 642 584 679 diceretur
602 642 642 679 in
663 642 874 688 Evangelio
897 642 999 689 quod
1024 643 1193 687 Spiritus
1217 647 1379 680 sanctus
1403 653 1482 680 non
1504 645 1682 689 procedit

67 689 144 726 nisi
165 699 187 725 a
206 691 331 728 Patre,
357 699 434 726 non
456 699 525 735 per
545 690 619 726 1100
640 693 907 726 removeretur
927 690 1021 735 quin
1043 690 1273 735 procederet
1293 699 1314 726 a
1331 690 1442 735 Filio,
1464 701 1584 737 quum
1604 692 1680 729 hoc

67 736 293 781 proprietati
319 737 402 773 Filii
427 745 506 774 non
527 740 734 783 repugnet,
758 740 797 773 ut
820 740 1025 773 ostensum
1055 740 1113 773 est
1141 736 1188 782 (c.
1209 737 1283 782 24).
1306 738 1383 773 Nec
1405 741 1464 774 est
1486 739 1627 775 mirum
1647 739 1682 777 si

68 783 261 820 Dominus
283 784 469 829 Spiritum
500 787 679 820 sanctum
703 793 726 820 a
745 785 856 820 Patre
881 783 1091 829 procedere
1112 783 1223 827 dixit,
1246 783 1292 820 (10
1314 793 1355 821 50
1378 785 1578 821 mentione
1601 795 1681 824 non

68 830 183 874 sat-ta,
203 831 296 876 quia
313 831 448 867 omnia
477 831 523 867 ad
548 832 697 867 Patrem
735 830 878 866 referre
900 831 1014 873 solet,
1037 839 1060 867 a
1079 839 1157 877 quo
1180 830 1298 867 habet
1324 831 1514 878 quidquid
1538 833 1680 877 habet;

67 877 171 913 Sit-nt
191 887 310 923 quum
333 877 426 914 dicit
448 889 456 914 ι
478 879 559 914 Mea
591 877 758 913 doctrina
778 888 848 913 non
880 881 931 913 est
950 888 1028 912 mea
1059 877 1121 913 sed
1139 878 1216 923 ejus
1249 879 1314 923 qui
1344 880 1444 914 misit
1462 889 1528 919 me,
1555 879 1681 917 Patris

69 923 227 968 (wana,
250 933 338 968 viii,
363 924 445 970 16),
468 929 506 961 et
526 925 646 961 multa
681 924 908 969 hujusmodi
937 925 976 960 in
1009 924 1140 962 verbis
1171 925 1327 962 Domini
1358 925 1614 963 inveniuntur
1634 926 1682 965 ad

69 971 423 1007 commendandam
445 971 485 1007 in
508 973 619 1008 Patre
643 972 913 1008 auctoritatem
935 971 1131 1017 principii.
1146 973 1223 1008 Nec
1244 973 1427 1009 tamenin
1449 974 1682 1011 auctoritate

67 1019 272 1063 praemissa
295 1019 458 1055 0111111110
480 1018 645 1055 obticuit
668 1027 710 1055 se
729 1027 818 1054 esse
840 1019 1008 1063 Spiritus
1027 1019 1152 1056 sancti
1172 1019 1424 1066 principium,
1441 1029 1563 1067 quum
1585 1021 1683 1061 dixit

67 1073 155 1100 00111
177 1067 347 1109 spirltum
366 1067 555 1107 veia'tatc'si
576 1074 617 1102 se
635 1069 766 1101 autem
788 1065 898 1110 prius
920 1065 1070 1101 dixerat
1089 1067 1288 1101 veritatem.

115 1111 312 1157 Olijicinnt
334 1112 449 1148 etiam
469 1112 573 1157 quod
596 1112 635 1147 in
669 1112 906 1157 quibusdam
926 1112 1113 1149 conciliis
1132 1112 1332 1149 invenitur
1352 1113 1426 1150 sub
1450 1114 1682 1152 intermina·

66 1157 175 1194 tione
195 1158 457 1195 anathematis
479 1158 718 1203 prohibitum
742 1167 790 1194 nc
812 1159 961 1204 aliquid
984 1159 1148 1195 addatur
1168 1159 1209 1195 in
1230 1159 1411 1206 symbolo
1433 1160 1473 1196 in
1494 1161 1681 1200 Conciliis

67 1204 264 1249 ordinato,
285 1205 325 1241 in
344 1214 423 1250 quo
443 1208 575 1241 tamen
594 1205 639 1241 de
662 1205 918 1250 processione
940 1206 1108 1250 Spiritus
1129 1206 1293 1242 sanctia
1312 1207 1408 1243 Filio
1430 1208 1579 1245 mentio
1601 1217 1678 1245 non

66 1250 259 1334 liggegum
282 1252 592 1298 undearguunt
622 1252 780 1288 Latinos
811 1253 1075 1289 anathematis
1107 1261 1210 1294 reos,
1234 1254 1299 1299 qui
1324 1253 1396 1291 1100
1425 1254 1463 1289 111
1499 1255 1681 1300 symbolo

66 1307 88 1334 a
146 1298 155 1334 i
187 1302 314 1336 erunt.

113 1345 184 1381 Sed
204 1345 286 1382 liaec
301 1345 518 1383 efficaciam
529 1354 607 1382 non
626 1345 954 1388 habent.Nam,in
971 1346 1298 1383 determinatione
1313 1347 1459 1393 Synodi
1476 1348 1683 1387 chalcedo·

67 1392 219 1436 nensis,
238 1393 382 1429 dicitur
401 1393 506 1440 quod
531 1395 661 1429 Patres
678 1392 779 1438 apud
798 1393 1182 1438 Constantinopolim
1211 1395 1440 1442 congregati
1460 1395 1680 1433 doctrinam

66 1439 230 1476 nicaenae
247 1440 392 1485 Synodi
426 1439 794 1484 corroboraverunt,
818 1448 896 1476 non
916 1440 1029 1486 quasi
1052 1441 1201 1486 aliquid
1230 1441 1363 1477 minus
1383 1446 1488 1478 esset
1508 1443 1680 1479 inseren-

66 1488 139 1529 tes,
161 1486 228 1522 sed
250 1486 296 1522 de
316 1486 459 1532 Spiritu
483 1490 621 1523 sancto
639 1486 884 1522 intellectum
907 1496 1057 1526 eorum,
1079 1487 1269 1524 adversus
1290 1497 1359 1524 eos
1376 1489 1444 1534 qui
1467 1490 1680 1526 Dominum

67 1541 156 1569 eum
178 1542 362 1578 respuere
381 1537 641 1577 tentaverunt,
667 1533 954 1578 scripturarum
969 1535 1210 1571 testimoniis
1231 1535 1492 1572 declarantes.
1511 1538 1553 1572 Et
1574 1537 1681 1573 sinii·

66 1579 156 1616 liter
176 1579 388 1617 dicendum
409 1584 468 1617 est
497 1580 602 1625 quod
632 1581 836 1625 processio
871 1581 1039 1625 Spiritus
1061 1581 1187 1618 sancti
1210 1591 1232 1618 a
1252 1582 1350 1618 Filio
1373 1582 1562 1627 implicite
1584 1593 1679 1621 0011-

65 1626 214 1663 1100101·
244 1627 285 1663 10
318 1627 753 1673 constantinopolitano
785 1627 985 1672 Synibolo,
1006 1628 1045 1664 in
1079 1628 1154 1665 hoc
1187 1628 1292 1674 quod
1321 1628 1374 1665 ibi
1408 1629 1677 1677 diciturquod

65 1673 256 1718 procedit,
279 1674 371 1720 quia
400 1673 507 1720 quod
527 1674 573 1710 de
596 1676 706 1723 Patre
741 1674 976 1719 intelligitur
1007 1679 1162 1721 oportet
1182 1679 1217 1711 et
1239 1676 1286 1712 de
1305 1676 1403 1712 Filio
1433 1676 1616 1723 intelligi,
1639 1679 1682 1714 111

66 1719 215 1757 dictum
252 1724 324 1758 est.
348 1723 391 1757 Et
424 1720 471 1757 ad
494 1721 569 1757 1100
590 1720 812 1758 addendum
844 1721 991 1757 50111011
1022 1722 1238 1759 auctoritas
1265 1722 1431 1759 Romani
1460 1723 1678 1762 Pontificis.

65 1775 136 1813 per
156 1776 272 1813 quam
295 1768 411 1804 etiam
434 1767 691 1804 inveniuntur
711 1768 873 1814 antiqua
895 1768 1069 1806 Coneilia
1091 1778 1180 1806 esse
1194 1768 1448 1807 confirmata.

113 1814 309 1851 Inducunt
337 1819 455 1851 etiam
487 1814 594 1860 quod
630 1815 798 1860 Spiritus
826 1819 1004 1859 sanctus,
1027 1825 1148 1862 quum
1170 1816 1222 1852 sit
1243 1816 1425 1862 simplex,
1448 1826 1528 1855 non
1548 1822 1678 1864 potest

65 1869 154 1897 esse
182 1870 205 1897 a
239 1860 409 1906 duobus,
431 1865 467 1898 et
496 1860 603 1907 quod
635 1862 804 1907 Spiritus
834 1866 1010 1902 sanctus,
1034 1862 1068 1899 51
1098 1863 1269 1908 perfecte
1304 1863 1491 1909 procedat
1511 1867 1677 1909 aPatre‚

65 1915 146 1944 non
177 1908 353 1953 procedit
388 1917 411 1945 a
443 1907 556 1953 Filio,
579 1911 616 1945 et
650 1908 729 1944 alia
758 1907 1002 1954 hujusmodi,
1024 1918 1111 1956 quae
1143 1910 1258 1947 facile
1293 1915 1352 1947 est
1386 1911 1540 1947 solvere
1561 1912 1679 1950 etiam

64 1963 202 2000 parum
224 1955 265 1991 in
285 1955 490 2000 theologia
510 1954 748 1992 exercitatis.

112 2003 208 2038 Nam
229 2003 342 2039 Pater
359 2005 396 2039 et
410 2001 533 2039 Filius
554 2005 646 2039 sunt
667 2011 789 2039 unum
805 2001 1044 2048 principium
1060 2003 1230 2049 Spiritus
1246 2004 1372 2040 sancti
1386 2009 1545 2050 propter
1557 2005 1691 2043 unita--

64 2050 142 2084 tem
152 2047 295 2086 divinae
306 2048 477 2093 virtutis,
491 2053 528 2085 et
540 2057 619 2085 una
633 2049 892 2094 productione
906 2050 1129 2095 producunt
1148 2051 1335 2096 Spiritum
1353 2056 1533 2089 sanctum
1555 2052 1684 2097 ;sicut

65 2094 184 2130 etiam
203 2098 482 2178 tresdpersonae
500 2099 597 2132 sunt
615 2104 738 2133 unum
758 2096 996 2142 principium
1018 2101 1220 2142 creaturae,
1241 2101 1277 2134 et
1296 2107 1375 2135 una
1401 2098 1557 2136 actione
1580 2107 1684 2137 crea-

65 2144 194 2178 turam
215 2150 285 2188 pro
317 2145 452 2180 neunt.

705 2278 872 2320 CAPUT
901 2279 1043 2321 XXVI.

182 2397 282 2431 QUOD
308 2397 387 2428 NON
412 2396 511 2428 SUNT
533 2397 614 2428 NISI
638 2397 735 2427 TRES
767 2398 952 2429 PERSONAE
976 2399 1018 2428 IN
1042 2399 1207 2438 DlVIfflS,
1234 2400 1401 2430 SGILICET
1425 2401 1564 2439 PATER,

570 2455 695 2487 FILIUS
719 2455 769 2487 ΕΤ
795 2457 967 2486 SPIRITUS
995 2456 1177 2488 SANCTUS.

112 2563 167 2599 Ex
188 2562 252 2600 his
269 2561 391 2607 igitur
423 2572 510 2610 quae
531 2562 636 2601 dicta
664 2567 772 2609 sunt,
794 2565 971 2611 accipere
992 2569 1147 2613 oportet
1176 2567 1284 2614 quod
1315 2567 1357 2604 in
1387 2568 1520 2607 divina
1539 2573 1683 2609 natura

63 2611 145 2647 tres
164 2617 347 2655 personae
368 2609 608 2655 subsistunt,
629 2612 744 2662 l³ater
762 2614 800 2663 et
829 2612 953 2650 Filius
973 2616 1012 2650 et
1040 2613 1210 2659 Spiritus
1244 2618 1426 2660 sanctus,
1447 2619 1485 2653 et
1516 2617 1621 2664 quod
1643 2617 1684 2655 hi

64 2658 146 2708 tres
167 2660 262 2708 sunt
279 2665 385 2708 unus
410 2658 540 2708 Deus,
564 2657 664 2709 solis
684 2657 946 2696 relationibus
968 2659 1017 2697 ab
1045 2659 1217 2698 invicem
1238 2661 1426 2699 distincti.
1449 2664 1562 2701 Pater
1577 2665 1685 2702 enim

64 2711 89 2740 a
103 2702 201 2741 Filio
223 2702 486 2749 distinguitur
503 2704 752 2749 paternitatis
783 2705 974 2743 relatione
995 2710 1033 2742 et
1052 2707 1363 2746 innascibilitate
1380 2721 1388 2753 ;
1408 2709 1530 2748 Filius
1551 2714 1685 2749 autem

67 2757 92 2786 a
116 2750 244 2795 Patre,
266 2750 462 2789 relatione
490 2750 725 2796 filiationis3
749 2753 862 2789 Pater
893 2757 1024 2790 autem
1061 2757 1100 2790 et
1137 2753 1260 2793 Filius
1301 2765 1324 2792 a
1351 2756 1496 2802 Spiritu
1530 2762 1684 2803 sancto,

69 2796 302 2848 spiratione,
329 2800 372 2836 ut
390 2797 446 2850 ita
465 2797 644 2843 dicatur;
667 2798 836 2844 Spiritus
869 2803 999 2838 autem
1035 2804 1199 2840 sanctus
1219 2811 1242 2839 0
1262 2802 1374 2840 Patre
1405 2807 1444 2841 et
1463 2804 1576 2852 Filio,
1595 2814 1684 2852 pro-

65 2850 250 2887 cessione
274 2853 437 2889 amoris,
459 2854 538 2892 qua
558 2844 607 2883 ab
625 2848 794 2891 utroque
814 2846 1005 2891 procedit.

114 2889 258 2929 Praeter
282 2891 357 2931 has
376 2894 457 2931 tres
477 2900 671 2939 personas
690 2901 773 2931 non
793 2896 854 2931 est
885 2897 1065 2941 quartam
1084 2894 1127 2933 in
1148 2894 1282 2936 divina
1300 2901 1445 2937 natura
1461 2908 1622 2946 ponere.
