1894 3223
679 134 769 171 Lm.
794 134 854 179 IV,
882 133 985 171 CAP.
1010 133 1127 170 xle.
1649 135 1720 170 537

144 215 247 255 Item.
269 223 294 252 a
312 216 427 252 Patre
445 216 507 254 eet
525 216 563 251 et
583 213 706 251 Filius
739 218 777 251 et
808 215 976 261 Spiritus
1008 218 1186 252 sanctus.
1221 215 1382 261 Oportet
1412 214 1537 262 igitur
1561 216 1715 252 Patrem

98 261 236 302 referri
257 265 296 299 et
312 260 361 298 ad
384 260 524 298 Filium
545 264 584 298 et
603 260 652 298 ad
672 261 857 308 Spiritum
879 265 1076 305 sanctum,
1096 265 1140 299 ut
1156 261 1393 308 principium
1410 262 1458 300 ad
1478 262 1518 300 id
1538 262 1642 310 quod
1657 267 1718 300 est

99 318 124 347 a
139 307 349 356 principio.
368 307 550 345 Refertur
568 312 699 345 autem
717 308 765 346 ad
784 309 925 346 Filium
952 309 1106 346 ratione
1127 309 1388 355 paternitatis,
1412 318 1492 346 non
1512 313 1644 347 autem
1667 310 1716 347 ad

97 355 286 402 Spiritum
320 358 517 395 sanctum,
547 355 640 408 quia
668 359 762 393 tunc
792 356 962 401 Spiritus
996 359 1160 393 sanetus
1192 360 1298 394 esset
1322 357 1466 400 Filius;
1498 357 1715 403 paternitas

99 402 205 440 enim
224 410 305 439 non
326 401 469 438 dicitur
488 402 565 440 nisi
588 402 634 439 ad
657 401 796 439 silium.
814 404 974 448 Oportet
991 404 1113 450 igitur
1129 402 1170 439 in
1191 405 1302 440 Patre
1318 412 1410 441 esse
1425 403 1539 441 aliam
1557 404 1714 441 relatio-

97 458 203 493 nem,
225 458 304 496 qua
324 449 517 486 reseratur
541 449 590 486 ad
624 449 807 496 Spiritum
837 454 1033 493 sanctum,
1052 453 1090 486 et
1121 454 1284 487 vocetur
1309 451 1488 497 spiratio.
1511 451 1715 496 Similiter,

100 504 222 549 quum
238 497 279 532 in
294 495 390 533 Filio
404 497 456 534 sit
472 496 650 550 quaedam
666 496 804 534 relatio
822 507 899 544 qua
920 497 1086 534 refertur
1105 496 1153 534 ad
1168 497 1336 543 Patrem,
1355 507 1441 545 quae
1454 497 1598 535 dicitur
1616 497 1715 553 plia-

97 546 166 584 tio.
182 546 337 589 oportet
356 543 462 590 quod
482 552 524 580 in
546 543 690 590 Spiritu
711 548 850 581 sancto
872 544 920 581 sit
938 545 1055 581 ctiam
1077 544 1157 580 alia
1176 544 1316 581 relatio
1345 554 1421 591 qua
1455 546 1648 583 referatur
1667 546 1715 583 ad

99 591 266 633 Patrem,
288 596 324 627 et
346 590 499 628 dicatur
519 591 736 637 processio.
759 593 801 627 Et
820 591 878 628 sic
899 591 1118 628 secundum
1139 591 1334 639 originem
1349 592 1431 628 Filii
1454 601 1475 629 a
1495 594 1606 630 Patre
1623 598 1716 630 sunt

98 636 186 674 duae
204 637 430 682 relationes,
454 647 533 675 una
551 638 593 675 in
612 638 848 685 originante‚
871 638 948 675 alia
968 639 1007 674 in
1028 638 1240 685 originato,
1269 639 1420 676 scilieet
1443 641 1658 685 paternitas
1679 645 1716 677 et

100 683 260 729 filiatio;
280 688 319 721 et
334 685 422 722 alife
440 685 526 722 duae
545 695 592 722 ex
613 689 720 731 parte
741 685 910 732 originis
931 686 1100 732 Spiritus
1122 686 1263 730 sancti,
1295 686 1448 723 scilicet
1480 687 1645 733 spiratio
1679 692 1716 725 et

97 732 317 778 processio.
354 733 573 770 Paternitas
605 732 727 779 igitur
758 736 795 770 et
820 733 984 779 spiratio
1006 741 1086 770 non
1113 733 1360 770 constituunt
1384 733 1483 771 duas
1503 743 1710 780 personas,

99 777 169 816 sed
185 779 234 816 ad
255 787 374 816 unam
398 787 608 825 personam
630 780 756 817 Patris
785 780 996 825 pertinent,
1023 780 1116 826 quia
1137 788 1217 817 non
1246 780 1392 817 habent
1421 782 1714 827 oppositionem

99 825 147 863 ad
170 826 352 863 invicem.
373 828 506 874 Neque
527 827 648 873 igitur
667 826 802 864 filiatio
815 831 852 864 ct
866 827 1069 873 processio
1085 827 1185 864 duas
1202 836 1394 873 personas
1409 829 1711 870 constituerent,

99 873 167 910 sed
201 873 249 910 ad
273 883 388 910 unam
422 874 676 920 pertinerent,
710 874 791 921 nisi
823 874 1014 911 haberent
1033 875 1326 920 oppositionem
1349 875 1396 912 ad
1418 876 1599 913 invicem.
1631 879 1716 913 Non

99 924 160 957 est
178 925 308 957 autern
333 921 426 958 dare
464 921 580 958 aliam
613 922 907 967 oppositionem
941 922 1018 958 nisi
1052 921 1270 959 secundum
1309 922 1518 969 originem.
1556 925 1718 970 Oportet

97 967 220 1051 igituir
237 966 342 1015 quod
364 968 415 1020 sit
444 967 644 1052 ngIQSfflO
677 968 844 1015 originis
867 969 969 1005 inter
990 969 1127 1006 Filium
1150 973 1187 1006 et
1219 969 1406 1015 Spiritum
1438 974 1636 1016 sanctum,
1660 972 1714 1008 ita

129 1023 178 1052 uo
226 1024 330 1052 unus
354 1020 404 1051 sit
420 1025 439 1051 a
494 1025 516 1052 a
536 1024 587 1052 io.

99 1024 120 1061 q
145 1061 289 1106 Adhuc,
311 1071 569 1109 quaecumque
590 1062 832 1099 conveniunt
849 1062 887 1098 in
911 1063 1044 1110 aliquo
1066 1063 1279 1107 communi,
1301 1063 1333 1101 si
1355 1064 1651 1111 distinguantur
1666 1067 1715 1104 ad

97 1108 280 1148 invicem,
302 1112 456 1154 oportet
472 1109 576 1155 quod
597 1109 894 1155 distinguantur
915 1110 1134 1147 secundum
1151 1111 1306 1157 aliquas
1325 1111 1571 1150 differentias
1584 1123 1653 1159 per
1668 1123 1713 1151 se

98 1158 137 1192 et
155 1159 236 1192 non
257 1164 326 1200 per
344 1155 529 1192 accidens
546 1156 786 1201 pertinentes
807 1156 854 1192 ad
877 1157 972 1193 illud
992 1166 1203 1194 commune
1221 1169 1230 1202 3
1250 1157 1354 1194 sieut
1386 1158 1506 1195 homo
1527 1164 1565 1196 et
1585 1170 1712 1207 equus

97 1201 339 1240 conveniunt
356 1202 396 1238 in
419 1202 579 1239 animali
596 1206 634 1239 et
653 1202 924 1248 distinguntur
943 1204 990 1240 ab
1010 1203 1193 1248 invicem,
1225 1213 1305 1241 non
1336 1214 1405 1250 per
1427 1206 1558 1242 album
1583 1211 1620 1243 et
1653 1208 1713 1243 ni·

97 1257 227 1296 grum,
249 1257 336 1296 quae
357 1258 400 1286 se
420 1249 567 1286 habent
585 1258 655 1295 per
682 1250 866 1287 accidens
898 1250 944 1287 ad
979 1251 1140 1296 animal,
1164 1251 1234 1288 scd
1255 1261 1325 1298 per
1343 1252 1537 1290 rationale
1559 1257 1597 1290 et
1616 1254 1710 1291 irra-

97 1296 261 1337 tionale,
279 1305 367 1343 quae
386 1305 455 1342 per
474 1305 518 1334 se
538 1296 586 1333 ad
606 1296 751 1334 animal
781 1298 991 1342 pertinent,
1013 1299 1120 1345 quia,
1142 1307 1263 1345 quum
1296 1299 1444 1336 animal
1477 1300 1527 1337 sit
1558 1301 1710 1339 habeus

97 1343 285 1388 animam,
306 1347 460 1389 oportet
478 1343 584 1391 quod
604 1344 679 1381 hoc
699 1344 968 1391 distinguatur
987 1354 1056 1390 per
1075 1346 1149 1382 hoc
1163 1346 1269 1392 quod
1290 1350 1349 1384 est
1371 1347 1514 1384 habere
1535 1348 1709 1385 animam

97 1390 217 1428 talem
238 1391 298 1427 vel
318 1391 451 1435 talem,
473 1395 611 1436 utputa
629 1391 861 1428 rationalem
888 1393 947 1428 vel
977 1393 1260 1430 irrationalem.
1283 1394 1533 1431 Manifestum
1568 1399 1627 1433 est
1648 1406 1715 1433 au·

98 1441 176 1475 tem
199 1437 303 1485 quod
324 1437 442 1475 Filius
457 1442 496 1474 et
515 1438 683 1484 Spiritus
704 1443 867 1476 sanctus
886 1440 1126 1476 conveniunt
1155 1441 1196 1476 in
1230 1441 1304 1478 hoc
1323 1441 1427 1487 quod
1462 1446 1522 1479 est
1548 1451 1637 1480 esse
1665 1444 1713 1480 ab

99 1484 193 1529 alio,
215 1484 309 1531 quia
325 1489 489 1532 uterque
511 1489 571 1522 est
595 1495 617 1522 a
638 1487 770 1530 Patre;
790 1490 826 1522 et
846 1486 1066 1523 seeundum
1096 1487 1171 1524 hoc
1195 1489 1308 1524 Pater
1339 1489 1621 1526 convenienter
1643 1490 1715 1526 dis-

99 1531 175 1569 sert
194 1531 242 1568 ab
264 1535 446 1578 utroque,
465 1532 708 1579 inquantum
720 1537 779 1569 est
799 1532 1058 1571 innascibilis.
1081 1534 1120 1570 Si
1138 1534 1259 1580 igitur
1273 1535 1439 1580 Spiritus
1458 1540 1620 1573 sanctus
1637 1537 1716 1574 dis-

98 1578 302 1625 tinguatur
319 1588 342 1616 a
362 1578 473 1624 Filio,
489 1579 756 1626 oportetquod
781 1580 855 1616 hoc
877 1581 927 1616 sit
949 1590 1015 1626 per
1034 1579 1278 1618 differentias
1297 1592 1383 1629 quae
1399 1592 1523 1628 perse
1539 1583 1712 1620 dividant

25 1662 33 1674 .
98 1624 176 1663 hoe
193 1625 299 1672 quod
319 1629 381 1663 est
399 1634 489 1664 esse
508 1626 556 1663 ab
580 1626 678 1670 alio;
699 1636 786 1673 quae
806 1627 962 1674 quidem
992 1636 1071 1665 non
1094 1633 1265 1673 possunt
1281 1639 1371 1666 esse
1388 1629 1464 1666 nisi
1482 1629 1711 1668 diii'erentize

101 1672 277 1756 eiusdem
295 1673 472 1720 generis,
491 1673 641 1710 scilicet
662 1673 709 1722 agl
730 1675 924 1720 originem
950 1676 1203 1720 pertinenteS‚
1226 1679 1268 1712 ut
1293 1685 1415 1713 unum
1438 1686 1573 1714 eorum
1594 1679 1645 1715 sit
1663 1678 1712 1715 ab

98 1719 191 1757 aio.
212 1719 460 1767 Relinquitur
472 1729 567 1767 ergo
579 1720 698 1767 quod,
715 1720 763 1757 ad
779 1722 854 1758 lioc
869 1722 1086 1768 utSpiritus
1103 1726 1266 1760 sanctus
1282 1723 1547 1772 distinguatur
1563 1734 1585 1761 a
1603 1726 1712 1770 Filio,

99 1774 265 1804 necesse
283 1771 344 1804 est
364 1767 467 1820 quod
489 1768 541 1804 sit
557 1777 581 1804 a
601 1768 712 1804 Filio.
1198 1780 1200 1782 ’

145 1814 329 1860 Amplius,
352 1823 386 1850 si
408 1815 498 1860 quis
517 1815 620 1851 dicat
641 1815 826 1860 Spiritum
850 1820 1031 1852 sanctum
1054 1817 1245 1864 distingui
1268 1829 1290 1855 a
1316 1819 1427 1859 Filio,
1451 1829 1530 1857 non
1553 1820 1646 1866 quia
1666 1820 1717 1856 sit

99 1870 123 1898 a
142 1861 254 1902 Filio,
277 1860 345 1898 sed
380 1865 538 1907 propter
570 1861 764 1899 diversam
796 1863 990 1909 originem
1025 1864 1230 1911 utriusque
1252 1876 1273 1902 a
1297 1867 1422 1910 Patre,
1445 1867 1485 1902 in
1518 1867 1620 1903 idem
1642 1867 1716 1903 hoc

99 1907 260 1945 realiter
288 1907 415 1945 redire
450 1917 615 1946 neccsse
645 1913 719 1946 est.
741 1908 781 1946 Si
803 1911 907 1946 enim
930 1910 1097 1956 Spiritus
1130 1916 1293 1949 sanctus
1327 1917 1387 1950 est
1417 1914 1520 1951 alius
1553 1923 1574 1950 a
1602 1914 1716 1959 Filio,

99 1958 254 2001 oportet
273 1955 378 2002 quod
401 1955 480 1993 alia
498 1956 550 1994 sit
570 1956 682 2003 origo
703 1956 762 1993 vel
784 1959 989 2003 processio
1020 1958 1240 2005 utriusque.
1262 1961 1354 1997 Duae
1376 1965 1505 1997 autem
1538 1961 1714 2007 origines

99 2011 183 2040 non
201 2006 373 2048 possunt
392 2002 584 2049 distingui
604 2003 681 2040 nisi
704 2013 772 2049 per
788 2005 1015 2049 terminum,
1037 2005 1097 2042 vel
1118 2006 1357 2053 principium
1378 2008 1438 2044 vel
1461 2008 1679 2055 subjectum
1707 2020 1715 2051 ;

99 2049 204 2088 sicut
231 2049 346 2096 origo
366 2051 456 2097 equi
493 2049 625 2087 differt
643 2051 692 2087 ab
725 2052 878 2098 origine
913 2052 1026 2089 bovis
1048 2064 1056 2089 :
1079 2063 1126 2090 ex
1156 2056 1264 2099 parte
1296 2055 1468 2100 termini,
1494 2055 1714 2093 secundum

100 2095 206 2142 quod
228 2096 288 2133 hae
309 2096 396 2133 duae
415 2097 592 2143 origines
622 2098 884 2135 terminantur
904 2100 952 2136 ad
974 2103 1136 2137 naturas
1157 2101 1289 2146 specie
1311 2101 1515 2146 diversas;
1538 2113 1584 2139 cx
1604 2106 1712 2148 parte

100 2146 229 2180 autem
256 2143 457 2189 principii,
479 2147 520 2180 ut
539 2144 573 2181 si
607 2153 893 2190 supponamus,
916 2147 955 2182 in
989 2147 1124 2183 eadem
1158 2148 1289 2193 specie
1310 2149 1509 2193 animalis,
1536 2149 1715 2196 quaedam

100 2190 280 2236 generari
300 2199 346 2226 ex
377 2190 520 2227 virtute
550 2191 678 2227 activa
697 2192 796 2228 solis
831 2196 998 2237 tantum,
1019 2194 1198 2240 quaedam
1220 2199 1350 2232 autem
1373 2196 1493 2233 simul
1526 2206 1614 2232 cum
1642 2197 1713 2233 hac

100 2246 146 2274 ex
167 2236 308 2274 virtute
328 2237 456 2274 activa
485 2238 652 2275 seminis
669 2250 678 2282 ;
698 2248 745 2275 ex
767 2244 873 2285 parte
894 2249 985 2276 vero
1015 2241 1196 2287 subjecti,
1219 2241 1349 2278 differt
1368 2244 1572 2288 generatio
1592 2244 1710 2289 hujus

100 2284 189 2330 equi
212 2288 249 2321 et
269 2284 392 2326 illius,
415 2285 634 2321 secundum
648 2285 754 2332 quod
776 2290 916 2323 natura
936 2288 1081 2332 speciei
1103 2287 1142 2324 in
1160 2288 1315 2326 diversa
1334 2289 1497 2326 materia
1512 2290 1711 2335 recipitur.

42 2341 47 2346 ·
101 2331 190 2368 Haec
210 2334 340 2368 autem
362 2331 574 2376 distinctio,
596 2341 683 2378 quae
696 2336 754 2369 est
775 2343 821 2369 ex
835 2338 944 2379 parte
965 2334 1144 2380 sthecti,
1165 2335 1206 2371 in
1228 2335 1367 2373 divinis
1385 2337 1565 2381 personis
1584 2338 1713 2373 locum

100 2377 247 2414 habere
268 2387 346 2414 non
386 2382 527 2424 potest,
550 2387 671 2424 quum
705 2379 782 2416 sint
804 2380 966 2417 omnino
1000 2381 1307 2427 immateriales;
1332 2383 1510 2420 similiter
1527 2384 1641 2419 etiam
1669 2394 1715 2420 ex

100 2427 209 2469 parte
229 2425 398 2469 termini,
419 2429 460 2461 ut
479 2425 533 2462 ita
553 2425 667 2462 liceat
684 2426 803 2473 loqui,
828 2436 906 2464 non
928 2431 1057 2473 potest
1074 2438 1162 2466 esse
1183 2431 1484 2475 processionum
1501 2430 1715 2476 distinctio,

36 2514 39 2516 q
100 2470 193 2517 quia
213 2480 331 2508 unam
364 2476 401 2508 et
432 2471 608 2509 eamdem
631 2472 799 2509 divinam
835 2478 1030 2518 naturam,
1053 2485 1171 2522 quam
1193 2476 1333 2521 accipit
1355 2477 1472 2514 Filius
1492 2478 1707 2522 nascendo,

102 2517 242 2563 accipit
272 2518 437 2563 Spiritus
470 2523 632 2556 sanctus
662 2521 925 2565 procedendo.
950 2522 1192 2568 Relinquitur
1221 2523 1340 2569 igitur
1372 2524 1477 2570 quod
1509 2525 1714 2571 utriusque

32 2583 40 2604 z
102 2564 266 2610 originis
287 2565 487 2603 distinctio
510 2574 590 2602 non
610 2570 741 2612 potest
775 2577 863 2604 esse
881 2568 955 2604 nisi
976 2579 1022 2604 ex
1046 2573 1154 2614 parte
1173 2570 1363 2615 principii.
1386 2571 1632 2608 Manifestum
1655 2576 1717 2609 est

100 2615 231 2648 autem
254 2611 359 2658 quod
385 2611 618 2658 principium
650 2613 812 2660 originis
831 2615 913 2651 Filii
934 2620 994 2652 est
1013 2617 1126 2652 Pater
1153 2617 1277 2653 solus.
1301 2617 1338 2654 Si
1355 2617 1473 2664 igitur
1492 2619 1715 2664 processio-

103 2658 164 2696 nis
183 2658 349 2704 Spiritus
369 2659 496 2696 sancti
517 2659 749 2706 principium
771 2661 818 2697 sit
840 2662 952 2698 solus
974 2664 1098 2706 Pater,
1119 2672 1197 2699 non
1220 2663 1291 2700 erit
1311 2664 1388 2701 alia
1408 2665 1611 2711 processio
1634 2666 1714 2711 Spi-

104 2705 200 2742 ritus
231 2705 357 2742 sancti
379 2716 399 2742 a
437 2706 691 2752 generatione
723 2707 818 2750 Filii,
842 2709 954 2745 etsie
985 2718 1057 2745 nec
1078 2710 1243 2755 Spiritus
1265 2716 1427 2748 sanctus
1463 2712 1671 2750 distinctus
1692 2722 1715 2749 a

103 2751 211 2790 Filio.
229 2753 284 2790 Ad
305 2753 381 2790 hoc
415 2753 534 2799 igitur
553 2753 659 2799 quod
685 2753 765 2791 sint
784 2754 868 2791 aliae
907 2756 1185 2800 processiones
1203 2761 1241 2794 et
1264 2757 1328 2794 alii
1350 2759 1622 2804 procedentes,
1645 2769 1713 2796 ne-

105 2807 227 2882 ceste·
239 2803 296 2837 est
319 2799 448 2837 dicere
479 2800 585 2847 quod
607 2799 771 2847 Spiritus
803 2806 966 2839 sanctus
999 2811 1077 2839 non
1101 2803 1151 2840 sit
1169 2814 1192 2841 a
1214 2804 1300 2841 solo
1322 2807 1446 2851 Patre,
1469 2806 1539 2844 sed
1560 2816 1582 2843 a
1602 2809 1714 2844 Patre

103 2854 125 2882 e
188 2856 201 2882 1
216 2855 270 2883 10.

150 2892 190 2930 Si
209 2893 298 2939 quis
322 2903 415 2933 vero
435 2895 579 2932 iterum
595 2893 697 2933 dicat
715 2895 821 2943 quod
838 2895 1023 2934 differunt
1039 2898 1317 2944 processiones
1335 2901 1552 2939 seeundum
1575 2900 1714 2947 princi-
