1894 3223
140 127 189 161 ⁴74
746 116 835 152 LIB.
863 116 891 159 l,
920 115 1019 151 CAP.
1049 116 1162 151 thx.

146 215 210 244 res
232 203 433 242 naturales
454 204 547 239 sunt
566 201 607 236 in
626 198 710 236 suis
740 196 873 234 causis
905 206 974 242 per
1004 197 1168 234 virtutes
1201 206 1425 234 causarum.
1447 197 1554 234 Sicut
1573 197 1678 234 enim
1700 208 1764 237 res

147 252 348 290 naturales
369 248 593 286 assimilant
611 245 686 282 sibi
712 253 809 281 suos
825 242 988 280 effeetus
1008 253 1076 289 per
1095 252 1190 280 suas
1219 244 1384 281 virtutes
1416 244 1577 283 activas.
1598 245 1651 282 ita
1672 248 1763 285 arti-

147 300 211 337 fex
231 308 299 345 per
319 297 559 333 intellectum
582 291 734 329 inducit
752 291 918 327 formam
941 290 1152 334 artificiati,
1174 300 1244 336 per
1264 300 1382 337 quam
1416 291 1662 329 assimilatur
1682 303 1765 332 suae

147 346 235 383 arti.
259 347 302 381 Et
323 343 465 381 similis
489 341 589 377 ratio
611 343 670 376 est
691 338 737 374 de
765 337 951 375 omnibus
973 347 1060 384 quae
1081 347 1103 374 a
1122 338 1326 384 proposito
1349 343 1533 384 aguntur.
1550 339 1630 376 Scit
1645 340 1766 389 igitur

147 395 252 430 Deus
273 396 309 427 ct
327 388 589 435 cogitationes
610 389 647 422 et
665 385 903 422 voluntates.

193 442 293 480 Item,
318 440 421 473 Deus
443 444 521 471 non
543 433 677 470 minus
710 432 918 478 cognoscit
941 431 1185 468 substantias
1216 431 1519 477 intellectuales,
1541 443 1660 480 quam
1681 435 1766 481 ipse

146 487 207 522 vel
229 494 301 521 1105
326 482 571 520 substantias
604 479 830 531 sensibiles,
854 488 943 514 cum
965 478 1198 530 suhstantiae
1226 479 1515 517 intellectuales
1537 482 1615 518 sint
1638 483 1768 529 magis

147 530 456 578 cognoscibiles,
488 532 582 574 puta
613 527 741 573 magis
774 535 815 562 111
848 529 1200 577 actu-existentes.
1243 526 1548 564 Informationes
1578 533 1710 566 autem
1731 533 1770 566 et

147 578 430 616 inclinationes
446 575 758 613 substantiarum
775 572 1032 624 sensibilium·
1043 576 1342 618 cognoscuntur
1355 577 1392 611 et
1412 583 1433 610 a
1451 575 1529 611 Deo
1546 579 1582 612 et
1598 586 1621 613 a
1636 576 1766 622 nobis,

149 628 244 663 Cum
280 625 401 671 igitur
437 622 624 670 cogitatio
657 621 799 658 animae
838 623 889 656 sit
919 628 988 664 per
1023 619 1345 656 informationem
1381 622 1593 667 quamdam
1622 624 1764 669 ipsius,

148 671 305 710 affectio
326 675 457 708 autem
478 669 658 717 quaedam
680 668 730 705 sit
751 667 957 704 inclinatio
978 665 1106 711 ipsius
1127 666 1175 702 ad
1190 666 1357 718 aliquid,
1380 667 1486 714 (nam
1509 669 1636 715 ipsam
1659 671 1771 708 incli-

148 719 348 756 nationem
384 718 439 754 rei
472 716 664 754 naturalis
698 715 912 761 appetitum
952 713 1130 764 naturale
1160 713 1361 760 dicimus),
1394 715 1633 762 relinquitur
1663 717 1770 764 quod

148 769 253 804 Deus
273 765 536 812 cognationes
552 767 588 800 et
608 762 840 800 affectiones
860 759 1039 797 cordium
1060 763 1289 806 cognoscat.

196 815 276 850 Hoc
297 819 358 850 au·¹
378 822 428 849 =m
451 811 680 848 testimonio
702 818 823 846 sacrae
844 807 1053 853 Scripturae
1068 806 1337 844 confirmatur.
1355 807 1507 845 Dicitur
1529 810 1689 847 enimin
1705 812 1770 848 Ps.

147 872 219 905 VII,
248 864 312 903 lO;
340 860 515 896 Scrutaris
548 857 657 894 corda
688 860 720 892 et
747 866 847 891 renes
882 857 985 890 Deus.
1024 857 1149 898 PrOV.,
1173 863 1241 899 XV,
1267 856 1524 899 11:1nfernus
1553 861 1586 892 et
1613 858 1772 902 perditio

150 919 268 946 corum
280 910 365 943 Dom
373 909 441 947 1110,
453 909 588 951 quanto
601 906 718 948 maqz's
730 904 837 939 corda
848 903 1005 948 filie-rum
1016 902 1211 943 hominum‚·
1227 903 1396 946 etJoan.,
1412 912 1455 947 11,
1470 905 1626 950 25:1pse
1640 906 1774 942 sciebat

150 956 239 1002 quid
256 957 342 990 esset
362 955 401 989 in
422 954 574 988 homine.
597 951 824 988 Dominium
858 953 988 986 autem
1015 949 1120 995 quod
1148 949 1264 985 habet
1303 949 1487 987 voluntas
1524 960 1644 997 supra
1675 961 1772 990 suos

151 1007 276 1046 actus,
298 1011 366 1047 per
387 1000 489 1046 quod
513 1000 553 1035 in
578 999 662 1044 ejus
680 999 946 1042 estpotestate
968 996 1067 1048 vel-le
1086 996 1147 1032 vel
1166 1005 1246 1032 non
1266 996 1380 1040 velle,
1403 997 1576 1034 excludit
1594 999 1774 1036 determi-

151 1050 353 1087 nationem
384 1048 541 1084 virtutis
573 1047 619 1082 ad
652 1054 774 1082 unum
807 1050 841 1080 et
877 1044 1101 1094 molestiam
1134 1052 1265 1080 causae
1298 1044 1470 1081 exterius
1492 1046 1661 1092 agentis.
1685 1048 1771 1083 Non

151 1101 282 1134 autem
302 1094 474 1132 excludit
491 1093 739 1130 influentiam
757 1091 976 1141 superioris
994 1099 1124 1126 causae
1143 1100 1254 1135 aqua
1268 1094 1328 1127 est
1355 1091 1389 1126 ei
1418 1101 1506 1128 esse
1535 1097 1572 1128 et
1602 1093 1771 1138 operari,

151 1148 189 1181 et
210 1144 268 1181 sic
288 1146 465 1178 remanet
481 1140 696 1177 causalitas
718 1139 758 1175 in
780 1147 901 1174 causa
920 1146 1059 1183 prima,
1079 1146 1165 1183 quae
1182 1139 1286 1174 Deus
1303 1141 1375 1181 est,
1392 1142 1572 1184 respectu
1592 1143 1773 1178 motuum

149 1189 380 1233 voluntatis,
417 1192 460 1224 ut
495 1188 552 1224 sic
586 1189 703 1227 Deus,
736 1185 913 1231 seipsum
942 1183 1238 1232 cognoscendo,
1273 1183 1502 1231 hujusmodi
1530 1195 1774 1233 cognoscere

150 1237 292 1285 possit.
316 1237 344 1284 (l
362 1239 477 1284 part„
499 1244 536 1283 q.
556 1243 651 1280 Lvn,
670 1237 741 1270 art.
762 1232 812 1279 4.)

794 1332 961 1373 CAPUT
990 1331 1127 1372 LXIX.

625 1435 726 1470 QUOD
750 1434 849 1464 DEUS
872 1432 1085 1462 COGNOSCIT
1108 1432 1293 1461 INFLN'ITA.

198 1539 294 1574 Post
312 1537 389 1574 hoc
415 1534 699 1574 ostendendum
724 1533 903 1580 estquod
934 1535 1038 1570 Deus
1068 1531 1223 1569 infinita
1237 1531 1457 1579 cognoscit.
1477 1531 1766 1578 cognoscendo

151 1585 258 1621 enim
287 1593 330 1621 se
367 1592 456 1620 esse
491 1591 652 1619 causam
692 1590 837 1626 rerum,
860 1581 937 1618 alia
964 1590 987 1617 a
1010 1589 1053 1617 se
1083 1580 1303 1624 cognoscit,
1325 1583 1367 1616 ut
1406 1589 1452 1615 ex
1491 1578 1768 1625 superioribus

151 1632 252 1677 (cap.
274 1631 334 1676 49)
356 1633 472 1676 patet.
494 1631 581 1675 Ipse
601 1632 732 1666 autem
754 1632 815 1665 est
849 1637 971 1665 causa
990 1626 1250 1671 infinitorum,
1271 1627 1306 1663 si
1339 1625 1495 1678 infinita
1523 1630 1618 1663 sunt
1646 1626 1767 1663 entia.

152 1681 220 1716 Est
238 1678 344 1715 enim
361 1677 541 1714 omnium
561 1684 698 1714 eorum
719 1684 806 1722 quae
826 1679 922 1712 sunt
940 1683 1074 1712 causa.
1095 1676 1161 1711 Est
1180 1674 1301 1721 igitur
1317 1672 1564 1710 infinitorum
1596 1682 1769 1720 cognos-

152 1726 309 1763 citivus.

198 1773 299 1814 Item,
322 1772 426 1807 Deus
460 1778 575 1807 suam
593 1769 777 1806 virtutem
809 1767 981 1815 perfecte
1020 1767 1241 1814 cognoscit,
1263 1770 1305 1803 ut
1333 1775 1381 1803 ex
1400 1766 1639 1813 supradictis
1664 1766 1763 1813 (cap.

151 1821 196 1857 47
218 1822 256 1855 et
275 1820 334 1863 49)
352 1820 471 1862 patet.
491 1817 622 1854 Virtus
660 1820 790 1853 autem
810 1824 892 1852 non
916 1819 1047 1862 potest
1065 1814 1255 1861 cognosci
1276 1814 1458 1860 perfecte,
1481 1814 1560 1850 nisi
1594 1822 1770 1860 cognos-

153 1869 293 1903 cantur
313 1864 448 1901 omnia
467 1863 509 1900 in
543 1872 629 1909 quae
646 1866 789 1909 potest,
811 1871 916 1908 cum,
937 1861 1156 1899 secundum
1177 1870 1236 1905 ea,
1258 1860 1458 1913 quantitas
1483 1860 1640 1898 virtutis
1669 1869 1768 1908 quo·

153 1911 366 1950 dammodo
405 1910 641 1948 attendatur.
663 1911 742 1947 Sua
770 1913 902 1947 autem
933 1909 1059 1946 virtus
1090 1917 1181 1946 cum
1206 1908 1259 1946 sit
1290 1907 1460 1952 infinlta,
1480 1910 1524 1944 ut
1557 1911 1768 1945 ostensum

153 1963 216 1997 est
252 1967 373 2010 supra
393 1957 493 2005 (cap.
518 1959 578 2004 43)
599 1957 654 2007 ad>
685 1956 842 1995 infinita
860 1965 904 1995 se
939 1955 1127 1994 extendit.
1145 1957 1212 1994 Est
1236 1954 1359 2002 igitar
1386 1956 1491 1992 Deus
1521 1954 1770 1993 infinitorum

153 2015 201 2044 co
232 2009 350 2042 nitor.

199 2015 384 2098 {mplius
405 2052 441 2090 si
474 2051 542 2088 Dei
572 2050 748 2097 cognitio
779 2049 829 2088 ad
864 2049 1000 2088 omnia
1027 2059 1071 2088 se
1108 2048 1282 2087 extendit
1301 2057 1388 2096 quae
1425 2048 1768 2097 qualitercumque

153 2099 273 2138 modo
292 2103 398 2142 511111,
431 2101 584 2144 oportet
599 2098 703 2144 quod
725 2106 807 2135 non
835 2098 963 2135 solum
986 2100 1204 2143 cognoscat
1240 2105 1312 2133 ens
1332 2099 1436 2141 actu,
1462 2095 1532 2133 sed
1551 2096 1667 2134 etiam
1689 2105 1764 2134 ens

153 2147 342 2193 potentia.
363 2145 434 2183 Sed
456 2147 496 2182 in
514 2144 632 2182 rebus
644 2145 892 2182 naturalibus
908 2144 1177 2182 estinfinitum
1198 2144 1239 2180 in
1252 2143 1440 2189 potentia,
1459 2143 1533 2180 etsi
1555 2152 1636 2181 non
1657 2147 1763 2188 actu,

157 2197 198 2231 ut
231 2192 500 2238 Philosophus
526 2192 666 2238 probat
697 2192 738 2228 in
759 2192 874 2229 tertio
893 2192 1038 2237 physic.
1062 2191 1168 2238 (text.
1188 2200 1332 2228 comm.
1354 2190 1389 2243 β)
1406 2191 1621 2242 'cognoscit
1646 2190 1769 2237 igitur

154 2242 259 2278 Deus
275 2239 445 2284 infinita,
466 2239 569 2276 510111
587 2239 720 2275 unitas
738 2248 824 2285 quae
859 2243 917 2276 est
937 2239 1176 2285 principium
1210 2246 1379 2281 1111111011,
1402 2235 1580 2275 1111101105
1609 2237 1765 2283 species

154 2295 411 2324 numerorum
439 2290 711 2333 cognosceret,
742 2288 776 2322 si
809 2290 1070 2332 cognosceret
1103 2284 1292 2334 quicquid
1325 2283 1442 2321 estin
1474 2292 1550 2322 sua
1577 2285 1767 2331 potentia.

154 2336 222 2372 Est
241 2334 347 2371 enim
368 2332 501 2370 unitas
522 2332 696 2379 potentia
710 2333 841 2370 omnis
863 2341 1066 2370 numerus.

201 2381 345 2422 Adhuc,
367 2382 471 2418 Deus
493 2380 668 2418 essentia
688 2388 774 2424 sua,
794 2380 898 2416 sicut
917 2379 1088 2426 quodam
1105 2378 1237 2416 medio
1257 2378 1486 2424 exemplari,
1505 2378 1584 2415 alia
1598 2387 1768 2426 cognos-

155 2428 226 2472 cit;
249 2428 332 2472 sed,
355 2437 444 2464 011111
483 2427 535 2464 511
572 2427 827 2473 persectionis
847 2426 1024 2471 infinitae,
1040 2430 1082 2463 ut
1102 2435 1222 2472 supra
1243 2429 1342 2472 (cap.
1364 2425 1424 2473 43)
1449 2429 1657 2463 ostensum
1693 2429 1769 2470 est,

154 2474 202 2513 ab
222 2475 310 2520 ipso
328 2474 541 2520 exemplari
561 2478 731 2520 possunt
747 2473 901 2511 infinita
921 2473 1108 2511 habentia
1133 2473 1398 2519 perfectiones
1417 2471 1565 2518 finitas,
1583 2473 1677 2520 quia
1696 2481 1768 2510 nec

155 2521 316 2567 aliquod
337 2531 460 2558 unum
480 2530 632 2566 eorum,
649 2530 722 2559 nec
740 2521 924 2568 quaelihet
954 2521 1068 2567 plura
1091 2520 1310 2567 exemplata
1326 2519 1610 2567 perfectionem
1632 2527 1765 2556 exem-

152 2567 277 2613 plaris
297 2568 503 2614 adaequare
523 2572 705 2614 possunt,
721 2573 759 2605 et
779 2569 837 2606 510
849 2577 1005 2615 semper
1023 2572 1201 2605 remanet
1220 2576 1348 2605 novus
1363 2567 1506 2604 modus
1520 2575 1598 2614 quo
1613 2565 1764 2612 aliquid

155 2614 419 2666 exemplatum
439 2615 571 2660 ipsum
585 2615 738 2652 imitare
759 2616 900 2662 possit.
923 2615 1162 2662 Nihiligitur
1179 2615 1363 2662 prohibet
1381 2614 1512 2661 ipsum
1539 2622 1610 2660 pei·
1630 2621 1768 2652 essen·

154 2664 251 2698 tiam
272 2670 384 2697 suam
405 2662 559 2699 infinita
573 2671 828 2709 cognoscere.

200 2709 393 2752 Praeterea,
413 2717 502 2746 esse
537 2709 605 2745 Dei
641 2713 702 2746 051.
735 2718 852 2746 51111111
882 2709 1117 2755 intelligere.
1148 2708 1291 2746 Sicuti
1323 2708 1402 2744 itur
1435 2715 1553 2744 suum
1574 2715 1665 2743 esse
1708 2709 1769 2745 est

155 2753 368 2799 infinitum,
387 2757 430 2791 ut
461 2758 667 2792 ostensum
706 2760 765 2793 est
785 2758 885 2802 (cap.
907 2756 981 2803 43),
1005 2757 1062 2793 ita
1080 2765 1198 2794 suum
1219 2755 1299 2792 inte
1318 2754 1439 2800 ligere
1461 2756 1520 2791 est
1551 2752 1766 2791 infinitum.

152 2800 262 2839 Sicut
281 2806 410 2839 autem
425 2810 468 2838 se
483 2802 600 2839 habet
615 2802 770 2839 finitum
792 2803 839 2840 ad
861 2802 1030 2848 finitum,
1047 2803 1103 2841 ita
1121 2803 1238 2840 etiam
1262 2800 1460 2838 infinitum
1481 2799 1530 2837 ad
1551 2799 1766 2838 infinitum.

155 2848 195 2885 Si
231 2848 354 2896 igitur
373 2849 593 2888 secundum
615 2849 838 2896 intelligere
869 2854 1065 2897 nostrum,
1088 2849 1194 2898 quod
1213 2848 1369 2887 finitum
1387 2851 1461 2893 est,
1482 2846 1594 2886 finita
1627 2856 1768 2895 capere
