1894 3223
177 169 279 205 XXVI
512 168 647 203 BERN.
673 167 828 202 MARIAE
855 165 914 200 DE
938 164 1104 200 RUBEIS
1131 164 1444 201 DISSERTATIO.

177 267 366 319 tyrannis
385 278 471 305 non
493 267 654 305 desunt.
679 263 726 302 Ei
746 263 874 302 etiam
893 274 980 302 non
1000 263 1128 313 aliqui
1149 263 1354 313 sapientes
1372 263 1416 302 in
1436 263 1559 304 rebus
1578 265 1725 305 divinis
1744 267 1787 306 et

180 332 232 371 de
254 332 399 370 divinis
419 334 460 370 et
478 329 671 369 humanis
691 327 904 366 exercitati
937 339 960 367 a
985 327 1191 378 principio
1213 328 1504 378 crediderunt3
1528 329 1598 368 sed
1619 327 1788 368 homines

182 395 368 443 bestiales,
390 395 433 433 in
454 393 623 432 desertis
644 395 871 439 morantes,
893 391 1029 431 omnis
1049 392 1252 431 doctrinae
1269 392 1417 431 divinae
1438 404 1604 442 prorsus
1636 392 1784 444 ignari,

179 471 255 510 per
274 469 456 509 quorum
485 454 800 495 multitudinem
828 455 944 504 alios,
966 467 1164 494 armorum
1197 456 1393 505 violentia,
1427 457 1471 495 in
1503 468 1620 496 suam
1650 457 1785 508 legem

181 524 331 574 coegit.
353 522 473 560 Nulla
491 520 616 559 etiam
631 518 762 557 divina
782 518 942 558 oracula
960 520 1290 569 praecedentium
1305 520 1607 570 prophetarum
1623 521 1660 560 ei
1675 521 1788 559 testi-

182 586 370 625 monium
403 582 637 632 perhibent,
661 583 763 633 quin
783 582 922 632 potius
942 583 1061 633 quasi
1083 584 1223 622 omnia
1253 585 1413 623 Veteris
1443 588 1484 624 et
1513 585 1614 624 Novi
1645 586 1787 624 Testa—

182 649 311 689 menti
332 649 585 686 documenta
614 646 794 698 fabulosa
824 647 1051 686 narratione
1084 648 1294 697 depravat,
1327 652 1373 687 ut
1399 651 1513 698 patet
1542 649 1632 700 ejus
1650 649 1786 700 legem

180 711 430 762 inspicienti.
454 711 571 752 Unde
591 717 718 750 astuto
738 711 893 750 consilio
913 711 1040 751 libros
1059 711 1217 751 Veteris
1238 715 1279 750 et
1306 713 1405 750 Novi
1426 713 1681 752 Testamenti
1704 712 1788 751 suis

180 776 425 826 sequacibus
451 788 536 815 non
568 775 737 825 reliquit
769 775 981 826 legendos,
1003 787 1056 814 ne
1089 787 1163 825 per
1182 787 1253 814 eos
1272 775 1463 815 falsitatis
1485 780 1784 827 argueretur».

181 841 313 890 Opera
333 842 514 892 perlege,
535 851 628 890 quae
651 842 797 878 contra
821 839 1075 878 Alcoranum
1104 839 1300 889 plurima,
1331 850 1379 878 ac
1411 840 1655 879 solidissima
1687 851 1784 889 pro—

183 906 294 944 diere
319 918 327 944 :
351 917 445 956 quae
464 905 539 944 viri
561 904 786 944 doctissimi
809 905 949 954 amplo
971 908 1135 943 versant
1155 908 1338 943 tractatu
1359 908 1619 955 argumenta,
1636 905 1686 942 ad
1697 904 1789 943 haec

182 968 232 1007 ab
252 969 458 1018 Aquinate
479 969 690 1019 proposita
711 969 847 1019 capita
868 969 998 1020 redigi
1016 969 1157 1008 omnia
1177 970 1345 1019 proprio
1367 969 1652 1019 experimento
1686 980 1787 1008 con-

182 1033 321 1072 stabit.

234 1099 328 1136 Pari
349 1099 597 1137 convellitur
617 1099 827 1137 rationum
853 1098 993 1149 vigore
1026 1099 1170 1150 religio
1201 1102 1274 1137 aut
1305 1098 1542 1147 superstitio
1576 1098 1786 1137 Gentium.

182 1163 285 1201 Tota
302 1163 494 1201 innititur
520 1163 688 1202 incertis
719 1167 761 1202 et
793 1163 1008 1202 fallacibus
1041 1163 1261 1202 hominum
1280 1163 1588 1211 traditionibus,
1611 1174 1712 1212 quas
1737 1161 1788 1200 ab

182 1226 431 1277 ignorantia,
449 1230 520 1265 aut
535 1239 689 1275 errore,
708 1231 780 1266 aut
800 1240 924 1277 prava
945 1228 1164 1267 affectione
1185 1227 1327 1276 animi,
1346 1231 1419 1266 aut
1440 1228 1585 1266 fraude
1607 1227 1788 1276 doloque

182 1291 383 1339 invectas,
407 1290 571 1340 probari
590 1292 776 1330 etevinci
796 1295 946 1341 potest.
969 1292 1076 1331 Vitia
1097 1291 1344 1342 probantur,
1369 1303 1416 1330 ac
1442 1291 1721 1341 turpitudines
1746 1291 1789 1328 in

184 1355 402 1404 disciplina
423 1366 615 1402 morum;
639 1357 868 1406 eademque
904 1357 967 1395 vel
992 1357 1089 1406 ipsis
1115 1356 1355 1395 hominibus
1388 1356 1557 1406 indigna
1578 1358 1663 1394 Deo
1692 1355 1789 1394 diis·

183 1431 264 1469 que
294 1419 594 1458 attribuuntur.
615 1422 793 1459 Numina
813 1432 1006 1470 suprema
1025 1422 1157 1470 plura,
1177 1425 1302 1471 atque
1317 1421 1427 1460 inter
1441 1433 1482 1459 se
1497 1421 1663 1459 adversa
1688 1420 1790 1458 mul-

183 1484 451 1533 tiplicantur3
488 1496 535 1522 ac
572 1484 734 1523 debitus
769 1485 839 1523 uni
868 1487 953 1524 Deo
984 1486 1119 1523 cultus
1152 1485 1401 1524 transfertur
1432 1485 1474 1523 in
1508 1485 1712 1533 homines,
1747 1485 1789 1523 in

183 1549 331 1596 sidera,
350 1549 392 1586 in
414 1549 635 1596 elementa,
658 1550 699 1587 in
720 1550 814 1587 vilia
832 1554 993 1588 naturae
1016 1553 1057 1589 et
1085 1550 1305 1588 hominum
1340 1561 1478 1599 opera.
1514 1551 1657 1599 Deque
1686 1551 1787 1596 Deo,

185 1613 357 1664 ejusque
378 1614 601 1661 attributis,
636 1614 782 1663 siquae
812 1616 1018 1662 veritates,
1053 1614 1262 1653 erroribus
1282 1613 1554 1663 putidissimis
1587 1614 1788 1653 immixtae

184 1682 492 1728 proponuntur.
516 1678 687 1716 Summa
708 1678 883 1728 hujusce
905 1679 964 1717 rei
985 1678 1121 1728 capita
1144 1679 1290 1723 innuo,
1314 1690 1407 1727 quae
1431 1678 1518 1727 ipse
1545 1678 1726 1717 Thomas
1747 1678 1789 1716 in

184 1743 334 1792 operis,
352 1755 433 1792 quo
467 1743 516 1781 de
539 1742 715 1793 agimus,
749 1743 925 1780 decursu
955 1741 1122 1781 uberius
1152 1745 1399 1791 pertractat3
1426 1742 1673 1791 eademque,
1703 1753 1788 1780 non

184 1807 278 1853 alia,
295 1806 601 1855 amplificarunt
616 1806 699 1844 alii.

235 1871 282 1909 V.
306 1871 498 1920 Mysteria
518 1871 611 1909 fidei
634 1871 867 1909 christiana}
897 1882 1082 1921 pugnare
1112 1874 1257 1910 contra
1290 1871 1494 1909 rationem
1529 1872 1789 1910 contendunt

183 1939 394 1984 postremo
428 1934 637 1984 religionis
657 1935 846 1973 revelatae
864 1934 1016 1982 hostes,
1052 1934 1223 1973 minime
1256 1934 1402 1973 abnuit
1432 1936 1578 1973 Petrus
1604 1935 1785 1986 Baylius.

183 2000 362 2049 Impium
384 1999 550 2037 illorum
569 1998 791 2037 consilium
811 2002 885 2046 est,
909 2003 955 2037 ut
977 1999 1171 2049 mysteria
1187 1999 1296 2047 fidei,
1313 1999 1421 2037 sicut
1437 1999 1587 2038 rationi
1600 2000 1785 2047 adversa,

183 2065 241 2102 ita
261 2068 459 2113 tanquam
482 2063 580 2102 falsa
599 2067 640 2101 et
655 2064 943 2102 commentitia
964 2064 1168 2114 rejiciant.
1187 2064 1245 2102 Ea
1258 2066 1398 2102 mente
1417 2064 1588 2102 rationis
1603 2075 1788 2115 pugnam

185 2139 280 2168 cum
302 2129 380 2167 fide
400 2128 620 2166 admittere
641 2139 682 2167 se
704 2129 923 2177 profitetur
944 2129 1122 2179 Baylius,
1146 2132 1192 2167 ut
1211 2128 1340 2178 ipsius
1358 2129 1453 2168 fidei
1475 2128 1711 2178 triumphos
1738 2129 1788 2168 de

183 2197 387 2243 prostrata
414 2192 573 2231 ratione
605 2196 741 2231 canat.
778 2194 893 2231 Hanc
922 2193 1040 2231 illum
1074 2193 1287 2232 simulasse
1320 2193 1519 2243 pietatem
1553 2193 1791 2244 gravissima

184 2257 361 2307 suscipio
384 2261 459 2304 est,
483 2268 530 2295 ac
559 2257 661 2295 illud
684 2258 809 2297 etiam
832 2258 1008 2307 impium
1030 2258 1105 2307 ipsi
1127 2257 1346 2296 consilium
1371 2258 1579 2305 insedisse,
1611 2262 1655 2295 ut
1674 2258 1787 2305 fidei,

183 2333 308 2372 quam
327 2322 381 2360 ait
399 2321 548 2360 rationi
569 2321 766 2361 obsistere
788 2333 871 2360 non
893 2322 1043 2369 valere,
1064 2323 1291 2360 vanitatem
1313 2321 1555 2361 obtruderet
1584 2322 1688 2360 nihil
1703 2323 1787 2361 tale

183 2385 474 2437 cogitantibus.

233 2453 461 2501 Utramque
481 2462 664 2503 pugnam
685 2450 955 2489 validisssime
976 2450 1175 2501 pugnavit
1195 2453 1361 2489 sanctus
1388 2451 1567 2489 Thomas
1586 2451 1783 2501 Aquinas.

183 2518 331 2556 Contra
344 2518 532 2568 Baylium
548 2521 621 2564 est,
640 2529 734 2567 quae
750 2517 990 2563 constituta,
1008 2516 1142 2566 capite
1158 2527 1229 2565 vn,
1245 2516 1372 2555 thesis
1387 2516 1539 2567 legitur
1556 2515 1619 2553 his
1633 2514 1786 2553 verbis:

187 2582 406 2627 «Quamvis
420 2582 618 2630 praedicta
632 2582 782 2620 veritas
799 2582 892 2620 fidei
916 2581 1149 2620 christianae
1165 2581 1438 2630 capacitatem
1453 2581 1649 2618 humanae
1665 2578 1789 2617 ratio-

180 2645 243 2684 nis
259 2645 444 2691 excedat,
465 2645 556 2683 haec
576 2649 717 2683 tamen
737 2658 830 2695 quae
853 2646 958 2685 ratio
979 2645 1226 2684 naturaliter
1246 2645 1378 2684 indita
1404 2643 1530 2683 habet
1549 2643 1647 2681 huic
1675 2642 1785 2681 veri-

179 2710 256 2748 tati
276 2708 386 2759 (fidei
408 2709 661 2760 christianae)
682 2712 888 2748 contraria
911 2722 998 2749 esse
1018 2722 1104 2750 non
1124 2714 1343 2760 possunt».
1364 2708 1578 2747 Naturales
1591 2706 1786 2747 veritates

179 2772 381 2823 intellige,
405 2784 506 2822 quas
526 2785 642 2812 mens
664 2777 801 2812 creata
823 2775 1036 2825 cognoscit
1056 2775 1215 2814 lumine
1237 2786 1285 2813 ex
1305 2774 1354 2812 iis
1375 2773 1540 2820 hausto,
1563 2782 1657 2822 quae
1675 2771 1788 2810 facta

181 2840 291 2885 sunt,
314 2837 395 2875 sive
415 2848 462 2875 ex
483 2839 703 2877 reflexione
736 2837 945 2887 suiipsius,
980 2839 1061 2878 sive
1083 2851 1131 2878 ex
1161 2849 1299 2878 rerum
1331 2836 1585 2876 sensibilium
1611 2846 1784 2885 percep·

179 2901 309 2942 tione.
331 2901 446 2951 Aliae,
468 2913 562 2951 quae
577 2902 748 2941 vocibus
763 2903 841 2941 rite
862 2904 1054 2953 expositis
1074 2903 1270 2942 intimum
1291 2900 1644 2940 acimmediatum
1666 2899 1781 2938 exhi-
