1894 3223
158 144 225 182 368
713 137 804 173 ΜΒ.
833 137 897 180 111,
925 136 1028 173 CAP.
1055 136 1232 173 LXXXIII.

159 224 254 271 quia
273 224 406 259 motus
426 218 566 256 localis
583 220 646 255 est
663 216 818 262 primus
838 216 942 254 inter
959 225 1101 254 omnes
1119 220 1254 255 motus
1274 220 1314 255 et
1339 220 1531 263 tempore,
1553 216 1650 264 quia
1669 216 1783 254 solus

157 273 289 318 potest
307 276 396 303 esse
405 267 633 312 perpetuus,
650 267 696 316 ‘ut
711 263 900 310 probatur
914 264 955 300 in
972 267 1111 301 octavo
1130 265 1241 310 Phys.
1263 263 1372 311 (text.
1391 273 1493 301 com.
1510 265 1554 300 54
1568 262 1730 309 etseq),
1746 266 1784 300 et

158 314 405 357 naturaliter,
426 312 521 358 quia
540 311 628 348 sine
647 319 736 356 lpso
757 318 839 347 non
860 313 990 356 potest
1011 319 1101 348 esse
1121 310 1268 357 aliquis
1284 311 1453 348 aliorum
1473 314 1653 348 motuum
1675 321 1684 345 :
1702 318 1784 346 non

158 362 266 399 enim
289 361 567 405 augmentatur
588 356 739 404 aliquid
762 356 842 394 nisi
860 357 1136 402 praeexistente
1155 357 1402 402 alteratione,
1424 367 1492 403 per
1524 366 1643 404 quam
1677 356 1786 402 quod

157 408 271 455 prius
293 410 375 443 erat
397 405 608 450 dissimile,
630 407 883 441 convertatur
898 407 936 440 et
953 403 1022 441 siat
1041 404 1187 442 simile.
1205 406 1340 451 Neque
1360 404 1539 441 alteratio
1552 406 1682 450 potest
1695 411 1786 440 esse

158 454 238 492 nisi
255 453 530 499 praeexistente
551 451 628 489 loci
643 450 879 495 mutatione,
900 451 995 497 quia
1016 451 1065 488 ad
1084 451 1161 489 boc
1185 451 1293 497 quod
1325 450 1394 488 fiat
1421 451 1600 488 alteratio
1630 453 1786 497 oportet

157 501 267 548 quod
287 500 461 537 alterans
482 498 611 545 magis
631 498 684 535 sit
702 497 971 544 propinquum
991 498 1115 535 altero
1136 506 1244 535 nunc
1265 507 1383 545 quam
1411 499 1536 544 prius.
1567 500 1635 535 Est
1665 497 1785 535 etiam

158 547 405 595 perfectione
420 545 542 594 prior,
563 545 657 592 quia
676 549 810 582 motus
835 544 976 581 localis
998 553 1078 581 non
1109 544 1237 581 variat
1268 554 1351 582 rem
1382 545 1600 583 secundum
1635 543 1786 591 aliquid

159 594 197 632 ei
214 593 432 637 inhaerens,
453 592 525 630 sed
545 592 676 629 solum
698 591 921 628 secundum
935 591 1086 639 aliquid
1103 591 1384 636 extrinsecum,
1407 595 1445 628 et
1463 591 1710 639 propterboc
1726 593 1788 628 est

159 641 315 687 reijam
333 639 529 686 perfectae.
551 638 748 683 Secundo,
767 638 864 685 quia
884 638 1002 675 etiam
1025 638 1129 675 inter
1145 641 1278 676 motus
1295 638 1444 676 locales
1466 643 1526 676 est
1557 642 1690 676 motus
1711 638 1786 674 cir·

158 687 310 725 cularis
330 686 439 734 prior
458 689 496 724 et
515 689 706 732 tempore,
727 686 823 732 quia
843 685 955 722 solus
974 685 1060 732 ipse
1080 687 1211 731 potest
1227 694 1316 722 esse
1336 689 1564 731 perpetuus,
1587 688 1630 723 ut
1648 684 1788 731 proba·

159 734 282 771 turin
304 736 444 771 octavo
468 733 580 777 Phys.
612 731 722 779 (text.
745 741 889 769 comm.
912 731 985 778 64),
1008 735 1046 769 et
1061 731 1307 776 naturaliter,
1329 732 1423 780 quia
1441 736 1502 769 est
1531 732 1661 777 magis
1690 732 1786 768 sim-

160 781 251 827 plex
268 784 307 817 et
326 789 446 825 unus,
467 789 558 816 cum
587 788 668 816 non
700 778 970 825 distinguatur
997 779 1040 815 in
1073 778 1330 824 principium,
1360 778 1549 819 medium,
1582 782 1621 815 et
1651 777 1786 822 finem,

160 827 232 865 sed
253 831 362 865 totus
381 827 432 865 sit
453 826 568 873 quasi
590 826 765 863 medium
781 837 792 869 3
810 829 849 862 et
867 825 985 862 etiam
1004 825 1260 871 perfectione,
1282 825 1378 872 quia
1394 825 1610 862 reflectitur
1623 824 1672 862 ad
1684 824 1789 871 prin-

165 874 328 920 cipium.
353 873 498 917 Tertio,
521 873 616 919 quia
637 872 750 910 solus
770 876 904 910 motus
926 872 1016 909 coeli
1038 872 1409 918 semperinvenitur
1427 872 1622 918 regularis
1643 874 1681 908 et
1700 871 1788 908 uni-

167 921 323 958 formis.
342 922 385 957 In
404 920 582 957 motibus
603 920 710 957 enim
732 919 981 956 naturalibus
999 920 1178 965 gravium
1200 923 1239 955 et
1257 919 1403 956 levium
1418 918 1461 955 fit
1479 919 1627 956 additio
1647 918 1790 955 veloci·

166 968 262 1005 tatis
281 968 324 1004 in
352 967 430 1004 fine
450 979 459 1003 ε
479 967 522 1004 in
553 966 741 1003 violentis
775 970 908 1003 autem
941 966 1089 1003 additio
1121 966 1333 1004 tarditatis.
1367 967 1527 1012 Oportet
1559 974 1654 1012 ergo
1683 963 1790 1013 quod

162 1018 298 1053 motus
321 1014 411 1051 coeli
431 1014 484 1050 sit
506 1023 628 1050 causa
645 1014 823 1050 omnium
843 1014 1011 1050 aliorum
1029 1016 1222 1050 motuum.

209 1061 357 1106 Adhuc,
382 1061 486 1098 sicut
501 1070 544 1098 se
566 1060 683 1098 habet
702 1060 906 1097 immobile
923 1060 1157 1106 simpliciter
1174 1060 1222 1097 ad
1243 1063 1394 1097 motum
1415 1059 1662 1104 simpliciter,
1677 1059 1731 1096 ita
1745 1068 1791 1097 se

165 1108 288 1146 habet
307 1107 512 1145 immobile
531 1107 751 1144 secundum
774 1107 880 1144 hunc
901 1111 1051 1144 motum
1073 1107 1121 1144 ad
1142 1110 1294 1144 motum
1313 1106 1459 1151 talem3
1481 1106 1522 1143 id
1536 1110 1667 1143 autem
1683 1105 1789 1152 quod

166 1158 229 1192 est
249 1154 455 1192 immobile
474 1154 708 1200 simpliciter
740 1157 800 1190 est
820 1154 1059 1199 principium
1086 1154 1218 1191 omnis
1250 1156 1398 1197 motus,
1432 1157 1475 1190 ut
1503 1162 1625 1198 supra
1653 1152 1736 1198 (lib.
1758 1161 1788 1198 1,

165 1211 255 1247 cap.
279 1201 335 1247 13)
358 1200 567 1246 probatum
589 1204 661 1237 est.
684 1200 797 1244 Quod
815 1209 910 1246 ergo
931 1204 991 1237 est
1010 1200 1215 1237 immobile
1241 1200 1463 1237 secundum
1498 1199 1789 1244 alterationem,

168 1252 231 1286 est
264 1248 504 1294 principium
538 1247 670 1284 omnis
703 1247 950 1284 alterationis
973 1259 980 1283 :
1003 1256 1169 1292 corpora
1204 1250 1335 1284 autem
1364 1247 1542 1284 coelestia
1573 1246 1660 1283 sola
1687 1246 1790 1282 inter

170 1295 397 1341 corporalia
415 1292 799 1339 suntinalterabilia,
813 1294 919 1341 quod
937 1293 1404 1339 demonstratdispositio
1426 1302 1562 1330 eorum
1580 1302 1666 1339 quae
1686 1302 1789 1329 sem-

171 1351 243 1387 per
257 1341 394 1378 eadem
415 1341 627 1377 invenitur.
651 1342 717 1376 Est
735 1349 829 1387 ergo
851 1350 996 1386 corpus
1023 1341 1182 1378 coeleste
1220 1349 1344 1377 causa
1375 1340 1507 1377 omnis
1543 1339 1790 1376 alterationis

172 1389 215 1424 in
237 1388 300 1425 his
319 1397 405 1434 quae
424 1388 653 1424 alterantur.
674 1387 863 1423 Alteratio
884 1391 1015 1424 autem
1035 1387 1075 1423 in
1091 1387 1154 1424 his
1175 1386 1434 1424 inferioribus
1461 1390 1522 1423 est
1548 1387 1790 1432 principium

173 1434 308 1471 omnis
322 1437 478 1478 motus;
498 1443 589 1470 nam
612 1443 680 1480 per
699 1433 975 1470 alterationem
996 1434 1224 1480 pervenitur
1241 1433 1290 1470 ad
1311 1437 1568 1479 augmentum
1601 1436 1637 1469 et
1669 1442 1791 1478 gene-

174 1480 397 1524 rationem3
421 1489 618 1526 generans
639 1483 769 1517 autem
791 1484 851 1517 est
868 1483 998 1517 motor
1015 1489 1085 1526 per
1106 1489 1150 1517 se
1180 1480 1223 1517 in
1254 1483 1366 1516 motu
1395 1479 1512 1516 locali
1544 1479 1722 1526 gravium
1753 1482 1793 1516 et

171 1527 320 1564 levium
338 1539 348 1572 ;
383 1530 537 1573 oportet
558 1535 653 1574 ergo
673 1526 780 1573 quod
801 1527 945 1564 coelum
968 1527 1020 1563 sit
1039 1536 1161 1564 causa
1181 1527 1314 1564 omnis
1344 1530 1478 1563 motus
1509 1526 1551 1563 in
1581 1526 1670 1562 istis
1691 1525 1791 1562 infe-

170 1574 347 1656 rioribssis
368 1573 618 1620 corporibus.
640 1573 705 1611 Sic
724 1582 819 1621 ergo
838 1577 944 1621 patet
961 1573 1068 1621 quod
1088 1582 1256 1621 corpora
1271 1572 1463 1612 inferiora
1487 1583 1556 1619 per
1585 1573 1793 1619 superiora

167 1629 293 1667 regun
314 1630 372 1657 ur.

770 1766 939 1809 CAPUT
978 1767 1192 1808 LXXXIII.

724 1885 908 1914 EPILOGUS
930 1885 1226 1915 PRAEDIGTORUM.

215 1994 269 2030 Ex
288 1993 475 2030 omnibus
493 1996 625 2029 autem
644 2001 732 2039 quae
752 1995 918 2028 ostensa
936 1995 1030 2029 sunt
1047 1992 1236 2038 colligere
1251 2001 1481 2037 possumus,
1505 1993 1622 2039 quod,
1657 2003 1784 2040 quan-

168 2043 251 2076 tum
267 2039 316 2076 ad
336 2039 490 2076 ordinis
510 2039 839 2085 excogitationem
856 2038 974 2076 rebus
989 2039 1235 2085 imponendi,
1248 2040 1352 2076 Deus
1365 2040 1500 2076 omnia
1516 2049 1585 2085 per
1609 2040 1788 2086 seipsum

169 2085 380 2132 disposuit.
404 2085 512 2123 Unde
530 2095 650 2131 super
663 2085 761 2122 illud
781 2085 866 2125 Job,
888 2094 1029 2130 XXXIII,
1051 2088 1092 2123 13
1116 2097 1125 2122 :
1146 2085 1255 2129 Quem
1269 2087 1393 2131 posuit
1412 2087 1525 2121 alium
1544 2096 1651 2131 super
1669 2087 1789 2123 orbem

168 2143 271 2179 quem
289 2133 493 2177 fabricatus
509 2135 562 2168 est
579 2135 598 2168 Ρ
616 2132 716 2169 Dicit
737 2132 949 2178 Gregorius
967 2144 974 2169 :
994 2132 1214 2169 «Mundum
1237 2132 1382 2179 quippe
1402 2142 1471 2178 per
1491 2133 1668 2178 seipsum
1683 2134 1786 2179 regit

168 2180 236 2225 qui
251 2189 320 2225 per
334 2179 511 2224 seipsum
531 2179 708 2217 condidit
727 2192 761 2215 n.
781 2180 824 2215 Et
839 2179 1013 2223 Boetius,
1031 2179 1071 2215 in
1088 2182 1229 2226 quarto
1242 2181 1294 2216 De
1311 2180 1550 2216 consolatione
1564 2179 1685 2226 (pros.
1703 2180 1786 2226 12):

168 2227 273 2264 Deus
289 2235 359 2272 per
377 2235 421 2263 se
439 2227 571 2264 solum
582 2230 724 2264 cuncta
738 2226 927 2272 disponit.
945 2226 1021 2263 Sed
1034 2230 1226 2273 quantum
1241 2226 1290 2264 ad
1306 2227 1581 2264 executionem
1597 2226 1788 2264 inferiora

166 2282 238 2319 per
251 2273 456 2319 superiora
470 2273 676 2319 dispensat
691 2285 700 2318 3
717 2273 939 2319 corporalia
955 2273 1115 2320 quidem
1125 2283 1194 2320 per
1208 2273 1559 2319 spiritualia.Unde
1574 2274 1788 2320 Gregorius

168 2319 263 2357 dicit
282 2320 323 2356 in
339 2323 480 2372 quarto
491 2321 577 2356 Dial
587 2332 598 2356 ε
610 2322 682 2357 «111
693 2320 769 2357 boc
783 2320 932 2357 mundo
946 2320 1095 2357 visibili
1116 2320 1218 2358 nihil
1238 2320 1318 2357 nisi
1338 2329 1406 2366 per
1420 2320 1659 2357 invisibilem
1676 2329 1784 2357 crea-

167 2369 297 2403 turam
318 2366 476 2411 dispom
497 2371 626 2413 potest
639 2381 658 2401 »
670 2379 680 2412 ;
692 2367 904 2404 inferiores
915 2376 1007 2404 vero
1023 2366 1188 2414 spiritus
1204 2376 1275 2413 per
1293 2367 1523 2414 superiores
1540 2379 1548 2403 :
1572 2366 1676 2403 unde
1691 2367 1788 2404 dicit

168 2413 331 2465 Dionys.
354 2413 452 2460 (Geel.
471 2414 577 2455 hier..
598 2424 619 2451 c
638 2414 695 2466 iv)
725 2414 831 2461 quod
860 2414 1044 2451 coelestes
1064 2415 1249 2452 essentiae
1275 2413 1564 2450 intellectuales
1587 2414 1715 2459 primo
1747 2413 1789 2449 in

169 2467 325 2506 seipsas
345 2461 519 2498 divinam
540 2461 663 2498 edunt
680 2460 1028 2505 illuminationem,
1047 2461 1140 2497 etin
1159 2469 1234 2498 nos
1253 2460 1435 2497 deferunt
1456 2470 1543 2507 quae
1565 2469 1685 2506 supra
1712 2468 1787 2496 nos

169 2511 264 2543 sunt
283 2507 628 2546 manifestationes
650 2520 658 2544 ε
681 2507 871 2545 inferiora
890 2508 1008 2544 etiam
1029 2517 1197 2554 corpora
1213 2516 1283 2554 per
1301 2507 1519 2553 superiora.
1556 2507 1663 2543 Unde
1690 2506 1786 2542 dicit

169 2554 384 2601 Dionysius
405 2554 470 2601 (De
488 2554 624 2592 divinis
642 2555 860 2599 nominibus,
879 2563 923 2592 iv
937 2554 1036 2602 cap.)
1052 2554 1159 2602 quod
1175 2554 1237 2592 sol
1251 2554 1550 2601 generationem
1565 2552 1785 2590 visibilium

169 2608 380 2646 corporum
398 2601 564 2646 confert,
586 2605 625 2639 et
644 2601 693 2638 ad
713 2602 832 2638 vitam
852 2602 979 2647 ipsam
995 2605 1138 2646 movet,
1157 2605 1195 2638 et
1214 2601 1351 2645 nutrit,
1374 2605 1411 2637 et
1431 2604 1560 2646 auget,
1584 2598 1786 2650 etperficit

170 2649 208 2681 et
230 2648 395 2697 mundat
422 2651 460 2684 et
478 2651 655 2686 renovat.
675 2650 728 2686 De
750 2648 812 2685 1115
829 2652 960 2685 autem
981 2648 1169 2686 omnibus
1195 2647 1316 2686 simul
1345 2647 1441 2684 dicit
1470 2649 1718 2692 Augustinus
1741 2646 1783 2683 in

167 2695 284 2743 tertio
305 2695 354 2729 De
374 2696 475 2732 Trin.
497 2707 509 2730 :
528 2707 549 2728 «
564 2695 905 2740 Quemadmodum
926 2704 1093 2741 corpora
1113 2694 1313 2732 crassiora
1330 2697 1368 2730 et
1382 2693 1571 2731 inferiora
1582 2692 1785 2744 persubli·

169 2746 297 2775 miora
310 2743 346 2775 et
365 2742 589 2785 potentiora
607 2742 780 2789 quodam
795 2742 934 2779 ordine
954 2744 1158 2789 reguntur,
1180 2742 1235 2778 ita
1252 2740 1388 2778 omnia
1413 2747 1579 2784 corpora
1611 2748 1680 2784 per
1705 2747 1785 2784 spl-

168 2784 301 2869 {igiliemn
302 2786 401 2878 νᾶὶιῑλῑξῑ
411 2788 660 2869 1Ὲί011310111,
680 2792 718 2826 et
737 2788 901 2836 spiritus
922 2788 1130 2827 rationalis
1148 2791 1332 2835 peccator
1350 2795 1420 2832 per
1450 2785 1634 2831 spiritum
1663 2786 1786 2824 ratio·

404 2842 428 2869 U
493 2847 530 2872 1),
