1894 3223
766 132 854 168 LlB.
882 132 910 176 Ι,
939 132 1039 168 CAP.
1064 132 1164 169 XLV.
1729 137 1772 170 51

153 216 241 254 Non
262 218 395 252 autem
415 217 552 260 posset
572 216 723 251 naturae
744 212 864 250 finem
886 214 1131 258 praestituere
1153 212 1231 250 nisi
1254 213 1508 260 intelligeret.
1532 215 1634 251 Deus
1657 215 1781 261 igitur

153 264 215 300 est
230 261 356 298 intelli
391 269 475 298 ens.

198 270 387 354 Ampliusfffr
405 317 522 346 omne
541 307 645 355 quod
662 311 723 344 est
745 307 1034 353 imperfectum,
1049 307 1249 344 derivatur
1264 306 1310 344 ab
1330 307 1464 354 aliquo
1483 308 1670 354 perfecto.
1686 310 1780 345 Nam

153 355 328 402 perfecta
350 355 581 392 naturaliter
613 357 707 392 sunt
746 355 875 400 priora
914 354 1168 400 imperfectis,
1202 354 1307 391 sicut
1339 358 1450 392 actus
1486 356 1674 401 potentia.
1707 356 1780 393 Sed

154 402 292 439 formae
313 403 354 439 in
376 401 494 439 rebus
514 401 820 448 particularibus
842 402 1059 438 existentes
1080 405 1172 437 sunt
1198 401 1447 447 imperfectae,
1483 403 1574 449 quia
1608 403 1780 448 particu-

152 448 304 492 lariter,
327 453 365 485 et
385 458 465 486 non
481 448 700 485 secundum
719 449 1044 485 communitatem
1060 458 1140 485 sure
1162 449 1342 485 rationis.
1363 449 1521 494 Oportet
1537 449 1657 496 igitur
1674 450 1779 495 quod

154 495 383 533 deriventur
396 495 444 533 ab
465 495 665 542 aliquibus
689 495 826 532 formis
847 496 1031 540 perfectis
1054 501 1091 531 et
1115 505 1191 532 non
1218 496 1476 540 particulatis.
1500 497 1612 533 Tales
1646 500 1775 533 autem

155 543 292 580 formae
314 552 403 580 esse
424 552 504 580 non
525 546 694 588 possunt
713 542 789 579 nisi
813 542 1022 579 intellectae
1040 553 1126 578 cum
1152 552 1230 579 uon
1252 543 1476 580 inveniatur
1494 544 1626 590 aliqua
1649 546 1776 581 torma

155 589 195 626 in
230 598 304 627 sua
337 589 633 627 universalitate
652 589 729 625 nisi
756 590 796 625 in
820 589 1037 631 intellectu,
1066 594 1102 625 et
1137 600 1203 635 per
1235 599 1487 636 consequens
1516 595 1670 636 oportet
1708 600 1778 628 eos

155 644 245 674 esse
267 637 548 683 intelligentes,
567 636 599 673 si
621 636 702 673 sint
719 637 1000 673 subsistentes.
1019 637 1081 674 Sic
1100 637 1205 673 enim
1226 637 1355 673 solum
1378 642 1547 682 possunt
1569 647 1657 675 esse
1687 647 1778 684 ope-

156 686 303 720 rantes.
327 685 448 721 Deum
471 684 592 730 igitur
612 684 751 730 quiest
772 687 883 720 actus
906 684 1057 729 primus
1072 684 1311 727 subsistens,
1327 694 1347 720 a
1372 694 1452 730 quo
1470 685 1605 722 omnia
1621 685 1700 721 alia
1718 685 1780 722 de-

158 730 351 775 rivantur,
375 734 530 777 oportet
550 739 639 767 esse
663 730 965 777 intelligentem.

209 778 316 815 Hanc
348 783 479 815 autem
511 778 712 814 veritatem
748 779 866 814 ctiam
901 777 997 814 fides
1031 777 1227 813 catholica
1255 776 1477 813 confitetur.
1499 778 1649 815 Dicitur
1674 779 1780 815 enim

156 823 241 870 lob,
263 834 304 862 lx
323 828 358 868 4,
383 825 430 861 de
450 827 529 861 Deo
552 837 560 860 :
581 825 732 869 Sapiens
753 825 856 860 corde
875 827 925 859 est
944 829 975 858 et
994 825 1100 867 fortis
1114 824 1260 865 robore;
1281 828 1318 859 et
1334 832 1402 866 XII,
1427 826 1469 860 16
1493 835 1500 860 ε
1523 826 1635 869 Apud
1660 828 1780 870 ipsum

157 875 209 908 est
227 872 404 917 fortitudo
424 873 670 917 etsapientia3
696 875 733 907 et
754 871 793 906 in
815 873 877 906 Ps.
900 879 1094 911 cxxxvlii,
1118 873 1162 907 6:
1184 871 1364 906 mirabilis
1378 872 1541 914 factczest
1554 874 1702 908 scientia
1717 876 1780 908 tua

158 929 202 954 ex
222 930 296 961 me‚·
319 923 356 955 et
376 920 503 962 Rom„
526 927 581 962 xl,
603 921 646 954 33
670 930 678 953 :
701 918 729 954 O
743 918 898 953 altitudo
913 919 1097 962 sapientia>
1117 921 1150 952 et
1165 919 1322 953 scientiae
1341 919 1427 953 Dei!

207 967 331 1011 Hujus
352 970 483 1002 autem
505 965 594 1002 fidei
616 964 760 1001 veritas
780 964 817 1000 in
848 967 998 1000 tautum
1016 964 1118 1009 apud
1135 964 1319 1001 homines
1339 965 1516 1009 invaluit,
1538 969 1580 1002 ut
1597 966 1645 1003 ab
1663 966 1777 1002 intel-

159 1013 322 1061 ligendo
345 1021 487 1049 nomen
511 1011 578 1047 Dei
597 1011 861 1056 imponerent.
884 1012 981 1047 Nam
1001 1014 1089 1051 Θεός,
1110 1011 1214 1057 quod
1235 1011 1454 1055 secundum
1488 1014 1643 1050 Graecos
1673 1015 1781 1049 Deum

159 1060 372 1108 significat,
393 1059 538 1096 dicitur
557 1067 580 1094 a
600 1059 735 1103 θεᾷσθκι,
757 1057 860 1104 quod
884 1061 944 1094 est
964 1058 1190 1093 considerare
1210 1058 1269 1094 vel
1292 1058 1425 1095 videre.
1452 1061 1480 1105 (I
1498 1065 1611 1106 part„
1631 1073 1667 1108 q.
1690 1062 1787 1110 x1v.)

804 1204 974 1246 CAPUT
1001 1204 1119 1246 XLV.

525 1325 626 1360 QUOD
648 1325 902 1354 INTELLIGERE
919 1325 985 1354 DEI
1011 1325 1082 1353 EST
1108 1325 1183 1354 SUA
1207 1325 1407 1356 ESSENTIA.

210 1438 265 1475 Ex
285 1436 361 1474 hoc
381 1439 511 1473 autem
536 1435 641 1482 quod
663 1436 766 1472 Deus
798 1439 859 1471 cst
890 1434 1132 1481 intelligens,
1155 1439 1333 1482 sequitur
1363 1438 1468 1483 quod
1495 1448 1610 1476 suum
1633 1440 1779 1477 intelli-

162 1493 254 1532 gere
276 1487 336 1520 est
356 1492 430 1520 sua
449 1483 636 1520 essentia.
660 1482 881 1528 lntelligere
903 1482 1007 1518 enim
1031 1486 1088 1518 est
1110 1486 1221 1519 actus
1243 1483 1502 1531 intelligentis
1522 1487 1559 1522 in
1578 1488 1665 1532 ipso
1679 1488 1780 1525 exis-

163 1536 267 1573 tens,
296 1539 376 1566 non
406 1530 446 1566 in
479 1529 628 1576 aliquid
655 1529 920 1565 extrinsecum
960 1529 1172 1573 transiens
1208 1530 1311 1566 sicut
1342 1533 1547 1569 calefactio
1578 1535 1780 1571 transitin

165 1578 413 1615 calefactum.
434 1578 517 1613 Non
538 1576 642 1612 enim
664 1576 813 1622 aliquid
835 1577 979 1621 patitur
1010 1576 1257 1622 intelligibile
1278 1587 1323 1613 ex
1357 1579 1432 1615 hoc
1453 1581 1558 1626 quod
1590 1581 1778 1627 intelligi·

163 1628 241 1669 tur,
275 1624 342 1660 sed
383 1623 611 1669 intelligens
644 1622 856 1667 perficitur.
884 1623 1077 1669 Quicquid
1109 1627 1238 1659 autem
1274 1628 1334 1660 est
1362 1625 1402 1661 in
1433 1628 1525 1667 Deo,
1557 1631 1616 1663 est
1645 1628 1780 1665 divina

165 1671 353 1711 essentia,
370 1673 409 1706 et
425 1669 602 1706 divinum
618 1678 721 1715 esse,
735 1669 870 1715 etipse
889 1671 1002 1706 Deus.
1020 1672 1114 1706 Nam
1130 1672 1233 1707 Deus
1247 1675 1306 1707 est
1323 1681 1397 1708 sua
1415 1674 1589 1710 essentia
1608 1679 1646 1711 et
1660 1684 1778 1712 suum

165 1726 269 1756 esse.
703 1752 714 1762 ,

209 1766 400 1807 Praeterea,
422 1762 644 1809 intelligere
664 1766 916 1808 comparatur
929 1764 976 1800 ad
991 1764 1233 1801 intellectum
1255 1765 1358 1802 sicut
1373 1775 1461 1803 esse
1475 1768 1522 1804 ad
1540 1769 1770 1811 essentiam,

164 1811 235 1850 sed
261 1819 351 1848 esse
388 1809 563 1847 divinum
593 1812 654 1846 est
682 1809 768 1855 ejus
800 1811 975 1847 essentia
1007 1815 1048 1847 ut
1080 1820 1199 1857 supra
1234 1811 1332 1858 (cap.
1365 1813 1423 1859 22)
1464 1815 1669 1860 probatum
1704 1821 1777 1854 est.

164 1861 265 1905 Ergo
286 1856 507 1903 intelligere
527 1855 703 1892 divinum
725 1859 786 1893 est
815 1857 900 1902 ejus
933 1858 1171 1895 intellectus.
1197 1860 1425 1897 Intellectus
1456 1866 1586 1898 autem
1617 1863 1777 1901 divinus

163 1909 226 1943 est
242 1904 309 1941 Dei
328 1903 517 1947 essentia,
538 1903 637 1940 alias
662 1907 769 1940 esset
788 1904 974 1941 accidens
995 1906 1088 1942 Deo.
1123 1906 1311 1951 opportet
1342 1907 1464 1954 igitur
1496 1909 1602 1956 quod
1630 1910 1777 1947 intelli-

164 1961 258 2000 gere
279 1951 455 1988 divinum
477 1950 529 1987 sit
546 1950 632 1996 ejus
652 1950 838 1987 essentia.

209 1999 392 2044 Amplius,
415 2000 527 2034 actus
547 1997 748 2034 secundus
767 2002 827 2034 est
846 1999 1056 2044 perfectior
1075 2009 1192 2045 quam
1211 2003 1323 2037 actus
1338 2001 1504 2047 primus,
1521 2003 1625 2040 sicut
1643 2004 1777 2042 consi-

165 2045 317 2084 deratio
337 2053 455 2092 quam
476 2044 656 2096 scientia.
678 2044 850 2082 scientia
878 2049 1008 2082 autem
1039 2048 1100 2082 vel
1133 2047 1356 2085 intellectus
1389 2050 1456 2085 Dei
1490 2053 1550 2086 est
1583 2050 1669 2096 ipsa
1690 2052 1776 2097 ejus

164 2092 353 2137 essentia,
374 2091 409 2128 si
431 2094 492 2128 est
519 2091 761 2137 intelligens,
784 2095 823 2128 ut
849 2096 1055 2129 ostensum
1086 2097 1146 2130 est
1167 2096 1265 2140 (cap.
1286 2094 1360 2141 44),
1382 2105 1471 2132 cum
1500 2097 1607 2133 nulla
1631 2100 1777 2143 perfec-

163 2139 220 2176 tio
243 2138 453 2176 conveniat
471 2138 507 2175 ei
528 2138 811 2185 participative,
833 2140 901 2176 sed
922 2149 991 2185 per
1011 2140 1240 2186 essentiam,
1263 2145 1305 2178 ut
1339 2152 1387 2178 ex
1407 2145 1681 2189 superioribus
1709 2155 1776 2191 pa-

163 2189 220 2223 tet
239 2185 338 2232 (cap.
372 2187 419 2222 22
449 2188 488 2222 et
519 2185 655 2237 23)..Ξί
685 2186 806 2232 igitur
826 2195 899 2223 sua
930 2187 1197 2224 consideratio
1219 2197 1297 2225 non
1327 2189 1380 2226 sit
1407 2199 1481 2227 sua
1500 2192 1688 2236 essentia,
1711 2193 1778 2228 ali-

191 2232 258 2270 uid
280 2232 353 2268 erit
374 2241 448 2269 sua
467 2235 642 2269 essentia
663 2233 839 2270 nobilius
860 2237 897 2269 et
918 2234 1143 2279 perfectius,
1164 2238 1200 2271 et
1229 2236 1287 2272 sic
1305 2244 1386 2273 non
1405 2237 1478 2273 erit
1505 2238 1545 2273 in
1577 2238 1655 2274 fine
1688 2249 1772 2284 per-

183 2279 352 2322 ectionis
373 2283 410 2315 et
427 2279 629 2316 bonitatis.
652 2279 760 2316 Unde
782 2289 860 2317 non
883 2281 956 2316 erit
975 2282 1159 2326 primum.

190 2326 356 2378 ‘Aditum
377 2325 599 2378 intelligere
626 2330 687 2363 est
706 2330 818 2364 actus
836 2328 1109 2374 intelligentis.
1132 2328 1171 2365 Si
1190 2328 1311 2375 igitur
1331 2331 1435 2367 Deus
1456 2331 1683 2378 intelligens
1697 2341 1777 2369 non

165 2376 218 2410 sit
236 2381 353 2409 suum
374 2373 610 2425 intelligere,
632 2377 786 2419 oportet
806 2374 910 2421 quod
929 2379 1179 2421 comparetur
1198 2375 1246 2412 ad
1282 2376 1427 2421 ipsum,
1462 2378 1565 2414 sicut
1597 2379 1775 2424 potentia

165 2419 214 2456 ad
232 2423 376 2462 actum,
398 2423 434 2455 et
452 2422 507 2455 1ta
526 2428 566 2455 1n
585 2420 664 2457 Deo
679 2420 939 2467 eritpotentia
952 2425 990 2458 et
1003 2425 1128 2466 actus,
1148 2422 1254 2469 quod
1272 2426 1333 2459 est
1349 2423 1611 2469 impossibile,
1634 2429 1675 2461 ut
1689 2434 1776 2471 pro-

164 2465 300 2503 batum
322 2469 381 2502 est
399 2464 498 2517 (cap.
512 2468 558 2502 26
577 2469 615 2502 et
632 2465 711 2513 27).

210 2513 312 2554 Item,
335 2520 468 2548 omnis
488 2512 711 2549 substantia
730 2517 791 2550 est
813 2517 971 2559 propter
989 2523 1102 2551 suam
1125 2515 1408 2560 operationem.
1432 2517 1471 2553 Si
1493 2518 1615 2564 igitur
1635 2528 1774 2564 opera-

165 2558 221 2596 tio
243 2558 312 2595 Dei
334 2559 386 2595 sit
405 2558 554 2605 aliquid
575 2558 682 2595 aliud
704 2569 821 2606 quam
843 2561 976 2597 divina
1011 2562 1246 2605 substantia,
1281 2562 1354 2598 erit
1380 2562 1472 2600 finis
1507 2563 1594 2610 ejus
1625 2566 1776 2613 aliquid

164 2605 272 2690 {liud
294 2615 317 2658 a
336 2614 379 2643 se
402 2605 517 2641 etsie
538 2605 641 2642 Deus
665 2614 746 2642 non
779 2607 853 2643 erit
881 2615 955 2643 sua
985 2607 1158 2651 bonitas,
1189 2617 1278 2644 cum
1311 2608 1462 2646 bonum
1491 2611 1703 2657 cujuslibet
1723 2613 1776 2651 sit

196 2661 260 2689 nis
274 2662 293 2688 e
312 2661 373 2689 us.
899 2672 903 2676 ·

195 2699 253 2751 ‘Si
272 2662 594 2751 aJ11‚tem.divinum
615 2698 836 2745 intelligere
855 2702 915 2737 est
934 2698 1019 2746 ejus
1039 2709 1142 2744 esse,
1160 2710 1325 2740 necesse
1344 2707 1404 2740 est
1423 2704 1528 2751 quod
1548 2705 1771 2753 intelligere

169 2754 255 2792 ejus
294 2749 347 2782 sit
376 2745 558 2791 Simplex,
592 2749 782 2782 aeternum
815 2750 852 2782 et
874 2747 1103 2784 invariabile
1135 2751 1173 2784 et
1206 2753 1295 2786 actu
1331 2753 1482 2787 tantum
1516 2753 1704 2796 existens,
1737 2757 1774 2789 et

166 2791 303 2829 omnia
322 2801 409 2839 quae
429 2792 476 2829 de
494 2791 628 2828 divino
650 2800 739 2828 esse
758 2792 921 2837 probata
941 2797 1047 2830 sunt.
1070 2796 1155 2831 Non
1176 2799 1236 2832 est
1254 2796 1374 2842 igitur
1394 2799 1497 2835 Deus
1529 2798 1570 2835 in
1599 2800 1775 2845 potentia

163 2837 409 2884 intelligens,
427 2842 494 2876 aut
514 2838 561 2875 de
584 2847 685 2875 novo
715 2839 864 2885 aliquid
896 2840 1115 2887 intelligere
1145 2842 1354 2888 incipimus,
1392 2845 1451 2881 vel
1480 2854 1772 2893 quamcumque

160 2887 418 2922 mutationem
430 2892 838 2936 autcompositloueiu
851 2905 889 2930 iu
903 2888 1334 2942 intelligendoliabens.
1348 2900 1636 2949 (lpart.,q.><1V,
1648 2898 1782 2944 art.4.)
