1894 3223
127 123 194 157 188
723 119 811 155 LIB.
841 119 886 158 11,
915 118 1018 154 CAP.
1045 118 1161 154 thv.

123 210 219 239 num
257 200 413 238 animae.
440 199 547 236 Unde
579 198 831 245 impossibile
864 202 925 236 est
954 199 1060 246 quod
1091 199 1224 246 aliqua
1260 200 1395 238 anima
1425 200 1478 238 sit
1511 202 1748 248 complexio.

168 247 313 292 Adhuc,
334 246 558 291 complexio
578 254 703 292 quum
727 246 780 282 sit
799 245 998 292 quoddam
1025 247 1286 284 constitutum
1308 257 1356 284 ex
1390 249 1603 286 contrariis
1623 250 1749 296 quali·

124 295 269 332 tatibus
296 292 411 340 quasi
431 292 608 345 medium
630 292 735 344 inter
755 302 838 337 eas,
860 293 1111 339 impossibile
1127 297 1190 331 est
1208 294 1315 341 quod
1336 294 1388 331 sit
1408 295 1536 332 forma
1566 295 1751 333 substan-

126 340 256 385 tialis;
280 348 373 376 nam
391 338 626 377 substantlae
644 339 745 376 nihil
766 343 827 377 est
845 341 1103 382 contrarium,
1123 350 1196 378 nec
1213 341 1382 387 suscipit
1406 343 1535 388 magis
1550 346 1588 379 et
1602 343 1750 380 minus.

120 387 261 424 Anima
281 390 414 423 autem
431 388 492 438 est
513 386 641 423 forma
663 386 941 424 substantialis
963 391 1001 424 et
1018 397 1099 425 non
1126 388 1405 433 accidentalis3
1436 389 1536 426 alias
1566 399 1636 436 per
1669 390 1753 427 ani—

126 442 334 516 mamlnon
363 436 573 470 sortiretur
596 433 746 480 aliquid
779 443 908 481 genus
939 434 1000 472 vel
1037 435 1224 482 speciem.
1258 435 1400 472 Anima
1431 436 1554 484 igitur
1583 446 1664 475 non
1695 440 1755 475 est

123 490 238 525 comp
257 488 361 517 exlo.

166 527 310 568 Adhuc,
332 527 556 574 complexio
582 536 662 564 non
685 532 816 565 movet
838 538 984 574 corpus
1008 528 1194 566 animalis
1215 533 1326 567 motu
1343 530 1485 574 locali;
1520 535 1754 578 sequeretur

120 575 226 611 enim
243 577 397 612 motum
417 575 676 619 dominantis,
697 578 733 611 et
754 575 813 612 sic
834 585 991 622 semper
1013 575 1201 613 deorsum
1222 577 1402 615 serretur.
1441 578 1583 616 Anima
1620 582 1752 615 autem

122 625 255 658 movet
271 621 419 659 animal
442 621 484 658 in
501 630 659 659 omnem
680 625 847 668 partem.
871 624 958 659 Non
985 628 1046 660 est
1065 623 1187 670 igitur
1206 624 1340 660 anima
1360 625 1599 671 complexio.

169 669 353 714 Amplius,
373 669 507 706 anima
527 669 628 715 regit
648 678 794 715 corpus
815 673 853 706 et
874 673 1070 717 repugnat
1102 670 1361 715 passionibus
1395 682 1482 719 quae
1511 673 1752 718 complexio-

120 725 212 752 nem
233 719 477 762 sequuntur3
499 725 547 753 ex
567 716 846 762 complexione
871 717 978 754 enim
999 716 1123 763 aliqui
1144 720 1239 753 sunt
1258 719 1387 765 magis
1407 719 1498 756 aliis
1525 720 1573 756 ad
1603 729 1752 756 eoncu-

118 763 338 809 piscentias
356 763 418 800 vel
437 763 518 800 iras
537 763 631 809 apti,
658 763 725 810 qui
744 767 877 801 tamen
896 763 1026 809 magis
1044 763 1092 800 ab
1114 763 1173 801 eis
1187 763 1402 809 abstinent,
1426 770 1585 812 propter
1602 765 1753 812 aliquid

119 810 341 855 refrenans,
363 813 406 847 ut
421 813 526 856 patet
548 810 589 846 in
608 810 921 848 continentibus.
944 812 1025 848 Hoc
1046 813 1177 848 autem
1196 820 1278 848 ΠοΠ
1298 811 1392 849 facit
1412 813 1649 859 complexio.
1666 814 1753 850 Non

119 860 179 894 est
199 856 322 903 igitur
343 857 478 894 anima
498 857 738 902 complexio.

168 905 362 950 Deceptus
387 908 518 941 autem
540 904 666 941 fuisse
685 904 838 942 videtur
869 906 1041 942 Galenus
1063 915 1109 942 ex
1130 906 1206 942 hoc
1227 906 1334 952 quod
1367 915 1448 943 non
1484 906 1753 943 consideravit

119 951 234 988 aliter
244 951 456 997 passiones
471 951 631 988 attribui
648 952 915 997 complexioni
932 956 969 990 et
986 952 1101 990 aliter
1122 953 1279 990 animae.
1294 953 1566 999 complexioni
1582 963 1752 1000 namque

122 998 392 1035 attribuuntur
412 998 518 1035 sicut
537 997 781 1044 disponenti,
804 1003 842 1036 et
856 1004 1049 1046 quantum
1071 999 1119 1036 ad
1140 1000 1180 1036 id
1196 1000 1301 1046 quod
1318 1001 1592 1037 estmateriale
1608 1001 1647 1037 in
1666 1010 1754 1046 pas-

119 1045 317 1087 sionibus,
340 1045 444 1082 sicut
479 1045 610 1082 fervor
630 1046 842 1092 sanguinis
863 1051 899 1083 et
923 1046 1174 1093 huJusmodi3
1208 1047 1351 1084 animae
1385 1052 1529 1092 autem,
1564 1052 1751 1095 tanquam

118 1092 328 1143 principali
350 1100 563 1143 causam-ex
582 1096 690 1137 parte
713 1093 800 1140 ejus
821 1094 928 1140 quod
962 1098 1023 1132 est
1059 1094 1102 1131 in
1140 1094 1402 1140 passionibus
1432 1095 1612 1135 formale,
1647 1095 1752 1132 sicut

121 1141 164 1175 in
185 1148 244 1175 ira
264 1142 462 1185 appetitus
481 1138 679 1176 vindirtae.

768 1287 936 1329 CAPU'l'
970 1289 1105 1331 LXIV.

599 1408 700 1441 oron
723 1407 851 1436 ANmA
875 1407 954 1435 NON
976 1407 1036 1436 sir
1054 1407 1272 1437 HARMONIA.

164 1518 316 1556 Similis
341 1521 473 1555 autem
490 1517 686 1564 praedictae
707 1517 898 1563 positioni
920 1521 980 1554 est
1012 1517 1159 1563 positio
1195 1517 1412 1554 dicentium
1447 1517 1622 1555 animam
1657 1527 1746 1556 esse

116 1565 380 1602 harmoniam.
401 1567 488 1602 Non
511 1565 616 1601 enim
635 1565 915 1601 intellexerunt
934 1564 1108 1601 animam
1129 1573 1218 1601 esse
1255 1564 1504 1602 harmoniam
1534 1574 1744 1611 sonorum,

117 1613 186 1650 sed
207 1613 497 1650 contrariorum
519 1622 566 1648 ex
582 1612 728 1658 quibus
744 1612 930 1648 videbant
949 1612 1136 1658 componi
1160 1621 1326 1658 corpora
1346 1612 1533 1649 animata.
1549 1613 1644 1657 Quae
1664 1614 1749 1659 qui-

117 1660 204 1696 dem
226 1660 361 1705 opinio
384 1659 426 1696 in
458 1659 586 1705 primo
607 1659 708 1696 libro
742 1661 792 1695 Dc
811 1660 936 1694 anima
973 1659 1080 1706 (text.
1103 1668 1248 1696 comm.
1288 1658 1347 1706 54)
1383 1660 1542 1696 videtur
1582 1660 1745 1697 attribui

115 1707 359 1752 Empedocli;
383 1707 595 1753 Gregorius
616 1710 747 1742 autem
769 1708 974 1752 Nyssenus
997 1706 1060 1752 (De
1082 1707 1196 1749 Phil„
1216 1706 1241 1742 l.
1264 1715 1306 1750 11,
1326 1717 1361 1743 c.
1384 1706 1419 1753 3)
1451 1707 1632 1744 attribuit
1659 1716 1746 1743 eam

115 1754 326 1837 Dissarcho.
350 1753 458 1790 Unde
479 1757 516 1790 et
536 1753 781 1800 improbatur
801 1754 905 1790 sicut
928 1757 966 1789 et
984 1753 1229 1799 praecedens,
1245 1758 1282 1790 et
1298 1754 1427 1791 adhuc
1441 1755 1614 1800 propriis
1628 1755 1745 1791 ratio-

121 1810 160 1837 ni
195 1810 253 1838 us.

162 1849 286 1885 Omne
305 1848 412 1884 enim
431 1857 576 1893 corpus
596 1847 763 1883 mixtum
803 1847 1051 1884 harmoniam
1084 1847 1202 1884 habet
1221 1851 1260 1884 et
1293 1847 1635 1893 complexionem
1671 1858 1745 1885 nec

117 1894 324 1932 harmonia
340 1897 470 1941 potest
488 1903 645 1931 movere
666 1903 811 1939 corpus
829 1898 897 1930 aut
916 1903 1052 1940 regere
1073 1894 1205 1940 ipsum
1235 1894 1297 1931 vel
1334 1904 1555 1941 repugnare
1590 1895 1744 1940 passio·

115 1942 233 1979 nibus
254 1942 358 1979 sicut
377 1944 415 1979 et
435 1941 680 1986 complexim
713 1941 932 1978 intenditur
953 1941 1071 1977 etiam
1103 1945 1141 1978 et
1170 1941 1396 1986 remittitur,
1435 1942 1538 1978 sicut
1569 1946 1607 1978 et
1639 1951 1743 1979 com-

113 1989 258 2034 plexio.
281 1990 335 2025 Ex
355 1988 500 2036 quibus
521 1988 708 2025 omnibus
732 1987 961 2025 ostenditur
996 1987 1103 2034 quod
1141 1989 1275 2025 anima
1309 1998 1392 2026 non
1427 1989 1482 2026 sit
1517 1989 1742 2035 harmonia,

117 2036 221 2072 sicut
237 2045 310 2073 nec
331 2035 567 2081 complexio.

160 2083 304 2124 Adhuc,
345 2083 445 2119 ratio
483 2083 701 2119 harmoniae
743 2083 872 2129 magis
903 2082 1089 2119 convenit
1121 2083 1380 2129 qualitatibus
1419 2083 1598 2129 corporis
1623 2093 1740 2130 quam

114 2130 278 2174 animae;
300 2139 391 2167 nam
414 2130 565 2167 sanitas
581 2134 641 2166 est
657 2129 837 2175 quaedam
853 2129 1062 2166 harmonia
1077 2129 1305 2174 humorum,
1326 2130 1516 2167 fortitudo
1530 2140 1741 2167 nervorum

114 2180 153 2213 et
171 2178 340 2221 ossium,
362 2177 615 2223 pulchritudo
636 2176 905 2213 membrorum
928 2180 965 2213 et
984 2177 1178 2213 colorum.
1211 2179 1297 2214 Non
1324 2181 1455 2214 autem
1489 2181 1621 2223 potest
1641 2179 1742 2214 assi-

113 2225 227 2271 gnari
247 2224 424 2272 qualium
446 2224 654 2261 harmonia
675 2224 727 2260 sit
747 2233 893 2261 sensus
915 2227 982 2260 aut
1003 2224 1230 2262 intellectus
1251 2228 1289 2261 et
1307 2228 1448 2262 caetera
1471 2234 1557 2272 quae
1587 2224 1635 2261 ad
1656 2225 1741 2262 ani-

112 2280 218 2308 mam
234 2272 446 2317 pertinent.
470 2273 557 2308 Non
575 2274 635 2308 est
650 2271 773 2317 igitur
792 2271 926 2307 anima
946 2271 1169 2307 harmonia.

159 2319 342 2364 Amplius,
364 2318 574 2356 harmonia
593 2318 737 2355 dicitur
754 2318 964 2363 dupliciter
985 2330 992 2354 :
1018 2327 1096 2354 uno
1114 2318 1247 2363 modo,
1269 2318 1639 2364 ipsa-compostum
1661 2319 1741 2356 alio

113 2366 248 2410 modo,
271 2366 372 2403 ratio
394 2365 716 2411 compositionis.
736 2365 878 2402 Anima
897 2368 1029 2402 autem
1049 2374 1130 2402 non
1153 2369 1213 2402 est
1233 2365 1487 2411 compositio,
1516 2366 1610 2412 quia
1630 2374 1743 2411 opor-

111 2416 210 2450 teret
230 2413 334 2460 quod
356 2422 606 2461 unaquaeque
621 2421 713 2459 pars
735 2412 877 2450 animae
898 2416 1005 2449 esset
1032 2413 1272 2458 compositio
1305 2413 1528 2460 aliquarum
1565 2414 1739 2459 partium

112 2460 313 2506 corporis3
337 2460 442 2507 quod
463 2469 545 2498 non
565 2464 626 2497 est
645 2459 867 2506 assignare.
891 2459 1083 2497 Similiter
1102 2468 1184 2497 non
1213 2464 1275 2498 est
1293 2460 1395 2497 ratio
1416 2460 1737 2506 compositionis,

112 2507 218 2553 quia,
242 2516 364 2555 quum
383 2508 423 2543 in
441 2506 609 2544 diversis
630 2507 810 2553 partibus
831 2506 1010 2552 corporis
1032 2506 1114 2544 sint
1145 2506 1312 2544 diversae
1334 2507 1509 2545 rationes
1543 2516 1615 2544 seu
1648 2514 1739 2557 pro·

110 2555 316 2598 portiones
338 2554 658 2600 compositionis,
679 2554 850 2600 singulae
869 2558 1002 2599 partes
1022 2555 1203 2600 corporis
1223 2555 1416 2591 haberent
1436 2554 1620 2600 singulas
1652 2560 1738 2589 am·

110 2608 220 2644 mas3
243 2601 358 2638 aliam
383 2602 488 2638 enim
510 2601 683 2638 animam
708 2601 870 2638 haberet
890 2609 937 2638 os
959 2604 997 2637 et
1015 2610 1108 2638 caro
1123 2605 1162 2638 et
1179 2611 1340 2645 nervus,
1362 2610 1482 2648 quum
1499 2601 1581 2637 sint
1599 2607 1738 2636 secun-

109 2645 204 2699 dum
225 2647 420 2699 diversam
441 2648 737 2694 proportionem
759 2648 1003 2694 composita;
1026 2647 1133 2695 quod
1152 2652 1258 2695 patet
1276 2657 1365 2686 esse
1386 2647 1544 2684 falsum.
1565 2649 1647 2683 Non
1676 2649 1738 2683 est

109 2697 233 2741 igitur
253 2703 386 2730 anima
406 2695 631 2732 harmonia.
