1894 3223
743 130 831 167 LlB.
860 131 923 169 lli,
952 130 1053 166 CAP.
1081 129 1198 166 CLVI.
1667 132 1738 167 479

111 215 151 252 et
168 224 177 250 ε
195 213 297 250 lesus
313 212 489 253 Christus,
511 213 546 247 et
565 212 659 247 Deus
677 213 711 246 et
731 212 837 246 Pater·
863 215 1043 255 noster...,
1063 211 1271 247 exhortetur
1287 210 1399 247 corda
1419 213 1541 247 vestra
1556 213 1591 248 et
1608 213 1737 257 confir-

110 262 182 297 met
208 262 248 295 in
274 260 373 296 omni
390 268 493 303 opere
509 261 544 294 et
567 267 726 294 sermone
760 258 860 294 bon0.
883 259 933 303 (II
953 259 1150 302 Thess.,11‚
1174 261 1229 301 15,
1251 258 1323 304 16.)
1346 259 1426 294 Hoc
1456 258 1572 294 etiam
1606 258 1736 304 ipsum

111 307 153 344 in
187 306 364 344 oratione
402 304 606 342 Dominica
641 304 797 351 petitur,
819 305 987 342 maxime
1025 313 1147 352 quum
1183 304 1324 342 dicitur
1343 316 1351 341 ε
1373 305 1558 341 Adveniat
1588 315 1739 350 regnum

111 356 235 396 naum,-
258 361 338 390 non
359 352 461 390 enim
485 352 600 392 nobis
620 351 799 389 adveniet
817 360 983 399 regnum
1007 352 1088 396 Dei,
1108 352 1184 389 nisi
1203 352 1242 388 in
1266 351 1372 389 bono
1393 352 1585 389 fuerimus
1604 361 1739 398 perse·

110 403 307 438 verantes.
329 399 569 438 Derisorium
588 402 718 436 autem
739 401 847 436 esset
876 398 1022 445 aliquid
1043 408 1067 436 a
1087 400 1166 436 Deo
1197 402 1329 445 petere
1362 398 1478 445 cujus
1509 399 1593 445 ipse
1626 399 1740 436 dator

111 454 194 486 non
213 449 332 484 esset.
356 448 423 484 Est
439 446 559 493 igitur
577 446 867 492 perseverantia
883 444 1057 482 hominis
1077 454 1100 482 a
1118 447 1210 482 Deo.

160 494 233 531 Per
250 493 328 531 hoc
347 496 478 531 autem
510 493 729 530 excluditur
760 501 871 529 error
903 493 1219 539 pelagianorum,
1247 492 1313 539 qui
1334 492 1517 530 dixerunt
1547 492 1668 540 quod,
1690 493 1738 530 ad

110 541 445 594 perseverandum
461 541 501 577 in
521 541 642 585 bono,
670 538 816 577 sufficit
846 539 1019 576 hominis
1046 539 1210 576 liberum
1245 539 1461 584 arbitrium,
1493 549 1566 577 nec
1585 540 1633 577 ad
1662 540 1739 578 hoc

110 587 262 635 indiget
279 588 425 625 auxilio
442 587 588 635 gratiae.

159 635 370 672 Sciendum
390 638 522 671 tamen
544 637 604 671 est
623 633 742 681 quod,
764 643 854 671 cum
892 634 958 670 ille
996 633 1062 680 qui
1088 632 1253 680 gratiam
1278 632 1395 670 habet
1429 636 1535 679 petat
1552 642 1575 671 a
1595 635 1675 671 Deo
1696 637 1740 671 ut

110 687 335 730 perseveret
350 682 388 719 in
409 682 528 726 bono,
549 682 652 719 sicut
671 681 836 718 liberum
857 681 1058 718 arbitrium
1078 689 1157 717 non
1180 679 1326 717 sufficit
1344 681 1391 717 ad
1412 680 1531 718 istum
1554 681 1736 718 effectum

111 728 180 776 qui
199 732 260 766 est
277 738 527 775 perseverare
546 729 586 765 in
605 729 711 766 bono
732 728 817 766 sine
834 728 1016 765 exteriori
1037 727 1103 764 Dei
1123 727 1283 772 auxilio,
1305 728 1358 764 ita
1378 736 1450 764 neo
1471 728 1516 764 ad
1536 727 1612 765 hoc
1633 727 1740 765 suffi-

112 776 167 814 cit
180 775 323 823 aliquis
343 776 500 813 habitus
522 775 636 813 nobis
658 775 828 813 infusus.
852 775 1014 812 Habitus
1035 775 1138 810 enim
1159 774 1226 821 qui
1253 775 1368 812 nobis
1399 774 1662 811 infunduntur
1682 774 1739 811 di-

112 823 274 868 vinitus,
295 823 514 860 secundum
536 827 680 860 statum
702 822 907 868 praesentis
927 822 1026 866 vitae,
1049 830 1129 858 non
1162 822 1346 858 auferunt
1375 831 1397 858 a
1430 821 1553 858 libero
1579 821 1739 858 arbitrio

112 870 286 908 totaliter
305 870 559 907 mobilitatem
583 870 629 906 ad
653 870 814 913 malum,
836 869 926 907 licet
942 879 1010 915 per
1029 877 1099 905 eos
1115 867 1279 905 liberum
1299 868 1501 905 arbitrium
1519 868 1741 915 aliqualiter

113 917 336 955 stabiliatur
354 917 393 954 in
415 918 533 954 bono.
557 919 600 953 Et
619 916 721 962 ideo,
743 925 864 962 quum
897 916 1064 953 dicimus
1092 914 1294 952 hominem
1326 916 1518 963 indigene,
1541 917 1588 952 ad
1612 924 1740 962 perse-

112 964 330 1001 verandum
350 963 532 1008 finaliter,
554 963 699 1001 auxilio
760 964 878 1007 ratiae,
899 971 979 1000 non
1010 961 1268 1010 intelligimus
1293 963 1413 1010 quod,
1436 972 1555 1008 super
1574 962 1739 1010 gratiam

112 1010 352 1048 habitualem
374 1011 483 1056 prius
502 1011 676 1047 infusam
697 972 862 1047 adgbene
883 1009 1236 1061 operandurmalia
1257 1011 1427 1055 desuper
1440 1009 1670 1046 infundatur
1690 1008 1739 1045 ad

113 1057 472 1104 perseverandum;
499 1057 569 1095 sed
600 1056 859 1108 intelligimus
892 1057 1012 1103 quod,
1033 1056 1176 1093 habitis
1205 1057 1390 1094 omnibus
1420 1056 1619 1093 habitibus
1651 1064 1739 1104 gra·

112 1103 386 1198 tuiti(s‚¹a11dhuc
405 1104 554 1151 indiget
569 1103 690 1197 hogno
711 1104 849 1141 divinae
870 1103 1122 1150 providentiae
1151 1103 1296 1141 auxilio
1317 1103 1488 1141 exterius
1519 1103 1742 1151 gubernan-

112 1150 179 1190 tis.
215 1159 243 1189 ι-
282 1178 292 1196 ,
311 1159 349 1198 q.
370 1158 447 1195 mx,
469 1154 542 1188 art.
562 1153 618 1188 10.

760 1290 929 1333 CAPUT
977 1290 1109 1332 CLVI.

328 1411 428 1445 QUOD
455 1410 540 1440 ILLE
567 1410 633 1445 QUI
657 1410 811 1440 DECIDIT
835 1410 863 1440 A
888 1410 1034 1440 GRATIA
1057 1410 1132 1440 PER
1156 1406 1360 1442 PECCA'I'UM
1381 1411 1527 1441 POTEST

586 1469 732 1499 ITERUM
755 1469 830 1498 PER
854 1469 1028 1498 GRATIAM
1052 1469 1261 1499 REPARARI.

163 1575 216 1612 Ex
235 1572 298 1612 his
317 1577 446 1611 autem
468 1577 629 1620 apparet
647 1573 751 1620 quod
773 1582 842 1619 per
861 1572 1049 1610 auxilium
1067 1573 1201 1621 gratiae
1218 1572 1354 1618 homo,
1370 1573 1484 1610 etiam
1507 1573 1540 1610 si
1557 1581 1635 1611 non
1655 1583 1741 1621 per·

115 1622 363 1665 severaverit,
386 1621 455 1658 sed
475 1622 515 1657 in
536 1625 737 1667 peccatum
761 1620 956 1664 ceciderit,
978 1622 1107 1666 potest
1125 1621 1298 1666 reparari
1317 1619 1365 1657 ad
1386 1621 1548 1658 bouum.

163 1669 344 1715 Ejusdem
365 1668 467 1704 enim
489 1667 642 1705 virtutis
662 1671 723 1704 est
756 1667 987 1705 continuare
1009 1667 1176 1704 salutem
1213 1667 1381 1714 alicujus
1415 1672 1452 1704 et
1482 1668 1738 1714 interruptam

114 1724 323 1762 reparare3
345 1715 448 1752 siout
467 1714 571 1751 enim
594 1723 664 1761 per
680 1712 862 1751 virtutem
895 1715 1114 1751 naturalem
1143 1714 1397 1752 continuatur
1421 1715 1571 1752 sanitas
1597 1715 1637 1751 in
1657 1724 1741 1752 cor-

114 1772 225 1809 pore,
243 1763 299 1799 ita
329 1771 399 1808 per
428 1761 606 1798 eamdem
629 1761 809 1798 virtutem
840 1762 1057 1798 naturalem
1093 1762 1242 1798 sanitas
1273 1761 1489 1807 interrupta
1522 1765 1737 1808 reparatur.

116 1811 242 1848 Homo
261 1812 390 1846 autem
412 1811 636 1854 perseverat
654 1809 693 1844 in
713 1808 833 1852 bono,
855 1808 1001 1845 auxilio
1026 1808 1330 1860 divinaeegratiae,
1353 1812 1396 1845 ut
1427 1809 1475 1861 (o.
1500 1810 1580 1855 155)
1611 1811 1741 1845 osten-

113 1865 204 1894 sum
226 1859 299 1893 est.
320 1856 455 1903 Igitur,
478 1855 512 1893 si
528 1864 598 1901 per
611 1857 815 1901 peccatum
835 1854 973 1901 lapsus
994 1855 1122 1900 fuerit,
1143 1855 1320 1901 ejusdem
1345 1858 1480 1903 gratiae
1502 1854 1649 1893 auxilio
1669 1865 1740 1902 po·

113 1903 204 1941 terit
219 1912 259 1940 re
288 1902 404 1940 arari.

161 1913 307 1994 Adhssc,
330 1958 454 1997 agens
473 1949 578 1996 quod
598 1958 679 1987 non
699 1949 861 1996 requirit
881 1948 1178 1995 dispositionem
1201 1949 1242 1986 in
1273 1949 1450 1995 subjecto
1471 1952 1603 1996 potest
1622 1959 1739 1987 suum

114 1995 298 2035 effectum
318 1997 544 2042 imprimere
563 1997 604 2033 in
631 1996 850 2042 subjectum
879 1996 1217 2043 qualitercumque
1244 1996 1480 2043 dispositum
1497 2008 1506 2041 ;
1525 1999 1564 2033 et
1581 2001 1741 2044 propter

113 2043 192 2082 hoc
211 2045 330 2089 Deus,
350 2044 417 2091 qui
435 2044 475 2080 in
497 2043 651 2091 agendo
672 2052 752 2080 non
782 2043 944 2090 requirit
975 2043 1196 2088 subjectum
1226 2043 1479 2090 dispositum,
1500 2047 1631 2089 potest
1650 2044 1740 2082 abs-

114 2100 193 2138 que
213 2091 474 2137 dispositione
489 2090 653 2136 subjecti
676 2091 843 2128 formam
862 2090 1081 2127 naturalem
1097 2090 1299 2135 inducere,
1320 2094 1455 2136 utpote
1476 2090 1569 2127 dum
1590 2099 1739 2128 caecum

114 2137 313 2174 illuminat
331 2140 370 2173 et
388 2140 586 2174 mortuum
607 2137 789 2178 vivificat,
812 2142 850 2174 et
869 2137 926 2174 sic
947 2137 993 2174 de
1015 2137 1225 2175 similibus.
1248 2138 1338 2182 Sed,
1354 2138 1457 2175 siout
1475 2146 1555 2174 non
1579 2138 1743 2184 requirit

115 2183 416 2230 dispositionem
447 2183 667 2220 naturalem
684 2184 725 2220 in
753 2183 931 2230 subjecto
958 2192 1163 2230 corporeo,
1182 2184 1235 2221 ita
1258 2193 1338 2221 non
1365 2184 1527 2231 requirit
1557 2185 1739 2221 meritum

114 2229 154 2268 in
174 2230 375 2268 voluntate
387 2230 435 2267 ad
456 2230 622 2277 gratiam
636 2230 931 2275 conferendam,
947 2230 1040 2276 quia
1058 2231 1143 2267 sine
1161 2231 1311 2268 meritis
1326 2231 1452 2275 datur,
1472 2233 1515 2267 ut
1531 2234 1738 2268 ostensum

116 2281 178 2315 est
195 2277 244 2324 (c.
268 2276 362 2324 149).
389 2278 489 2324 Ergo
512 2277 676 2323 gratiam
695 2279 849 2324 gratum
870 2276 1091 2320 facientem,
1111 2286 1181 2323 per
1199 2286 1315 2324 quam
1345 2281 1507 2324 peccata
1531 2277 1739 2323 tolluntur,

117 2325 223 2362 Deus
244 2323 361 2361 alicui
380 2323 560 2360 conferre
577 2327 722 2370 potest,
751 2324 868 2361 etiam
904 2326 1116 2370 postquam
1154 2332 1178 2361 a
1208 2324 1333 2372 gratia
1368 2324 1507 2362 cecidit
1543 2333 1614 2370 per
1649 2333 1740 2371 pec-

117 2375 262 2409 catum.

163 2419 346 2463 Amplius,
372 2427 420 2454 ea
448 2417 536 2455 sola
557 2416 679 2455 homo
699 2426 930 2463 recuperare
959 2418 1107 2455 amissa
1135 2426 1216 2454 non
1236 2420 1366 2464 potest
1385 2427 1471 2465 quae
1491 2427 1560 2464 per
1608 2427 1740 2455 enera-

115 2464 264 2502 tionem
284 2464 319 2501 ei
340 2464 566 2509 adveniunt,
588 2464 691 2501 sicut
707 2465 905 2511 potentias
926 2465 1127 2501 naturales
1147 2467 1185 2501 et
1216 2464 1406 2508 membra,
1428 2473 1474 2501 eo
1495 2473 1573 2510 quo
1617 2464 1738 2501 homo

116 2520 198 2549 non
213 2515 343 2558 potest
362 2511 503 2548 iterum
523 2511 717 2558 generari.
733 2510 928 2548 Auxilium
956 2515 1085 2548 autem
1102 2511 1236 2563 gratiae
1256 2511 1370 2548 datur
1388 2511 1552 2555 homini,
1570 2520 1648 2547 non
1669 2521 1740 2557 per

116 2558 428 2606 generationem,
450 2558 519 2594 sed
542 2561 750 2604 postquam
766 2557 848 2603 jam
867 2560 938 2594 est.
959 2559 1092 2595 Potest
1110 2558 1242 2605 igitur,
1264 2561 1353 2603 post
1373 2557 1628 2595 amissionem
1650 2567 1738 2606 gra·

106 2605 181 2643 ·tiae
198 2614 268 2652 per
286 2609 504 2651 peccatum,
525 2604 666 2641 iterum
687 2604 858 2650 reparari
879 2604 927 2641 ad
948 2608 1109 2650 peccata
1128 2604 1306 2642 delenda.

161 2653 262 2694 Item,
285 2652 411 2699 gratia
440 2655 500 2687 est
533 2651 714 2698 quaedam
743 2650 957 2687 habitualis
980 2651 1186 2697 dispositio
1206 2651 1246 2687 in
1280 2651 1425 2697 anima,
1455 2656 1499 2689 ut
1529 2655 1736 2689 ostensum

117 2702 180 2736 est
197 2699 246 2746 (c.
269 2700 364 2745 150).
386 2698 459 2735 Sed
478 2697 636 2735 habitus
651 2697 831 2744 acquisiti
852 2706 920 2743 per
940 2701 1066 2743 actus,
1089 2698 1123 2735 si
1143 2698 1384 2743 amittantur,
1405 2702 1576 2745 possunt
1595 2698 1735 2735 iterum

117 2746 311 2792 reacquiri
330 2755 399 2792 per
424 2749 536 2782 actus
569 2754 639 2790 per
668 2753 772 2791 quos
791 2743 972 2790 acquisiti
1006 2748 1114 2782 sunt.
1149 2745 1269 2782 Multo
1299 2745 1420 2793 igitur
1451 2745 1580 2793 magis
1612 2745 1739 2792 gratia

118 2792 200 2828 Deo
221 2793 471 2839 conjungens
497 2796 536 2828 et
565 2801 590 2829 a
620 2795 782 2838 peccato
814 2790 1002 2835 liberans,
1036 2791 1071 2828 si
1103 2791 1317 2836 amittatur,
1349 2792 1480 2829 divina
1508 2792 1738 2838 operatione

118 2846 161 2876 re
191 2839 292 2876 arari
338 2843 453 2876 otest.

164 2847 354 2927 l1³³1·aetereI‹)z,
373 2886 416 2922 in
433 2885 621 2932 operibus
643 2884 710 2922 Dei
727 2893 807 2923 non
829 2887 890 2922 est
909 2884 1057 2932 aliquid
1086 2883 1246 2929 frustra,
1268 2884 1371 2923 sicut
1388 2894 1463 2923 nec
1490 2885 1529 2923 in
1551 2884 1738 2932 operibus
