1894 3223
678 120 769 155 ΠΒ.
796 119 825 163 1,
853 119 956 157 CAP.
981 119 1086 155 xcu.
1649 126 1693 161 97

120 201 335 240 Sciendum
349 203 483 238 tamen
498 200 617 239 etiam
632 199 732 237 alias
751 200 1028 244 perfectiones,
1044 211 1131 248 quae
1146 201 1367 240 secundum
1387 203 1559 249 speeiem
1578 213 1691 242 suam

73 249 218 288 divinae
240 247 470 295 perfectioni
488 250 723 293 repugnant,
747 247 786 282 in
808 250 921 284 saera
938 248 1137 294 Scriptura
1155 249 1202 286 de
1223 250 1303 286 Deo
1323 249 1414 291 dici,
1434 259 1515 287 non
1532 251 1692 297 quidem

72 296 247 347 proprie,
277 299 320 333 ut
347 294 556 341 probatum
586 297 660 335 est,
693 293 762 330 sed
801 295 1081 339 metaphorice,
1110 299 1269 342 propter
1299 297 1599 335 similitudinem
1632 299 1694 336 vel

74 342 303 386 effectuum,
327 341 388 378 vel
410 341 580 388 alicujus
601 339 824 378 affectionis
845 342 1117 386 praecedentis.

124 390 220 427 Dico
238 393 370 426 autem
388 387 615 432 effectuum,
637 388 731 434 quia
753 388 949 424 interdum
970 389 1154 425 voluntas
1188 400 1234 427 ex
1263 391 1469 437 sapientiae
1490 393 1628 429 ordine
1653 394 1694 430 in

72 437 191 476 illum
212 435 396 474 effectum
417 435 556 479 tendit,
581 435 622 472 in
644 444 758 486 quem
793 435 938 486 aliquis
972 446 1018 472 ex
1048 437 1235 481 passione
1254 438 1446 476 defectiva
1466 439 1693 478 inclinatur.

72 484 199 523 {udex
229 483 336 520 enim
364 492 412 519 ex
440 482 596 529 J'ustitia
627 486 753 528 punit,
785 486 888 518 sicut
920 486 957 518 et
979 483 1114 534 'iratus
1144 494 1190 520 ex
1218 485 1289 522 ira.
1316 485 1465 523 Dicitur
1485 487 1605 533 igitur
1625 488 1695 524 ali-

75 530 236 578 quando
259 532 364 567 Deus
384 529 523 573 iratus,
545 529 585 565 in
605 533 796 575 quantum
825 539 871 566 ex
901 529 1039 566 ordine
1070 540 1151 567 suae
1187 532 1392 577 sapientiai
1422 533 1592 580 aliquem
1615 536 1699 574 vult

72 578 233 625 punire,
261 576 481 614 secundum
501 575 600 613 illud
626 578 688 613 Ps.
709 585 752 619 11,
778 579 818 613 13
842 588 851 613 :
873 577 960 613 Cum
983 580 1159 613 eoearsertt
1178 580 1217 613 in
1239 580 1337 614 brevi
1355 582 1413 615 ira
1432 581 1524 626 ejus.
1546 582 1697 618 Miseri-

76 634 169 662 cors
191 633 282 662 vero
303 624 461 668 dicitur,
489 623 530 660 in
551 627 743 670 quantum
774 633 820 659 ex
854 632 928 660 sua
963 623 1239 662 benevolentia
1274 626 1456 664 miserias
1489 628 1696 666 hominum

75 671 195 717 tollit,
216 671 321 709 sicut
341 674 379 708 et
398 679 473 707 nos
502 674 662 717 propter
682 670 965 707 misericordiae
995 672 1224 716 passionem
1252 672 1420 711 facimus
1448 675 1565 712 idem.
1589 677 1697 713 Unde

74 719 120 756 in
140 720 202 756 PS.
226 727 291 763 c11,
310 720 331 755 8
354 719 574 755 :Miserator
598 721 631 753 et
660 719 860 753 misericors
880 720 1054 754 Dominus
1070 720 1214 763 patiens
1242 723 1275 754 et
1303 722 1454 766 multam
1482 724 1698 764 misericors.

77 766 281 804 Poenitens
299 765 417 802 etiam
438 765 636 802 interdum
659 765 803 801 dieitur
822 765 862 801 in
884 769 1073 811 quantum
1096 766 1315 802 secundum
1343 770 1531 805 aetermim
1556 774 1593 806 et
1624 770 1697 807 im-

78 812 310 850 mutabilem
338 812 595 859 providentioe
633 821 715 849 suae
751 811 929 848 ordinem
965 812 1177 864 iacitouae
1209 813 1318 858 prius
1349 814 1609 861 destruxerat,
1637 817 1698 854 vel

79 860 249 898 destruit
280 869 367 906 quae
399 859 510 906 prius
542 859 646 902 fecit,
675 859 779 895 sieut
807 862 845 894 et
873 862 1106 904 poenitentia
1139 860 1235 896 moti
1269 861 1396 897 facere
1426 863 1696 902 inveniuntur.

80 907 189 944 Unde
210 908 320 947 Gen„
339 915 396 951 vl,
418 909 438 942 6
461 919 468 943 :
491 908 641 942 Poenitet
672 916 726 941 me
758 906 884 948 fecisse
913 905 1102 950 hominem,
1125 907 1231 953 quod
1265 914 1393 944 autem
1432 910 1508 946 hoc
1540 912 1698 956 proprie

79 954 250 1000 intelligi
273 963 353 990 non
372 953 514 999 possit,
535 956 640 999 patet
660 961 728 998 per
746 952 820 989 hoc
841 952 944 998 quod
962 952 1128 990 habetur
1148 955 1162 990 1
1183 955 1293 1001 Reg„
1308 964 1365 1000 vr,
1385 958 1430 994 29
1450 968 1458 994 :
1481 959 1698 1004 Triumpha-

70 1005 126 1039 τον
141 1003 182 1037 in
199 1001 313 1037 Israel
331 1010 403 1036 non
417 1003 558 1045 parcet,
574 998 802 1044 poenitudine
825 1010 903 1047 noti
916 1000 1087 1044 flectetur.

119 1048 215 1085 Dico
244 1051 376 1084 autem
410 1056 480 1092 per
510 1045 816 1083 'similitudinem
850 1045 1074 1084 allectionis
1107 1049 1381 1093 praecedentis.
1402 1052 1499 1088 Nam
1526 1062 1639 1090 amor
1659 1057 1696 1091 et

69 1094 276 1143 gaudium,
301 1102 388 1140 quae
409 1094 450 1130 in
471 1095 551 1130 Deo
572 1093 728 1139 proprie
751 1097 856 1138 sunt,
880 1094 1075 1140 principia
1095 1099 1188 1131 sunt
1207 1097 1385 1133 omnium
1406 1098 1663 1137 affectionum
1685 1112 1693 1137 ε

69 1150 182 1179 amor
201 1140 358 1187 quidem
382 1150 451 1186 per
473 1140 635 1178 modum
656 1140 840 1186 principii
860 1141 1057 1178 moventis
1081 1153 1088 1178 :
1111 1143 1301 1188 gaudium
1321 1154 1413 1181 vero
1444 1155 1512 1190 per
1532 1147 1693 1183 modum

68 1188 176 1226 finis.
196 1187 305 1225 Unde
325 1187 443 1225 etiam
475 1188 565 1224 irati
600 1187 811 1233 punientes
844 1188 1031 1233 gaudent,
1055 1190 1169 1235 quasi
1190 1189 1309 1226 finem
1331 1193 1519 1229 assecuti.
1543 1194 1695 1230 Dicitur

69 1236 176 1273 enim
198 1236 303 1273 Deus
321 1234 486 1280 tristari,
506 1235 550 1271 in
577 1238 769 1281 quantum
800 1235 985 1272 accidunt
1013 1235 1148 1282 aliqua
1174 1238 1375 1275 contraria
1406 1239 1469 1276 his
1500 1250 1587 1286 quie
1608 1241 1694 1287 ipse

68 1286 176 1321 amat
194 1285 234 1319 et
253 1282 456 1328 approbat,
479 1282 584 1319 sicut
603 1285 641 1318 et
660 1281 701 1317 in
720 1281 836 1318 nobis
855 1282 1016 1319 tristitia
1035 1287 1094 1319 est
1115 1284 1162 1320 de
1184 1284 1248 1321 his
1270 1295 1357 1330 quae
1389 1286 1505 1324 nohis
1525 1288 1695 1325 nolenti-

68 1329 145 1368 bus
165 1329 363 1366 accidunt.
387 1331 430 1365 Et
447 1329 522 1366 hoc
542 1332 648 1375 patet
669 1331 758 1373 isa„
780 1337 858 1369 mx,
884 1332 939 1373 15,
964 1332 1006 1366 16
1027 1341 1035 1366 τ
1061 1331 1165 1366 Vidit
1185 1333 1377 1377 Dominus,
1399 1336 1433 1369 et
1464 1335 1600 1371 matum
1631 1346 1696 1381 ap-

65 1378 171 1424 ponit
185 1378 227 1412 in
246 1377 357 1413 oculis
376 1376 467 1422 ejus,
490 1378 579 1422 quia
597 1387 669 1411 non
688 1379 740 1412 est
759 1376 955 1421 judicium.
976 1379 1024 1413 Et
1043 1378 1138 1414 videt
1162 1380 1256 1414 Deus
1284 1382 1372 1425 quia
1403 1391 1475 1416 non
1497 1385 1551 1418 est
1569 1383 1641 1427 vir,
1664 1385 1695 1419 et

69 1425 258 1471 aporiatus
277 1426 341 1464 est,
364 1426 451 1469 quia
470 1434 542 1460 non
560 1426 612 1460 esc
632 1425 695 1468 qui
713 1426 891 1460 occurrat.

118 1473 172 1508 Ex
190 1470 389 1516 praedictis
409 1474 540 1508 autem
570 1470 792 1522 excluditur
812 1480 922 1508 error
941 1472 1204 1518 quorumdam
1231 1473 1458 1511 Judaeorum
1478 1476 1694 1513 attribuen-

70 1518 169 1555 tium
191 1519 272 1554 Deo
290 1518 404 1561 iram,
425 1517 642 1562 tristitiam,
662 1518 949 1562 poenitentiam,
972 1522 1009 1554 et
1029 1528 1170 1556 omnes
1203 1520 1433 1566 hujusmodi
1465 1523 1692 1568 passiones,

71 1564 292 1602 secundum
312 1565 607 1610 proprietatem,
629 1573 711 1600 non
730 1564 1022 1610 distinguentes
1043 1566 1138 1613 quid
1159 1567 1200 1603 in
1224 1568 1439 1613 scripturis
1460 1570 1587 1607 sacris
1607 1579 1693 1618 pro-

70 1611 168 1659 prie,
190 1615 229 1648 et
247 1611 340 1659 quid
361 1611 630 1658 metaphorice
648 1611 813 1650 dicatur.
834 1611 863 1658 (1
884 1615 1000 1658 part„
1023 1622 1061 1660 q.
1082 1621 1150 1658 xx,
1172 1617 1245 1650 art.
1268 1613 1319 1662 i.)

718 1759 888 1801 CAPUT
922 1759 1046 1801 XCII.

417 1878 600 1914 QUOMODO
625 1879 668 1908 IN
690 1879 767 1908 DEO
791 1879 999 1910 PONANTUR
1022 1880 1118 1909 ESSE
1142 1881 1347 1911 VIRTUTES.

117 1989 377 2035 Consequens
404 1991 466 2025 est
496 1991 627 2026 autem
660 1998 709 2025 ex
738 1988 857 2026 dictis
890 1990 1114 2035 ostendere,
1142 1990 1345 2038 quomodo
1365 1992 1531 2030 virtutes
1550 1993 1590 2030 in
1613 1995 1691 2031 Deo

69 2044 218 2083 ponere
238 2038 405 2082 oportet.
428 2035 589 2081 Oportet
608 2035 729 2080 enim,
751 2036 856 2073 sieut
875 2045 965 2075 esse
985 2037 1071 2083 ejus
1089 2041 1150 2075 est
1169 2039 1447 2077 universaliter
1461 2040 1692 2086 perfectum,

70 2082 252 2120 omnium
281 2081 432 2120 entium
463 2082 729 2134 perfectiones
750 2083 791 2119 in
811 2092 854 2121 se
874 2084 1168 2131 quodammodo
1201 2087 1558 2132 comprehendens,
1580 2087 1634 2124 ita
1655 2090 1692 2125 et

70 2129 288 2166 bonitatem
318 2128 404 2174 ejus
433 2137 613 2166 omnium
644 2129 846 2168 bonitates
874 2131 916 2168 in
947 2140 991 2168 se
1018 2132 1313 2178 quodammodo
1341 2134 1690 2180 comprehendere.

69 2176 204 2213 Virtus
233 2179 363 2213 autem
395 2179 456 2214 est
487 2175 646 2214 bonitas
682 2177 876 2223 quaedam.
905 2178 1114 2216 Virtuosus
1147 2188 1319 2227 namque
1354 2181 1575 2218 seeundum
1604 2191 1692 2218 eam

71 2222 218 2260 dicitur
249 2223 395 2268 bonus,
426 2226 466 2260 et
495 2232 596 2270 opus
629 2224 715 2270 ejus
752 2224 916 2263 bonum.
945 2225 1106 2271 Oportet
1137 2236 1232 2273 ergo
1264 2227 1483 2265 bonitatem
1516 2228 1691 2265 divinam

71 2278 214 2307 omnes
232 2270 399 2307 virtutes
418 2278 493 2308 suo
513 2270 633 2308 modo
655 2272 874 2317 continere,
897 2272 1002 2309 unde
1028 2273 1139 2310 nulla
1164 2283 1300 2311 earum
1326 2275 1546 2312 secundum
1580 2275 1691 2312 habi-

70 2319 157 2353 tum
186 2316 229 2353 in
259 2318 340 2354 Deo
369 2316 526 2363 dicitur,
547 2317 652 2355 sicut
681 2319 722 2354 in
745 2318 877 2357 nobis.
900 2321 980 2357 Deo
1001 2320 1107 2357 enim
1126 2329 1207 2357 non
1227 2322 1414 2358 convenit
1432 2322 1581 2358 bonum
1600 2330 1690 2359 esse

71 2371 143 2409 per
161 2362 311 2410 aliquid
330 2363 440 2401 aliud
464 2365 500 2401 ei
524 2365 838 2410 superadditum,
859 2366 930 2404 sed
950 2375 1020 2412 per
1038 2368 1254 2404 essentiam
1276 2377 1404 2412 suam,
1425 2377 1515 2405 cum
1537 2369 1590 2405 sit
1607 2377 1691 2405 om-

72 2409 171 2446 nino
191 2409 373 2461 simplex.
391 2412 470 2447 Nec
489 2411 608 2449 etiam
627 2421 698 2458 per
715 2412 866 2459 aliquid
886 2422 970 2450 suae
989 2414 1174 2451 essentiae
1194 2414 1370 2450 additum
1390 2414 1485 2465 agit,
1506 2424 1595 2451 cum
1618 2424 1690 2452 sua

72 2455 178 2493 actio
205 2459 259 2493 sit
287 2464 405 2493 suum
423 2465 543 2508 esse,
563 2461 606 2494 ut
625 2462 833 2496 ostensum
856 2463 917 2497 est
934 2459 1036 2506 (cap.
1053 2460 1128 2507 45).
1148 2462 1235 2497 Non
1254 2463 1316 2497 est
1342 2461 1466 2507 igitur
1492 2461 1619 2499 virtus
1647 2461 1690 2499 in

72 2503 155 2540 Deo
172 2502 514 2554 aliquis-habitus,
534 2504 605 2541 sed
626 2514 700 2542 sua
720 2506 908 2543 essentia.

117 2550 219 2591 Item,
242 2549 402 2587 babitus
422 2549 677 2595 imperfectus
709 2556 821 2589 aetus
851 2556 913 2591 est
942 2552 1059 2598 quasi
1093 2553 1249 2590 medius
1279 2554 1385 2590 inter
1414 2555 1631 2600 potentiam
1653 2558 1691 2593 et

71 2599 235 2641 actum3
267 2595 372 2634 unde
402 2599 442 2633 et
472 2597 662 2634 babentes
692 2597 872 2636 habitum
902 2598 1193 2637 dormientibus
1222 2605 1516 2646 comparantur.
1538 2604 1582 2638 In
1609 2604 1690 2640 Deo

72 2645 205 2681 autem
227 2647 288 2680 est
306 2646 419 2680 actus
439 2643 768 2689 perfectissimus.
789 2648 909 2682 Actus
929 2645 1051 2692 igitur
1078 2646 1121 2682 in
1140 2655 1188 2684 eo
1208 2656 1289 2684 non
1310 2651 1372 2685 est
1397 2648 1501 2685 sicut
1529 2649 1690 2687 habitus

71 2692 112 2727 et
129 2689 312 2734 scientia,
334 2689 404 2727 sed
425 2690 529 2727 sicut
547 2690 814 2735 considerare,
836 2691 942 2738 quod
962 2695 1022 2729 est
1041 2696 1153 2731 actus
1173 2693 1338 2731 ultimus
1358 2697 1397 2731 et
1412 2695 1625 2741 perfectus.

117 2736 264 2778 Adhuc,
286 2736 447 2774 habitus
470 2738 657 2782 potentiae
677 2737 845 2783 alicujus
874 2737 1113 2784 perfectivus
1140 2743 1201 2777 est
1221 2751 1230 2777 :
1252 2741 1293 2777 in
1323 2743 1403 2778 Deo
1433 2746 1564 2779 autem
1588 2743 1692 2780 nihil

72 2785 136 2865 {ist
153 2783 373 2820 secundum
393 2784 626 2866 potentiam,
648 2784 718 2822 sed
738 2785 871 2821 solum
889 2785 1111 2823 secundum
1130 2789 1277 2825 actum.
1299 2789 1342 2824 In
1361 2797 1408 2825 eo
1428 2789 1552 2836 igitur
1572 2790 1689 2826 habi-

90 2836 139 2866 us
157 2838 248 2866 esse
268 2838 348 2867 non
397 2839 420 2867 o
439 2837 512 2868 est.

119 2875 310 2920 Praeterea,
331 2839 492 2916 hanitus
510 2876 558 2916 de
579 2886 725 2925 genere
753 2877 971 2917 accidentis
990 2881 1064 2926 est,
1091 2880 1199 2928 quod
1229 2880 1273 2919 in
1302 2882 1383 2920 Deo
1418 2882 1582 2920 omnino
1608 2890 1687 2920 non

1526 2961 1545 2990 7
