1894 3223
146 139 213 174 598
729 135 816 170 LIB.
844 135 902 178 IV,
932 135 1030 171 CAP.
1059 136 1179 172 LXIII.

790 303 956 344 CAPUT
987 304 1125 345 LXIII.

203 424 362 452 sOLUTIO
388 423 671 452 PRAEMISSARUM
691 423 1010 456 DIFFICULTATUM,
1039 424 1087 452 ET
1113 424 1229 453 PRIMO
1257 424 1384 458 QUOAD
1411 426 1707 455 CONVERSIONEM

686 483 798 510 PANIS
827 483 865 510 IN
893 482 1036 511 CORPUS
1058 483 1223 511 CHRISTI.

196 591 299 627 Licet
319 595 448 627 autem
470 590 602 627 divina
629 591 755 627 virtus
786 590 998 627 sublimius
1034 595 1071 626 et
1107 591 1299 628 secretius
1336 591 1375 628 in
1409 591 1484 628 hoc
1517 597 1764 630 sacramento

150 642 333 682 operetur
354 647 471 683 quam
491 637 538 673 ab
558 637 720 673 homine
741 637 911 683 perquiri
934 637 1072 683 possit,
1102 647 1150 674 ne
1181 641 1313 674 tamen
1347 638 1527 676 doctrina
1557 641 1765 677 Eccclesiae

149 685 253 720 circa
275 684 348 720 1100
370 689 661 720 sacramentum
683 684 915 720 infidelibus
937 684 1198 729 impossibilis
1219 685 1412 731 videatur,
1446 687 1672 724 conandum
1707 690 1767 724 est

150 731 195 768 ad
219 731 294 766 hoc
312 731 417 777 quod
439 731 569 767 omnis
591 731 893 776 impossibilitas
916 731 1157 768 excludatur.

198 778 461 823 Primaigitur
485 779 657 814 occurrit
688 778 968 821 consideratio,
1005 788 1071 823 per
1103 788 1219 824 quem
1251 779 1412 816 modurn
1449 789 1584 817 verum
1623 781 1765 818 Christi

150 833 294 869 corpus
316 833 403 861 esse
425 824 497 861 sub
528 824 602 861 hoc
635 828 881 861 sacramento
914 825 1085 870 incipiat.
1122 826 1370 871 impossibile
1404 831 1533 863 autern
1569 832 1628 864 est
1661 827 1766 874 quod

150 871 226 907 hoc
248 871 314 907 siat
334 881 402 917 per
422 875 571 908 motum
597 872 762 908 localem
784 872 960 917 corporis
983 872 1122 908 Christi
1143 885 1150 908 :
1173 877 1254 908 tum
1277 873 1368 919 quia
1402 879 1633 919 sequeretur
1661 874 1766 921 quod

150 918 189 954 in
214 919 313 954 coelo
336 927 423 954 esse
445 919 656 962 desineret,
690 919 1019 965 quandocumque
1055 920 1129 956 hoc
1150 920 1291 966 ‘agitur
1324 926 1642 965 sacramentum;
1682 926 1764 958 tum

151 965 344 1011 quianon
365 969 501 1010 posset
534 966 653 1002 simul
681 966 756 1002 1100
775 971 1065 1002 sacramentum
1111 966 1174 1012 agi
1206 967 1282 1002 nisi
1315 967 1353 1002 in
1393 977 1471 1004 uno
1505 968 1607 1012 loco,
1645 977 1766 1015 quum

151 1021 255 1048 unus
277 1015 408 1048 motus
430 1012 566 1049 localis
588 1013 749 1049 nonnisi
773 1013 820 1049 ad
842 1022 962 1049 unum
985 1013 1194 1049 terminum
1215 1013 1398 1057 finiatur;
1421 1018 1503 1050 tum
1535 1016 1652 1052 etiam
1675 1016 1768 1062 quia

149 1062 282 1095 motus
302 1059 441 1096 localis
461 1059 737 1097 instantaneus
759 1069 847 1096 esse
868 1069 947 1096 non
968 1063 1109 1105 potest,
1133 1060 1201 1096 sed
1225 1064 1400 1106 tempore
1427 1061 1590 1108 indiget,
1625 1071 1766 1099 conse-

151 1107 274 1142 cratio
303 1110 432 1142 autem
463 1106 664 1150 perficitur
689 1107 729 1143 in
766 1107 903 1143 ultimo
935 1107 1096 1143 instanti
1119 1107 1354 1153 prolationis
1386 1109 1609 1145 verborum.
1641 1109 1769 1145 Relin-

152 1153 285 1199 quitur
318 1162 411 1199 ergo
432 1153 642 1190 dicendum
660 1153 765 1200 quod
785 1163 920 1190 verum
954 1164 1097 1199 corpus
1131 1153 1271 1191 Christi
1305 1164 1394 1192 esse
1423 1155 1586 1201 incipiat
1618 1156 1657 1192 in
1692 1156 1767 1192 hoc

153 1204 403 1236 sacramento
419 1210 487 1245 per
508 1200 582 1236 1100
603 1201 708 1246 quod
728 1200 952 1237 substantia
971 1201 1084 1246 panis
1097 1201 1337 1238 convertitur
1351 1202 1390 1238 in
1408 1202 1669 1239 substantiam
1685 1212 1768 1239 cor·

154 1246 264 1292 poris
284 1246 428 1283 Christi
448 1250 486 1282 et
505 1247 729 1284 substantia
749 1247 827 1283 vini
850 1247 889 1283 in
910 1247 1172 1284 substantiam
1193 1248 1402 1294 sanguinis
1429 1249 1528 1294 ejus.

201 1295 252 1328 Ex
274 1293 348 1329 1100
370 1297 500 1330 autem
522 1297 681 1339 apparet
702 1294 840 1330 falsam
872 1303 960 1330 esse
993 1294 1219 1339 opinionem
1253 1299 1331 1331 tam
1363 1305 1499 1332 eorum
1532 1296 1598 1342 qui
1632 1296 1767 1333 dicunt

152 1340 414 1376 substantiam
437 1341 550 1385 panis
575 1341 693 1377 simul
722 1350 811 1377 cum
833 1341 1053 1377 substantia
1073 1342 1252 1386 corporis
1281 1342 1423 1378 Christi
1458 1343 1497 1378 in
1529 1343 1604 1379 1100
1637 1353 1766 1380 sacra-

151 1390 285 1423 mento
318 1388 498 1430 existere,
519 1397 635 1433 quam
675 1389 790 1423 etiam
825 1397 958 1424 eorum
994 1389 1060 1434 qui
1093 1391 1245 1433 ponunt
1280 1388 1543 1425 substantiam
1577 1390 1692 1434 panis
1726 1391 1768 1426 in

152 1433 321 1469 nihilum
342 1434 463 1480 redigi
482 1435 541 1470 vel
564 1435 603 1470 in
627 1434 789 1479 primam
810 1435 1014 1470 materiam
1035 1435 1194 1471 resolvi.
1215 1434 1270 1471 Ad
1285 1438 1494 1482 utrumque
1515 1437 1620 1472 enim
1641 1437 1769 1483 sequi-

151 1483 214 1516 tur
232 1480 336 1526 quod
358 1489 502 1525 corpus
524 1481 666 1517 Christi
686 1481 726 1517 in
747 1481 821 1518 hoc
843 1485 1091 1518 sacramento
1112 1490 1201 1518 esse
1227 1481 1399 1527 incipere
1422 1491 1503 1519 non
1526 1483 1653 1529 possit
1687 1483 1766 1521 nisi

150 1534 220 1572 per
243 1532 393 1564 motum
414 1527 581 1564 localem
601 1540 608 1571 ;
631 1528 735 1573 quod
758 1532 816 1564 est
834 1528 1095 1573 impossibile,
1119 1532 1161 1565 ut
1181 1532 1387 1565 ostensum
1408 1534 1480 1566 est.

198 1575 388 1618 Praeterea,
407 1574 440 1610 si
461 1574 683 1611 substantia
704 1575 818 1620 panis
848 1575 967 1612 simul
1000 1579 1060 1612 est
1091 1575 1130 1611 in
1160 1575 1236 1612 1100
1269 1580 1518 1613 sacramento
1552 1586 1642 1614 0001
1673 1586 1767 1615 vero

152 1628 315 1665 corpore
337 1621 494 1665 Christi,
516 1622 647 1666 potius
668 1622 821 1659 Christo
843 1622 1054 1658 dicendum
1076 1622 1149 1658 fuit
1165 1634 1173 1658 :
1188 1624 1255 1658 Hic
1268 1626 1459 1669 estcorpus
1476 1634 1605 1665 meum,
1624 1634 1766 1670 quam:

150 1668 222 1703 Hoc
243 1671 293 1703 est
310 1678 436 1712 corpus
456 1679 595 1711 meum3
618 1678 738 1715 quum
759 1679 827 1715 per
846 1669 903 1704 hio
924 1669 1215 1706 demonstretur
1239 1670 1463 1707 substantia
1491 1681 1577 1717 quae
1602 1671 1765 1715 videtur,

151 1723 237 1760 quae
259 1714 416 1761 quidem
437 1718 497 1752 est
517 1716 741 1753 substantia
758 1716 887 1762 panis,
911 1716 944 1753 si
967 1716 1007 1752 in
1029 1719 1277 1754 sacramento
1298 1726 1387 1754 cum
1421 1726 1586 1763 corpore
1623 1718 1766 1755 Christi

149 1765 364 1798 remaneat.

199 1808 384 1845 Similiter
398 1808 647 1855 impossibile
666 1809 818 1846 videtur
833 1819 922 1848 esse
945 1810 1051 1857 quod
1072 1810 1294 1847 substantia
1313 1811 1427 1857 panis
1448 1812 1613 1848 omnino
1634 1812 1675 1848 in
1707 1812 1765 1849 ni-

149 1853 272 1891 hilum
299 1856 444 1892 redeat.
465 1856 628 1893 Multum
649 1857 752 1893 enim
776 1857 822 1894 de
844 1861 985 1894 natura
1002 1867 1191 1902 corporea
1213 1858 1340 1903 primo
1361 1858 1586 1904 creataJ'am
1608 1859 1649 1894 in
1665 1859 1767 1895 nihi-

149 1900 231 1938 Ium
254 1902 437 1940 rediisset
457 1913 503 1940 ex
525 1903 836 1949 frequentatione
857 1904 1084 1949 hujusmodi
1107 1904 1297 1950 mysterii.
1319 1906 1397 1940 Nec
1418 1909 1477 1941 est
1497 1906 1642 1942 decens
1665 1909 1704 1942 ut
1724 1905 1764 1941 'm

150 1953 398 1985 sacramento
420 1950 561 1987 salutis
582 1950 715 1987 divina
734 1951 876 1987 virtu-te
897 1951 1043 1997 aliquid
1065 1951 1106 1986 in
1126 1950 1292 1987 nihilum
1313 1951 1526 1998 redigatur.

197 1997 329 2041 Neque
363 1996 477 2032 etiam
506 1997 546 2033 in
578 1997 744 2042 primam
783 1998 986 2033 materiam
1024 1997 1287 2035 substantiam
1325 2000 1440 2043 panis
1474 2002 1534 2035 est
1572 1998 1763 2043 possibile

148 2043 308 2086 resolvi,
331 2052 450 2089 quum
475 2044 639 2080 materia
659 2044 780 2088 prima
803 2044 887 2081 sine
914 2045 1039 2081 forma
1070 2053 1160 2082 0000
1181 2053 1261 2080 non
1285 2045 1426 2089 possit,
1452 2045 1531 2082 nisi
1565 2047 1665 2081 forte
1696 2055 1764 2091 per

148 2090 352 2125 materiam
376 2091 541 2135 primam
570 2090 696 2136 prima
734 2091 927 2127 elementa
953 2100 1142 2137 corporea
1172 2091 1443 2138 intelligantur
1464 2104 1472 2135 3
1494 2092 1531 2127 in
1563 2102 1648 2139 quae
1683 2093 1765 2139 qui-

149 2136 235 2172 dem
259 2136 292 2172 si
314 2136 536 2174 substantia
568 2138 682 2182 panis
711 2138 985 2181 resolveretur,
1010 2147 1173 2175 11000000
1199 2142 1304 2175 00001
1337 2138 1412 2175 1100
1445 2139 1575 2184 ipsum
1618 2140 1764 2184 percipi

148 2190 284 2226 sensu,
305 2193 426 2229 quum
445 2184 638 2221 elementa
659 2193 848 2230 corporea
884 2185 1086 2222 sensibilia
1116 2185 1207 2222 sint.
1243 2186 1356 2221 Esset
1385 2186 1502 2222 etiam
1536 2186 1587 2222 ibi
1622 2186 1763 2223 localis

148 2231 425 2266 transmutatio
448 2234 484 2267 et
502 2231 720 2278 corporalis
751 2231 930 2268 alteratio
952 2232 1254 2276 contrariorum,
1276 2241 1363 2278 quae
1393 2233 1644 2269 instantanea
1673 2243 1762 2270 esse

148 2285 229 2313 non
252 2281 434 2322 possunt.

194 2324 402 2360 Sciendum
424 2329 554 2361 tamen
575 2325 760 2371 estquod
779 2326 963 2371 praedicta
984 2326 1192 2363 conversio
1220 2327 1334 2372 panis
1366 2326 1409 2363 in
1440 2335 1585 2373 corpus
1618 2327 1762 2364 Christi

148 2370 310 2407 alterius
335 2371 440 2408 modi
461 2375 521 2409 est
548 2371 595 2409 ab
617 2373 803 2409 omnibus
824 2373 1152 2410 conversionibus
1173 2373 1434 2410 naturalibus.
1456 2375 1551 2410 Nam
1573 2374 1613 2409 in
1632 2374 1759 2420 quali-

146 2416 210 2453 bet
234 2418 494 2456 conversione
514 2419 682 2456 naturali
702 2424 834 2456 manet
858 2420 1092 2465 subjectum,
1113 2420 1150 2456 in
1172 2429 1250 2466 quo
1271 2421 1489 2457 succedunt
1504 2421 1577 2457 sibi
1596 2420 1760 2458 diversae

148 2464 298 2509 formae,
314 2465 375 2502 vel
390 2466 666 2511 accidentales,
684 2467 785 2504 01001
801 2476 921 2513 quum
938 2467 1068 2503 album
1091 2467 1131 2503 in
1148 2467 1303 2513 nigrum
1320 2468 1572 2507 convertitur,
1590 2468 1650 2504 vel
1672 2468 1762 2504 sub-

148 2512 368 2556 stantiales,
392 2512 628 2559 sicutqu'um
652 2523 718 2549 aer
738 2514 778 2550 in
800 2514 929 2560 ignem
949 2526 957 2558 ;
981 2514 1084 2550 unde
1106 2515 1390 2551 conversiones
1421 2515 1608 2551 formales
1630 2515 1758 2551 nomi-

148 2563 305 2595 nantur.
326 2559 397 2596 Sed
418 2559 457 2595 in
480 2560 740 2597 conversione
767 2561 950 2606 praedicta
983 2560 1204 2607 subJectum
1235 2561 1378 2598 transit
1406 2561 1445 2597 in
1480 2561 1699 2607 subJ'cctum
1722 2565 1761 2612 et

149 2605 364 2643 accidentia
382 2611 567 2651 manent;
602 2608 704 2644 unde
725 2607 808 2644 haec
828 2608 1034 2645 conversio
1057 2608 1330 2645 substantialis
1353 2609 1593 2645 nominatur.
1616 2610 1657 2644 Et
1678 2618 1758 2653 qul-

149 2650 235 2687 dem
255 2654 422 2698 qualiter
444 2653 527 2690 haec
547 2654 766 2692 accidentia
786 2661 971 2691 maneant
990 2659 1027 2691 et
1051 2664 1184 2701 quare,
1207 2655 1406 2701 posterius
1426 2654 1754 2701 perscrutandum

148 2702 219 2734 effi.
241 2701 351 2737 Nunc
370 2704 499 2737 autem
521 2702 772 2738 considerare
794 2705 947 2747 oportet
973 2702 1173 2748 quomodo
1209 2702 1428 2749 subjectum
1462 2702 1501 2738 iu
1535 2702 1754 2747 subjectum

147 2748 340 2789 vertatur;
363 2747 467 2792 quod
499 2748 658 2794 quidem
679 2753 819 2785 natura
850 2749 976 2785 facere
1009 2758 1089 2785 non
1123 2752 1263 2794 potest.
1300 2749 1435 2786 Omnis
1469 2749 1572 2785 enim
1605 2751 1754 2788 naturae

147 2793 322 2836 operatio
344 2794 547 2830 materiam
568 2796 849 2841 praesupponit,
872 2805 940 2840 per
960 2805 1075 2842 quan]
1109 2796 1286 2842 subjecta
1306 2795 1627 2837 individualitur3
1653 2794 1754 2846 unde

146 2842 287 2875 natura
313 2839 438 2875 facere
460 2849 537 2876 non
562 2846 692 2886 potest
718 2842 822 2888 quod
849 2842 932 2879 haec
967 2842 1190 2879 substantia
1214 2842 1280 2879 fiat
1309 2843 1390 2885 illa,
1418 2842 1520 2878 sicut
1553 2841 1657 2887 quod
1690 2840 1754 2878 hic

145 2884 291 2931 digitus
311 2884 377 2922 siat
395 2886 462 2923 ille
483 2887 640 2933 digitus.
664 2889 738 2926 Sed
760 2890 924 2927 materia
940 2889 1117 2936 subjecta
1137 2893 1196 2927 est
1214 2889 1349 2926 virtuti
1368 2887 1522 2933 divinae,
1543 2897 1664 2934 quum
1686 2897 1754 2934 per
