1894 3223
104 124 173 159 434
656 118 743 154 LIB.
771 118 836 161 III,
865 117 966 154 CAP.
997 117 1176 154 CXXVIII.

107 205 297 250 quantum
317 200 363 236 ad
384 198 663 241 effectionem3
677 197 817 244 juvant
838 196 945 234 euim
977 206 1022 235 se
1055 197 1240 236 homines
1271 200 1414 236 mutuo
1437 198 1479 235 in
1504 198 1738 245 cognitione

106 248 297 291 veritatis,
334 249 371 281 et
404 253 508 281 unus
539 244 663 281 alium
692 247 879 290 provocat
915 244 962 281 ad
985 245 1134 281 bonum
1167 249 1205 282 et
1238 245 1402 282 retrahit
1434 255 1456 282 a
1477 246 1610 289 malo;
1632 245 1739 282 unde

108 295 280 332 dicitur:
312 293 461 327 Ferrum
492 292 594 334 ferro
625 292 827 331 eaeacuttar,
854 293 887 325 et
922 292 1024 328 homo
1060 293 1205 327 emacuit
1237 293 1370 336 faciem
1407 293 1517 328 amici
1545 293 1606 327 sui
1641 291 1740 338 (Pro-

107 342 220 383 verb„
243 347 369 380 XXVII,
401 338 482 384 17)·‚
504 341 543 374 et
563 349 574 372 z
597 338 725 373 Melius
746 340 796 373 est
824 336 912 372 dicos
945 347 1018 373 esse
1040 339 1147 374 simul
1169 349 1278 384 quam
1309 349 1450 381 unum;
1484 339 1615 374 habent
1644 339 1740 374 enim

108 388 379 424 emolumentum
404 385 586 420 societatis
616 393 690 420 suae
700 397 712 427 ,·
733 385 766 419 si
795 394 888 419 unus
922 384 1100 426 ceciderit,
1132 384 1176 419 ab
1204 385 1315 420 altero
1342 386 1528 429 fulcietur.
1564 386 1627 422 Vae
1658 386 1738 424 soli,

108 435 207 480 quia,
232 442 341 477 quum
372 431 551 472 ceciderit,
573 440 646 466 non
681 431 786 466 habet
806 431 1051 467 sublevantem
1079 441 1127 467 se.
1149 432 1207 471 Et,
1229 433 1262 466 st
1291 431 1506 467 dormierint
1525 432 1609 473 duo,
1639 432 1740 475 fore-

110 481 244 516 buntur
260 481 380 513 mutilo
395 490 405 520 3
425 487 519 513 unus
539 478 713 523 quomodo
730 478 864 523 calefiet
877 478 894 512 P
912 479 959 513 Et
975 479 1009 513 si
1025 478 1208 523 quispiam
1223 478 1461 523 praevaluerit
1473 481 1597 514 contra
1612 488 1739 518 unu-m,

108 527 179 563 duo
197 526 372 560 resistunt
391 526 422 559 ei
442 523 588 570 (Recte,
609 532 665 568 nt,
687 524 799 570 9-12).
820 524 999 569 oportuit
1021 524 1143 571 igitur
1162 523 1250 570 lege
1267 524 1402 561 divina
1421 524 1596 561 ordinari
1616 525 1743 562 socie-

108 575 228 609 tatem
251 571 459 607 hominum
477 570 526 607 ad
550 571 733 607 invicem.

155 619 339 663 Amplius,
383 618 445 654 lex
466 616 599 654 divina
621 621 682 654 est
713 617 893 664 quaedam
914 616 1015 654 ratio
1034 615 1178 653 divinae
1203 616 1462 662 providentiae
1483 617 1531 655 ad
1555 617 1742 655 homines

111 664 407 712 gubernandos.
441 663 497 700 Ad
519 664 692 700 divinam
727 668 858 701 autem
880 662 1168 709 providentiam
1189 664 1359 709 pertinet
1381 665 1545 711 singula
1580 673 1669 711 quae
1704 664 1742 701 ei

112 712 285 748 subsunt
304 710 379 747 sub
401 710 533 747 debito
553 711 692 748 ordine
713 711 932 755 continere,
954 713 998 747 ut
1018 710 1171 746 scilicet
1190 719 1308 747 suum
1343 710 1476 748 locum
1504 714 1543 747 et
1575 710 1743 758 gradum

110 761 243 794 teneat
262 757 590 804 unumquodque.
611 759 686 794 Lex
703 757 826 804 igitur
847 757 981 794 divina
1010 756 1069 793 sic
1091 756 1275 794 homines
1296 757 1344 794 ad
1379 757 1548 794 invicem
1570 757 1741 801 ordinat,

111 808 154 842 ut
174 804 452 850 unusquisque
475 813 593 841 suum
611 805 788 841 ordinem
810 807 967 848 teneat3
993 802 1098 849 quod
1131 807 1192 841 est
1221 804 1405 840 homines
1435 813 1570 849 pacem
1599 803 1745 840 habere

113 851 162 889 ad
182 851 351 887 invicem
367 862 375 894 3
393 860 469 896 pax
486 851 592 887 enim
614 851 820 888 hominum
845 850 944 886 nibil
966 850 1073 887 aliud
1096 854 1157 887 est
1176 860 1293 897 quam
1316 850 1500 887 ordinata
1514 850 1745 895 concordia,

112 902 156 935 u't
173 898 420 943 Augustinus
439 897 533 934 dicit
550 898 617 943 (De
638 898 742 934 civit.
758 898 838 941 Dei,
859 898 883 934 l.
902 905 982 941 xix,
1004 906 1039 933 0.
1062 896 1134 944 13).

160 946 260 986 Item,
283 944 616 991 quandocumque
637 945 771 991 aliqua
791 944 1027 981 ordinantur
1047 944 1121 980 sub
1143 943 1293 991 aliquo,
1313 947 1470 990 oportet
1491 943 1563 981 illa
1579 952 1747 981 concor-

118 991 218 1028 diter
239 999 327 1027 esse
349 990 530 1027 ordinata
551 991 598 1027 ad
620 991 789 1027 invicem
807 1003 816 1035 ;
844 991 958 1035 alias,
977 999 1020 1027 se
1041 990 1211 1027 invicem
1234 991 1473 1036 impedirent
1488 991 1531 1027 in
1551 999 1747 1028 consecu-

114 1038 224 1073 tione
246 1037 336 1073 sinis
358 1038 609 1081 communis;
636 1038 739 1075 sicut
764 1041 871 1083 patet
894 1038 935 1073 in
967 1037 1156 1081 exercitu,
1178 1038 1244 1084 qui
1266 1037 1518 1074 concorditer
1538 1037 1748 1075 ordinatur

117 1084 167 1121 ad
186 1085 405 1125 victoriam,
429 1094 515 1130 quae
537 1088 598 1121 est
616 1084 709 1121 finis
732 1084 859 1121 ducis.
882 1084 1165 1130 Unusquisque
1196 1087 1326 1121 autem
1361 1085 1482 1121 homo
1513 1093 1585 1131 per
1615 1084 1747 1130 legem

118 1131 291 1167 divinam
325 1131 532 1167 ordinatur
570 1131 618 1167 ad
653 1133 789 1168 Deum.
823 1131 1002 1176 Oportuit
1036 1131 1158 1177 igitur
1187 1140 1257 1176 per
1285 1131 1412 1177 legem
1440 1131 1616 1167 divinam
1643 1131 1750 1167 inter

118 1177 316 1221 homines,
336 1186 384 1213 ne
407 1187 448 1213 se
467 1177 636 1214 invicem
657 1177 908 1223 impedirent,
929 1177 1150 1213 ordinatam
1174 1178 1428 1214 concordiam
1452 1186 1558 1222 esse,
1577 1186 1664 1224 quae
1687 1179 1750 1214 est

118 1233 207 1270 pax.
237 1224 334 1259 Hinc
373 1227 432 1260 est
452 1224 557 1270 quod
580 1224 749 1260 dicitur:
770 1224 839 1267 Qui
855 1225 978 1269 posuit
995 1227 1084 1269 fines
1107 1227 1186 1259 tuos
1213 1233 1340 1269 pacem
1361 1225 1471 1270 (Psal.
1492 1232 1638 1267 CXLVII,
1660 1224 1745 1269 14);

119 1274 157 1306 et
195 1270 387 1307 Dominus
433 1270 527 1306 dicit
550 1280 558 1305 :
596 1272 680 1307 Haec
720 1271 857 1306 locutus
893 1280 972 1305 sum
1007 1271 1127 1312 vobis,
1164 1272 1206 1305 ut
1248 1272 1288 1305 in
1323 1282 1378 1306 me
1409 1280 1534 1316 pacem
1570 1271 1747 1306 habeatis.

135 1318 279 1360 Joann.,
296 1325 379 1361 xvi,
401 1319 459 1353 33.

121 1317 132 1363 (
166 1365 274 1399 Tunc
313 1367 442 1399 autem
465 1317 661 1400 >ordinata
696 1363 912 1401 concordia
960 1363 1064 1400 inter
1106 1363 1290 1400 homines
1341 1367 1521 1401 servatur
1536 1392 1546 1409 ,
1589 1363 1748 1411 quando

121 1410 337 1455 unicuique
371 1409 475 1455 quod
505 1418 622 1446 suum
652 1414 712 1446 est
745 1410 934 1453 redditur,
953 1410 1057 1456 quod
1090 1414 1147 1446 est
1173 1410 1424 1455 justitiae3et
1454 1411 1544 1447 ideo
1572 1411 1748 1447 dicitur:

121 1457 219 1501 Opus
243 1456 399 1500 justitiae
429 1466 520 1501 pam.
541 1456 803 1501 (Isai.,xxx11‚
839 1456 910 1501 17.)
933 1456 1113 1502 Oportuit
1149 1456 1271 1502 igitur
1304 1466 1374 1502 per
1409 1457 1536 1503 legem
1575 1457 1748 1493 divinam

116 1502 282 1549 iustitiae
314 1506 510 1547 praecepta
529 1503 629 1546 dari,
657 1506 698 1539 ut
725 1503 1003 1549 unusquisque
1023 1502 1133 1539 alteri
1154 1503 1333 1539 redderet
1354 1505 1462 1550 quod
1481 1513 1599 1541 suum
1632 1507 1691 1541 est
1712 1507 1751 1540 et

121 1549 337 1586 abstineret
367 1559 389 1585 a
419 1549 672 1586 nocumentis
705 1550 739 1586 ei
770 1549 1003 1586 inferendis.
1025 1551 1194 1585 —Inter
1221 1550 1406 1587 homines
1427 1554 1558 1587 autem
1579 1550 1751 1587 maxime

122 1599 183 1632 est
204 1595 350 1641 aliquis
374 1596 605 1641 parentibus
626 1595 804 1641 debitor;
827 1600 864 1632 et
884 1596 988 1640 ideo,
1013 1596 1116 1632 inter
1137 1600 1329 1642 praecepta
1360 1597 1461 1643 legis
1497 1606 1584 1644 quae
1604 1606 1680 1635 nos
1700 1597 1750 1634 ad

121 1642 344 1689 proximum
373 1642 573 1686 ordinant,
594 1643 756 1688 ponitur
773 1654 782 1679 z
803 1644 949 1678 Honora
966 1646 1109 1688 patrem
1138 1647 1238 1678 tuum
1258 1647 1291 1678 et
1309 1647 1460 1679 matrem
1478 1647 1579 1680 tuam
1599 1644 1749 1691 (Exod,

121 1697 189 1732 xx,
213 1689 295 1735 12);
317 1689 358 1724 in
390 1698 469 1735 quo
499 1689 735 1735 intelligitur
753 1690 913 1735 praecipi
936 1694 978 1726 ut
1006 1694 1084 1726 tam
1113 1691 1345 1735 parentibus
1376 1700 1493 1738 quam
1519 1692 1636 1728 etiam
1658 1691 1750 1727 aliis

122 1736 399 1782 unusquisque
424 1735 560 1772 reddat
579 1736 685 1783 quod
718 1736 844 1780 debet,
865 1736 1085 1773 secundum
1108 1737 1206 1773 illud
1229 1749 1237 1773 :
1261 1738 1411 1774 Reddite
1430 1739 1593 1774 omnibus
1612 1738 1748 1774 debita.

124 1781 254 1829 (Rom,
274 1790 359 1825 xm,
380 1781 432 1828 7.)
451 1783 599 1819 Deinde
616 1787 820 1828 ponuntur
836 1787 1030 1829 praecepta
1053 1783 1198 1830 quibus
1216 1784 1443 1829 praecipitur
1468 1784 1749 1821 abstinendum

124 1837 213 1865 esse
233 1838 255 1864 a
275 1830 527 1866 nocumentis
560 1830 740 1875 proximo
761 1830 994 1871 inferendis,
1017 1834 1060 1866 ut
1094 1839 1222 1876 neque
1243 1831 1358 1868 factis
1377 1841 1466 1868 eum
1498 1830 1750 1868 offendamus

124 1875 165 1911 in
188 1884 358 1920 persona
390 1876 563 1920 propria,
592 1877 685 1923 quia
711 1877 858 1913 dictum
878 1880 937 1913 est
957 1888 965 1912 :
987 1878 1067 1914 Non
1087 1877 1222 1912 occides
1243 1876 1388 1923 (Emod,
1411 1885 1477 1920 xx,
1507 1878 1588 1924 13);
1620 1886 1751 1925 neque

124 1921 166 1958 in
186 1930 358 1967 persona
378 1922 602 1967 conjuncta,
623 1923 717 1969 quia
736 1923 925 1968 scripturn
946 1924 1118 1960 estzNon
1136 1924 1365 1959 moechaberis
1383 1923 1599 1971 (ibid.,14);
1620 1933 1752 1971 neque

127 1968 244 2004 etiam
263 1968 302 2003 in
324 1969 586 2005 exterioribus
601 1970 734 2013 rebus,
748 1970 841 2021 quia
855 1970 1044 2015 scriptum
1063 1973 1147 2005 est:
1167 1971 1246 2007 Non
1258 1971 1399 2013 furtum
1409 1971 1522 2014 facies
1536 1970 1657 2017 (ibid,
1670 1971 1749 2014 14);

124 2014 382 2061 prohibemur
402 2016 518 2050 etiam
540 2024 589 2052 ne
607 2016 953 2061 contraJustitiam
976 2016 1199 2062 proximum
1218 2017 1343 2054 verbo
1366 2017 1631 2061 offendamus,
1656 2019 1752 2064 quia.

127 2061 317 2105 scriptum
358 2065 417 2097 est
451 2073 458 2097 :
497 2063 581 2099 Non
616 2063 771 2107 loqueris
802 2065 927 2098 contra
958 2064 1167 2108 promimum
1198 2065 1300 2099 tuum
1326 2064 1465 2107 falsum
1492 2066 1749 2102 testimonium.

127 2107 249 2154 (Ibid,
275 2107 345 2152 16.)
368 2109 424 2147 Et,
453 2109 547 2154 quia
577 2110 681 2146 Deus
702 2109 819 2145 etiam
841 2109 1019 2146 cordium
1042 2109 1160 2146 index
1180 2113 1253 2154 est,
1273 2111 1532 2156 prohibemur
1555 2120 1603 2148 110
1632 2112 1750 2150 corde

126 2154 351 2206 proximum
375 2153 643 2200 offendamus,
664 2156 985 2201 concupiscendo
1006 2156 1159 2193 scilicet
1191 2165 1355 2194 uxorem
1380 2161 1448 2194 aut
1466 2158 1640 2205 aliquam
1666 2166 1742 2199 ren]

128 2209 227 2247 ejus.

173 2247 227 2283 Ad
248 2247 476 2293 hujusmodi
499 2251 630 2284 autem
648 2248 843 2295 J‘ustitiam
865 2249 1167 2294 observandam,
1187 2260 1273 2297 quae
1290 2251 1377 2297 lege
1395 2251 1529 2289 divina
1549 2252 1747 2298 statuitur,

127 2293 341 2346 dupliciter
360 2295 479 2331 honio
499 2294 716 2332 inclinatur
737 2307 746 2332 ε
769 2305 849 2332 uno
869 2297 1001 2337 modo,
1024 2297 1073 2334 ab
1094 2298 1299 2342 interiori;
1322 2298 1401 2335 alio
1421 2299 1553 2343 modo,
1575 2299 1623 2335 ab
1645 2302 1750 2336 exte-

126 2349 237 2378 riori.
258 2340 312 2376 Ab
334 2341 513 2392 interiori
532 2342 707 2388 quidem,
729 2342 821 2379 dum
842 2343 961 2380 bomo
979 2343 1230 2381 voluntarius
1250 2349 1311 2381 est
1331 2345 1379 2381 ad
1395 2345 1688 2382 observandum
1705 2355 1751 2384 ea

127 2396 215 2435 quae
236 2388 411 2439 praecipit
432 2388 493 2425 lex
514 2388 672 2434 divina;
695 2389 799 2435 quod
823 2390 979 2436 quidem
1006 2390 1048 2426 fit
1064 2400 1134 2436 per
1154 2400 1329 2428 amorem
1348 2392 1524 2429 hominis
1545 2393 1593 2429 ad
1627 2394 1749 2430 Deum

128 2439 164 2471 et
185 2443 434 2480 prommum3
456 2435 523 2482 qui
552 2436 657 2471 enim
691 2436 819 2482 diligit
841 2437 1012 2483 aliquem
1046 2442 1187 2482 sponte
1205 2441 1243 2474 et
1260 2438 1545 2475 delectabiliter
1562 2439 1597 2475 ei
1624 2439 1750 2476 reddit

129 2480 234 2527 quod
254 2480 374 2532 ,debet
408 2484 444 2517 et
472 2482 591 2518 etiam
624 2482 839 2519 liberaliter
865 2483 1117 2529 superaddit3
1141 2485 1244 2521 unde
1265 2489 1348 2522 tota
1385 2485 1485 2531 tegis
1507 2486 1684 2531 impletio
1702 2493 1751 2522 ex

129 2528 341 2564 dilectione
376 2527 582 2573 dependet,
606 2530 825 2566 secundum
847 2530 944 2567 illud
965 2531 1143 2576 Apostoli
1167 2545 1175 2565 ε
1198 2533 1389 2568 Plenitudo
1415 2533 1503 2576 leqis
1537 2535 1589 2568 est
1607 2532 1750 2567 dilectio

130 2573 258 2620 (Rom,
282 2581 369 2616 XIII,
392 2576 473 2622 10);
497 2578 535 2612 et
552 2576 746 2613 Dominus
766 2576 861 2612 dicit
881 2578 986 2623 quod
1009 2580 1049 2613 in
1072 2578 1128 2612 his
1150 2578 1288 2614 duobus
1306 2579 1505 2619 mandatis,
1537 2579 1688 2616 scilicet
1707 2578 1750 2614 in

130 2620 340 2671 dilectione
363 2621 428 2657 Dei
450 2625 488 2658 et
507 2622 692 2668 proximi,
711 2625 881 2659 universa
901 2625 960 2659 lea·
979 2624 1125 2669 pendet.
1149 2625 1311 2671 (Matth.,
1331 2633 1429 2669 xxii,
1449 2625 1526 2672 40.)
1546 2624 1635 2668 Sed,
1655 2624 1750 2671 quia

130 2666 251 2718 aliqui
274 2668 440 2704 interius
463 2677 543 2705 non
564 2673 658 2706 sunt
676 2669 734 2706 sic
755 2670 938 2715 dispositi
960 2675 1001 2707 ut
1022 2680 1069 2708 ex
1090 2672 1236 2717 seipsis
1249 2676 1389 2718 sponte
1405 2672 1551 2708 saciant
1566 2670 1671 2717 quod
1686 2670 1750 2707 lex

125 2712 258 2764 jubet,
287 2712 334 2748 ab
367 2715 550 2752 exteriori
583 2716 764 2753 trahendi
796 2721 889 2753 sunt
921 2717 970 2754 ad
995 2717 1191 2763 justitiam
1226 2719 1329 2766 legis
1353 2717 1620 2763 implendam;
1642 2717 1749 2764 quod

130 2758 289 2812 quidem
319 2758 362 2794 fit
395 2761 484 2797 dum
515 2762 656 2800 timore
688 2771 909 2808 poenarum,
930 2772 1009 2801 non
1045 2764 1274 2810 liberaliter,
1296 2765 1365 2802 sed
1397 2764 1592 2801 serviliter
1619 2763 1749 2810 legem

129 2805 319 2857 implent3
338 2806 440 2842 unde
461 2807 605 2845 dieitur
626 2820 635 2845 :
657 2809 774 2852 Quam
789 2811 918 2853 feceris
934 2811 1158 2856 Judiciatua
1177 2813 1217 2846 in
1236 2814 1347 2851 terra,
1371 2810 1524 2847 scilicet
1544 2810 1750 2856 puniendo

129 2852 271 2896 malos,
294 2853 478 2895 justitiam
498 2854 635 2891 discent
654 2856 872 2893 habitatores
891 2858 1002 2894 orbis.
1024 2857 1142 2904 (lsai,
1168 2866 1279 2903 xxvi,
1299 2857 1351 2903 9.)
1370 2856 1446 2893 Α111
1462 2865 1556 2893 vero
1576 2856 1635 2894 sic
1655 2860 1750 2895 sunt
