1894 3223
109 121 177 156 300
661 113 748 148 LIB.
779 113 842 155 ΙΙΙ,
870 111 972 147 CAP.
1001 111 1180 147 XXXVIII.

157 201 236 236 Hoc
258 197 373 234 etiam
396 195 443 232 ad
465 195 565 246 nihil
586 193 693 230 aliud
715 192 922 229 ordinatur
954 191 1058 229 sicut
1080 192 1129 229 ad
1150 191 1284 237 finem,
1307 201 1428 239 quum
1451 191 1732 237 contemplatio

109 245 284 283 veritatis
302 246 460 289 propter
480 249 653 286 seipsam
674 243 886 286 quaeratur.

158 295 230 328 Per
250 291 351 326 lianc
371 288 490 325 etiam
523 286 793 332 operationem
816 286 936 323 homo
957 285 1194 323 substantiis
1227 285 1501 332 superioribus
1522 285 1733 332 conjungi-

109 343 170 375 tur
192 346 261 383 per
278 334 593 374 similitudinem,
616 333 710 380 quia
730 333 805 370 hoc
825 335 976 370 tantum
998 332 1046 370 de
1067 332 1366 380 operationibus
1385 333 1571 370 humanis
1586 333 1628 369 in
1651 333 1731 369 Deo

110 389 146 421 et
167 385 207 419 in
225 382 460 420 substantiis
482 381 675 426 separatis
697 383 770 417 est.

158 431 235 466 Hac
257 429 375 466 etiam
397 428 626 512 opelratione
647 427 696 464 ad
716 426 785 464 illa
814 426 1021 473 superiora
1051 426 1320 474 conjungitur,
1343 427 1624 473 cognoscendo
1645 426 1735 473 ipsa

139 485 281 514 uocum
314 485 362 512 ue
383 484 447 512 mo
479 484 516 512 o.

111 487 133 525 q
156 523 212 560 Ad
234 486 336 560 hage
356 522 473 559 etiam
508 520 777 568 operationem
809 520 930 558 homo
962 520 1038 558 sibi
1059 520 1188 567 magis
1208 523 1269 558 est
1289 519 1509 565 sufficiens,
1529 523 1663 568 utpote
1685 519 1735 558 ad

111 580 194 608 eam
217 578 354 616 parum
375 568 525 606 auxilio
548 568 787 605 exteriorum
808 576 939 605 rerum
961 576 1098 614 egens.

156 617 211 654 Ad
231 617 333 654 banc
353 616 468 653 etiam
492 624 632 653 omnes
653 615 740 652 aliae
761 615 1013 661 operationes
1028 614 1211 650 humanae
1232 612 1407 650 ordinari
1427 612 1610 650 videntur
1629 614 1734 651 sicut

111 664 159 702 ad
178 663 311 701 finem.
332 663 386 700 Ad
407 663 688 710 perfectionem
712 662 817 698 enim
852 661 1201 708 contemplationis
1233 660 1447 707 requiritur
1477 660 1734 698 incolumitas

112 711 306 757 corporis,
328 710 376 747 ad
406 719 524 757 quam
554 709 789 747 ordinantur
807 707 1029 745 artificialia
1058 707 1194 744 omnia
1211 716 1298 754 quae
1322 710 1416 744 sunt
1437 708 1664 744 necessaria
1685 707 1735 745 ad

110 759 244 795 vitam.
267 757 494 805 Requiritur
519 757 637 794 etiam
668 756 781 803 quies
811 765 834 792 a
867 753 1232 802 perturbationibus
1264 753 1514 800 passionum,
1536 754 1584 790 ad
1614 763 1734 800 quam

111 804 339 852 pervenitur
358 814 427 850 per
454 804 619 841 virtutes
640 803 812 840 morales
833 806 872 839 et
890 812 960 848 per
987 801 1251 847 prudentiam,
1274 804 1312 838 et
1329 800 1443 847 quies
1464 800 1512 837 ab
1533 801 1734 838 exteriori-

110 853 187 890 bus
209 851 479 898 passionibus,
500 851 548 888 ad
578 859 696 898 quam
728 850 935 887 ordinatur
965 851 1091 886 totum
1112 848 1291 895 regimen
1312 848 1402 884 vitae
1434 846 1577 892 civilis,
1599 850 1643 884 ut
1662 847 1735 892 sic,

113 899 147 937 si
169 902 273 936 recte
305 898 622 943 considerentur,
645 897 780 934 omnia
811 897 986 933 humana
1005 895 1138 933 officia
1158 894 1306 932 servire
1329 893 1539 931 videantur
1557 896 1734 932 contem-

112 946 315 993 plantibus
333 946 553 982 veritatem.

161 995 248 1030 Non
278 995 337 1030 est
369 996 498 1029 autem
532 991 724 1039 possibile
759 990 864 1038 quod
891 989 1032 1027 ultima
1065 988 1242 1026 hominis
1272 987 1442 1025 felicitas
1480 987 1675 1032 consistat
1694 988 1737 1025 in

114 1039 449 1086 contemplatione
481 1049 568 1086 quie
604 1042 664 1076 est
697 1038 916 1075 secundum
949 1036 1195 1074 intellectum
1224 1035 1526 1082 principiorum,
1559 1044 1646 1082 quae
1676 1039 1738 1073 est

114 1086 463 1133 imperfectissima
478 1113 488 1131 ,
522 1087 627 1123 sicut
670 1085 840 1122 maxime
891 1084 1130 1121 universalis
1147 1111 1156 1127 ,
1202 1091 1335 1120 rerum
1381 1082 1653 1129 cognitionem
1695 1083 1738 1119 in

113 1134 292 1181 potentia
310 1134 537 1178 continens,
565 1136 603 1169 et
626 1136 686 1169 est
705 1132 958 1178 principium,
982 1140 1063 1168 non
1090 1130 1183 1167 finis
1205 1129 1369 1167 humaui
1399 1128 1536 1173 studii,
1553 1138 1576 1166 a
1595 1132 1737 1166 natura

115 1181 232 1218 nobis
253 1180 506 1227 proveniens,
529 1188 610 1217 non
638 1179 856 1216 secundum
881 1177 1056 1215 studium
1076 1176 1279 1221 veritatis3
1303 1185 1432 1222 neque
1453 1176 1572 1212 etiam
1592 1184 1737 1213 secun-

115 1228 209 1265 dum
231 1227 434 1271 scientias,
453 1235 540 1274 quae
554 1229 647 1264 sunt
666 1226 713 1262 de
735 1226 854 1263 rebus
874 1225 1038 1269 infimis,
1056 1232 1177 1271 quum
1196 1227 1374 1270 oporteat
1395 1222 1625 1274 felicitatem
1647 1232 1738 1260 esse

114 1275 156 1312 in
175 1275 403 1321 operatione
426 1274 650 1310 intellectus
666 1282 735 1319 per
750 1272 1086 1318 comparationem
1107 1271 1156 1308 ad
1177 1270 1432 1308 nobilissima
1451 1269 1736 1316 intelligibilia.

115 1321 366 1368 Relinquitur
386 1321 508 1367 igitur
529 1320 635 1367 quod
653 1320 693 1356 in
711 1319 1045 1365 contemplatione
1066 1318 1271 1364 sapientiae
1293 1317 1433 1354 ultima
1452 1316 1628 1354 hominis
1650 1316 1736 1354 feli-

118 1369 217 1406 citas
233 1367 440 1412 consistat,
457 1367 676 1404 seeundum
700 1366 924 1403 divinorum
946 1365 1321 1403 considerationem.

169 1417 222 1452 Ex
245 1423 324 1462 quo
355 1415 473 1451 etiam
505 1417 624 1460 patet,
644 1413 890 1450 inductionis
923 1413 998 1457 via,
1019 1411 1124 1459 quod
1163 1420 1284 1457 supra
1312 1409 1536 1448 rationibus
1572 1413 1632 1448 est
1651 1418 1738 1456 pro-

114 1461 249 1499 batum
275 1473 283 1498 ε
307 1461 416 1508 quod
437 1461 578 1497 ultima
603 1460 773 1497 felicitas
796 1459 972 1497 hominis
1008 1467 1090 1496 non
1110 1458 1295 1496 consistit
1331 1457 1410 1495 nisi
1431 1457 1473 1493 in
1494 1457 1737 1504 contempla·

115 1508 224 1546 tione
241 1508 323 1545 Dei.
342 1508 588 1554 (Opusc.‚111,
610 1517 644 1544 c.
669 1507 764 1553 107.)

721 1647 889 1688 CAPUT
915 1646 1134 1688 XXXVIII.

235 1763 336 1798 QUOD
361 1762 562 1792 FELICITAS
598 1762 767 1791 HUMANA
791 1761 870 1791 NON
895 1760 1095 1791 CONSISTIT
1120 1759 1163 1789 IN
1187 1759 1420 1790 COGNITIONE
1444 1760 1511 1789 DEI
1537 1760 1624 1795 QUAE

562 1820 814 1850 COMMUNITER
839 1819 1022 1848 HABETUR
1046 1819 1073 1847 A
1097 1818 1296 1847 PLURIBIL‘S.

164 1928 446 1976 Inquirendum
467 1931 598 1965 autem
619 1926 856 1974 relinquitur
876 1927 917 1963 in
941 1925 1047 1973 quali
1070 1925 1137 1962 Dei
1159 1924 1387 1972 cognitione
1408 1924 1549 1962 ultima
1569 1925 1739 1964 felicitas

119 1977 353 2014 substantiae
370 1975 650 2012 intellectualis
666 1974 862 2011 consistit.
879 1975 945 2010 Est
962 1973 1067 2009 enim
1081 1973 1259 2019 quaedam
1275 1972 1501 2010 communis
1519 1976 1556 2009 et
1571 1973 1742 2011 confusa

118 2024 186 2060 Dei
208 2022 399 2070 cognitio,
419 2031 506 2069 quae
527 2021 641 2068 quasi
663 2020 851 2058 omnibus
886 2019 1119 2057 hominibus
1140 2019 1274 2064 adest;
1296 2019 1380 2056 sive
1400 2019 1477 2056 hoc
1498 2019 1551 2057 sit
1567 2029 1637 2066 per
1663 2020 1740 2059 hoc

118 2070 223 2117 quod
244 2072 365 2107 Deum
395 2077 484 2106 esse
514 2070 567 2106 sit
594 2077 663 2115 per
691 2077 734 2105 se
754 2072 908 2111 notum,
929 2067 1033 2104 sicut
1053 2066 1132 2103 alia
1152 2066 1508 2104 demonstrationis
1528 2066 1739 2113 principia,

118 2117 220 2155 sicut
253 2116 492 2164 quibusdam
524 2115 692 2160 videtur,
714 2118 756 2152 ut
789 2118 850 2152 est
883 2114 1032 2151 dictum
1063 2113 1104 2160 (l.
1125 2122 1153 2158 1,
1176 2123 1211 2151 c.
1234 2113 1313 2160 10);
1337 2113 1420 2151 sive
1453 2112 1574 2161 (quod
1609 2114 1740 2160 magis

116 2173 252 2201 verum
295 2163 463 2210 videtur)
505 2163 600 2210 quia
641 2162 812 2199 naturali
846 2161 999 2198 ratione
1033 2160 1165 2198 statim
1199 2160 1320 2198 homo
1350 2160 1393 2197 in
1425 2160 1639 2208 aliqualem
1670 2162 1740 2199 Dei

117 2210 388 2258 cognitionem
425 2209 630 2256 pervenire
662 2212 814 2256 potest;
847 2208 1027 2245 videntes
1058 2208 1165 2245 enim
1206 2207 1392 2245 homines
1429 2216 1494 2245 res
1537 2208 1740 2246 naturales

118 2257 338 2296 secundum
365 2257 545 2294 ordinem
572 2259 722 2294 certum
756 2264 927 2299 currere,
949 2264 1070 2303 quum
1101 2254 1301 2293 ordinatio
1327 2254 1478 2302 absque
1510 2254 1741 2293 ordinatore

117 2313 196 2342 non
220 2305 283 2346 sit,
308 2304 530 2351 percipiunt
548 2307 591 2340 ut
610 2304 651 2340 in
672 2303 853 2350 pluribus
875 2303 1046 2350 aliquem
1067 2310 1157 2340 esse
1190 2302 1458 2339 ordinatorem
1480 2310 1612 2339 rerum
1638 2310 1741 2348 quas

114 2352 310 2389 videmus.
334 2351 431 2396 Quis
451 2355 582 2388 autem
601 2351 662 2388 vel
683 2350 814 2397 qualis
834 2350 893 2386 vel
907 2350 941 2387 si
963 2358 1069 2387 unus
1088 2352 1243 2386 tanturn
1265 2352 1326 2387 est
1345 2349 1551 2387 ordinator
1570 2352 1740 2394 naturae,

116 2399 293 2436 nondum
321 2399 456 2436 statim
486 2408 533 2436 ex
561 2398 635 2435 hac
669 2397 871 2435 communi
901 2396 1223 2434 consideratione
1261 2395 1454 2439 habetur3
1475 2395 1580 2433 sicut
1616 2404 1739 2443 quum

115 2446 297 2483 videmus
317 2445 521 2483 hominem
541 2445 691 2482 moveri
707 2448 744 2482 et
763 2445 842 2482 alia
863 2453 983 2490 opera
997 2452 1128 2490 agere,
1143 2443 1386 2490 percipimus
1404 2443 1446 2479 in
1461 2451 1508 2480 eo
1523 2442 1738 2490 quamdam

117 2502 280 2530 causam
300 2492 441 2530 harum
461 2492 737 2539 operationum
760 2501 846 2538 quae
867 2491 958 2528 aliis
979 2491 1099 2529 rebus
1132 2499 1215 2528 non
1244 2491 1364 2536 inest,
1386 2493 1424 2527 et
1446 2489 1549 2527 hanc
1574 2497 1739 2526 causam

120 2540 294 2577 animam
327 2539 598 2584 nominamus,
630 2538 808 2577 nondum
834 2543 964 2576 tamen
1001 2537 1175 2576 scientes
1210 2537 1305 2585 quid
1338 2537 1392 2575 sit
1428 2537 1575 2580 anima,
1605 2535 1639 2572 si
1677 2538 1741 2573 est

118 2595 280 2637 corpus,
297 2587 358 2624 vel
392 2587 561 2635 qualiter
580 2586 832 2633 operationes
852 2585 1062 2632 praedictas
1083 2583 1242 2623 efficiat.
1264 2586 1350 2623 Non
1371 2587 1432 2622 est
1450 2586 1582 2620 autem
1602 2581 1739 2628 possi·

116 2630 197 2669 bile
218 2633 319 2684 lianc
339 2634 611 2681 cognitionem
633 2633 681 2671 ad
702 2633 931 2670 felicitatem
953 2632 1156 2670 sufficere.

165 2679 405 2732 Felicitatem
424 2681 530 2718 enim
551 2680 825 2728 operationem
844 2689 934 2718 esse
952 2682 1108 2727 oportet
1125 2679 1274 2726 absque
1294 2676 1462 2715 defectu.
1486 2675 1576 2728 IIaec
1603 2678 1738 2715 autem

119 2729 295 2772 cognitio
325 2730 385 2764 est
416 2727 632 2766 multorum
655 2736 834 2766 errorum
867 2726 1152 2765 admixtionem
1173 2724 1420 2772 suscipien53
1445 2722 1606 2770 quidam
1628 2722 1739 2762 enim

118 2780 249 2810 rerum
270 2773 559 2825 mundanarum
582 2784 662 2812 non
686 2775 808 2813 alium
829 2774 1098 2812 ordinatorem
1128 2781 1218 2810 esse
1238 2770 1491 2809 crediderunt
1508 2777 1628 2822 quam
1647 2777 1738 2807 cor·

119 2827 217 2865 pora
245 2819 434 2864 coelestia,
454 2821 558 2857 unde
584 2831 752 2868 corpora
773 2821 952 2860 coelestia
983 2821 1080 2858 deos
1109 2828 1199 2858 esse
1231 2818 1439 2862 dixerunt3
1462 2816 1622 2864 quidam
1643 2824 1738 2855 vero

119 2865 287 2905 luterius
306 2866 394 2914 ipsa
426 2867 621 2905 elementa
650 2878 736 2916 quae
764 2878 812 2906 ex
831 2868 890 2906 eis
922 2869 1177 2915 generantur,
1195 2865 1309 2913 quasi
1338 2863 1582 2902 aestimantes
1603 2866 1738 2902 motus
