1894 3223
147 111 217 147 632
711 105 798 140 me.
825 104 884 146 iv,
911 104 1013 139 cAP.
1041 76 1214 139 tssxxxvt.

151 189 469 233 incorruptionem,
493 187 529 220 et
554 184 706 219 mortale
733 184 796 218 hoc
826 183 977 218 induere
1006 182 1327 217 immortalitatem.
1347 184 1432 219 Non
1461 181 1581 228 igitur
1607 190 1676 227 per
1694 180 1771 219 hoe

149 236 270 274 homo
305 239 522 278 resurgens
554 229 790 267 immortalis
811 229 897 273 erit,
925 229 1029 275 quod
1052 227 1158 264 aliud
1178 237 1323 274 corpus
1344 226 1642 273 incorruptibile
1658 236 1772 264 resu-

147 285 241 321 mat,
270 282 313 316 ut
345 278 540 324 praedictae
572 277 784 322 opiniones
813 279 1062 321 posueruut3
1083 274 1150 311 sed
1178 275 1271 321 quia
1290 274 1366 312 hoc
1385 275 1515 321 ipsum
1538 274 1642 321 quod
1664 282 1770 311 nunc

146 332 208 366 est
235 324 489 371 corruptibile
525 322 828 369 incorruptibile
861 323 939 358 tiet.
975 322 1038 358 Sic
1074 321 1194 367 igitur
1224 320 1526 368 intelligendum
1564 325 1625 358 est
1665 320 1772 367 quod

148 372 361 419 Apostolus
382 371 475 408 dicit
507 382 516 406 ;
540 371 630 407 Caro
651 373 684 405 et
701 370 851 414 sanquis
868 379 1020 414 reginum
1040 370 1105 404 Dei
1125 378 1196 404 non
1212 368 1460 413 possidebunt,
1480 368 1585 415 quod
1607 368 1645 404 in
1666 371 1772 404 statu

147 419 440 466 resurgentium
468 417 670 462 corruptio
701 416 863 452 tolletur
896 417 1028 452 carnis
1058 418 1096 451 et
1121 414 1345 461 sanguinis,
1380 415 1602 451 substantia
1640 419 1772 450 tamen

149 467 280 504 carnis
321 469 358 501 et
391 464 603 510 sanguinis
625 466 882 499 remanente:
917 462 1021 499 unde
1048 461 1252 508 subjungit
1274 474 1282 497 :
1303 462 1424 508 Neque
1449 463 1629 508 corruptio
1659 462 1774 496 incor-

147 514 325 559 ruptelam
339 511 550 557 possibebit.

769 621 936 660 CAPUT
965 621 1172 660 LXXXVI.

512 734 566 763 nn
591 733 812 766 QUALITATE
837 733 1041 762 conpotum
1067 733 1414 762 GLORIFIGATORUM.

197 838 384 885 Quamvis
408 840 536 874 autem
563 836 703 873 merito
728 835 871 873 Christi
893 835 1070 872 defectus
1089 840 1239 873 naturae
1259 836 1301 873 in
1321 836 1592 873 resurectione
1611 836 1775 874 tollatur

151 886 199 926 ab
225 885 412 924 omnibus
433 884 698 921 communiter
717 887 797 919 tam
816 883 948 927 bouis,
972 893 1089 929 quam
1109 883 1241 928 malis,
1266 883 1484 920 remanebit
1502 886 1635 920 tamen
1656 883 1773 920 disfe-

151 934 278 972 remia
316 933 418 969 inter
450 931 580 968 bonos
611 935 649 967 et
675 931 803 967 malos
836 934 1026 976 quantum
1057 930 1104 966 ad
1141 940 1187 966 ea
1205 940 1291 977 quae
1311 929 1576 976 personaliter
1594 930 1774 978 utrisque

153 980 408 1019 conveniunt.
431 980 498 1015 Est
516 982 645 1014 autem
670 978 716 1014 de
738 977 890 1014 ratione
912 981 1063 1013 naturae
1082 978 1186 1023 quod
1211 977 1342 1014 anima
1364 977 1541 1014 humana
1561 977 1613 1014 sit
1632 986 1773 1023 corpo-

151 1028 209 1065 ris
238 1028 379 1070 sorma‚
410 1026 541 1072 ipsum
561 1024 764 1061 vivificans
789 1028 827 1061 ct
852 1024 893 1060 in
915 1033 1004 1061 esse
1037 1033 1306 1069 conservans3
1330 1024 1399 1061 sed
1429 1034 1476 1061 ex
1494 1024 1775 1070 personalibus

153 1074 308 1112 actibus
342 1077 515 1109 meretur
548 1071 679 1108 anima
705 1072 744 1107 in
771 1071 941 1119 gloriam
960 1071 1100 1108 divinae
1121 1071 1289 1108 visionis
1311 1071 1469 1116 elevari,
1488 1071 1550 1107 vel
1569 1071 1616 1108 ab
1635 1071 1774 1108 ordine

151 1120 383 1167 hujusmodi
417 1119 554 1167 gloriae
594 1122 752 1165 propter
796 1119 954 1164 culpam
986 1118 1155 1155 excludi.
1195 1118 1434 1164 Disponetur
1468 1118 1590 1166 igitur
1628 1127 1773 1165 corpus

153 1167 416 1206 communiter
447 1167 625 1203 omnium
658 1165 878 1202 secundum
900 1165 1199 1202 condecentiam
1230 1165 1386 1210 animae,
1410 1169 1451 1202 ut
1472 1165 1626 1202 scilicet
1647 1166 1776 1202 forma

151 1212 465 1260 incorruptibilis
486 1222 575 1249 esse
590 1213 890 1258 incorruptibile
911 1212 1066 1258 corpori
1086 1212 1246 1256 tribuat,
1268 1213 1558 1249 contrariorum
1581 1213 1775 1258 composi-

151 1262 261 1299 tione
300 1270 378 1297 non
412 1261 606 1304 obstante,
636 1269 683 1296 eo
717 1260 822 1306 quod
854 1261 1020 1296 materia
1050 1260 1228 1305 corporis
1255 1259 1434 1303 humani,
1463 1259 1595 1296 divina
1614 1260 1771 1302 virtute,

152 1309 295 1346 animae
329 1308 513 1345 humanae
543 1311 732 1353 quantum
755 1307 802 1343 ad
821 1306 896 1343 hoc
918 1306 1147 1352 subjicietur
1167 1307 1345 1343 omnino.
1365 1307 1440 1343 Sed
1462 1316 1508 1343 ex
1528 1306 1706 1343 claritate
1735 1311 1778 1343 et

149 1357 292 1392 virtute
313 1355 453 1391 animae
468 1354 516 1390 ad
532 1354 702 1390 divinam
715 1353 908 1390 visionem
926 1354 1086 1390 elevatae
1101 1363 1245 1399 corpus
1260 1354 1335 1390 sibi
1357 1354 1511 1390 unitum
1533 1353 1678 1399 aliquid
1691 1362 1773 1389 am-

152 1403 258 1449 plius
271 1406 559 1447 consequetur:
578 1401 649 1436 erit
669 1401 772 1437 enim
795 1400 967 1436 totaliter
988 1401 1206 1445 subjectum
1221 1400 1374 1444 animae,
1388 1401 1519 1436 divina
1534 1401 1677 1436 virtute
1698 1401 1774 1437 hoc

150 1450 333 1492 faciente,
355 1457 435 1484 non
454 1447 585 1484 solum
607 1452 798 1494 quantum
820 1447 868 1483 ad
889 1457 992 1491 esse,
1010 1449 1078 1483 sed
1101 1447 1216 1483 etiam
1239 1453 1431 1494 quantum
1450 1447 1498 1484 ad
1520 1447 1710 1492 actiones,
1735 1451 1772 1483 et

152 1496 448 1543 passiones,‘et
479 1499 611 1531 motus
643 1499 680 1530 et
714 1503 926 1540 corporeas
986 1494 1180 1531 ualitates.
1215 1494 1320 1530 Stout
1351 1494 1471 1542 igitur
1491 1494 1623 1531 anima
1644 1494 1780 1531 divina.

151 1544 308 1581 visione
342 1544 492 1585 fruens,
529 1541 689 1588 quidam
723 1541 914 1587 spirituaL
944 1550 970 1578 ·c
989 1541 1125 1578 aritate
1152 1541 1378 1587 replebitur,
1400 1542 1455 1578 ita
1474 1551 1543 1587 per
1562 1541 1773 1588 quamdam

153 1589 352 1637 spirituali
372 1589 549 1626 claritate
567 1588 793 1634 replebitur,
816 1589 869 1624 ita
890 1598 959 1634 per
978 1588 1188 1634 quamdam
1208 1588 1509 1625 redundantiam
1527 1588 1718 1625 exanima
1733 1589 1775 1624 in

152 1645 312 1683 corpus,
340 1636 472 1682 ipsum
508 1644 654 1682 corpus
684 1644 758 1672 suo
787 1635 906 1672 modo
938 1635 1126 1673 claritatis
1156 1635 1283 1683 gloria
1312 1635 1498 1672 induetur
1519 1647 1527 1672 ε
1551 1635 1655 1672 unde
1683 1635 1783 1672 dicit

149 1684 380 1730 Apostolus,
401 1684 416 1719 Ι
433 1684 534 1723 Cor„
550 1690 620 1726 xv,
639 1684 683 1719 43
705 1694 713 1718 :
735 1683 943 1719 seminatur
963 1691 1108 1728 corpus
1128 1684 1168 1718 in
1188 1683 1424 1727 iqizobz'lz'tate,
1443 1686 1564 1728 suryet
1583 1685 1622 1719 in
1635 1683 1772 1728 ρῐονὶας

152 1731 243 1778 quia
276 1739 420 1775 corpus
451 1734 632 1766 nostrum
661 1738 767 1766 nunc
805 1732 865 1766 est
898 1739 1079 1775 opacum,
1116 1733 1210 1766 tunc
1253 1733 1380 1766 autem
1410 1730 1484 1766 erit
1520 1730 1683 1773 clarum,
1717 1738 1782 1766 se·—

152 1778 326 1815 cundum
364 1777 477 1820 illud,
504 1777 654 1820 Manli„
677 1780 855 1821 Χ11[,43;
881 1778 1082 1820 Fulyebunt
1108 1777 1205 1822 justi
1235 1779 1329 1812 sicut
1357 1778 1409 1812 sol
1438 1779 1477 1811 in
1510 1787 1618 1821 regino
1648 1778 1773 1813 Patris

153 1836 236 1860 mez-

203 1871 343 1908 Anima
363 1871 481 1907 etiam
502 1880 588 1917 quae
608 1870 742 1907 divina
763 1871 917 1908 risione
939 1871 1090 1907 fruetur
1113 1871 1254 1907 ultimo
1286 1869 1355 1907 fini
1384 1870 1609 1916 conjuncta,
1627 1870 1668 1906 in
1693 1879 1776 1907 om·

155 1919 273 1955 nibus
303 1918 526 1963 experietur
555 1926 673 1954 suum
709 1917 950 1954 desiderium
982 1917 1259 1963 adimpletum;
1281 1922 1331 1961 et,
1361 1918 1455 1964 quia
1495 1927 1543 1953 ex
1575 1917 1790 1965 desiderio

154 1965 297 2002 animae
316 1968 496 2001 movetur
515 1973 674 2010 corpus,
704 1973 956 2011 consequens
978 1965 1050 2000 erit
1070 1965 1175 2011 quod
1197 1973 1341 2010 eorpus
1363 1963 1525 2000 omnino
1549 1964 1703 2010 spiritui
1725 1964 1773 2001 ad

154 2015 308 2048 motum
330 2011 485 2048 obediet
502 2023 510 2054 ;
528 2012 632 2047 unde
647 2020 814 2056 corpora
828 2011 1121 2057 resurgentium
1137 2011 1339 2048 beatorum
1355 2012 1486 2048 sutura
1499 2015 1612 2047 erunt
1633 2011 1752 2058 agilia
1763 2023 1780 2056 ;.

154 2063 192 2095 et
210 2059 286 2095 hoc
308 2062 368 2095 est
387 2058 493 2104 quod
504 2058 719 2103 Apostolus
741 2058 848 2102 dicit,
871 2058 1016 2094 ibidem
1037 2068 1044 2093 :
1066 2059 1274 2094 Seminatur
1291 2060 1331 2094 in
1351 2060 1575 2104 infirmitate,
1593 2061 1716 2102 sur-‚oet
1734 2059 1776 2094 in

152 2107 300 2141 virtute.
321 2104 590 2141 Infirmitatem
612 2105 716 2141 enim
735 2105 959 2151 experimur
976 2106 1016 2142 in
1037 2114 1216 2151 corpore,
1233 2106 1324 2152 quia
1340 2105 1558 2142 invalidum
1572 2105 1773 2142 invenitur

154 2151 203 2189 ad
224 2151 549 2190 satisfaciendum
568 2152 765 2188 desiderio
787 2153 928 2189 animae
948 2152 988 2189 in
1007 2152 1183 2189 motibus
1204 2157 1242 2189 et
1259 2152 1498 2196 actionibus,
1517 2161 1617 2199 quas
1639 2152 1773 2190 anima

152 2198 321 2245 imperat
343 2211 351 2235 ε
371 2208 457 2246 quae
477 2198 688 2236 infirmitas
708 2199 882 2236 totaliter
901 2204 995 2236 tunc
1014 2199 1176 2236 tolletur
1193 2200 1336 2236 virtute
1356 2199 1602 2236 redundante
1623 2199 1664 2236 in
1686 2208 1772 2236 cor-

151 2255 228 2292 pus
249 2256 297 2283 ex
316 2247 450 2283 anima
464 2247 545 2283 Deo
563 2246 777 2292 coniuncta
799 2258 806 2282 :
829 2250 989 2293 propter
1009 2246 1114 2293 quod
1136 2247 1268 2291 etiam,
1290 2247 1481 2292 sapient„
1497 2255 1556 2290 111,
1576 2250 1613 2290 7,
1632 2246 1782 2283 dicitur

153 2293 202 2330 de
215 2293 336 2340 justis
351 2293 457 2340 quod
477 2296 653 2338 tanquam
672 2294 838 2329 scintillae
857 2296 898 2329 in
917 2295 1134 2330 arundineto
1154 2295 1358 2330 discurrent
1378 2305 1387 2330 :
1410 2303 1488 2330 non
1513 2294 1618 2339 quod
1637 2297 1771 2331 motus

153 2339 205 2377 sit
225 2340 266 2376 in
287 2340 344 2377 eis
364 2342 523 2386 propter
534 2340 828 2386 necessitatem,
842 2350 964 2387 quum
977 2341 1381 2388 nulloindigeantqui
1395 2342 1518 2377 Deum
1529 2340 1688 2386 babent,
1703 2341 1778 2377 sed.

153 2387 202 2423 ad
222 2387 380 2424 virtutis
401 2387 796 2425 demonstrationem.

201 2434 308 2471 Sicut
341 2439 471 2471 autem
505 2435 638 2471 anima
668 2437 746 2471 Deo
768 2436 905 2472 fruens
926 2435 1087 2472 habebit
1114 2435 1352 2472 desiderium
1375 2435 1630 2480 adimpletum
1649 2444 1773 2482 quan-

154 2483 239 2518 tum
260 2481 308 2518 ad
330 2482 462 2518 omnis
482 2481 577 2519 boni
597 2482 862 2527 adeptionem,
882 2482 937 2518 ita
957 2483 1074 2519 etiam
1104 2482 1191 2529 ejus
1215 2482 1455 2519 desiderium
1477 2481 1682 2527 impletum
1700 2483 1775 2518 erit

156 2532 347 2574 quantum
369 2529 417 2565 ad
436 2529 696 2566 remotionem
717 2529 849 2566 omnis
867 2528 960 2565 mali
983 2541 992 2574 ;
1014 2529 1107 2576 quia
1125 2538 1215 2566 cum
1238 2538 1394 2566 summo
1415 2529 1521 2566 bono
1537 2529 1669 2565 locum
1694 2537 1774 2566 non

153 2573 271 2611 habet
291 2575 452 2622 aliquod
472 2576 635 2612 malum,
658 2577 701 2613 Et
723 2585 867 2622 corpus
887 2576 1010 2622 igitur
1029 2576 1247 2622 perfectum
1267 2586 1336 2622 per
1356 2577 1529 2613 animam
1551 2576 1773 2622 proportio-

90 2666 95 2670 .
153 2621 297 2658 naliter
314 2623 644 2660 animaeimmune
666 2623 739 2660 erit
759 2623 807 2660 ab
829 2624 938 2660 omni
957 2623 1063 2660 malo
1083 2627 1121 2660 et
1141 2627 1332 2669 quantum
1354 2623 1402 2660 ad
1423 2627 1569 2666 actum,
1591 2627 1629 2659 et
1648 2631 1774 2659 ouan-

152 2671 237 2705 tum
266 2668 326 2721 ad.
346 2670 575 2715 potentiam.
598 2671 797 2714 Quantum
830 2670 878 2707 ad
907 2674 1037 2707 actum
1076 2670 1249 2717 quidem,
1271 2670 1364 2717 quia
1398 2670 1509 2707 nulla
1539 2670 1580 2706 in
1611 2666 1669 2706 eis
1701 2668 1774 2705 erit

153 2718 369 2767 corruptio,
386 2716 498 2753 nulla
510 2717 756 2762 deformitas,
772 2717 908 2754 nullus
926 2717 1124 2762 defectus3
1146 2721 1336 2764 quantum
1357 2717 1406 2754 ad
1426 2716 1642 2763 potentiam
1663 2723 1771 2759 vero,

155 2770 251 2808 quia
269 2770 350 2798 non
371 2767 557 2808 poterunt
576 2764 727 2811 aliquid
747 2764 828 2810 pati
847 2764 953 2811 quod
974 2764 1032 2801 eis
1054 2765 1106 2801 sit
1125 2765 1353 2808 molestum,
1375 2768 1411 2800 et
1432 2767 1589 2810 propter
1607 2761 1682 2798 hoc
1699 2761 1773 2798 im-

155 2808 364 2856 passibilia
383 2813 496 2846 erunt
516 2822 526 2853 ;
547 2820 635 2857 quae
653 2815 787 2847 tamen
801 2811 1103 2857 impassibilitas
1118 2820 1199 2849 non
1217 2811 1390 2848 excludit
1403 2811 1452 2847 ab
1468 2810 1526 2846 eis
1541 2809 1771 2860 passionem

159 2864 247 2903 quae
278 2859 340 2907 est
369 2855 417 2893 de
448 2857 602 2895 ratione
637 2867 782 2896 sensus
805 2862 996 2896 :utentur
1027 2858 1133 2896 enim
1168 2857 1356 2896 sensibus
1382 2857 1447 2899 ad,
1469 2853 1775 2894 delectationem.
