1894 3223
646 83 731 120 LIB.
759 83 824 127 111,
851 82 953 120 CAP.
981 83 1158 120 LXXVIII.
1648 85 1710 121 36¹

696 263 864 305 CAPUT
900 264 1112 305 Lxxvnt.

92 378 194 413 QUOD
222 377 488 407 MEDIANTIBUS
514 376 728 406 CREATL'RIS
755 377 1128 406 INTELLECTUALIBL’S
1153 377 1255 407 ALIAE
1274 378 1485 408 CREATCRAE
1510 378 1717 410 REGUNTUR

834 431 861 458 A
886 430 974 459 DEO.

142 539 243 584 Quia
260 547 353 576 vcro
372 538 418 575 ad
439 538 613 575 divinam
629 538 915 585 providentiam
939 539 1107 584 pertinet
1131 543 1173 576 nt
1194 539 1291 576 ordo
1314 545 1488 577 servetur
1506 542 1546 577 in
1578 541 1712 588 rebus,

92 594 296 633 congruus
317 589 447 622 autem
469 585 567 622 ordo
587 590 645 622 est
667 589 708 622 ut
722 586 955 631 asupremis
975 586 1023 623 ad
1044 585 1181 623 infima
1194 588 1539 632 proportionaliter
1554 588 1714 626 descen-

91 633 221 678 datur,
239 636 394 678 oportet
408 633 514 678 quod
535 632 669 670 divina
687 633 938 678 providentia
957 633 1177 670 secundum
1189 633 1399 685 quamdam
1415 635 1712 680 proportionem

91 689 219 727 usque
232 680 280 717 ad
298 688 361 717 res
375 680 536 716 ultimas
551 680 766 725 perveniat.
783 681 871 717 Haec
887 684 1017 717 autem
1032 682 1235 732 proportio
1250 684 1311 717 est
1324 685 1380 724 ut,
1397 681 1501 718 sicut
1518 690 1714 728 supremae

90 731 282 765 creaturre
304 730 397 763 suut
417 727 492 764 sub
514 728 592 764 Deo
614 730 652 763 et
675 727 952 773 gubernantur
981 727 1030 764 ab
1060 727 1163 772 ipso,
1196 730 1252 764 ita
1283 727 1492 765 inseriares
1524 733 1714 767 creaturae

93 774 175 812 sint
195 773 269 811 sub
287 773 562 819 superioribus
581 777 619 811 et
638 777 830 820 regantur
850 773 898 811 ab
917 774 1033 820 ipsis.
1054 775 1160 810 Inter
1174 782 1314 811 omnes
1347 778 1477 812 autem
1511 780 1714 814 creaturas

93 824 187 858 sunt
206 829 399 866 supremae
418 820 723 864 intellectuales,
748 821 851 858 sicut
871 829 919 859 ex
941 820 1217 867 superioribus
1238 820 1337 868 (cap.
1357 822 1417 868 49)
1441 825 1559 868 patet.
1587 823 1716 870 Exigit

91 868 215 952 {gitur
231 867 374 905 divinae
393 867 653 914 providentia>
666 867 769 905 ratio
788 871 831 905 ut
858 871 1009 905 caeterae
1030 871 1220 905 creaturae
1235 877 1306 916 per
1322 873 1524 907 creaturas
1544 870 1716 907 rationa-

109 923 150 952 es
166 918 366 951 reoantur.

141 942 321 1006 Αηιῖῑῖιις,
345 969 604 1007 quaecumque
623 964 804 998 creatura
822 960 1031 1007 exequitur
1069 961 1215 999 divinae
1243 962 1500 1009 providentia}
1534 962 1715 1002 ordinem

92 1008 169 1046 hoc
189 1007 306 1045 habet
325 1007 365 1044 in
385 1011 577 1054 quantum
598 1008 807 1054 participat
822 1007 978 1060 'aliq—uid
1001 1007 1048 1044 de
1069 1009 1213 1046 virtute
1232 1010 1309 1046 sibi
1330 1011 1588 1055 providentis,
1611 1011 1717 1048 sicut

91 1058 131 1092 et
166 1055 476 1091 instrumentum
513 1061 594 1091 non
629 1058 761 1091 movet
790 1055 869 1092 nisi
903 1063 945 1090 in
975 1059 1167 1101 quantum
1201 1065 1270 1101 per
1314 1061 1465 1093 motuni
1509 1058 1717 1103 participat

97 1101 250 1147 aliquid
282 1100 330 1138 de
365 1101 510 1137 virtute
539 1101 773 1147 principalis
802 1101 971 1148 agentis.
994 1101 1088 1144 Quae
1122 1102 1244 1147 igitur
1275 1104 1445 1149 amplius
1483 1104 1532 1140 de
1572 1105 1716 1142 virtute

95 1147 242 1190 divinae
270 1147 531 1195 providentiae
573 1148 809 1194 participant
857 1151 952 1185 sunt
979 1148 1182 1185 executiva
1211 1148 1353 1186 divinae
1384 1150 1640 1196 providentiae
1674 1152 1716 1188 in

89 1191 162 1233 -i'lla
183 1202 271 1242 quae
288 1195 424 1232 minus
444 1193 696 1241 participant.
716 1196 911 1232 Creaturae
942 1198 1073 1232 autem
1105 1195 1396 1234 intellectuales
1423 1198 1514 1243 plus
1543 1198 1635 1235 aliis
1666 1198 1714 1236 de

87 1242 181 1288 ipsa
193 1241 444 1288 participant.
460 1243 572 1284 Nam,
585 1249 675 1279 cum
696 1242 744 1279 ad
764 1242 1054 1288 providentiam
1071 1242 1295 1289 requiratur
1315 1244 1527 1290 dispositio
1545 1244 1714 1291 ordinis,

92 1295 181 1336 quae
200 1288 245 1326 tit
261 1297 331 1335 per
349 1289 662 1335 cognoscitivam
682 1289 880 1329 virtutem,
904 1292 941 1325 et
960 1289 1141 1326 executio
1167 1298 1254 1337 quae
1282 1289 1323 1327 fit
1355 1300 1425 1337 per
1457 1292 1713 1338 operativam,

93 1339 284 1374 creaturae
304 1336 522 1373 rationales
556 1338 765 1383 utramque
795 1336 980 1374 virtutem
1011 1336 1261 1383 participant,
1282 1338 1446 1385 reliquae
1477 1348 1571 1377 vero
1603 1348 1713 1377 crea-

92 1385 192 1421 turae
208 1382 391 1420 virtutem
413 1382 654 1429 operativam
674 1387 842 1420 tantum.
863 1384 937 1420 Per
955 1386 1158 1421 creaturas
1174 1384 1297 1431 igitur
1322 1386 1538 1422 rationales
1575 1394 1714 1424 omnes

93 1429 182 1467 aliae
202 1433 390 1467 creaturae
409 1429 484 1466 sub
504 1429 638 1467 divina
657 1430 904 1476 providentia
920 1433 1128 1476 reguntur.

141 1476 287 1517 Adhuc,
307 1477 544 1523 cuicumque
574 1476 688 1514 datur
720 1487 743 1515 a
762 1478 842 1514 Deo
875 1477 1009 1523 aliqua
1042 1477 1183 1522 virtus,
1202 1477 1318 1516 datur
1345 1479 1381 1515 ei
1412 1479 1456 1515 in
1491 1479 1631 1517 ordine
1665 1480 1713 1517 ad

96 1521 279 1562 effectum
314 1523 443 1569 ipsius
477 1523 648 1560 virtutis.
682 1524 747 1561 Sic
777 1524 883 1561 enim
929 1524 1077 1570 optime
1120 1525 1257 1562 omnia.
1300 1525 1581 1572 disponuntur,
1616 1526 1714 1564 dum

95 1570 407 1618 unumquodque
424 1569 629 1608 ordinatur
645 1570 693 1608 ad
709 1571 844 1608 omnia
858 1571 964 1607 bona
983 1580 1072 1618 quae
1090 1579 1139 1608 ex
1157 1571 1247 1618 ipso
1267 1576 1360 1609 nata
1379 1576 1474 1610 sunt
1489 1573 1711 1619 provenire.

94 1618 226 1655 Virtus
248 1621 377 1655 autem
400 1617 642 1654 intellectiva
663 1617 708 1654 de
730 1627 772 1655 se
794 1621 854 1655 est
877 1617 1100 1655 ordinativa
1118 1621 1157 1654 et
1176 1618 1362 1665 regitiva;
1392 1619 1496 1656 unde
1530 1620 1711 1658 videmus

95 1665 215 1711 quod,
232 1664 391 1711 quando
414 1663 712 1717 conjunguntur
732 1665 773 1702 in
795 1664 948 1708 eodem,
970 1665 1095 1702 virtus
1115 1666 1316 1711 operativa
1337 1667 1517 1713 sequitur
1536 1668 1714 1714 regimen

95 1711 346 1748 intellectivae
366 1710 537 1755 virtutis,
560 1711 664 1748 sicut
683 1720 724 1748 in
744 1712 907 1749 homine
925 1711 1109 1749 videmus
1128 1713 1234 1758 quod
1255 1713 1304 1751 ad
1324 1714 1534 1759 imperium
1572 1714 1714 1754 volun·

93 1759 189 1796 tatis
222 1761 401 1795 movetur
432 1757 668 1796 membrum.
689 1758 811 1805 quue
843 1759 962 1796 etiam
994 1763 1156 1805 apparet
1179 1759 1214 1797 si
1246 1760 1289 1797 in
1320 1760 1489 1799 diversis
1527 1761 1714 1807 existant,

93 1813 187 1842 nam
207 1804 265 1842 illi
286 1804 471 1842 homines
492 1805 559 1852 qui
587 1805 783 1843 excedunt
813 1805 855 1842 in
885 1805 1030 1842 virtute
1062 1806 1276 1852 operativa,
1297 1811 1451 1853 oportet
1482 1808 1590 1855 quod
1619 1808 1714 1846 diri-

93 1855 240 1899 gantur
259 1852 306 1889 ab
327 1852 408 1889 illis
429 1850 496 1898 qui
517 1851 558 1890 in
579 1852 723 1890 virtute
753 1852 997 1890 intellectiva
1025 1852 1234 1891 excedunt.
1254 1854 1383 1900 Exigit
1415 1854 1552 1901 igitur.
1570 1855 1714 1894 divinae

93 1898 351 1945 providentiae
389 1899 490 1937 ratio
532 1899 640 1946 quod
685 1904 876 1938 creaturae
926 1899 1014 1938 aliae
1059 1908 1130 1947 per
1176 1900 1467 1939 intellectuales
1512 1906 1714 1941 creaturas

93 1949 296 1992 regantur.

139 1994 240 2035 Item,
261 1993 426 2030 virtutes
442 1992 703 2039 particulares
723 1996 825 2031 natae
844 1996 939 2032 sunt
959 1993 1110 2031 moveri
1130 2003 1154 2032 a
1167 1994 1382 2032 virtutibus
1401 1996 1712 2043 universalibus,

95 2042 138 2078 ut
156 2042 263 2086 patet
281 2043 362 2077 tam
381 2040 424 2076 in
443 2043 526 2077 arte
545 2049 663 2087 quam
694 2040 737 2077 in
769 2044 924 2079 natura.
946 2041 1111 2079 Constat
1137 2045 1270 2079 autem
1302 2042 1409 2088 quod
1439 2043 1564 2081 virtus
1597 2044 1714 2082 intel-

94 2086 239 2124 lectiva
254 2090 317 2124 est
345 2086 612 2124 universalior
647 2087 756 2125 omni
790 2088 868 2125 alia
894 2087 1038 2126 virtute
1067 2089 1280 2134 operativa.
1314 2091 1410 2127 Nam
1438 2091 1564 2128 virtus
1597 2091 1714 2129 intel-

94 2132 238 2171 lectiva
271 2133 448 2170 continet
493 2133 643 2172 formas
685 2135 947 2172 universales.
981 2135 1122 2173 Omnis
1166 2139 1299 2173 autem
1339 2137 1465 2174 virtus
1512 2138 1716 2184 operativa

94 2182 250 2218 tantum
269 2183 330 2217 est
350 2189 398 2217 ex
415 2179 548 2227 aliqua
567 2180 695 2218 forma
710 2182 870 2228 propria
901 2182 1104 2228 operantis
1125 2193 1137 2219 ε
1158 2186 1314 2229 oportet
1343 2183 1467 2231 igitur
1503 2185 1610 2231 quod
1644 2193 1714 2231 per

94 2226 263 2264 virtutes
282 2227 571 2264 intellectuales
592 2231 826 2265 moveantur
844 2232 883 2266 et
900 2233 1091 2275 regantur
1109 2238 1251 2268 omnes
1271 2230 1358 2267 aliae
1378 2234 1581 2268 creaturae.

142 2275 334 2318 Praeterea,
370 2273 412 2310 in
442 2273 630 2312 omnibus
660 2275 853 2321 potentiis
880 2275 1091 2321 ordinatis,
1111 2285 1193 2314 una
1219 2280 1280 2314 est
1311 2276 1501 2314 directiva
1532 2278 1712 2324 alterius,

96 2329 185 2369 quae
204 2320 335 2368 magis
354 2319 549 2358 rationem
570 2322 792 2369 cognoscit.
818 2322 927 2360 Unde
946 2323 1129 2360 videmus
1148 2324 1190 2360 in
1222 2323 1389 2367 artibus,
1410 2323 1515 2371 quod
1549 2333 1613 2362 ars
1644 2325 1715 2363 illa

96 2368 146 2406 ad
164 2375 283 2415 quam
302 2367 472 2413 pertinet
487 2367 580 2406 finis
601 2377 649 2406 ex
669 2377 749 2416 quo
769 2369 941 2407 sumitur
958 2370 1062 2407 ratio
1089 2370 1215 2408 totius
1245 2370 1417 2414 artificii,
1436 2370 1572 2418 dirigit
1604 2370 1714 2411 illam

95 2418 135 2452 et
153 2414 321 2462 imperat
337 2414 374 2451 ei
395 2423 483 2462 quae
513 2414 725 2454 artificium
760 2419 974 2463 operatur:
995 2417 1100 2454 sicut
1130 2426 1196 2454 ars
1227 2417 1509 2463 gubernatoria
1539 2417 1714 2456 navifac·

94 2461 207 2505 rivae,
238 2464 275 2498 et
305 2461 375 2498 illa
404 2470 492 2508 quae
522 2461 691 2500 formam
720 2462 873 2501 inducit
904 2463 1072 2509 imperat
1103 2463 1138 2500 ei
1171 2472 1260 2510 quae
1287 2464 1493 2501 materiam
1522 2464 1713 2511 disponit.

97 2509 367 2547 instrumenta
402 2516 496 2546 vero
530 2518 618 2556 quae
649 2517 732 2548 non
771 2513 1023 2557 cognoscunt
1062 2509 1236 2556 aliquam
1282 2511 1478 2548 rationem
1522 2515 1715 2558 reguntur

95 2558 265 2594 tantum.
287 2556 380 2593 Cum
402 2554 526 2602 igitur
542 2555 642 2593 solae
659 2555 951 2594 intellectuales
970 2559 1161 2594 creaturae
1179 2556 1356 2594 rationes
1376 2556 1530 2595 ordinis
1559 2561 1714 2597 creatu·

96 2611 231 2641 rarum
251 2611 496 2651 cognoscere
511 2602 685 2649 possint,
705 2611 841 2643 earum
861 2603 936 2641 erit
951 2612 1089 2650 regere
1112 2606 1153 2640 et
1183 2603 1406 2651 gubernare
1437 2613 1578 2643 omnes
1612 2605 1713 2644 alias

97 2653 312 2688 creaturas.

143 2697 288 2739 Adhuc,
319 2697 426 2745 quod
447 2700 510 2735 est
535 2706 607 2744 per
623 2705 668 2735 se
687 2699 750 2734 est
764 2704 888 2735 causa
905 2696 992 2744 ejus
1010 2697 1117 2749 quod
1136 2700 1197 2735 est
1214 2705 1284 2744 per
1299 2697 1437 2736 aliud:
1455 2698 1553 2737 solae
1580 2702 1712 2739 autem

100 2747 289 2782 creaturae
309 2744 602 2782 intellectuales
631 2747 857 2797 operantur·
877 2753 948 2796 per
965 2752 1135 2797 seipsas,
1155 2747 1292 2792 utpote
1320 2754 1483 2784 suarum
1516 2747 1713 2792 operatio·

99 2797 196 2829 num
226 2800 297 2838 per
327 2791 497 2830 liberum
526 2790 745 2829 voluntatis
774 2790 982 2830 arbitrium
1012 2791 1184 2830 dominae
1221 2792 1436 2832 existentes
1458 2805 1468 2830 ε
1489 2794 1576 2831 ali-ce
1618 2801 1712 2832 vero

100 2840 290 2878 creaturae
311 2848 359 2879 ex
379 2838 620 2881 necessitate
635 2841 788 2880 naturae
805 2841 1035 2888 operantur,
1054 2841 1244 2890 tanquam
1262 2839 1313 2880 ab
1331 2840 1410 2880 alio
1445 2844 1575 2881 motae.
1598 2840 1712 2882 Crea-
