1894 3223
128 155 132 158 ι
173 105 224 140 v621·
501 94 530 115 ’ξ
795 98 883 133 LIB.
911 98 940 140 Ι,
969 97 1070 133 CAP.
1098 97 1167 132 LX.

179 185 218 220 in
255 181 456 219 intellectu
487 179 631 216 veritas
670 177 850 223 pertinet,
891 175 996 223 quod
1027 176 1255 214 intellectus
1293 176 1416 221 dicit,
1453 184 1536 212 non
1577 174 1628 212 ad
1656 184 1792 221 opera·

179 231 341 272 tionem,
358 238 436 275 qua
456 227 493 263 id
516 226 623 262 dicit.
646 226 731 261 Non
751 223 854 259 enim
871 224 919 260 ad
939 223 1140 259 veritatem
1161 223 1388 260 intellectus
1409 222 1582 267 exigitur
1601 226 1641 258 ut
1660 222 1793 268 ipsum

182 276 403 322 intelligere
424 274 479 310 rei
501 275 690 317 aequetur,
709 279 798 306 cum
817 279 880 306 res
902 270 1098 307 interdum
1119 270 1171 307 sit
1191 270 1425 312 materialis,
1458 269 1680 315 intelligere
1699 278 1793 306 vero

182 321 463 364 immaterialc;
490 319 557 356 sed
580 317 677 354 illud
706 316 810 363 quod
840 317 1065 354 intellectus
1093 317 1353 364 intelligendo
1386 316 1481 353 dicit
1511 320 1548 352 ct
1571 316 1792 361 cognoscit,

184 372 338 415 oportet
356 376 444 404 8558
466 366 520 402 101
543 368 753 410 aequatum,
777 367 818 400 ut
841 364 994 400 scilicet
1013 364 1068 400 ita
1088 363 1140 400 sit
1165 364 1205 400 in
1228 373 1268 401 re
1300 364 1405 401 sicut
1435 362 1661 399 intellectus
1682 362 1790 399 dicit.

183 419 286 453 Deus
308 418 438 451 autem
459 421 531 448 sua
551 410 721 457 simplici
742 411 1019 457 intelligentia,
1037 411 1079 446 in
1100 420 1178 457 qua
1198 420 1278 447 non
1301 414 1360 447 est
1380 409 1620 455 compositio
1639 412 1677 446 et
1696 409 1794 446 divi·

181 464 256 507 sio,
279 459 486 507 cognoscit
506 467 584 495 non
607 457 738 494 solum
760 467 890 493 rerum
914 457 1168 503 quidditates,
1190 457 1258 494 scd
1281 458 1399 494 etiam
1417 457 1733 499 enuntiationes,
1748 459 1794 492 ut

181 514 386 547 ostensum
405 509 464 542 est
489 510 590 552 (cap.
613 507 654 540 57
677 509 713 540 et
733 504 804 550 58).
827 506 870 540 Et
886 504 943 540 sic
964 504 1062 540 illud
1086 504 1194 550 quod
1227 504 1454 541 intellectus
1487 504 1645 540 divinus
1677 502 1796 539 intel·

183 555 343 602 ligendo
365 553 473 596 dicit,
496 557 556 589 est
577 551 813 597 compositio
847 554 884 586 et
914 551 1070 587 divisio.
1092 553 1179 587 Non
1204 560 1298 598 ergo
1327 550 1551 588 excluditur
1577 550 1724 586 veritas
1745 549 1794 586 ab

183 602 385 640 intellectu
407 600 541 637 divino
562 599 714 635 ratione
735 607 817 635 suae
838 598 1116 642 simplicitatis.

228 649 411 693 Amplius,
436 656 522 683 cum
554 645 713 692 aliquod
738 645 1032 690 incomplexum
1050 644 1109 680 vel
1137 644 1280 681 dicitur
1305 644 1365 680 vel
1386 643 1635 689 intelligitur,
1662 643 1793 688 ipsum

181 695 338 742 quidem
358 693 667 739 incomplexum‚
686 695 876 738 quantum
899 695 957 728 est
979 691 1025 726 de
1047 700 1103 735 se,
1124 700 1197 726 nec
1229 694 1289 728 851
1320 690 1376 727 rei
1399 695 1612 737 aequatum,
1645 699 1717 726 nec
1738 690 1793 726 rei

182 742 392 789 inaequale,
414 751 502 777 cum
526 740 731 787 aequalitas
751 743 789 775 et
806 739 1056 784 inaequalitas
1078 737 1311 774 secumdum
1331 737 1666 783 comparationem
1688 737 1794 773 dica-

182 793 256 827 tur.
280 788 573 834 incomplexum
596 789 740 829 autem,
760 789 949 832 quantum
968 789 1029 822 851
1049 785 1094 821 de
1116 793 1173 827 se,
1198 793 1278 820 non
1298 784 1474 821 continet
1493 784 1665 830 aliquam
1688 792 1794 819 com-

181 836 441 882 parationem,
463 834 523 870 vcl
544 834 846 879 applicationem
867 833 913 868 ad
948 842 1042 872 rem,
1067 831 1170 868 unde
1192 832 1238 868 dc
1260 840 1302 868 58
1330 840 1402 867 1180
1428 839 1579 875 verum,
1614 839 1686 866 nec
1720 830 1793 866 fal·

182 893 270 920 sum
293 883 369 919 dici
386 885 530 928 potest,
550 881 619 917 sed
640 884 790 917 tantum
820 880 1083 925 complexum,
1105 879 1146 914 in
1175 887 1253 924 quo
1287 878 1520 924 designatur
1550 877 1796 922 comparatio

182 929 420 975 incomplexi
444 929 491 965 ad
512 938 593 964 rem
629 937 698 973 per
725 931 857 963 notam
890 926 1194 971 compositionis
1226 929 1294 962 aut
1323 925 1544 961 divisionis.
1566 924 1795 961 Intellectus

183 981 314 1014 tamen
330 975 605 1020 incomplexus
626 974 885 1018 intelligendo
907 974 1001 1018 qttod
1031 973 1120 1018 quid
1147 976 1209 1012 est,
1247 971 1505 1018 apprehendit
1537 971 1798 1017 quidditatem

181 1025 238 1061 rei
255 1024 294 1060 in
317 1023 485 1070 quadam
508 1021 801 1067 comparatione
823 1021 867 1056 ad
893 1030 988 1064 rem,
1012 1021 1104 1066 quia
1125 1019 1384 1065 apprehendit
1403 1028 1489 1055 eam
1508 1022 1549 1054 ut
1566 1017 1794 1063 hujusmodi

181 1071 238 1107 rei
259 1070 532 1118 quidditatem.
556 1071 662 1105 Unde
684 1069 773 1104 licet
805 1068 933 1113 ipsum
970 1067 1276 1112 incomplexum,
1300 1070 1337 1102 et
1357 1066 1474 1102 etiam
1502 1064 1693 1109 definitio,
1713 1073 1793 1101 non

183 1118 236 1155 sit
255 1127 324 1164 per
344 1126 385 1153 58
401 1125 536 1153 verum
557 1116 618 1152 vel
642 1116 800 1159 falsum,
830 1119 959 1151 tamen
995 1114 1220 1150 intellectus
1249 1113 1549 1158 apprehendens
1584 1112 1679 1156 qaod
1707 1111 1800 1156 quid

181 1167 246 1205 est,
276 1164 418 1200 dicitur
444 1163 601 1210 quidem
622 1172 690 1208 per
711 1172 753 1198 58
773 1171 927 1206 semper
947 1170 1035 1197 esse
1054 1170 1183 1205 verus,
1209 1164 1248 1196 ut
1268 1163 1373 1206 patet
1387 1160 1428 1195 in
1450 1159 1564 1195 tertio
1587 1161 1636 1194 De
1671 1160 1796 1194 anima

184 1212 290 1255 (text.
313 1219 456 1247 comm.
477 1210 536 1255 26)
571 1210 644 1246 etsi
676 1219 744 1254 per
770 1209 954 1245 accidens
988 1208 1116 1253 possit
1144 1216 1232 1244 esse
1268 1207 1406 1247 1815115,
1438 1206 1480 1242 111
1511 1209 1703 1252 quantum
1733 1205 1796 1241 vel

182 1258 360 1295 definitio
382 1257 547 1294 includit
572 1257 742 1302 aliquam
766 1255 1077 1301 complexionem
1100 1255 1160 1290 vel
1189 1254 1358 1300 partium
1386 1252 1630 1290 definitionis
1664 1252 1712 1289 ad
1740 1252 1800 1288 in-

182 1306 323 1349 vicem,
345 1305 406 1341 vel
428 1304 550 1341 totius
572 1303 814 1339 definitionis
835 1303 880 1338 ad
914 1302 1117 1338 definitum
1153 1313 1161 1337 ε
1197 1301 1299 1337 111108
1331 1301 1510 1337 0811111110
1542 1300 1696 1336 dicetur
1717 1299 1796 1345 (58-

184 1352 358 1389 cundum
380 1351 485 1398 quod
513 1350 746 1396 intelligitur
769 1354 809 1385 ut
831 1349 948 1393 liujus
968 1350 1026 1384 vel
1050 1349 1158 1385 illius
1180 1349 1234 1384 rei
1256 1347 1447 1389 definitio,
1469 1346 1661 1384 secudum
1689 1345 1796 1393 quod

184 1399 233 1436 ab
254 1399 456 1434 intellectu
477 1397 680 1443 accipitur)
702 1397 760 1432 vel
783 1396 1015 1440 simpliciter
1037 1396 1148 1438 falsa,
1166 1395 1199 1432 51
1222 1398 1352 1440 partes
1372 1393 1615 1431 definitionis
1631 1402 1711 1429 non
1735 1402 1797 1429 co-

184 1446 359 1482 haereant
385 1445 424 1481 in
444 1444 626 1486 invicem,
650 1448 691 1479 ut
712 1444 743 1479 51
761 1443 913 1479 dicatur
934 1443 1079 1478 animal
1102 1441 1350 1485 insensibile,
1372 1442 1432 1477 vel
1455 1441 1555 1477 falsa
1575 1439 1796 1476 secundum

185 1493 288 1529 lianc
311 1501 408 1531 rem,
426 1495 542 1537 prout
562 1490 740 1527 0811111110
772 1490 909 1526 circuli
938 1490 1128 1534 accipitur
1160 1493 1199 1523 ut
1233 1488 1435 1534 trianguli.
1458 1489 1555 1524 Dato
1587 1487 1710 1532 igitur
1727 1496 1796 1532 per

184 1538 448 1585 impossibile,
469 1538 574 1584 quod
592 1538 649 1574 510
670 1537 894 1573 intellectus
916 1536 1073 1572 divinus
1099 1536 1227 1572 solum
1253 1535 1502 1581 incomplexe„
1519 1537 1796 1581 cognosceret,

181 1586 312 1625 adhuc
330 1590 437 1622 esset
453 1594 584 1627 verus,
601 1583 881 1630 cognoscendo
904 1592 1015 1619 suam
1035 1582 1307 1629 quidditatem,
1328 1586 1369 1618 ut
1390 1590 1518 1619 suam.

228 1634 374 1675 Adhuc,
397 1632 528 1669 divina
551 1631 786 1677 simplicitas
807 1630 1087 1676 perfectionem
1108 1639 1187 1666 non
1210 1629 1395 1673 excludit,
1416 1629 1510 1675 quia
1537 1628 1580 1664 in
1598 1636 1675 1665 suo
1707 1636 1797 1664 8558

184 1680 355 1726 simplici
378 1679 494 1716 habet
516 1678 703 1724 quicquid
722 1678 975 1723 perfectionis
998 1678 1038 1712 in
1066 1677 1154 1713 aliis
1179 1676 1313 1720 rebus,
1334 1685 1403 1721 per
1422 1676 1635 1722 quamdam
1657 1683 1799 1721 aggre-

211 1728 386 1763 ationem
406 1726 692 1772 perfectionum
712 1734 782 1761 seu
804 1725 1034 1768 formarum,
1056 1724 1267 1767 invenitur,
1291 1727 1334 1759 ut
1352 1732 1473 1768 supra
1493 1726 1700 1759 ostensum
1738 1724 1798 1758 851

183 1737 282 1820 {cap
304 1773 378 1819 28).
402 1773 626 1809 Intellectus
647 1776 775 1808 autem
799 1775 946 1815 noster,
969 1770 1298 1816 apprehendendo
1329 1770 1592 1815 incomplexa,
1620 1768 1798 1805 nondum

181 1820 370 1866 pertingit
389 1820 435 1856 ad
454 1820 631 1856 ultimam
654 1828 766 1855 suain
788 1818 1083 1863 perfectionem,
1106 1817 1199 1864 quia
1225 1817 1354 1853 adhuc
1369 1820 1431 1854 est
1457 1817 1498 1853 in
1531 1816 1709 1862 potentia
1728 1824 1796 1852 re-

182 1870 322 1912 spectu
342 1866 646 1912 compositionis
665 1875 736 1902 5811
757 1865 980 1909 divisionis,
1005 1865 1108 1900 sicut
1126 1865 1164 1900 in
1194 1863 1442 1900 naturalibus
1471 1863 1671 1908 simplicia
1703 1865 1799 1900 sunt

181 1915 223 1951 in
244 1914 421 1959 potentia
450 1917 629 1958 respectu
660 1913 888 1955 mixtorum,
923 1916 960 1947 81
990 1916 1121 1956 partes
1156 1914 1339 1956 respectu
1371 1910 1508 1947 totius.
1546 1912 1648 1947 Deus
1676 1909 1802 1956 igitur

181 1961 401 1998 secundum
423 1969 535 1997 suam
557 1959 777 2005 simplicem
800 1959 1103 2005 intelligentiam
1124 1958 1233 1994 illam
1252 1957 1536 2003 perfectionem
1551 1956 1797 2003 cognitionis

182 2008 311 2051 habet,
331 2016 450 2054 quam
474 2007 699 2043 intellectus
721 2010 856 2042 noster
877 2006 992 2042 habet
1014 2015 1082 2051 per
1104 2009 1308 2051 utramque
1325 2004 1597 2051 cognitionem
1619 2007 1656 2040 81
1688 2011 1800 2039 com-

180 2055 387 2100 plexorum
404 2059 441 2090 et
453 2053 791 2099 incomplexorum
810 2065 818 2087 :
836 2053 904 2089 sed
915 2053 1058 2089 veritas
1075 2053 1333 2098 consequitur
1348 2052 1592 2088 intellectum
1614 2053 1798 2087 nostrum

181 2103 224 2137 in
238 2102 300 2138 sui
316 2101 485 2146 perfecta
501 2101 744 2147 cognitione,
766 2100 923 2146 quando
936 2099 1018 2146 jam
1038 2108 1165 2146 usque
1180 2100 1229 2136 ad
1247 2098 1581 2145 compositionem
1604 2096 1796 2144 pervenit.

182 2150 283 2194 Ergo
304 2152 339 2184 et
359 2148 402 2184 in
421 2148 508 2193 ipsa
529 2147 700 2193 simplici
718 2148 785 2183 Dei
807 2147 1070 2192 intelligentia
1091 2150 1150 2183 cst
1168 2146 1328 2183 veritas.

227 2197 328 2235 Item,
352 2204 438 2232 cum
463 2197 565 2231 Deus
587 2194 719 2231 omnis
738 2194 831 2231 boni
852 2194 998 2231 bonum
1023 2194 1087 2236 sit,
1123 2197 1255 2239 utpote
1275 2201 1415 2230 omnes
1445 2191 1644 2229 bonitates
1676 2190 1720 2227 in
1753 2198 1801 2228 se

181 2242 347 2284 habens,
371 2246 555 2288 utsupra
580 2245 786 2278 ostensum
814 2245 874 2278 est
908 2240 1007 2286 (cap.
1040 2240 1114 2287 40),
1145 2240 1304 2277 bonitas
1336 2239 1563 2276 intellectus
1591 2238 1627 2274 ei
1658 2237 1799 2274 deesse

181 2298 260 2326 non
283 2292 424 2334 potest.
447 2288 520 2326 Sed
541 2297 676 2325 verum
697 2292 758 2325 est
774 2287 922 2325 bonum
944 2288 1182 2328 intellectus,
1205 2290 1248 2324 ut
1264 2289 1372 2333 patet
1406 2295 1476 2332 per
1508 2284 1799 2330 Philosophum

181 2335 223 2372 in
243 2339 354 2373 sexto
374 2336 459 2372 Eth.
484 2336 584 2382 (cap.
607 2334 642 2382 3)
666 2346 674 2379 ;
697 2344 791 2381 ergo
813 2335 956 2371 veritas
976 2335 1015 2370 in
1035 2336 1115 2370 Deo
1137 2336 1210 2370 est.

227 2384 270 2419 Et
298 2383 375 2420 hoc
402 2392 451 2420 ex
481 2382 587 2425 Quod
622 2381 767 2419 dicitur
795 2381 836 2418 in
867 2381 969 2417 Psal.
1001 2381 1098 2417 (11110
1119 2382 1247 2425 Βο111.,
1269 2388 1330 2425 111,
1357 2378 1396 2426 4)
1423 2390 1433 2416 ε
1461 2379 1529 2417 Est
1557 2379 1799 2425 autemneus

182 2436 308 2462 veram.
333 2430 361 2471 (l
383 2430 498 2469 part„
524 2433 561 2469 q.
584 2431 666 2466 xlv,
686 2429 758 2458 art.
784 2428 848 2466 143
871 2428 907 2457 et
928 2431 966 2466 cs.
989 2429 1132 2464 xxxvi,
1153 2428 1224 2457 art.
1247 2428 1282 2466 5,
1302 2427 1352 2459 ad
1372 2426 1421 2470 1.)

855 2544 1022 2585 CAPUT
1057 2545 1138 2584 LX.

739 2659 840 2693 QUOD
861 2659 959 2688 DEUS
983 2659 1054 2687 EST
1077 2657 1262 2688 VERITAS.

233 2751 286 2786 Ex
306 2749 524 2794 praemissis
543 2751 672 2785 autem
694 2752 855 2793 apparet
874 2748 980 2795 quod
1010 2749 1097 2795 ipse
1133 2750 1238 2786 Deus
1261 2750 1323 2785 851.
1339 2747 1498 2785 veritas.
1518 2749 1670 2786 Veritas
1697 2751 1807 2788 enim

188 2796 368 2844 quaedam
382 2795 569 2842 perfectio
580 2795 933 2841 estintelligentiae‚
947 2795 1320 2834 siveintellectuatis
1336 2796 1592 2840 operationis,
1607 2796 1808 2834 utdictum

190 2846 250 2880 851
264 2842 363 2890 (cap.
385 2845 429 2880 59
447 2842 489 2878 in
508 2841 645 2889 calce).
680 2841 903 2888 Intelligere
935 2846 1067 2880 autem
1099 2842 1169 2880 Dei
1199 2845 1263 2880 est
1294 2850 1370 2880 sua
1401 2842 1638 2881 substantia.
1671 2847 1806 2892 Ipsum
