1894 3223
145 151 214 187 246
752 148 839 184 LIB.
869 148 915 192 II,
943 148 1043 185 CAP.
1069 148 1192 186 XCIII.

148 242 239 270 esse
258 231 428 269 minoris
447 229 716 267 multitudinis
737 229 874 267 formae
892 239 979 276 quae
1000 233 1094 268 sunt
1114 234 1224 268 extra
1242 230 1463 275 materiam,
1479 239 1580 277 quas
1595 231 1767 270 dicimus

148 278 395 316 substantias
416 280 633 323 separatas,
656 286 775 323 quam
794 277 875 314 sint
895 277 1050 323 species
1070 277 1337 316 materialium
1357 286 1503 315 rerum.
1522 279 1609 314 Non
1635 282 1767 316 autem

145 328 306 372 propter
327 325 402 360 hoc
423 323 594 361 dicimus
615 323 721 370 quod
743 323 976 362 substantiae
997 329 1187 370 separatae
1207 325 1290 362 sint
1308 325 1463 371 species
1484 324 1654 362 istorum
1676 334 1768 362 sen·

147 371 340 414 sibilium,
364 370 467 407 sicut
486 370 680 407 Platonici
699 375 925 408 senserunt.
948 372 1077 416 Quum
1098 371 1204 409 enim
1222 380 1305 409 non
1331 375 1497 418 possent
1525 371 1574 409 ad
1601 371 1767 418 praedic-

145 422 276 454 tarum
295 417 608 455 substantiarum
629 418 811 455 notitiam
831 419 1036 464 pervenire
1062 419 1142 456 nisi
1174 429 1222 456 ex
1250 418 1525 463 sensibilibUS,
1546 422 1770 464 posuerunt

146 464 239 500 illas
260 463 507 501 substantias
528 473 617 501 esse
634 464 812 511 eJ‘usdem
834 465 981 511 speciei
999 475 1089 503 cum
1110 466 1200 503 istis
1228 466 1290 503 vel
1323 466 1452 513 magis
1486 466 1642 512 species
1670 466 1767 503 ista·

145 520 254 555 rum;
278 511 382 547 sicut
403 511 437 548 si
459 511 604 558 aliquis
625 521 706 548 non
726 512 877 548 videret
896 513 1022 550 solem
1044 516 1082 549 et
1100 513 1235 551 lunam
1253 516 1291 550 et
1310 513 1389 550 alia
1409 515 1518 550 astra
1542 516 1580 550 et
1613 512 1770 550 audiret

146 566 237 594 esse
258 557 439 604 quaedam
459 567 627 604 corpora
649 559 979 605 incorruptibilia,
1001 559 1226 597 nominaret
1256 569 1303 597 ea
1335 559 1565 597 nominibus
1596 559 1767 598 istorum

144 604 479 650 corruptibilium,
501 606 736 643 existimans
756 616 803 643 ea
822 615 911 643 esse
933 606 1109 652 eJ'usdem
1131 606 1278 652 speciei
1298 616 1387 644 cum
1411 607 1521 651 istis;
1542 606 1648 653 quod
1684 615 1767 644 non

144 654 254 688 esset
272 652 483 697 possibile.
503 652 694 690 Similiter
713 656 845 690 autem
866 653 1115 699 impossibile
1137 657 1197 690 est
1214 653 1461 691 substantias
1481 654 1767 691 immaterIales

145 707 236 735 esse
274 698 454 745 ejusdem
492 700 640 745 speciei
677 709 768 738 cum
806 700 1080 737 materialibus
1115 700 1176 737 vel
1214 700 1370 747 species
1407 701 1603 746 ipsarum,
1642 709 1766 747 quum

144 745 313 783 materia
332 746 386 783 sit
404 746 452 783 de
469 747 623 784 ratione
644 747 791 793 speciei
814 747 957 784 horum
978 746 1245 788 sensibilium,
1266 747 1358 784 licet
1377 756 1456 784 non
1483 748 1573 785 haec
1601 748 1768 786 materia

145 801 234 838 quae
252 795 313 829 est
331 793 536 839 proprium
557 794 795 840 principium
814 794 1028 839 individui;
1051 794 1156 831 sicut
1176 794 1223 831 de
1240 794 1394 831 ratione
1413 794 1562 840 speciei
1589 793 1766 833 hominis

145 842 240 876 sunt
258 849 399 877 carnes
418 844 456 877 et
476 849 584 885 ossa,
605 850 685 878 non
707 845 838 878 autem
860 841 944 878 haec
964 851 1105 879 carnes
1127 844 1164 878 et
1184 841 1269 878 liaec
1286 849 1395 886 ossa,
1417 850 1505 888 quae
1532 843 1627 879 sunt
1658 841 1766 888 prin-

145 886 251 931 cipia
270 887 443 924 Socratis
464 891 503 924 et
521 888 712 925 Platonis.
733 888 795 925 Sic
816 888 938 935 igitur
969 897 1051 926 non
1081 888 1252 926 dicimus
1284 888 1531 925 substautias
1561 891 1766 934 separatas

144 941 236 970 esse
258 934 413 980 species
433 934 602 972 istorum
622 935 890 980 sensibilium,
913 935 982 972 sed
1004 944 1094 973 esse
1111 935 1213 973 alias
1233 935 1388 982 species
1410 934 1629 972 nobiliores
1660 935 1765 980 istis,

145 984 296 1027 quanto
317 991 459 1028 purum
481 985 543 1019 est
562 982 737 1020 nobilius
757 983 972 1028 permixt03
992 986 1030 1019 et
1048 986 1143 1021 tunc
1164 982 1255 1020 illas
1287 982 1534 1019 substantias
1565 990 1655 1020 esse
1683 982 1767 1029 plu-

142 1036 209 1066 res
231 1033 385 1073 oportet
402 1030 491 1067 istis
512 1029 720 1075 speciebus
743 1039 874 1066 rerum
894 1029 1172 1067 materialium.

193 1075 340 1117 Adhuc,
363 1077 492 1123 magis
514 1080 575 1114 est
594 1077 743 1123 aliquid
769 1077 1067 1122 multiplicabile
1099 1077 1319 1114 secundum
1348 1085 1466 1113 suum
1500 1085 1589 1113 esse
1617 1075 1766 1114 intelli-

147 1122 270 1169 gibile
289 1133 406 1170 quam
429 1125 648 1161 secundum
670 1134 787 1161 suum
809 1133 898 1161 esse
916 1124 1138 1168 materiale;
1158 1124 1284 1160 multa
1303 1123 1409 1160 enim
1429 1123 1632 1160 intellectu
1658 1123 1765 1169 capi-

102 1204 105 1206 .
147 1178 240 1207 mus
261 1171 408 1217 quaein
429 1172 595 1208 materia
614 1180 703 1208 esse
724 1181 803 1208 non
837 1175 1025 1217 possunt;
1052 1181 1100 1208 ex
1129 1180 1209 1217 quo
1240 1170 1436 1217 contingit
1467 1170 1572 1216 quod
1603 1170 1766 1207 cuilibet

145 1220 264 1254 rectae
283 1217 400 1256 lineae
421 1217 541 1255 finitae
563 1222 693 1264 potest
711 1219 986 1255 mathematice
1007 1217 1092 1255 fieri
1112 1217 1276 1262 additio,
1298 1226 1380 1254 non
1408 1219 1540 1254 autem
1574 1217 1764 1254 naturali-

143 1266 223 1307 ter;
245 1265 388 1303 raritas
408 1265 526 1302 etiam
543 1275 767 1311 corporum,
792 1265 982 1302 velocitas
1003 1268 1183 1302 motuum
1200 1268 1239 1301 et
1257 1263 1467 1302 diversitas
1484 1263 1700 1311 figurarum
1721 1265 1766 1301 in

143 1309 345 1349 infinitum
379 1312 515 1358 augeri
547 1312 896 1358 comprehenditur
925 1312 1144 1349 secundum
1181 1311 1446 1354 intellectum,
1483 1310 1665 1357 quamvis
1712 1311 1767 1349 sit

142 1358 395 1403 impossibile
415 1359 457 1395 in
480 1362 622 1396 natura
641 1360 700 1396 sic
718 1368 820 1396 esse.
843 1359 1082 1395 substantiae
1102 1362 1234 1395 autem
1254 1362 1446 1404 separatae
1476 1362 1570 1394 sunt
1598 1358 1652 1400 in,
1673 1367 1765 1396 esse

142 1405 388 1451 intelligibili
409 1406 630 1443 secundum
663 1415 777 1443 suam
807 1409 1003 1442 naturam.
1025 1405 1147 1452 Major
1177 1405 1300 1452 igitur
1325 1404 1601 1451 multiplicitas
1629 1405 1673 1442 in
1704 1405 1763 1443 eis

144 1456 205 1489 est
233 1452 441 1498 possibilis
474 1462 592 1499 quam
625 1454 666 1490 in
694 1453 813 1490 rebus
845 1452 1118 1489 materialibus
1152 1451 1373 1489 secundum
1401 1451 1683 1497 proprietatem
1726 1455 1766 1489 et

142 1499 339 1537 rationem
357 1504 563 1546 pensatam
596 1500 754 1546 generis
788 1500 1009 1546 utriusque.
1043 1501 1087 1536 In
1119 1499 1322 1546 perpetuis
1354 1502 1485 1536 autem
1516 1507 1598 1535 non
1634 1497 1766 1536 differt

142 1555 233 1584 esse
269 1550 308 1583 et
340 1556 475 1593 posse.
515 1547 673 1584 Excedit
710 1547 833 1593 igitur
868 1546 1082 1584 multitudo
1130 1545 1446 1584 substantiarum
1491 1549 1764 1595 separatarqn

141 1594 438 1633 multitudinem
455 1595 717 1632 materialium
736 1603 961 1641 corporum.

191 1642 259 1678 His
291 1645 422 1679 autem
456 1645 663 1679 attestatur
692 1651 805 1678 sacra
837 1641 1058 1687 Scriptura;
1092 1639 1238 1678 dicitur
1273 1640 1379 1678 enim
1413 1651 1424 1676 ε
1455 1640 1576 1676 Miltia
1607 1641 1765 1676 millium

140 1689 401 1725 ministrabant
419 1690 464 1730 ei,
488 1692 523 1724 et
540 1689 654 1725 decies
672 1689 802 1725 millies
833 1692 981 1725 centena
1008 1688 1128 1724 millia
1153 1688 1372 1724 assistebant
1393 1688 1427 1723 ei
1445 1686 1574 1733 (Dan.‚
1593 1695 1666 1732 VII,
1690 1687 1762 1734 10).

141 1737 187 1772 Et
206 1736 422 1781 Dionysius
443 1736 539 1773 dicit
586 1736 665 1773 uod
686 1745 878 1773 numerus
899 1735 1058 1772 illarum
1080 1734 1395 1772 substantiarum
1415 1733 1571 1771 excedit
1602 1743 1763 1772 omnem

141 1783 388 1821 materialem
406 1783 564 1820 multitu
596 1783 701 1819 inem
724 1782 821 1829 (Coel.
841 1784 959 1827 Hier„
979 1792 1014 1819 c.
1039 1781 1111 1828 13).
1324 1828 1331 1834 ·

190 1832 262 1867 Per
278 1830 355 1867 hoc
376 1833 506 1867 autem
528 1830 750 1867 excluditur
769 1839 878 1866 error
898 1829 1114 1866 dicentium
1135 1828 1381 1866 substantias
1401 1831 1604 1874 separatas
1625 1836 1766 1865 secun-

141 1875 236 1914 dum
257 1885 468 1914 numerum
488 1881 669 1914 motuum
689 1876 911 1913 coelestium
933 1879 1000 1913 aut
1020 1875 1241 1913 secundum
1273 1875 1763 1927 numerumtsphaerarum

140 1923 363 1961 coelestium
399 1932 504 1968 esse,
523 1926 563 1960 et
592 1932 703 1960 error
716 1923 839 1961 Rabbi
856 1923 1004 1969 Moysis
1025 1922 1109 1968 (lib.
1131 1931 1174 1966 11,
1196 1931 1231 1960 c.
1250 1921 1304 1968 7),
1322 1921 1391 1969 qui
1423 1921 1521 1958 dixit
1551 1930 1762 1958 numerum

139 1970 374 2016 angelorum
401 1970 469 2017 qui
504 1970 546 2007 in
566 1971 768 2016 Scriptura
804 1970 967 2016 ponitur
1003 1978 1085 2006 non
1117 1978 1208 2007 esse
1245 1978 1456 2006 numerum
1489 1972 1760 2021 separatarum

139 2017 469 2061 substantiarum,
491 2017 561 2054 sed
580 2017 769 2054 virtutum
793 2017 831 2053 in
852 2017 941 2053 istis
962 2015 1235 2059 inferioribus,
1254 2016 1359 2054 sicut
1377 2016 1413 2053 si
1430 2015 1491 2054 vis
1511 2024 1762 2062 concupisci-

136 2063 232 2102 bilis
252 2064 405 2102 dicatur
424 2063 588 2110 spiritus
608 2064 957 2110 concupiscentiae,
977 2066 1016 2100 et
1034 2063 1094 2102 sic
1113 2063 1161 2100 de
1180 2063 1286 2101 aliis.

776 2210 946 2252 CAPUT
978 2210 1119 2252 XCIII.

279 2330 379 2365 QUOD
406 2330 656 2362 SUBSTANTIAE
682 2330 896 2360 SEPARATAE
920 2330 1000 2360 NON
1026 2330 1124 2361 SUNT
1147 2329 1290 2361 MULTAE
1310 2331 1428 2362 umus
1454 2331 1616 2362 SPECIEI.

183 2439 237 2475 Ex
255 2438 319 2476 his
337 2442 483 2480 autem,
505 2448 594 2486 quae
614 2439 662 2476 de
682 2439 773 2476 istis
800 2439 1039 2477 substantiis
1069 2439 1278 2485 praemissa
1311 2442 1418 2481 sunt,
1443 2440 1601 2478 ostendi
1631 2444 1762 2488 potest

134 2485 241 2533 quod
266 2494 347 2522 non
368 2489 463 2522 sunt
481 2485 617 2532 plures
634 2486 869 2524 substantiae
890 2489 1081 2532 separatae
1101 2487 1222 2524 unius
1243 2487 1406 2533 speciei.

182 2533 397 2569 ostensum
413 2536 474 2570 est
494 2532 601 2570 enim
623 2541 746 2580 supra
765 2533 814 2580 (c.
837 2533 896 2580 51)
917 2533 1022 2581 quod
1043 2533 1277 2572 substantiae
1309 2537 1502 2580 separatae
1535 2537 1630 2572 sunt
1657 2542 1760 2586 quae-

133 2576 227 2615 dam
246 2579 489 2625 quidditates
505 2579 787 2618 subsistentes.
806 2580 966 2627 Species
984 2583 1114 2618 autem
1129 2581 1186 2618 rei
1201 2584 1262 2618 est
1275 2589 1394 2628 quam
1418 2581 1551 2627 signat
1565 2578 1758 2625 defin1tio‚

133 2629 323 2676 quaeest
362 2626 526 2673 signum
557 2626 791 2674 quidditatis
820 2628 877 2665 rei
888 2639 901 2670 ;
931 2627 1036 2666 unde
1069 2627 1310 2675 quidditates
1353 2627 1761 2679 subsistentes-sunt

133 2678 304 2754 species.
333 2672 473 2725 Plures
508 2682 604 2721 ergo
633 2674 869 2713 substantiae
901 2678 1095 2722 separatae
1126 2684 1217 2713 esse
1249 2683 1332 2712 non
1362 2677 1545 2720 possunt,
1568 2681 1647 2711 nisi
1678 2677 1761 2712 sint

131 2724 157 2765 p
177 2725 268 2754 ures
289 2726 458 2764 species.

180 2763 325 2805 Adhuc,
370 2765 636 2813 Quaecumque
681 2772 774 2806 sunt
812 2769 917 2806 idem
955 2769 1102 2816 specie,
1136 2767 1360 2806 differentia
1398 2770 1529 2804 autem
1575 2777 1756 2814 numero,

133 2808 282 2861 habent
302 2812 521 2864 materiam.
539 2814 769 2852 Differentia
789 2820 919 2853 autem
941 2826 1030 2862 quae
1051 2826 1099 2853 ex
1118 2813 1441 2860 f01¹maprocedit
1460 2814 1613 2851 inducit
1633 2815 1758 2853 diver-

133 2860 291 2895 sitatem
313 2866 479 2903 specle13
497 2864 736 2912 quaeautem
757 2866 817 2899 est
837 2873 883 2900 ex
905 2863 1070 2900 materia
1083 2862 1236 2900 inducit
1251 2861 1517 2898 diversitatem
1534 2862 1755 2902 secundum

134 2911 367 2950 uumerum3
397 2905 632 2946 substantiae
652 2912 781 2948 autem
816 2914 1009 2956 separatae
1044 2917 1126 2948 non
1158 2908 1305 2947 habent
1334 2908 1499 2946 omnino
1527 2910 1756 2956 materiam,
