1894 3223
703 70 791 107 ΗΒ.
818 70 884 114 ΙΙΙ,
910 69 1011 107 CAP.
1039 69 1143 106 CVII.
1659 70 1727 105 407

108 154 247 192 liarem
280 160 369 190 esse
395 153 433 188 et
449 150 713 197 patrocinium
735 151 919 188 exhibere
937 150 1157 195 sceleratis,
1178 154 1216 188 et
1236 158 1317 188 non
1346 148 1591 196 quibuslibet
1627 147 1729 194 opti-

107 201 186 239 mis
205 198 314 237 viris.
337 197 570 250 Hujusmodi
592 201 724 235 autem
740 198 893 236 artibus
907 202 1072 236 utuntur
1085 198 1316 244 plerumque
1329 196 1514 234 homines
1531 195 1727 233 scelerati.

109 250 197 287 Non
217 249 280 284 est
298 245 420 293 igitur
438 244 720 282 intellectualis
740 249 881 283 natura,
898 245 1013 292 cujus
1034 245 1184 283 auxilio
1201 245 1263 283 hae
1282 247 1389 282 artes
1410 242 1632 282 efficaciam
1660 242 1730 281 ha-

108 295 202 334 bent
219 292 321 331 bene
338 291 535 338 disposita
553 291 774 329 secundum
794 292 992 330 virtutem.

155 339 302 381 Adhuc,
321 338 551 376 Intellectus
571 338 671 376 bene
692 339 876 385 dispositi
897 344 958 377 est
977 339 1164 378 reducere
1181 338 1365 377 homines
1394 338 1434 374 in
1455 347 1503 375 ea
1530 346 1617 384 quae
1638 340 1732 374 sunt

111 387 288 427 bominis
306 385 467 433 propria
485 385 604 430 bona,
627 395 714 432 quae
736 390 828 423 sunt
848 386 954 424 bona
973 387 1160 431 rationis;
1180 386 1376 424 abducere
1407 385 1528 431 igitur
1558 384 1605 421 ab
1626 384 1731 429 istis,

108 433 375 481 pertrahendo
393 433 442 470 ad
463 432 596 480 aliqua
613 434 779 470 minima
798 433 918 478 bona,
939 437 1000 471 est
1028 434 1255 471 intellectus
1274 432 1504 470 indecenter
1531 430 1730 476 dispositi.

107 483 184 520 Per
203 480 587 533 huJusmodi‘autem
609 484 715 518 artes
737 489 818 518 non
834 480 1110 527 adipiscuntur
1124 480 1307 518 homines
1319 479 1489 525 aliquem
1512 478 1731 524 profectum

107 528 152 566 in
172 528 290 566 honis
306 527 490 572 rationis,
510 537 597 574 quae
617 532 710 564 sunt
732 528 910 565 scientiae
937 531 975 565 et
1000 529 1178 572 virtutes,
1203 527 1272 564 sed
1293 526 1333 562 in
1356 526 1593 572 quibusdam
1615 525 1732 577 mini-

106 575 186 613 mis
205 575 311 613 sicut
329 575 371 612 in
391 574 621 611 inventione
640 575 849 616 furtorum,
868 579 905 612 et
925 575 1241 621 deprehensione
1262 574 1460 611 latronum
1480 576 1518 609 et
1537 572 1600 610 his
1621 572 1732 609 simi-

108 622 231 660 libus.
253 623 341 659 Non
361 621 484 669 igitur
499 621 732 659 substantiae
748 622 994 660 intellectivae
1008 630 1175 670 quarum
1190 620 1340 658 auxilio
1363 620 1424 658 hae
1444 623 1550 657 artes
1569 622 1734 657 utuntur

102 673 202 708 sunt
219 668 322 707 bene
342 668 547 715 dispositae
568 669 789 706 secundum
807 669 1004 707 virtutem.

153 717 338 763 Amplius,
371 716 413 753 in
442 716 745 762 operationibus
764 716 1040 763 praedictarum
1074 715 1219 754 artium
1247 714 1384 752 illusio
1412 713 1594 766 quaedam
1625 712 1733 751 vide·

106 766 174 802 tur
208 768 248 801 et
290 763 635 800 irrationabilitas.
675 764 893 810 Requirunt
929 763 1035 801 enim
1072 761 1302 809 hujusmodi
1334 764 1438 798 artes
1464 761 1668 798 hominem
1691 769 1733 797 re

107 819 278 848 venerea
294 819 376 848 non
396 813 659 854 attrectatum,
684 820 774 848 cum
801 814 934 847 tamen
965 811 1198 857 plerumque
1223 807 1487 846 adhibeantur
1503 808 1551 845 ad
1569 808 1733 845 illicitos

108 857 351 896 concubitus
370 857 660 895 conciliandos.
683 859 725 895 ln
744 857 1045 904 operationibus
1067 861 1199 894 autem
1230 855 1456 893 intellectus
1477 854 1576 892 bene
1599 854 1733 900 dispo·

109 905 177 942 siti
207 904 308 942 nihil
334 904 607 941 irrationabile
635 907 673 942 et
699 904 777 942 sibi
810 905 1008 942 diversum
1041 907 1214 951 apparet.
1234 904 1321 941 Non
1351 902 1473 950 igitur
1501 901 1733 948 hujusmodi

107 955 214 990 artes
237 955 402 989 utuntur
421 951 642 997 patrocinio
675 951 901 989 intellectus
932 951 1032 989 bene
1065 950 1249 998 dispositi
1282 949 1503 987 secundum
1531 949 1730 985 virtutem.

154 1000 346 1042 Praeterea,
368 1006 449 1035 non
471 1001 530 1036 est
544 997 645 1035 bene
659 997 894 1044 dispositus,
910 998 1130 1036 secundum
1149 997 1410 1042 intellectum,
1425 997 1492 1043 qui
1507 1005 1577 1041 per
1597 996 1732 1042 aliqua

107 1045 260 1097 scelera
279 1044 498 1082 commissa
517 1048 754 1090 provocatur
773 1045 822 1083 ad
846 1045 1038 1083 auxilium
1062 1045 1183 1082 alicui
1201 1044 1422 1082 serendum.
1443 1044 1523 1080 Hoc
1544 1047 1674 1079 autem
1691 1042 1734 1079 fit

107 1092 259 1130 inistis
278 1091 432 1129 artibus
455 1103 465 1136 ;
487 1100 580 1128 nam
612 1091 736 1138 aliqui
767 1092 808 1129 in
840 1092 1072 1129 executione
1108 1092 1249 1128 harum
1282 1091 1470 1137 leguntur
1497 1090 1733 1127 innocentes

106 1147 254 1186 pueros
269 1138 709 1185 occidisse.Nonigitur
718 1142 812 1176 sunt
826 1138 921 1176 boni
937 1139 1164 1176 intellectus
1180 1146 1351 1184 quorum
1365 1136 1515 1174 auxilio
1531 1135 1732 1174 istafiunt.

154 1187 254 1228 Item,
275 1185 426 1223 bonum
443 1185 648 1232 proprium
669 1185 895 1224 intellectus
912 1189 973 1223 est
990 1186 1152 1223 veritas.
1173 1187 1271 1223 Cum
1302 1184 1427 1231 igitur
1457 1183 1553 1220 boni
1585 1183 1638 1220 sit
1667 1182 1734 1221 bo·

107 1242 204 1271 num
225 1232 435 1278 adducere,
460 1232 672 1279 cujuslibet
689 1233 915 1271 intellectus
935 1233 1036 1270 bene
1054 1232 1240 1279 dispositi
1255 1240 1346 1269 esse
1359 1230 1514 1269 videtur
1528 1230 1630 1268 alios
1651 1238 1735 1276 per·

102 1280 252 1318 ducere
271 1280 321 1318 ad
340 1280 560 1318 veritatem.
583 1282 624 1317 ln
643 1280 832 1327 operibus
852 1284 984 1318 autem
1007 1288 1216 1327 magorum
1242 1279 1431 1326 pleraque
1466 1277 1567 1315 fiunt
1587 1277 1733 1324 quibus

107 1327 363 1366 ludificentur
401 1327 587 1365 homines
622 1330 662 1364 et
704 1327 967 1374 decipiantur.
995 1327 1224 1365 Intellectus
1256 1326 1379 1373 igitur
1420 1324 1536 1372 cujus
1580 1324 1731 1363 auxilio

107 1378 275 1412 utuntur
295 1383 376 1412 non
395 1377 458 1412 est
475 1374 576 1412 bene
596 1373 817 1421 dispositus
837 1374 1058 1412 secundum
1077 1382 1244 1412 morem.

155 1421 301 1462 Adhuc,
322 1421 549 1459 intellectus
565 1421 667 1459 bene
686 1421 908 1468 dispositus
927 1421 1091 1459 veritate
1110 1421 1296 1462 allicitur,
1318 1419 1361 1456 in
1391 1428 1472 1467 qua
1501 1418 1732 1464 delectatur,

108 1477 192 1506 non
210 1472 342 1506 autem
361 1468 594 1506 mendaciis.
616 1468 718 1514 Magi
737 1472 869 1506 autem
891 1469 933 1505 in
954 1468 1041 1506 suis
1060 1466 1382 1506 invocationibus
1397 1469 1563 1504 utuntur
1573 1466 1734 1513 quibus-

111 1515 203 1553 dam
222 1515 458 1560 mendaciis,
480 1515 626 1563 quibus
648 1515 825 1553 alliciant
840 1525 911 1554 eos
929 1524 1098 1563 quorum
1114 1515 1264 1553 auxilio
1285 1517 1470 1558 utuntur;
1490 1513 1735 1550 comminan-

109 1566 174 1600 tur
194 1562 301 1600 enim
322 1562 502 1610 quaedam
522 1562 803 1609 impossibilia,
826 1563 931 1601 sicut
955 1562 1076 1611 quod,
1101 1562 1180 1600 nisi
1208 1562 1276 1599 ille
1296 1561 1364 1609 qui
1390 1561 1598 1598 invocatur
1617 1568 1734 1606 opem

109 1610 224 1655 ferat,
245 1609 438 1647 invocans
455 1609 599 1647 coelum
619 1610 865 1648 comminuet
889 1613 957 1648 aut
982 1609 1115 1647 sidera
1133 1609 1317 1655 deponet,
1340 1610 1383 1645 ut
1408 1610 1541 1644 narrat
1563 1607 1734 1654 Porphy-

108 1657 196 1695 rius
215 1657 258 1694 in
278 1657 395 1703 epist.
414 1656 463 1694 ad
481 1656 741 1695 Anebontem.
764 1657 843 1695 Illae
875 1657 999 1705 igitur
1022 1656 1312 1694 intellectuales
1333 1654 1566 1692 substantiae
1587 1654 1733 1702 quibus

110 1703 391 1757 adjuvantibus
411 1704 663 1750 operationes
682 1701 891 1751 magorum
914 1702 1174 1752 perficiuntur
1203 1712 1286 1741 non
1314 1701 1498 1740 videntur
1524 1701 1625 1739 bene
1651 1701 1733 1740 dis·

108 1755 250 1798 positae
270 1751 492 1789 secundum
516 1751 776 1790 intellectum.

135 1797 339 1851 Amplius,
359 1806 441 1836 non
457 1797 612 1836 videtur
638 1807 727 1836 esse
748 1797 932 1836 habentis
952 1798 1199 1837 intellectum
1227 1797 1329 1835 bene
1359 1795 1601 1843 dispositum
1619 1800 1675 1841 ut,
1697 1796 1733 1834 si

108 1848 163 1884 sit
180 1845 376 1891 superior,
397 1845 607 1891 imperanti
626 1845 702 1882 sibi
725 1846 917 1883 subdatur
936 1845 1041 1883 sicut
1057 1845 1243 1890 inferior3
1265 1847 1348 1889 aut,
1369 1844 1405 1882 si
1425 1843 1479 1882 sit
1499 1843 1679 1888 inferior,
1692 1846 1736 1880 ut

108 1892 188 1931 sibi
205 1893 254 1930 ab
274 1901 322 1930 eo
341 1892 457 1939 quasi
477 1892 675 1939 superiori
695 1892 913 1939 supplicari
945 1893 1131 1939 patiatur.
1160 1891 1264 1939 Magi
1291 1894 1424 1929 autem
1454 1890 1644 1928 invocant
1664 1899 1734 1928 eos

107 1948 280 1987 quorum
298 1939 448 1978 auxilio
472 1942 649 1985 utuntur,
670 1939 916 1986 suppliciter,
938 1939 1054 1987 quasi
1072 1939 1324 1987 superiores;
1345 1947 1438 1976 cum
1466 1940 1598 1975 autem
1617 1937 1735 1975 adve-

108 1986 255 2039 nerint,
275 1986 551 2039 imperant-eis
571 1986 687 2034 quasi
708 1986 981 2024 inferioribus.
1002 1986 1119 2025 Nullo
1141 1986 1265 2035 igitur
1295 1985 1415 2024 modo
1445 1985 1601 2023 videtui·
1627 1983 1734 2032 quod

109 2036 192 2072 sint
209 2033 311 2071 bene
330 2034 516 2079 dispositi
533 2033 754 2072 secundum
774 2034 1034 2072 intellectum.

109 2082 230 2164 d„Pei”
249 2080 326 2165 thoe
341 2084 475 2165 gutem
494 2080 718 2120 excluditur
736 2081 948 2128 gentilium
967 2089 1091 2126 error,
1113 2080 1184 2128 qui
1214 2079 1447 2128 hujusmodi
1480 2079 1734 2127 operationes

139 2135 190 2164 iis
227 2135 258 2165 ri
289 2136 338 2165 ue
368 2135 416 2165 au
440 2155 449 2165 .

765 2227 934 2269 CAPUT
968 2227 1086 2270 CVII.

111 2340 214 2377 QUOD
233 2341 476 2372 SUBSTANTIA
503 2340 827 2371 INTELLECTUALIS
862 2342 977 2372 CUJUS
1013 2341 1173 2372 AUXILIO
1209 2342 1369 2372 MAGIGAE
1402 2342 1527 2373 ARTES
1557 2342 1736 2373 UTUNTUR

465 2399 545 2430 NON
568 2400 640 2430 EST
663 2400 773 2430 MALA
800 2400 1009 2432 SECUNDUM
1039 2400 1146 2431 SUAM
1177 2400 1381 2432 NATURAM.

160 2506 246 2542 Non
267 2506 329 2541 est
347 2506 479 2541 autem
497 2502 692 2549 possibile
711 2503 818 2550 quod
835 2503 889 2541 sit
909 2503 1104 2542 naturalis
1121 2503 1275 2542 malitia
1295 2503 1338 2541 in
1358 2503 1594 2543 substantiis
1618 2505 1734 2543 intel-

111 2550 331 2598 ligentibus
350 2559 517 2596 quarum
538 2550 688 2588 auxilio
707 2550 873 2598 magicae
893 2554 998 2588 artes
1019 2554 1247 2596 operantur.
1266 2552 1310 2588 In
1329 2550 1428 2589 illud
1449 2552 1608 2589 enimin
1629 2552 1734 2600 quod

111 2598 264 2646 aliquid
282 2598 408 2635 tendit
427 2597 649 2635 secundum
671 2605 786 2635 suam
811 2600 993 2635 naturam
1014 2606 1097 2635 non
1124 2597 1252 2635 tendit
1268 2607 1339 2644 per
1358 2598 1558 2644 accidens,
1579 2600 1648 2637 sed
1665 2609 1735 2646 per

111 2653 172 2690 se,
199 2645 305 2683 sicut
340 2654 459 2692 grave
489 2644 690 2682 deorsum.
730 2644 820 2689 Sed,
854 2644 889 2682 si
928 2644 1159 2692 huJusmodi
1189 2645 1480 2684 intellectuales
1500 2646 1734 2685 substantiae

112 2695 249 2730 essent
263 2691 484 2730 secundum
511 2700 625 2728 suam
644 2694 827 2729 naturam
847 2691 976 2736 malae,
1002 2691 1234 2729 naturaliter
1263 2692 1306 2730 in
1335 2693 1484 2731 malum
1510 2694 1730 2732 tenderent.

110 2739 201 2791 Non
219 2739 342 2786 igitur
360 2749 430 2785 per
450 2738 649 2783 accidens,
671 2739 741 2776 sed
761 2747 830 2784 per
857 2748 900 2776 se
933 2739 1141 2776 tenderent
1159 2739 1209 2777 ad
1222 2739 1395 2786 malum;
1417 2740 1495 2779 hoc
1522 2744 1653 2779 autem
1674 2745 1735 2779 est

110 2786 365 2832 impossibile
386 2798 396 2831 ;
428 2790 636 2838 ostensum
650 2789 712 2823 est
728 2786 835 2838 enim
867 2794 986 2831 supra
1007 2785 1107 2834 (cap.
1130 2785 1204 2834 15),
1225 2786 1331 2834 quod
1350 2788 1488 2826 omnia
1503 2797 1573 2834 per
1590 2798 1633 2826 se
1653 2792 1735 2825 ten-

114 2831 213 2872 dunt
241 2833 289 2873 ab
307 2833 473 2881 bonum,
494 2837 534 2874 et
553 2832 654 2872 nihil
679 2832 807 2872 tendit
821 2832 871 2872 ad
901 2833 1051 2873 malum
1082 2832 1163 2873 nisi
1188 2842 1261 2882 per
1283 2834 1485 2876 accidens·
1505 2837 1592 2874 Noii
1611 2835 1734 2882 igitur
