1894 3223
183 157 249 189 502
541 173 545 176 -
726 147 814 181 LIB.
841 147 901 189 lv,
929 147 1030 182 CAP.
1085 147 1266 183 XXXVIII.

228 232 372 270 Adhuc,
395 228 485 266 dato
506 227 612 275 quod
632 235 803 273 persona
823 229 930 263 esset
949 226 1056 263 aliud
1074 226 1122 263 ab
1144 226 1349 274 hypostasi
1369 226 1483 264 Verbi
1509 226 1577 263 Dei
1598 226 1659 263 vel
1680 226 1808 264 homi-

182 280 260 322 nis,
283 286 363 314 non
384 278 521 322 posset
540 274 617 311 alia
633 272 855 310 differentia
867 272 1050 319 inveniri,
1066 273 1145 309 nisi
1163 274 1270 320 quod
1286 283 1458 320 persona
1479 283 1599 319 supra
1618 273 1804 320 hyposta-

183 326 256 363 sim
279 323 387 360 addit
406 321 681 368 proprietatem
702 320 876 367 aliquam
896 331 905 364 ;
929 319 1026 356 nihil
1054 319 1157 356 enim
1189 320 1236 357 ad
1263 329 1391 367 genus
1421 320 1654 358 substantiae
1683 321 1802 366 perti·

183 380 283 408 nens
305 369 448 406 addere
465 371 608 414 potest,
628 376 749 414 quum
773 367 1000 413 hypostasis
1013 366 1064 403 sit
1077 367 1331 412 potissimum
1349 367 1389 403 in
1402 377 1546 415 genere
1565 367 1798 404 substantiae

183 418 288 465 quod
310 416 452 453 dicitur
473 415 696 452 substantia
714 414 855 460 prima.
881 414 919 450 Si
939 413 1060 460 igitur
1080 414 1175 450 unio
1206 413 1308 450 sacta
1340 418 1400 450 est
1424 414 1643 451 secundum
1670 423 1805 460 perso-

183 474 275 502 nam
297 466 335 500 et
355 471 434 499 non
457 462 676 498 secundum
704 460 964 507 hypostasim,
985 460 1166 507 sequitur
1185 460 1289 507 quod
1313 469 1393 496 non
1413 461 1465 497 sit
1485 461 1585 499 facta
1607 461 1702 498 unio
1723 460 1801 498 nisi

184 510 405 549 secundum
423 508 596 555 aliquam
613 508 890 554 proprietatem
910 507 1192 544 accidentalem
1210 518 1219 552 ;
1241 507 1347 554 quod
1365 507 1504 544 iterum
1521 508 1621 544 redit
1640 507 1683 544 in
1702 516 1806 545 erro-

184 568 267 595 rem
289 556 472 593 Nestorii.

230 604 412 649 Amplius,
436 601 605 649 cyrillus
625 601 732 645 dicit,
752 600 794 636 in
816 600 987 646 Epistola
1004 600 1053 638 ad
1074 600 1316 646 Nestorium,
1337 609 1425 648 quae
1451 603 1512 637 est
1538 601 1577 638 in
1610 601 1802 647 ephesina

183 651 343 698 Synodo
365 648 607 695 approbata:
631 661 650 681 «
667 647 706 684 Si
726 648 816 694 quis
838 657 917 684 non
955 647 1166 685 confitetur
1197 647 1305 685 carni
1339 647 1558 685 secundum
1590 648 1810 686 subsisten-

181 699 277 735 tiam
299 697 454 734 unitum
483 705 528 731 ex
561 696 641 731 Deo
671 696 783 731 Patre
814 695 997 735 Verbum,
1032 703 1234 741 unumque
1269 703 1358 731 esse
1389 694 1587 731 Christum
1619 704 1710 732 cum
1731 704 1805 733 sua

185 754 316 788 carne,
337 743 519 780 eumdem
537 741 720 778 videlicet
733 743 855 778 Deum
877 741 1048 779 simulet
1068 742 1284 782 hominem,
1303 741 1515 778 anathema
1532 741 1584 778 sit
1603 753 1645 786 »ς
1667 744 1705 778 et
1725 742 1807 779 fere

183 792 345 837 ubique,
368 791 407 826 in
431 788 690 836 synodalibus
711 788 884 835 scriptis,
903 788 980 826 hoc
1004 788 1129 824 errori
1147 788 1317 825 Nestorii
1336 788 1559 834 deputatur,
1585 788 1651 834 qui
1670 788 1805 834 posuit

185 839 286 877 duas
307 838 347 873 in
370 837 524 874 Christo
545 836 796 882 hypostases.

231 887 422 924 Praeterea,
438 885 708 920 Damascenus
728 882 768 918 in
783 882 899 919 tertio
920 882 1022 919 libro
1043 881 1143 928 (cap.
1165 882 1222 929 12)
1247 881 1341 919 dicit
1359 891 1368 916 :
1399 895 1418 914 «
1439 883 1492 918 Ex
1512 881 1668 918 duabus
1688 884 1803 919 natu-

185 932 242 969 ris
262 930 444 977 perfectis
466 930 633 967 dicimus
666 937 754 966 esse
784 930 926 966 factam
948 929 1148 973 unionem,
1172 938 1252 966 non
1284 928 1504 966 secundum
1524 937 1741 974 prosopon,
1763 928 1803 965 id

187 983 248 1016 est
267 986 492 1024 personam,
515 980 559 1013 ut
580 976 648 1013 Dei
674 976 860 1013 inimicus
892 976 984 1012 dicit
1013 975 1231 1020 Nestorius,
1265 975 1334 1013 sed
1365 975 1585 1012 secundum
1614 974 1804 1022 hyposta—

186 1026 262 1063 sim
284 1039 318 1059 ».
342 1024 448 1060 Unde
467 1027 572 1070 patet
592 1032 777 1068 expresse
796 1022 902 1069 quod
923 1023 1006 1061 haec
1022 1023 1095 1060 fuit
1112 1023 1260 1070 positio
1279 1022 1464 1067 Nestorii,
1483 1021 1663 1059 confiteri
1684 1031 1805 1060 unam

186 1081 398 1119 personam
421 1075 458 1107 et
479 1071 577 1107 duas
599 1070 850 1116 hypostases.

233 1121 333 1162 Item,
353 1118 582 1164 hypostasis
612 1121 650 1153 et
669 1116 919 1162 suppositum
940 1118 1094 1162 oportet
1113 1115 1218 1153 idem
1240 1125 1354 1161 esse3
1377 1125 1466 1153 nam
1496 1116 1543 1153 de
1562 1116 1688 1162 prima
1713 1116 1806 1154 suh·
1858 1115 1861 1117 ’

188 1166 348 1209 stantia,
369 1173 455 1211 quae
476 1168 536 1201 est
555 1163 796 1210 hypostasis,
825 1164 960 1200 omnia
979 1164 1057 1200 alia
1076 1163 1351 1209 praedicantur,
1373 1163 1525 1200 scilicet
1545 1166 1582 1200 et
1602 1163 1806 1200 universa-

187 1212 242 1250 lia
260 1213 300 1248 in
323 1220 466 1259 genere
487 1210 717 1248 substantiae
739 1214 776 1246 et
807 1210 1039 1254 accidentia,
1073 1210 1292 1246 secundum
1326 1209 1626 1256 Philosophum.
1650 1210 1808 1255 (Praedi-

188 1268 304 1303 cam.,
332 1268 416 1304 cap.
441 1260 492 1294 De
514 1257 658 1300 subst.)
680 1257 718 1293 Si
738 1257 861 1303 igitur
877 1257 919 1293 in
940 1257 1093 1294 Christo
1113 1256 1193 1293 sint
1211 1256 1297 1293 duae
1315 1256 1649 1303 hypostases,per
1668 1265 1807 1294 conse-

188 1315 316 1354 quens
337 1309 375 1341 et
392 1305 470 1341 duo
492 1305 712 1350 supposita.

234 1353 379 1396 Adhuc,
401 1352 434 1388 si
455 1351 623 1387 Verbum
642 1354 679 1387 et
698 1350 819 1387 homo
840 1350 905 1387 ille
933 1350 1141 1397 supposito
1160 1348 1361 1394 differunt,
1391 1354 1545 1396 oportet
1569 1351 1689 1397 quod,
1712 1359 1806 1396 sup-

186 1399 317 1446 posito
352 1398 513 1435 homine
534 1398 617 1444 illo,
640 1405 721 1433 non
753 1402 1000 1443 supponatur
1033 1397 1199 1434 Verbum
1232 1397 1314 1440 Dei,
1345 1405 1418 1433 nec
1449 1406 1471 1434 e
1502 1406 1710 1434 converso.
1730 1397 1806 1436 Sed

189 1446 386 1483 distinctis
407 1444 637 1490 suppositiS,
659 1452 823 1481 necesse
845 1448 904 1480 est
924 1448 962 1480 et
981 1453 1027 1480 ea
1047 1452 1134 1489 quae
1163 1443 1210 1480 de
1235 1443 1333 1488 ipsis
1367 1443 1551 1480 dicuntur
1581 1443 1773 1492 distingui
1793 1456 1804 1489 ;

188 1501 279 1530 nam
301 1492 507 1537 supposito
525 1490 701 1528 hominis
729 1499 808 1527 non
837 1490 1078 1527 subveniunt
1103 1490 1290 1536 praedicta
1319 1490 1530 1536 praedicata
1561 1490 1705 1535 divina,
1727 1491 1806 1528 nisi

186 1542 345 1586 propter
363 1538 545 1581 Verbum,
563 1546 691 1584 neque
706 1547 726 1573 e
747 1546 954 1576 converso.
976 1537 1324 1584 Separatimigitur
1339 1537 1567 1583 accipienda
1588 1542 1806 1585 eruntquae

188 1587 235 1623 de
255 1585 406 1622 Christo
429 1584 469 1621 in
489 1584 700 1630 Scripturis
716 1584 911 1621 dicuntur.
937 1584 1067 1621 divina
1087 1584 1239 1621 scilicet
1254 1587 1290 1620 et
1306 1584 1613 1631 humana,qu0d
1640 1587 1702 1622 est
1716 1593 1807 1622 con-

185 1637 247 1669 tra
266 1631 502 1668 sententiam
524 1631 671 1678 Cyrilli,
692 1631 733 1668 in
752 1631 909 1678 Synodo
931 1631 1219 1675 confirmatam,
1253 1631 1420 1669 dicentis
1443 1641 1453 1666 ε
1483 1631 1524 1668 Si
1543 1632 1624 1677 quis
1639 1634 1806 1677 personis

186 1680 327 1715 duabus
345 1680 400 1714 vel
416 1679 669 1717 subsistentiis.
688 1679 743 1714 vel
762 1689 820 1714 eas
839 1689 916 1724 quae
932 1682 1017 1714 sunt
1035 1680 1074 1714 in
1092 1678 1306 1722 evanyelicis
1326 1681 1359 1713 et
1378 1679 1582 1724 apostolicis
1599 1678 1801 1724 Scripturis

184 1727 476 1771 impartiti-coes,
496 1728 560 1760 aut
575 1725 618 1760 de
638 1725 776 1762 Christo
804 1736 826 1761 a
845 1727 979 1761 sanctis
998 1725 1113 1761 dictas
1141 1728 1206 1761 aut
1225 1725 1270 1761 ab
1302 1726 1381 1770 ipso
1410 1725 1454 1761 de
1483 1735 1532 1768 se,
1564 1727 1599 1761 et
1626 1725 1805 1771 quasdam

186 1773 332 1820 quidem
368 1773 463 1808 velut
500 1772 662 1816 homini,
697 1774 829 1818 praeter
862 1773 956 1808 illud
991 1783 1036 1808 ea}
1073 1774 1144 1808 Deo
1176 1772 1331 1808 Verbum
1345 1799 1354 1816 ‚
1388 1773 1594 1818 specialiter
1627 1773 1804 1809 intellecto

186 1821 359 1865 applicat,
392 1818 570 1866 quasdam
604 1828 687 1856 vero
717 1820 814 1854 velut
850 1821 921 1856 Deo
947 1819 1114 1855 decibiles
1140 1820 1208 1855 soli
1240 1829 1286 1855 em
1316 1821 1388 1856 Deo
1420 1821 1529 1855 Patre
1563 1819 1689 1861 Verbo,
1712 1830 1801 1856 ana-

185 1868 306 1902 thema
323 1868 383 1902 sit.

232 1914 415 1958 Amplius,
441 1911 660 1950 secundum
680 1912 917 1958 positionem
935 1912 1173 1958 praedictam,
1207 1922 1255 1950 ca
1285 1922 1372 1960 quae
1399 1912 1526 1949 Verbo
1554 1912 1623 1950 Dei
1657 1921 1802 1950 eonve-

185 1959 300 1997 niunt
318 1969 387 2005 per
407 1961 601 2004 naturam,
621 1959 668 1996 de
688 1959 757 1996 illo
777 1958 938 1996 homine
960 1968 1041 1996 non
1065 1959 1289 1996 dicerentur
1316 1959 1393 1996 nisi
1413 1969 1482 2005 per
1502 1959 1713 2006 quamdam
1743 1968 1805 1997 as-

187 2006 446 2044 sociationem
466 2006 506 2042 in
527 2015 607 2043 una
625 2015 798 2052 persona
817 2017 825 2049 ;
846 2005 922 2043 hoc
956 2006 1062 2043 enim
1095 2005 1293 2053 significat
1315 2006 1517 2053 replicatio
1549 2006 1798 2053 interposita,

185 2062 308 2100 quum
327 2053 385 2089 sic
405 2056 608 2098 exponunt
629 2064 637 2089 :
661 2054 785 2089 Homo
803 2053 870 2104 ille
889 2053 1035 2089 creavit
1063 2054 1213 2097 stellas,
1234 2053 1361 2090 idest
1392 2053 1510 2090 Filius
1541 2053 1623 2098 Dei,
1645 2054 1712 2106 qui
1743 2058 1804 2091 est

184 2099 306 2137 homo
324 2099 409 2144 ille3
432 2103 469 2136 et
489 2100 546 2136 sic
567 2099 614 2136 de
634 2099 723 2136 aliis
745 2100 996 2145 hujusmodi;
1021 2100 1138 2144 unde,
1169 2109 1289 2146 quum
1312 2100 1454 2137 dicitur
1475 2109 1484 2135 :
1507 2101 1632 2137 Homo
1652 2100 1719 2137 ille
1741 2105 1801 2138 est

185 2147 304 2189 Deus,
326 2146 383 2183 sic
404 2146 668 2193 intelligitur:
691 2146 857 2182 Verbum
877 2146 957 2191 Dei,
979 2146 1045 2192 qui
1077 2151 1138 2183 est
1160 2147 1281 2183 homo
1304 2147 1386 2193 ille,
1417 2148 1522 2184 Deus
1555 2146 1697 2184 existit.
1728 2148 1802 2184 Hu-

179 2192 356 2240 jusmodi
377 2195 507 2229 autem
528 2192 751 2230 locutiones
768 2193 1006 2230 condemnat
1026 2194 1206 2240 cyrillus,
1230 2193 1365 2231 dicens
1388 2203 1397 2228 :
1431 2194 1472 2230 Si
1497 2194 1578 2239 quis
1609 2193 1719 2230 audet
1745 2194 1801 2229 di-

184 2250 259 2277 cere
279 2242 502 2285 assumptum
522 2240 698 2275 hominem
713 2240 863 2276 adorari
875 2244 1048 2285 oportere,
1067 2242 1134 2276 Dei
1151 2241 1264 2278 Verbo
1284 2241 1548 2288 conqlorificari
1567 2242 1600 2278 et
1633 2242 1799 2286 coappel-

184 2286 258 2322 lari
285 2289 397 2322 Deum
425 2287 532 2333 quasi
558 2286 711 2323 alterum
739 2287 888 2323 alterius
909 2287 963 2333 (id
981 2288 1075 2323 enim
1095 2287 1191 2333 quod
1209 2290 1261 2323 est
1290 2298 1440 2333 semper,
1470 2288 1606 2333 quoties
1636 2287 1802 2332 additur,

184 2333 248 2369 hoc
274 2334 429 2378 intelliqi
453 2333 573 2379 ccqit),
605 2336 639 2369 et
668 2343 741 2370 uon
770 2335 888 2378 mauis
917 2344 993 2370 una
1023 2334 1233 2370 adoratione
1251 2334 1462 2380 honorificat
1478 2335 1746 2371 Emmanuelem
1765 2337 1799 2370 et

182 2391 292 2462 ultzzam
310 2382 342 2415 ei
359 2381 654 2427 qicrificationem
675 2381 822 2417 adhibet
839 2381 1035 2417 secundum
1054 2381 1150 2427 quod
1167 2382 1306 2426 factum
1326 2384 1377 2417 est
1401 2391 1485 2417 caro
1517 2381 1686 2422 Verbum,
1709 2392 1799 2418 ana-

182 2429 198 2462 t
225 2438 302 2462 ema
320 2429 381 2464 sit.

228 2475 416 2515 Praeterea,
437 2473 472 2511 si
492 2474 613 2511 homo
630 2474 711 2519 ille,
733 2474 954 2520 supposito,
975 2478 1036 2512 est
1053 2474 1159 2512 aliud
1179 2485 1202 2513 a
1222 2475 1290 2513 Dei
1323 2475 1464 2520 Verbo,
1486 2484 1568 2512 non
1601 2478 1732 2520 potest
1752 2474 1800 2513 ad

180 2529 394 2566 personam
420 2522 532 2557 Verbi
555 2521 750 2567 pertinere
784 2522 859 2558 nisi
890 2531 958 2567 per
987 2522 1304 2566 assumptionem
1333 2532 1411 2568 qua
1442 2526 1673 2567 assumptus
1698 2526 1758 2558 est
1777 2531 1800 2560 a

180 2567 319 2604 Verbo.
341 2567 416 2604 Sed
437 2567 513 2604 hoc
527 2572 588 2604 est
607 2568 779 2605 alienum
806 2577 829 2605 a
848 2572 955 2605 recto
974 2577 1096 2606 sensu
1118 2568 1230 2612 fidei3
1252 2567 1396 2606 dicitur
1414 2568 1518 2606 enim
1546 2569 1588 2606 in
1609 2568 1800 2615 ephesina

180 2613 353 2660 Synodo,
381 2624 430 2651 ex
448 2614 576 2652 verbis
598 2614 738 2652 Felicis
757 2623 867 2661 papae
887 2619 925 2651 et
944 2615 1127 2662 martyris
1154 2627 1164 2653 :
1199 2615 1386 2652 Credimus
1423 2617 1464 2653 in
1493 2617 1606 2652 Deum
1639 2617 1800 2651 nostrum

179 2659 312 2706 Jesum,
336 2661 380 2696 de
397 2662 539 2705 virqine
563 2662 687 2699 Maria
715 2665 857 2705 natum,
879 2663 966 2707 quia
990 2663 1067 2708 ipse
1088 2665 1140 2698 est
1158 2663 1225 2698 Dei
1253 2664 1491 2708 sempiternus
1509 2662 1637 2702 Filius,
1659 2663 1693 2696 et
1716 2661 1801 2697 Ver·

182 2704 277 2747 bum,
299 2711 332 2742 et
348 2717 420 2743 uon
439 2708 542 2744 homo
560 2718 584 2744 a
613 2710 685 2745 Deo
703 2711 921 2754 assumptus,
943 2711 984 2744 ut
1014 2709 1107 2745 alter
1133 2710 1182 2745 sit
1197 2712 1329 2755 praeter
1347 2709 1476 2753 illum3
1496 2718 1608 2754 neque
1627 2708 1722 2743 enim
1742 2707 1801 2744 ho-

179 2754 312 2789 minem
329 2756 524 2799 assumpsit
535 2756 602 2790 Dei
618 2756 746 2795 Filius,
769 2758 810 2791 ut
827 2757 875 2791 sit
889 2757 981 2791 aiter
996 2758 1129 2801 praeter
1148 2757 1268 2801 ipsum
1278 2768 1290 2800 ς
1307 2756 1371 2792 sed
1387 2758 1482 2792 Deus
1493 2757 1646 2791 existens
1659 2755 1798 2799 perfec-

180 2800 252 2839 tus,
276 2800 397 2842 factus
417 2803 525 2837 simul
543 2805 577 2837 et
595 2802 696 2837 homo
711 2803 907 2848 perfectus,
928 2804 1142 2838 incarnatus
1160 2805 1212 2839 est
1231 2803 1274 2839 de
1299 2804 1461 2848 Vimine.

212 2846 327 2898 ‚It-tem,
347 2855 433 2892 quae
452 2851 545 2884 sunt
564 2848 677 2893 plura
705 2849 927 2895 supposito,
955 2849 1184 2901 simpliciter
1203 2849 1318 2895 plura
1337 2852 1443 2892 sunt,
1465 2856 1538 2899 nec
1557 2851 1650 2885 sunt
1671 2856 1795 2886 unum

180 2900 261 2931 nist
281 2893 499 2931 secundum
533 2894 643 2940 quid.
665 2895 705 2933 Si
735 2896 855 2943 igitur
885 2896 924 2933 in
952 2895 1106 2934 Christo
1138 2899 1233 2934 sunt
1260 2895 1339 2934 duo
1375 2898 1594 2943 supposita,
1617 2895 1799 2942 sequitur
