1894 3223
614 128 703 163 [ΑΒ.
731 127 796 171 111,
823 127 924 164 CAP.
949 126 1075 164 LXXX.
1591 126 1660 162 365

25 210 205 257 principe
223 209 449 247 Judaeorum
470 211 510 246 et
520 207 706 292 (principe
727 210 934 246 Persarum
955 212 993 245 et
1011 209 1235 246 Graecorum
1255 219 1264 252 ;
1285 210 1325 245 et
1353 207 1412 246 sic
1441 206 1655 252 dispositio

27 265 244 304 regnorum
262 259 301 292 et
319 255 486 293 mutatio
549 255 808 292 ominationis
844 265 868 292 a
898 260 1015 301 gente
1036 255 1077 291 iu
1110 259 1268 302 gentem
1305 254 1354 292 ad
1385 254 1657 291 ministerium

29 303 149 350 hujus
169 302 323 342 ordinis
343 303 540 349 pertinere
557 305 724 348 oportet.
747 303 961 339 Instructio
982 302 1100 339 etiam
1127 310 1267 339 eorum
1297 301 1364 348 qui
1400 302 1501 338 inter
1530 301 1658 338 homi-

28 359 101 389 nes
122 350 298 388 existunt
322 349 537 396 principes.
559 348 608 386 de
635 349 699 386 his
733 357 822 395 quae
851 349 899 385 ad
929 348 1317 387 administrationem
1350 348 1414 386 sui
1447 347 1655 395 regiminis

27 396 241 445 pertinent,
263 396 312 434 ad
333 397 440 434 hunc
458 396 639 433 ordinem
660 399 839 441 spectare
857 395 1054 433 videntur.

79 446 145 482 Est
164 444 283 481 etiam
305 442 465 490 aliquod
486 443 706 480 humanum
727 442 877 479 bonum
901 443 1007 490 quod
1028 451 1108 480 non
1129 443 1171 480 in
1192 443 1478 479 communitate
1506 442 1658 479 consis-

26 492 88 535 tit,
110 491 180 528 sed
201 491 248 529 ad
280 490 452 537 aliquem
482 490 652 536 pertinet
680 490 901 527 secundum
932 490 1110 535 seipsum
1143 500 1153 526 ε
1188 497 1270 526 non
1299 493 1431 526 tamen
1470 490 1538 525 uni
1577 488 1657 526 soli

29 539 141 582 utile,
159 537 231 575 sed
261 537 414 582 multis,
434 536 540 575 sicut
568 545 656 583 quae
687 540 782 573 sunt
807 537 855 574 ab
890 537 1077 574 omnibus
1112 539 1151 573 et
1179 536 1353 582 singulis
1386 535 1584 574 credenda
1616 538 1656 573 et

31 583 293 628 observanda,
314 584 420 622 sicut
439 593 485 621 ea
505 593 593 631 quae
614 588 708 621 sunt
727 583 816 621 tidei
837 587 874 620 ct
891 584 1021 621 cultus
1051 583 1224 627 divinus,
1247 586 1285 619 et
1306 583 1384 620 alia
1411 581 1654 629 hujusmodi.

29 633 74 669 Et
92 632 168 669 hoc
186 631 235 669 ad
256 631 502 676 Archanqetos
519 631 701 677 pertinet,
727 631 775 667 de
796 630 941 677 quibus
973 629 1186 676 Gregorius
1214 629 1326 674 dicit,
1361 630 1467 676 quod
1500 638 1658 668 summa

28 679 229 722 nuntiant,
251 678 356 715 sicut
372 678 591 716 Gabrielem
621 678 905 723 archangelum
935 678 1205 721 nominamus,
1234 676 1303 723 Qui
1324 676 1519 724 unigeniti
1541 676 1654 714 Verbi

30 725 347 763 incarnationem
369 725 578 770 nuntiavit,
600 725 648 762 ab
669 723 857 762 omnibus
877 724 1127 762 credendam.
1410 741 1420 749 -

76 772 283 817 Quoddam
319 782 412 810 vero
444 772 663 810 humanum
698 772 846 810 bonum
878 774 939 809 est
969 771 1018 808 ad
1053 779 1176 807 unum
1209 769 1365 817 uodque
1397 770 1655 817 singulariter

31 820 249 866 pertinens,
274 822 312 871 et
331 819 407 856 hor¹
436 819 486 857 ad
513 819 694 857 ordinem
725 818 894 865 pertinet
920 818 1143 870 Argqetormn
1179 780 1228 854 ge
1266 817 1412 864 quibus
1445 818 1657 869 Gregorius

31 866 129 904 dicit
189 865 267 904 uod
288 865 426 903 infima
455 866 652 904 nuntiant.
674 866 782 903 Unde
803 869 841 902 et
872 865 1079 902 hommum
1113 863 1302 901 custodes
1330 873 1420 902 csse
1459 864 1657 908 dicuntur,

31 876 253 951 secungum
273 913 371 950 illud
393 915 455 950 PS.
476 921 538 956 xc,
559 916 597 950 Η
624 924 633 950 z
654 913 806 957 Angelis
823 913 898 948 suis
919 914 1011 948 Dens
1029 911 1221 948 mandavit
1245 911 1289 948 de
1316 914 1362 952 te,
1383 914 1424 947 ut
1454 912 1661 947 custodiant

30 964 65 996 te
81 962 120 996 in
139 960 302 996 omnibus
321 962 391 996 viis
411 961 496 996 tuis.
520 959 627 997 Unde
648 963 685 996 et
705 959 920 1005 Dionysius
930 959 1037 1003 dicit,
1053 958 1157 1005 quod
1171 958 1405 1005 Archangeli
1419 958 1537 996 medii
1560 959 1656 995 sunt

32 1007 137 1044 inter
154 1007 402 1052 principatus
422 1011 461 1043 et
478 1006 666 1052 Angelos,
686 1005 877 1043 habentes
908 1005 1070 1052 aliquod
1097 1014 1309 1042 commune
1343 1014 1435 1042 cum
1463 1005 1656 1052 utrisque.

32 1055 127 1091 Cum
150 1053 440 1098 principatibus
475 1053 635 1099 quidem
673 1052 714 1089 in
749 1056 941 1098 quantum
978 1052 1235 1089 inferioribus
1272 1052 1428 1098 angelis
1465 1052 1653 1089 ducatum

30 1104 232 1147 praestant.
254 1101 333 1137 Nec
354 1100 564 1141 immerito,
594 1099 689 1146 quia
719 1108 810 1146 quae
843 1102 939 1136 sunt
965 1099 1126 1144 propria
1154 1099 1196 1135 in
1227 1098 1416 1136 humanis
1437 1098 1659 1136 secundum

32 1156 81 1185 ea
97 1156 185 1194 quae
204 1150 298 1184 sunt
316 1146 547 1184 communia
571 1145 796 1192 dispensari
824 1149 992 1191 oportet.
1023 1146 1120 1182 Cum
1153 1144 1405 1191 archangelis
1436 1153 1543 1186 vero,
1563 1145 1658 1192 quia

32 1193 271 1231 annuntiant
288 1193 457 1241 angelis,
478 1196 515 1230 et
538 1202 608 1239 per
626 1193 792 1239 angelos
813 1192 944 1232 nobis,
967 1200 1136 1238 quorum
1157 1195 1218 1229 est
1237 1192 1494 1229 manifestare
1527 1191 1658 1229 homi-

31 1240 152 1278 nibus
172 1249 260 1288 quae
280 1240 329 1277 ad
350 1250 420 1278 eos
439 1240 638 1287 pertinent
657 1239 878 1277 secundum
899 1239 1217 1286 uniuscujusque
1233 1239 1459 1286 analogiam
1474 1250 1483 1283 ;
1500 1242 1662 1285 propter

36 1287 145 1335 quod
167 1292 206 1324 et
223 1296 435 1325 commune
453 1296 600 1325 nomen
620 1286 785 1324 ultimus
805 1286 902 1324 ordo
923 1286 1037 1332 quasi
1058 1286 1232 1332 speciale
1252 1285 1330 1323 sibi
1364 1286 1548 1330 assumit,
1570 1286 1664 1332 quia

36 1334 191 1373 scilicet
210 1334 388 1372 officium
409 1334 528 1372 habet
546 1334 664 1371 nohis
684 1333 910 1371 immediate
922 1333 1131 1370 nuntiandi
1148 1345 1157 1377 ;
1177 1336 1216 1370 et
1228 1336 1388 1379 propter
1401 1332 1478 1370 hoc
1493 1333 1664 1370 Archan-

39 1381 120 1429 geli
141 1390 288 1419 nomen
309 1381 576 1428 compositum
596 1380 741 1419 habent
761 1390 809 1418 ex
840 1384 1022 1427 utroque.
1045 1380 1238 1417 Dicuntur
1273 1380 1379 1417 enim
1411 1379 1662 1427 Archangeli,

33 1428 150 1476 quasi
170 1428 370 1474 principes
389 1428 543 1475 Angeli.

80 1475 269 1522 Assignat
288 1479 419 1512 autem
438 1479 477 1511 et
508 1474 723 1521 Gregorius
742 1474 857 1511 aliter
875 1473 1099 1511 coelestium
1120 1473 1334 1519 spirituum
1350 1472 1658 1510 ordinationem.

34 1523 131 1560 Nam
152 1521 401 1569 principatus
431 1521 690 1558 intermedios
728 1521 893 1567 spiritus
931 1524 1192 1557 connumerat
1228 1524 1319 1566 post
1357 1520 1659 1557 Dominationes

36 1569 278 1612 immediate,
301 1569 471 1606 Virtutes
490 1577 583 1605 vero
604 1568 707 1604 inter
725 1567 902 1612 infimOS,
922 1571 1014 1604 ante
1044 1566 1330 1614 Archangelos.
1352 1566 1427 1604 Sed
1449 1566 1661 1613 diligenter

34 1616 343 1662 inspicientibus
361 1619 526 1662 utraque
547 1614 745 1652 ordinatio
764 1614 806 1651 in
837 1613 996 1652 modico
1017 1612 1175 1658 differt3
1197 1622 1287 1651 nam
1320 1613 1542 1651 secundum
1566 1614 1657 1651 Gre-

37 1663 196 1709 got-ium
215 1662 464 1708 principatus
477 1662 662 1699 dicuntur
678 1670 758 1699 non
775 1661 842 1708 qui
855 1660 1042 1708 gentibus
1056 1664 1353 1707 praeponuntur,
1369 1660 1440 1699 sed
1456 1660 1523 1706 qui
1540 1660 1659 1698 etiam

33 1710 136 1756 ipsis
155 1709 273 1752 boni-s
293 1709 500 1755 spiritibus
520 1707 807 1755 principantur,
828 1708 943 1755 quasi
964 1708 1075 1753 prius
1095 1708 1311 1745 existentes
1331 1707 1373 1744 in
1409 1707 1654 1745 ministerio·

34 1765 124 1795 rum
153 1756 379 1793 divinorum
402 1755 648 1793 executione.
667 1755 768 1792 Dicit
792 1756 899 1792 enim
934 1754 1041 1802 quod
1069 1754 1285 1800 principari
1319 1757 1378 1792 est
1412 1754 1517 1790 inter
1554 1754 1656 1792 alios

34 1803 207 1850 priorem
231 1803 413 1840 existere.
436 1804 516 1839 Hoc
537 1806 667 1839 autem
688 1802 908 1839 secundum
929 1801 1244 1848 assignationem
1265 1805 1355 1838 ante
1382 1801 1527 1838 dictam
1563 1800 1660 1838 dixi-

35 1859 126 1888 mus
143 1850 193 1888 ad
204 1850 398 1887 Virtutum
414 1849 594 1887 ordinem
608 1848 804 1895 pertinere
815 1850 1005 1886 :Virtutes
1020 1852 1165 1893 autem,
1180 1848 1399 1885 secundum
1414 1847 1660 1894 Gregorium,

33 1900 131 1935 sunt
149 1906 237 1944 quae
257 1897 306 1934 ad
326 1896 520 1944 quasdam
551 1896 810 1942 particulares
841 1896 1095 1942 operationes
1130 1895 1380 1938 ordinantur,
1401 1903 1492 1932 cum
1523 1894 1658 1941 aliquo

35 1943 200 1991 speciali
221 1953 317 1982 casu
337 1946 478 1990 praeter
494 1951 747 1981 communem
765 1942 946 1980 ordinem
961 1945 1115 1988 oportet
1128 1941 1277 1989 aliquid
1298 1942 1538 1979 miraculose
1552 1940 1659 1985 fieri;

34 1990 256 2029 secundum
277 2000 396 2038 quam
415 1990 610 2028 rationem
630 1990 729 2028 satis
746 1990 1029 2028 convenienter
1048 1998 1139 2026 cum
1160 1988 1310 2026 infimis
1338 1988 1587 2026 ordinantur.

87 2039 257 2085 Utraque
277 2041 408 2075 autem
429 2037 628 2075 ordinatio
642 2046 689 2074 ex
708 2036 840 2074 verbis
857 2035 1036 2082 Apostoli
1053 2036 1329 2073 auctoritatem
1350 2035 1495 2074 habere
1513 2038 1658 2082 potest.

34 2083 138 2122 Dicit
155 2084 276 2129 enim,
299 2085 442 2130 Eph.,1‚
461 2087 522 2129 20,
539 2088 582 2122 21
605 2095 616 2120 ε
635 2083 861 2121 constituens
877 2084 995 2124 illum,
1014 2083 1391 2127 scilicetChristum,
1410 2083 1459 2118 ad
1473 2083 1659 2119 deoeteram

34 2141 140 2167 suam
160 2132 201 2166 in
219 2131 416 2167 coelestibus
435 2141 549 2176 supra
567 2140 705 2167 omnem
722 2132 978 2176 Principatum
996 2132 1030 2166 et
1044 2131 1271 2175 potestatem,
1290 2131 1470 2167 Virtutem
1488 2132 1522 2166 et
1540 2130 1666 2166 Domi·

35 2179 232 2214 nationem.
256 2179 301 2214 In
321 2186 400 2224 quo
437 2181 543 2223 patet
569 2176 677 2224 quod
708 2177 975 2220 ascendendo,
1010 2185 1132 2222 supra
1162 2176 1412 2223 principatus
1441 2177 1662 2214 potestates

38 2224 187 2270 posuit,
210 2228 248 2260 et
264 2233 385 2270 supra
404 2224 491 2268 has,
512 2223 698 2268 Virtutes,
720 2232 841 2269 supra
861 2232 961 2270 quas
973 2223 1273 2260 Dominationes
1295 2223 1518 2260 collocavit.
1537 2223 1662 2266 Quem

36 2271 215 2308 ordinem
233 2271 448 2317 Dionysius
468 2270 704 2308 observavit.
725 2270 781 2307 Ad
802 2270 955 2308 Coloss.
978 2274 1123 2318 autem,
1142 2272 1239 2314 1,16‚
1255 2269 1425 2316 loquens
1441 2269 1488 2306 de
1500 2268 1658 2306 Christo

37 2317 133 2355 dicit
153 2329 164 2353 :
185 2318 268 2354 Sive
289 2318 436 2358 Thr-oni,
458 2319 532 2353 sive
550 2318 832 2361 Dominationes,
852 2318 927 2353 sive
944 2318 1193 2362 Principatus,
1214 2317 1289 2352 sive
1306 2318 1515 2360 potestates,
1541 2316 1662 2350 omnia

33 2374 103 2411 per
123 2366 242 2409 ipsum
260 2366 350 2400 etin
367 2366 446 2409 ipso
466 2366 587 2399 creata
608 2366 704 2400 sunt.
727 2366 770 2401 In
790 2364 897 2410 quod
916 2367 1022 2409 patet
1041 2363 1146 2410 quod
1183 2372 1208 2400 a
1239 2363 1409 2399 Thronis
1444 2362 1658 2406 incipiens,

37 2411 329 2455 descendendo,
350 2410 425 2447 sub
446 2410 505 2448 eis
527 2410 841 2456 Dominationes,
862 2410 937 2447 sub
963 2410 1109 2457 quibus
1135 2409 1398 2454 Principatus,
1422 2413 1460 2445 et
1489 2408 1564 2445 sub
1597 2407 1661 2445 his

38 2459 259 2495 potestates
297 2457 444 2503 posuit.
478 2457 603 2502 Quem
640 2456 821 2494 ordinem
856 2457 1069 2503 Gregorius
1101 2456 1337 2493 observavit.
1363 2457 1416 2492 De
1452 2454 1660 2500 Seraphim

35 2508 166 2542 autem
181 2503 224 2541 fit
235 2505 384 2541 mentio
405 2503 592 2548 Isaiaem,
608 2502 656 2540 de
674 2503 887 2541 Cherubim
907 2503 1093 2543 Ezechiae,
1106 2511 1134 2546 1,
1152 2502 1200 2539 de
1213 2500 1472 2548 Archangelis
1487 2502 1526 2537 in
1545 2503 1665 2538 Cano·

35 2551 127 2589 nica
143 2553 161 2588 J
167 2551 253 2589 udae
273 2563 282 2588 :
305 2551 394 2588 Cum
406 2550 559 2587 Michael
570 2550 822 2596 Archangelus
839 2559 919 2586 cum
935 2549 1079 2585 diabolo
1096 2548 1304 2594 disputans,
1321 2551 1411 2593 etc.,
1433 2547 1481 2586 de
1499 2547 1660 2595 Angelis

37 2601 170 2636 autem
190 2598 232 2635 in
249 2600 330 2643 Ps.,
351 2601 395 2635 ut
415 2597 563 2634 dictum
584 2599 658 2634 est.

85 2646 150 2683 Est
168 2648 300 2683 autem
319 2644 507 2683 omnibus
527 2642 722 2681 ordinatis
739 2642 952 2680 virtutibus
969 2642 1046 2680 hoc
1065 2649 1292 2686 commune,
1312 2641 1408 2688 quia
1425 2641 1468 2678 in
1486 2641 1525 2678 vi
1546 2650 1660 2687 supe-

34 2690 154 2729 rioris
172 2692 329 2730 virtutis
347 2700 487 2729 omnes
507 2690 717 2727 inferiores
735 2693 883 2735 agunt:
906 2688 1012 2726 unde
1025 2688 1065 2725 id
1077 2687 1184 2735 quod
1199 2688 1373 2726 diximus
1387 2688 1434 2725 ad
1450 2688 1657 2734 Seraphim

36 2737 213 2776 ordinem
250 2738 460 2785 pertinere,
500 2745 640 2788 omnes
665 2736 876 2788 inferiores
907 2745 970 2787 ex·
985 2735 1128 2772 virtute
1159 2734 1288 2781 ipsius
1318 2739 1580 2782 exequuntur.
1617 2736 1662 2773 Et

36 2784 222 2823 similiter
241 2786 361 2824 etiam
380 2785 423 2823 in
440 2784 532 2823 aliis
551 2782 761 2822 ordinibus
781 2786 841 2820 est
859 2781 1210 2820 consmerandum.
