1894 3223
182 99 250 134 370
739 94 828 130 Llss.
853 94 919 136 ΙΙΙ,
947 93 1047 130 CAP.
1075 94 1245 129 LXXXIV.

189 177 344 214 nullum
379 184 523 221 corpus
555 183 625 220 per
656 174 823 210 formam
853 182 963 210 suam
996 182 1226 219 corpoream
1255 173 1478 218 intelligere
1508 176 1652 219 potest.
1684 173 1804 212 Multa

188 225 313 270 igitur
341 223 475 258 minus
507 223 639 266 potest
675 219 954 266 quodcumque
984 229 1130 266 corpus
1155 229 1321 258 causare
1352 221 1483 267 ipsum
1515 220 1738 267 intelligere
1761 222 1803 258 in

184 271 279 307 alio.

234 318 333 355 Item,
357 313 577 350 secundum
598 312 697 350 illud
715 323 795 360 quo
825 313 975 360 aliquid
996 313 1132 350 unitur
1149 313 1423 360 superioribus
1461 323 1539 351 non
1561 317 1620 350 est
1640 313 1802 350 inferio-

186 362 297 398 ribus
319 361 565 405 subjectum;
587 361 721 397 anima
741 364 872 397 autem
907 363 1043 397 nostra
1071 360 1291 397 secundum
1313 361 1418 407 quod
1445 361 1646 406 intelligit,
1667 361 1805 398 unitur

187 407 424 445 substantiis
457 406 808 451 intellectualibus,
829 416 917 453 quae
939 411 1032 444 sunt
1053 407 1280 453 superiores
1298 407 1437 444 ordine
1454 411 1604 444 naturae
1626 407 1802 453 corpori-

181 455 258 491 bus
280 453 525 491 coelestibus.
542 455 629 489 Non
650 454 756 490 enim
776 457 907 499 potest
926 453 1060 491 anima
1079 457 1217 490 nostra
1236 453 1458 500 intelligere
1477 455 1557 491 nisi
1579 454 1801 490 secundum

183 500 290 548 quod
311 501 445 537 lumen
478 500 746 538 intellectuale
765 500 858 537 inde
894 500 1070 537 sortitur.
1089 500 1338 546 Impossibile
1355 504 1415 538 est
1434 510 1529 547 ergo
1563 500 1669 547 quod
1690 501 1803 537 intel-

183 547 368 584 lectualis
388 547 565 592 operatio
583 546 730 584 directe
750 546 927 584 motibus
946 547 1177 584 coelestibus
1199 547 1403 584 subdatur.

228 596 421 635 Praeterea,
445 593 538 630 huic
580 594 636 630 rei
670 593 789 630 fidem
824 594 942 630 faciet
969 594 1001 630 si
1045 593 1345 630 consideremus
1374 603 1463 640 quae
1498 603 1520 630 a
1550 593 1805 639 philosophis

183 641 289 678 circa
313 641 389 677 1100
411 643 505 677 sunt
524 639 641 676 dicta.
662 641 821 687 Antiqui
845 641 948 676 enim
983 640 1211 686 philosophi
1229 641 1445 684 naturales,
1469 645 1509 677 ut
1539 641 1802 684 Democritus,

180 687 438 733 Empedocles
461 690 498 723 et
520 686 765 732 huJusmodi,
782 691 1002 733 posuerunt
1017 687 1121 733 quod
1142 687 1366 724 intellectus
1388 696 1468 724 non
1485 686 1649 724 differta
1664 695 1804 731 sensu,

180 738 224 770 ut
238 737 343 779 patet
358 734 399 769 10
415 737 554 780 quarto
569 735 727 779 Metaph.
741 734 1002 780 (text.comm.
1021 735 1095 779 21),
1116 737 1152 770 et
1167 734 1208 770 in
1220 734 1335 771 tertio
1349 736 1400 770 De
1416 735 1552 774 anima,
1574 737 1611 770 et
1629 733 1721 770 ideo
1742 743 1803 770 se-

180 781 375 827 quebatur
393 780 499 827 quod
520 780 748 817 intellectus
766 781 819 817 sit
837 781 1018 827 quaedam
1036 781 1163 817 virtus
1184 789 1375 827 corporea
1395 789 1567 826 sequens
1589 788 1803 825 corporum

179 827 576 864 transmutationem:
594 827 699 873 quod
717 828 773 864 ita
792 837 880 864 esse
904 828 1022 864 etiam
1043 827 1090 863 de
1110 827 1313 864 intellectu
1329 830 1489 873 propter
1509 826 1584 863 hoc
1605 826 1803 870 dixerunt,

181 874 302 920 quod,
326 883 415 910 cum
436 875 716 910 transmutatio
731 874 964 911 inferiorum
985 883 1195 920 corporum
1218 878 1407 921 sequatur
1423 873 1799 910 transmutationem

181 929 392 966 corporum
415 921 680 966 superiorum,
700 921 983 958 intellectualis
1013 921 1191 967 operatio
1225 924 1414 968 sequetur
1432 929 1643 966 corporum
1661 920 1800 957 coeles-

178 968 277 1004 tium
315 971 462 1010 motus,
485 968 705 1004 secundum
743 968 842 1004 illud
874 968 1062 1004 Homeri:
1087 967 1230 1005 «Talis
1260 971 1321 1005 est
1352 967 1578 1004 intellectus
1607 967 1649 1003 in
1669 966 1746 1004 diis
1767 970 1806 1004 et

182 1013 416 1051 hominibus
431 1014 613 1059 terrenis,
632 1014 787 1060 qualem
809 1015 851 1050 in
868 1015 971 1051 diem
991 1014 1144 1051 inducit
1174 1017 1286 1060 pater
1307 1014 1482 1051 virorum
1504 1014 1747 1060 deorumque
1766 1026 1804 1058 n,

179 1060 333 1097 scilicet
366 1061 441 1104 sol,
465 1060 527 1097 vel
555 1061 685 1108 magis
713 1061 876 1107 Jupiter,
899 1071 1015 1108 quem
1046 1061 1230 1099 dicebant
1261 1070 1462 1099 summum
1493 1061 1630 1105 Deum,
1657 1059 1802 1097 intelli·

183 1111 324 1199 (glebnes
363 1116 432 1152 per
468 1107 600 1200 ips)um
632 1111 759 1145 totum
789 1108 948 1152 coelum,
981 1112 1024 1145 ut
1042 1112 1150 1154 patet
1178 1117 1249 1154 per
1277 1107 1556 1155 Augustinum,
1576 1109 1628 1143 De
1645 1108 1715 1143 civ.
1739 1108 1806 1142 Dee

216 1154 226 1190 i
261 1162 347 1198 ‚1v‚
370 1163 455 1199 cap.
477 1157 549 1191 ll.

231 1201 328 1236 Hinc
349 1200 466 1236 etiam
495 1200 693 1245 processit
731 1200 948 1237 stoicorum
985 1201 1135 1246 opinio,
1159 1201 1223 1247 qui
1246 1201 1430 1238 dicebant
1456 1200 1727 1247 cognitionem
1746 1200 1806 1237 in-

178 1247 363 1283 tellectus
397 1247 553 1284 causari
573 1257 619 1283 ex
641 1247 731 1291 1100,
753 1247 860 1294 quod
892 1248 1088 1294 imagines
1110 1257 1319 1293 corporum
1340 1248 1489 1285 nostris
1510 1247 1710 1284 mentibus
1729 1247 1805 1284 im-

181 1293 419 1338 primuntur,
443 1293 546 1330 sicut
566 1294 773 1339 speculum
806 1294 1019 1340 quoddam,
1042 1295 1102 1331 vel
1125 1295 1228 1331 sicut
1244 1295 1389 1341 pagina
1406 1294 1544 1340 recipit
1559 1294 1711 1331 litteras
1730 1294 1802 1330 im-

179 1348 341 1385 pressas
371 1340 519 1386 absque
556 1340 631 1376 hoc
655 1341 760 1386 quod
791 1341 941 1386 aliquid
977 1345 1080 1387 agat,
1101 1345 1144 1377 ut
1176 1342 1336 1378 Boetius
1371 1346 1503 1377 narrat
1528 1341 1569 1377 in
1591 1341 1730 1387 quinto
1753 1342 1803 1376 De

181 1396 276 1422 cons.
299 1386 419 1431 (pros.
440 1390 475 1430 4,
494 1390 531 1422 et
546 1390 638 1422 met.
659 1387 722 1432 4),
743 1387 961 1423 secundum
988 1397 1156 1434 quorum
1177 1388 1414 1424 sententiam
1433 1387 1673 1433 sequebatur
1696 1387 1805 1433 quod

178 1433 352 1469 maxime
385 1442 432 1468 ex
474 1433 740 1478 impressione
782 1443 994 1478 corporum
1032 1434 1254 1470 coelestium
1283 1434 1571 1470 intellectuales
1618 1434 1805 1470 notiones

180 1479 299 1514 nobis
331 1479 666 1524 imprimerentur.
692 1479 797 1516 Unde
828 1484 865 1516 et
899 1481 1014 1516 stoici
1050 1481 1209 1517 fuerunt
1240 1481 1308 1527 qui
1340 1480 1538 1526 praecipue
1566 1481 1805 1517 necessitate

182 1525 352 1571 quadam
375 1526 482 1561 fatali
505 1525 714 1562 hominum
736 1527 855 1563 vitam
878 1527 967 1563 duci
992 1531 1223 1573 posuerunt.

228 1572 301 1608 Sed
324 1573 407 1608 haec
429 1572 576 1617 positio
608 1572 700 1609 inde
722 1573 823 1610 salsa
842 1579 1015 1619 apparet,
1035 1578 1078 1611 ut
1099 1574 1259 1611 Boetius
1279 1573 1424 1610 ibidem
1448 1573 1556 1618 dicit,
1575 1573 1670 1621 quia
1689 1573 1806 1610 intel-

179 1619 306 1655 lectus
328 1619 529 1664 componit
549 1622 587 1655 et
608 1619 759 1663 dividit,
782 1623 820 1656 et
840 1625 1041 1666 comparat
1073 1630 1258 1667 suprema
1285 1620 1334 1658 ad
1354 1620 1503 1665 infima,
1525 1624 1564 1657 et
1593 1621 1806 1667 cognoscit

179 1665 435 1717 universalia,
455 1669 493 1702 et
519 1665 722 1712 simplices
735 1667 897 1711 formas,
919 1677 1006 1714 quae
1026 1668 1066 1704 in
1096 1666 1331 1714 corporibus
1356 1676 1437 1705 non
1462 1667 1744 1712 inveniuntur;
1766 1670 1807 1704 et

182 1720 241 1748 sic
262 1712 517 1749 manifestum
539 1716 598 1749 est
633 1713 739 1759 quod
759 1714 983 1752 intellectus
1004 1724 1084 1751 non
1106 1719 1166 1752 est
1186 1715 1291 1752 sicut
1308 1714 1505 1760 recipiens
1527 1718 1680 1751 tantum
1702 1714 1799 1752 ima—

181 1758 296 1804 gines
319 1768 544 1804 corporum,
565 1759 634 1796 sed
656 1760 772 1797 babet
805 1761 978 1807 aliquam
998 1762 1180 1798 virtutem
1213 1761 1448 1807 corporibus
1479 1761 1677 1797 altiorem.
1701 1762 1799 1797 Nam

182 1806 531 1887 sensugexterior,
547 1806 615 1853 qui
635 1807 766 1844 solum
788 1807 985 1854 imagines
997 1817 1206 1854 corporum
1223 1807 1374 1854 recipit,
1391 1807 1439 1844 ad
1453 1807 1642 1854 praedicta
1662 1816 1704 1843 se
1721 1816 1802 1844 non

185 1860 232 1887 ex
253 1861 299 1887 011
333 1856 375 1888 11.

231 1898 377 1935 Omnes
398 1902 529 1935 autem
553 1902 766 1945 sequentes
795 1900 1039 1945 philosophi,
1061 1901 1305 1938 intellectum
1326 1910 1350 1938 a
1369 1909 1492 1938 sensu
1513 1900 1801 1945 discernentes,

182 1953 344 1981 causam
367 1948 513 1981 nostrae
533 1945 712 1982 scientiae
737 1954 819 1982 non
839 1947 1040 1993 aliquibus
1059 1948 1308 1993 corporibus,
1330 1948 1399 1985 sed
1420 1947 1539 1984 rebus
1560 1947 1802 1985 immateria-

181 1990 289 2028 libus
325 1991 557 2036 attribuunt,
579 1992 698 2044 sicut·
715 1992 825 2030 Plato
857 1995 992 2039 posuit
1013 1994 1068 2041 (in
1100 1996 1297 2040 parmen„
1319 1995 1417 2031 Tim.
1437 1998 1477 2031 et
1505 2003 1549 2031 vr
1575 1995 1628 2030 De
1651 1994 1805 2041 repub.)

184 2046 347 2074 causam
381 2041 527 2077 nostrae
558 2042 737 2075 seientiae
765 2048 853 2076 esse
887 2041 1017 2086 ideas,
1051 2041 1283 2079 Aristoteles
1309 2044 1441 2078 autem
1476 2040 1547 2087 (De
1576 2040 1724 2086 anima,
1743 2049 1804 2086 111,

181 2086 274 2120 text.
300 2093 444 2121 comm.
470 2085 526 2131 17)
549 2085 794 2122 intellectum
815 2092 1011 2133 agentem.

232 2132 285 2166 Ex
307 2131 578 2183 bis-omnibus
599 2135 660 2168 est
690 2133 882 2178 accipere,
907 2135 1012 2180 quod
1042 2143 1190 2180 ponere
1219 2142 1385 2181 corpora
1405 2134 1583 2171 coelestia
1603 2143 1692 2171 esse
1712 2143 1804 2172 cau—

182 2186 265 2229 sam
291 2177 407 2214 nobis
441 2178 690 2224 intelligendi
722 2184 783 2216 est
812 2189 1063 2228 consequens
1094 2182 1324 2228 opinionem
1355 2190 1491 2218 eorum
1518 2182 1585 2228 qui
1605 2182 1808 2227 ponebant

182 2223 427 2260 intellectum
449 2234 472 2260 a
500 2233 623 2262 sensu
644 2234 726 2262 non
760 2226 920 2271 distare,
946 2232 987 2265 ut
1006 2232 1112 2274 patet
1132 2229 1249 2265 etiam
1283 2237 1353 2274 per
1370 2228 1620 2265 Aristotelem
1641 2228 1683 2264 in
1703 2228 1806 2266 libro

181 2272 231 2305 De
253 2272 391 2322 anima.
414 2272 521 2308 Hanc
558 2275 690 2308 autem
729 2273 959 2319 opinionem
995 2275 1252 2313 manifestum
1292 2278 1353 2312 est
1386 2284 1475 2312 esse
1505 2275 1806 2321 salsam.1gitur

180 2318 439 2354 manifestum
461 2321 521 2355 est
539 2327 627 2355 eam
656 2327 746 2356 esse
779 2320 935 2366 falsam,
958 2331 1045 2368 quae
1063 2323 1177 2368 ponit
1196 2331 1362 2368 corpora
1382 2322 1560 2359 coelestia
1580 2330 1670 2359 esse
1687 2322 1805 2359 nobis

183 2373 329 2401 causas
353 2365 602 2411 intelligendi
621 2365 781 2403 directe.

231 2411 330 2462 111110
352 2414 411 2447 051
429 2412 546 2463 etiam
568 2412 674 2459 quod
696 2421 811 2450 sacra
828 2414 1031 2460 Scriptura
1047 2424 1208 2452 causam
1230 2419 1376 2454 nostrae
1409 2415 1682 2463 intelligentiae
1701 2414 1807 2452 attri-

180 2456 268 2493 buit
291 2466 371 2493 non
394 2457 514 2494 alicui
535 2459 707 2505 corpori,
729 2459 799 2497 sed
819 2461 914 2506 Deo,
933 2461 1020 2506 soh,
1041 2470 1169 2507 xxxv,
1191 2465 1249 2507 10,
1272 2466 1310 2500 11
1335 2475 1344 2500 :
1365 2463 1434 2499 Ubi
1450 2466 1502 2499 est
1519 2465 1614 2499 Deus
1633 2463 1696 2507 qui
1718 2462 1807 2504 fecit

180 2513 247 2547 me,
272 2506 336 2549 qui
354 2505 453 2540 dedit
482 2507 648 2541 carmina
665 2507 707 2542 in
736 2509 867 2543 nocte?
882 2510 947 2554 qui
975 2509 1074 2544 docet
1091 2519 1156 2545 nos
1186 2519 1295 2555 super
1306 2509 1473 2554 jumenta
1502 2512 1619 2553 terrae,
1639 2511 1674 2543 et
1697 2517 1806 2553 super

181 2551 343 2587 volucres
361 2552 439 2586 coeli
459 2552 581 2588 erudit
596 2562 661 2588 nos
675 2553 695 2588 ?
710 2555 749 2589 et
766 2553 808 2589 in
831 2555 896 2591 Ρ5.
915 2563 1025 2599 xcm,
1049 2558 1092 2593 10
1111 2567 1121 2593 ε
1146 2555 1216 2599 Qui
1229 2557 1328 2592 docet
1342 2557 1518 2592 hominem
1535 2556 1733 2592 scientiam.

235 2597 448 2634 Sciendum
469 2601 529 2635 est
547 2601 680 2636 tamen
695 2599 818 2646 quod,
846 2601 938 2638 licet
967 2611 1134 2647 corpora
1151 2603 1329 2640 coelestia
1357 2603 1503 2640 directe
1531 2600 1805 2652 intelligentiae

185 2646 331 2693 nostrae
353 2654 475 2696 causa
495 2654 585 2682 esse
607 2654 690 2682 non
709 2647 880 2693 possint,
897 2648 1048 2695 aliquid
1062 2653 1193 2686 tamen
1208 2650 1256 2687 ad
1277 2650 1353 2686 11οο
1371 2652 1584 2695 operantur
1597 2647 1803 2685 indirecte.

185 2689 291 2738 Licet
312 2699 417 2727 enim
453 2691 681 2730 intellectus
701 2702 783 2731 non
804 2694 857 2730 sit
887 2695 1014 2732 virtus
1033 2704 1238 2742 corporea,
1257 2699 1387 2732 tamen
1409 2696 1450 2731 in
1481 2694 1598 2731 nobis
1627 2696 1805 2740 operatio

182 2735 408 2786 intellectus
424 2739 612 2790 compleri
628 2748 709 2791 11ᾳο
721 2743 852 2786 potest
866 2741 954 2778 sine
967 2744 1196 2788 operatione
1209 2743 1397 2779 virtutum
1410 2749 1703 2786 corporearum,
1717 2751 1803 2789 quae

187 2785 282 2832 sunt
321 2789 568 2828 imaginatio,
591 2789 641 2835 01
664 2795 726 2823 vis
761 2789 1019 2824 memorativa
1054 2793 1092 2826 et
1123 2790 1348 2835 cogitativa,
1369 2791 1413 2825 ut
1449 2797 1494 2824 ex
1532 2788 1804 2833 superioribus

183 2826 268 2873 (lib.
291 2837 334 2873 11,
355 2838 389 2865 c.
410 2829 469 2875 73)
491 2834 609 2876 patet.
632 2833 688 2868 -Et
717 2833 810 2871 inde
846 2838 907 2871 est
937 2835 1044 2881 quod
1077 2835 1277 2882 impeditis
1315 2835 1454 2872 harum
1487 2834 1676 2872 virtutum
1711 2844 1804 2882 ope-
