<?xml version="1.0" encoding="UTF-8"?>
<!DOCTYPE html PUBLIC "-//W3C//DTD XHTML 1.0 Transitional//EN"
    "http://www.w3.org/TR/xhtml1/DTD/xhtml1-transitional.dtd">
<html xmlns="http://www.w3.org/1999/xhtml" xml:lang="en" lang="en">
 <head>
  <title>
</title>
<meta http-equiv="Content-Type" content="text/html;charset=utf-8" />
  <meta name='ocr-system' content='tesseract 3.04.00' />
  <meta name='ocr-capabilities' content='ocr_page ocr_carea ocr_par ocr_line ocrx_word'/>
</head>
<body>
  <div class='ocr_page' id='page_1' title='image "./deveritatecathol00thomuoft_0496.png"; bbox 0 0 1894 3223; ppageno 0'>
   <div class='ocr_carea' id='block_1_1' title="bbox 102 119 1171 185">
    <p class='ocr_par' dir='ltr' id='par_1_1' title="bbox 102 119 1171 185">
     <span class='ocr_line' id='line_1_1' title="bbox 102 119 1171 185; baseline -0.004 -3"><span class='ocrx_word' id='word_1_1' title='bbox 102 145 170 182; x_wconf 82' lang='lat'>456</span> <span class='ocrx_word' id='word_1_2' title='bbox 447 119 452 123; x_wconf 47' lang='lat'><strong>⁴</strong></span> <span class='ocrx_word' id='word_1_3' title='bbox 662 141 750 178; x_wconf 76' lang='lat' dir='ltr'>Lm.</span> <span class='ocrx_word' id='word_1_4' title='bbox 777 141 843 185; x_wconf 90' lang='lat'>111,</span> <span class='ocrx_word' id='word_1_5' title='bbox 871 141 971 177; x_wconf 85' lang='lat' dir='ltr'>CAP.</span> <span class='ocrx_word' id='word_1_6' title='bbox 1000 141 1171 179; x_wconf 81' lang='lat' dir='ltr'>cxxxix.</span> 
     </span>
    </p>
   </div>
   <div class='ocr_carea' id='block_1_2' title="bbox 689 309 1122 350">
    <p class='ocr_par' dir='ltr' id='par_1_2' title="bbox 689 309 1122 350">
     <span class='ocr_line' id='line_1_2' title="bbox 689 309 1122 350; baseline 0.002 -1"><span class='ocrx_word' id='word_1_7' title='bbox 689 333 693 334; x_wconf 30' lang='grc' dir='ltr'><em>ν</em></span> <span class='ocrx_word' id='word_1_8' title='bbox 707 309 876 350; x_wconf 89' lang='lat' dir='ltr'><strong>CAPUT</strong></span> <span class='ocrx_word' id='word_1_9' title='bbox 912 309 1122 350; x_wconf 91' lang='lat' dir='ltr'>CXXXIX.</span> 
     </span>
    </p>
   </div>
   <div class='ocr_carea' id='block_1_3' title="bbox 385 433 1452 469">
    <p class='ocr_par' dir='ltr' id='par_1_3' title="bbox 385 433 1452 469">
     <span class='ocr_line' id='line_1_3' title="bbox 385 433 1452 469; baseline -0.001 -5"><span class='ocrx_word' id='word_1_10' title='bbox 385 434 485 469; x_wconf 89' lang='lat' dir='ltr'><strong>QUOD</strong></span> <span class='ocrx_word' id='word_1_11' title='bbox 511 434 642 468; x_wconf 85' lang='lat' dir='ltr'>NEQUE</span> <span class='ocrx_word' id='word_1_12' title='bbox 664 433 815 463; x_wconf 79' lang='lat' dir='ltr'>MERITA</span> <span class='ocrx_word' id='word_1_13' title='bbox 842 434 972 468; x_wconf 83' lang='lat' dir='ltr'>NEQUE</span> <span class='ocrx_word' id='word_1_14' title='bbox 995 433 1173 464; x_wconf 85' lang='lat' dir='ltr'>PECCATA</span> <span class='ocrx_word' id='word_1_15' title='bbox 1197 433 1297 464; x_wconf 84' lang='lat' dir='ltr'>SUNT</span> <span class='ocrx_word' id='word_1_16' title='bbox 1320 435 1452 465; x_wconf 82' lang='lat' dir='ltr'>PARIA.</span> 
     </span>
    </p>
   </div>
   <div class='ocr_carea' id='block_1_4' title="bbox 103 548 1744 2949">
    <p class='ocr_par' dir='ltr' id='par_1_4' title="bbox 103 548 1706 643">
     <span class='ocr_line' id='line_1_4' title="bbox 151 548 1706 602; baseline 0 -14"><span class='ocrx_word' id='word_1_17' title='bbox 151 552 205 588; x_wconf 81' lang='lat' dir='ltr'>Ex</span> <span class='ocrx_word' id='word_1_18' title='bbox 225 550 289 588; x_wconf 84' lang='lat' dir='ltr'>his</span> <span class='ocrx_word' id='word_1_19' title='bbox 319 553 449 587; x_wconf 89' lang='lat' dir='ltr'>autem</span> <span class='ocrx_word' id='word_1_20' title='bbox 482 548 740 602; x_wconf 84' lang='lat' dir='ltr'>manifestum</span> <span class='ocrx_word' id='word_1_21' title='bbox 771 548 954 596; x_wconf 89' lang='lat' dir='ltr'>estquod</span> <span class='ocrx_word' id='word_1_22' title='bbox 989 558 1118 596; x_wconf 88' lang='lat' dir='ltr'>neque</span> <span class='ocrx_word' id='word_1_23' title='bbox 1150 549 1287 587; x_wconf 89' lang='lat' dir='ltr'>omnia</span> <span class='ocrx_word' id='word_1_24' title='bbox 1313 549 1419 586; x_wconf 91' lang='lat' dir='ltr'>bona</span> <span class='ocrx_word' id='word_1_25' title='bbox 1451 558 1572 596; x_wconf 86' lang='lat' dir='ltr'>opera</span> <span class='ocrx_word' id='word_1_26' title='bbox 1602 559 1706 598; x_wconf 91' lang='lat' dir='ltr'>nequ</span> 
     </span>
     <span class='ocr_line' id='line_1_5' title="bbox 103 598 663 643; baseline -0.009 -6"><span class='ocrx_word' id='word_1_27' title='bbox 103 598 241 637; x_wconf 88' lang='lat' dir='ltr'>omnia</span> <span class='ocrx_word' id='word_1_28' title='bbox 259 600 421 643; x_wconf 88' lang='lat' dir='ltr'>peccata</span> <span class='ocrx_word' id='word_1_29' title='bbox 437 601 532 633; x_wconf 89' lang='lat' dir='ltr'>sunt</span> <span class='ocrx_word' id='word_1_30' title='bbox 551 606 663 643; x_wconf 85' lang='lat' dir='ltr'>paria</span> 
     </span>
    </p>

    <p class='ocr_par' dir='ltr' id='par_1_5' title="bbox 103 642 1735 925">
     <span class='ocr_line' id='line_1_6' title="bbox 153 642 1729 689; baseline -0.001 -7"><span class='ocrx_word' id='word_1_31' title='bbox 153 645 372 682; x_wconf 84' lang='lat' dir='ltr'>Consilium</span> <span class='ocrx_word' id='word_1_32' title='bbox 393 643 497 680; x_wconf 90' lang='lat' dir='ltr'>enim</span> <span class='ocrx_word' id='word_1_33' title='bbox 520 652 602 681; x_wconf 90' lang='lat' dir='ltr'>non</span> <span class='ocrx_word' id='word_1_34' title='bbox 623 643 738 680; x_wconf 88' lang='lat' dir='ltr'>datur</span> <span class='ocrx_word' id='word_1_35' title='bbox 757 642 836 680; x_wconf 92' lang='lat' dir='ltr'>nisi</span> <span class='ocrx_word' id='word_1_36' title='bbox 857 642 905 680; x_wconf 90' lang='lat' dir='ltr'>de</span> <span class='ocrx_word' id='word_1_37' title='bbox 921 642 1078 680; x_wconf 90' lang='lat' dir='ltr'>meliori</span> <span class='ocrx_word' id='word_1_38' title='bbox 1100 642 1219 680; x_wconf 89' lang='lat' dir='ltr'>bono.</span> <span class='ocrx_word' id='word_1_39' title='bbox 1237 643 1387 681; x_wconf 85' lang='lat' dir='ltr'><strong>Dantur</strong></span> <span class='ocrx_word' id='word_1_40' title='bbox 1400 646 1531 681; x_wconf 88' lang='lat' dir='ltr'>autem</span> <span class='ocrx_word' id='word_1_41' title='bbox 1544 643 1729 689; x_wconf 62' lang='lat' dir='ltr'>consilia,</span> 
     </span>
     <span class='ocr_line' id='line_1_7' title="bbox 103 689 1735 738; baseline -0.001 -9"><span class='ocrx_word' id='word_1_42' title='bbox 103 693 147 730; x_wconf 90' lang='lat' dir='ltr'>in</span> <span class='ocrx_word' id='word_1_43' title='bbox 178 692 266 738; x_wconf 84' lang='lat' dir='ltr'>lege</span> <span class='ocrx_word' id='word_1_44' title='bbox 301 691 448 736; x_wconf 88' lang='lat' dir='ltr'>divina,</span> <span class='ocrx_word' id='word_1_45' title='bbox 469 690 518 727; x_wconf 89' lang='lat' dir='ltr'>de</span> <span class='ocrx_word' id='word_1_46' title='bbox 548 692 793 737; x_wconf 87' lang='lat' dir='ltr'>paupertate,</span> <span class='ocrx_word' id='word_1_47' title='bbox 815 689 1062 727; x_wconf 87' lang='lat' dir='ltr'>continentia</span> <span class='ocrx_word' id='word_1_48' title='bbox 1080 693 1120 727; x_wconf 90' lang='lat' dir='ltr'>et</span> <span class='ocrx_word' id='word_1_49' title='bbox 1150 690 1242 727; x_wconf 89' lang='lat' dir='ltr'>aliis</span> <span class='ocrx_word' id='word_1_50' title='bbox 1274 689 1518 737; x_wconf 90' lang='lat' dir='ltr'>hujusmodi,</span> <span class='ocrx_word' id='word_1_51' title='bbox 1540 694 1584 727; x_wconf 85' lang='lat' dir='ltr'>ut</span> <span class='ocrx_word' id='word_1_52' title='bbox 1612 699 1735 737; x_wconf 90' lang='lat' dir='ltr'>supra</span> 
     </span>
     <span class='ocr_line' id='line_1_8' title="bbox 106 737 1735 786; baseline -0.001 -10"><span class='ocrx_word' id='word_1_53' title='bbox 106 740 154 786; x_wconf 91' lang='lat' dir='ltr'>(c.</span> <span class='ocrx_word' id='word_1_54' title='bbox 178 739 260 786; x_wconf 78' lang='grc'>130)</span> <span class='ocrx_word' id='word_1_55' title='bbox 282 738 430 775; x_wconf 87' lang='lat' dir='ltr'>dictum</span> <span class='ocrx_word' id='word_1_56' title='bbox 452 742 525 775; x_wconf 88' lang='lat' dir='ltr'>est.</span> <span class='ocrx_word' id='word_1_57' title='bbox 544 739 633 775; x_wconf 84' lang='lat' dir='ltr'>Haec</span> <span class='ocrx_word' id='word_1_58' title='bbox 653 738 775 784; x_wconf 83' lang='lat' dir='ltr'>igitur</span> <span class='ocrx_word' id='word_1_59' title='bbox 794 737 961 774; x_wconf 82' lang='lat' dir='ltr'>meliora</span> <span class='ocrx_word' id='word_1_60' title='bbox 981 740 1075 774; x_wconf 86' lang='lat' dir='ltr'>sunt</span> <span class='ocrx_word' id='word_1_61' title='bbox 1095 746 1213 784; x_wconf 91' lang='lat' dir='ltr'>quam</span> <span class='ocrx_word' id='word_1_62' title='bbox 1235 737 1490 774; x_wconf 88' lang='lat' dir='ltr'>matrimonio</span> <span class='ocrx_word' id='word_1_63' title='bbox 1511 737 1568 774; x_wconf 91' lang='lat' dir='ltr'>uti</span> <span class='ocrx_word' id='word_1_64' title='bbox 1585 741 1623 774; x_wconf 91' lang='lat' dir='ltr'>et</span> <span class='ocrx_word' id='word_1_65' title='bbox 1637 741 1735 774; x_wconf 90' lang='lat' dir='ltr'>tem-</span> 
     </span>
     <span class='ocr_line' id='line_1_9' title="bbox 104 783 1735 834; baseline -0.001 -11"><span class='ocrx_word' id='word_1_66' title='bbox 104 786 257 834; x_wconf 87' lang='lat' dir='ltr'>poralia</span> <span class='ocrx_word' id='word_1_67' title='bbox 277 785 498 832; x_wconf 86' lang='lat' dir='ltr'>possidere,</span> <span class='ocrx_word' id='word_1_68' title='bbox 521 785 741 822; x_wconf 89' lang='lat' dir='ltr'>secundum</span> <span class='ocrx_word' id='word_1_69' title='bbox 764 794 851 832; x_wconf 81' lang='lat' dir='ltr'>quae</span> <span class='ocrx_word' id='word_1_70' title='bbox 868 788 1001 821; x_wconf 90' lang='lat' dir='ltr'>tamen</span> <span class='ocrx_word' id='word_1_71' title='bbox 1021 784 1217 830; x_wconf 79' lang='lat' dir='ltr'>contingit</span> <span class='ocrx_word' id='word_1_72' title='bbox 1235 783 1412 822; x_wconf 80' lang='lat' dir='ltr'>virtuose</span> <span class='ocrx_word' id='word_1_73' title='bbox 1440 794 1571 831; x_wconf 84' lang='lat' dir='ltr'>agere,</span> <span class='ocrx_word' id='word_1_74' title='bbox 1592 784 1735 822; x_wconf 78' lang='lat' dir='ltr'>ordine</span> 
     </span>
     <span class='ocr_line' id='line_1_10' title="bbox 106 831 1733 878; baseline -0.001 -8"><span class='ocrx_word' id='word_1_75' title='bbox 106 833 275 870; x_wconf 87' lang='lat' dir='ltr'>rationis</span> <span class='ocrx_word' id='word_1_76' title='bbox 305 835 476 877; x_wconf 88' lang='lat' dir='ltr'>servato,</span> <span class='ocrx_word' id='word_1_77' title='bbox 498 835 542 868; x_wconf 91' lang='lat' dir='ltr'>ut</span> <span class='ocrx_word' id='word_1_78' title='bbox 576 841 697 878; x_wconf 86' lang='lat' dir='ltr'>supra</span> <span class='ocrx_word' id='word_1_79' title='bbox 717 832 766 878; x_wconf 89' lang='lat' dir='ltr'>(c.</span> <span class='ocrx_word' id='word_1_80' title='bbox 787 831 868 878; x_wconf 69' lang='lat'>434)</span> <span class='ocrx_word' id='word_1_81' title='bbox 889 835 1097 869; x_wconf 90' lang='lat' dir='ltr'>ostensum</span> <span class='ocrx_word' id='word_1_82' title='bbox 1119 835 1192 869; x_wconf 90' lang='lat' dir='ltr'>est.</span> <span class='ocrx_word' id='word_1_83' title='bbox 1213 832 1302 868; x_wconf 89' lang='lat' dir='ltr'>Non</span> <span class='ocrx_word' id='word_1_84' title='bbox 1320 831 1443 878; x_wconf 84' lang='lat' dir='ltr'>igitur</span> <span class='ocrx_word' id='word_1_85' title='bbox 1460 840 1600 868; x_wconf 91' lang='lat' dir='ltr'>omnes</span> <span class='ocrx_word' id='word_1_86' title='bbox 1619 834 1733 868; x_wconf 86' lang='lat' dir='ltr'>actus</span> 
     </span>
     <span class='ocr_line' id='line_1_11' title="bbox 105 881 559 925; baseline -0.004 -8"><span class='ocrx_word' id='word_1_87' title='bbox 105 881 296 917; x_wconf 83' lang='lat' dir='ltr'>virtutum</span> <span class='ocrx_word' id='word_1_88' title='bbox 315 883 409 917; x_wconf 90' lang='lat' dir='ltr'>sunt</span> <span class='ocrx_word' id='word_1_89' title='bbox 428 887 559 925; x_wconf 86' lang='lat' dir='ltr'>pares.</span> 
     </span>
    </p>

    <p class='ocr_par' dir='ltr' id='par_1_6' title="bbox 107 925 1737 1254">
     <span class='ocr_line' id='line_1_12' title="bbox 153 925 1737 972; baseline -0.001 -9"><span class='ocrx_word' id='word_1_90' title='bbox 153 927 300 971; x_wconf 75' lang='lat' dir='ltr'>Adhzw,</span> <span class='ocrx_word' id='word_1_91' title='bbox 322 930 434 963; x_wconf 86' lang='lat' dir='ltr'>actus</span> <span class='ocrx_word' id='word_1_92' title='bbox 453 926 625 972; x_wconf 90' lang='lat' dir='ltr'>speciem</span> <span class='ocrx_word' id='word_1_93' title='bbox 648 925 844 972; x_wconf 87' lang='lat' dir='ltr'>recipiunt</span> <span class='ocrx_word' id='word_1_94' title='bbox 865 935 911 962; x_wconf 81' lang='lat' dir='ltr'>ex</span> <span class='ocrx_word' id='word_1_95' title='bbox 931 925 1111 972; x_wconf 85' lang='lat' dir='ltr'>objectis.</span> <span class='ocrx_word' id='word_1_96' title='bbox 1134 925 1289 969; x_wconf 85' lang='lat' dir='ltr'>Quanto</span> <span class='ocrx_word' id='word_1_97' title='bbox 1310 925 1432 972; x_wconf 84' lang='lat' dir='ltr'>igitur</span> <span class='ocrx_word' id='word_1_98' title='bbox 1458 925 1655 971; x_wconf 80' lang='lat' dir='ltr'>objectum</span> <span class='ocrx_word' id='word_1_99' title='bbox 1674 928 1737 962; x_wconf 90' lang='lat' dir='ltr'>est</span> 
     </span>
     <span class='ocr_line' id='line_1_13' title="bbox 107 972 1737 1019; baseline -0.002 -7"><span class='ocrx_word' id='word_1_100' title='bbox 107 975 265 1017; x_wconf 90' lang='lat' dir='ltr'>melius,</span> <span class='ocrx_word' id='word_1_101' title='bbox 286 977 396 1010; x_wconf 87' lang='lat' dir='ltr'>tanto</span> <span class='ocrx_word' id='word_1_102' title='bbox 431 976 468 1009; x_wconf 93' lang='lat' dir='ltr'>et</span> <span class='ocrx_word' id='word_1_103' title='bbox 501 976 613 1010; x_wconf 90' lang='lat' dir='ltr'>actus</span> <span class='ocrx_word' id='word_1_104' title='bbox 648 973 721 1009; x_wconf 88' lang='lat' dir='ltr'>erit</span> <span class='ocrx_word' id='word_1_105' title='bbox 754 972 972 1009; x_wconf 83' lang='lat' dir='ltr'>virtuosior</span> <span class='ocrx_word' id='word_1_106' title='bbox 1007 972 1227 1010; x_wconf 89' lang='lat' dir='ltr'>secundum</span> <span class='ocrx_word' id='word_1_107' title='bbox 1267 973 1439 1019; x_wconf 88' lang='lat' dir='ltr'>speciem</span> <span class='ocrx_word' id='word_1_108' title='bbox 1473 981 1601 1010; x_wconf 88' lang='lat' dir='ltr'>suam.</span> <span class='ocrx_word' id='word_1_109' title='bbox 1625 972 1737 1010; x_wconf 85' lang='lat' dir='ltr'>Finis</span> 
     </span>
     <span class='ocr_line' id='line_1_14' title="bbox 109 1019 1736 1066; baseline -0.001 -8"><span class='ocrx_word' id='word_1_110' title='bbox 109 1025 239 1059; x_wconf 89' lang='lat' dir='ltr'>autem</span> <span class='ocrx_word' id='word_1_111' title='bbox 273 1021 415 1057; x_wconf 89' lang='lat' dir='ltr'>melior</span> <span class='ocrx_word' id='word_1_112' title='bbox 435 1024 494 1057; x_wconf 91' lang='lat' dir='ltr'>est</span> <span class='ocrx_word' id='word_1_113' title='bbox 526 1020 590 1057; x_wconf 90' lang='lat' dir='ltr'>his</span> <span class='ocrx_word' id='word_1_114' title='bbox 607 1028 694 1066; x_wconf 82' lang='lat' dir='ltr'>quae</span> <span class='ocrx_word' id='word_1_115' title='bbox 724 1024 819 1056; x_wconf 90' lang='lat' dir='ltr'>sunt</span> <span class='ocrx_word' id='word_1_116' title='bbox 838 1019 886 1056; x_wconf 85' lang='lat' dir='ltr'>ad</span> <span class='ocrx_word' id='word_1_117' title='bbox 916 1019 1034 1056; x_wconf 86' lang='lat' dir='ltr'>finem</span> <span class='ocrx_word' id='word_1_118' title='bbox 1057 1031 1066 1064; x_wconf 90' lang='lat'>;</span> <span class='ocrx_word' id='word_1_119' title='bbox 1089 1027 1258 1066; x_wconf 90' lang='lat' dir='ltr'>quorum</span> <span class='ocrx_word' id='word_1_120' title='bbox 1290 1024 1401 1057; x_wconf 89' lang='lat' dir='ltr'>tanto</span> <span class='ocrx_word' id='word_1_121' title='bbox 1420 1019 1571 1066; x_wconf 89' lang='lat' dir='ltr'>aliquid</span> <span class='ocrx_word' id='word_1_122' title='bbox 1589 1019 1736 1058; x_wconf 89' lang='lat' dir='ltr'>melius</span> 
     </span>
     <span class='ocr_line' id='line_1_15' title="bbox 109 1066 1735 1114; baseline -0.001 -9"><span class='ocrx_word' id='word_1_123' title='bbox 109 1072 182 1112; x_wconf 89' lang='lat' dir='ltr'>est,</span> <span class='ocrx_word' id='word_1_124' title='bbox 202 1072 350 1114; x_wconf 87' lang='lat' dir='ltr'>quanto</span> <span class='ocrx_word' id='word_1_125' title='bbox 382 1070 441 1104; x_wconf 90' lang='lat' dir='ltr'>est</span> <span class='ocrx_word' id='word_1_126' title='bbox 457 1066 527 1103; x_wconf 90' lang='lat' dir='ltr'>fini</span> <span class='ocrx_word' id='word_1_127' title='bbox 547 1067 826 1113; x_wconf 80' lang='lat' dir='ltr'>propinquius.</span> <span class='ocrx_word' id='word_1_128' title='bbox 844 1068 950 1103; x_wconf 91' lang='lat' dir='ltr'>Inter</span> <span class='ocrx_word' id='word_1_129' title='bbox 969 1070 1081 1104; x_wconf 86' lang='lat' dir='ltr'>actus</span> <span class='ocrx_word' id='word_1_130' title='bbox 1101 1067 1222 1113; x_wconf 83' lang='lat' dir='ltr'>igitur</span> <span class='ocrx_word' id='word_1_131' title='bbox 1242 1067 1440 1104; x_wconf 87' lang='lat' dir='ltr'>humanos</span> <span class='ocrx_word' id='word_1_132' title='bbox 1467 1067 1536 1103; x_wconf 91' lang='lat' dir='ltr'>ille</span> <span class='ocrx_word' id='word_1_133' title='bbox 1555 1070 1616 1104; x_wconf 87' lang='lat' dir='ltr'>est</span> <span class='ocrx_word' id='word_1_134' title='bbox 1634 1066 1735 1112; x_wconf 85' lang='lat' dir='ltr'>opti·</span> 
     </span>
     <span class='ocr_line' id='line_1_16' title="bbox 109 1112 1735 1162; baseline -0.001 -10"><span class='ocrx_word' id='word_1_135' title='bbox 109 1124 199 1152; x_wconf 90' lang='lat' dir='ltr'>mus</span> <span class='ocrx_word' id='word_1_136' title='bbox 219 1115 285 1162; x_wconf 92' lang='lat' dir='ltr'>qui</span> <span class='ocrx_word' id='word_1_137' title='bbox 306 1115 348 1151; x_wconf 89' lang='lat' dir='ltr'>in</span> <span class='ocrx_word' id='word_1_138' title='bbox 380 1115 564 1151; x_wconf 88' lang='lat' dir='ltr'>ultimum</span> <span class='ocrx_word' id='word_1_139' title='bbox 584 1112 718 1157; x_wconf 86' lang='lat' dir='ltr'>finem,</span> <span class='ocrx_word' id='word_1_140' title='bbox 741 1114 895 1150; x_wconf 84' lang='lat' dir='ltr'>scilicet</span> <span class='ocrx_word' id='word_1_141' title='bbox 924 1115 1061 1157; x_wconf 91' lang='lat' dir='ltr'>Deum,</span> <span class='ocrx_word' id='word_1_142' title='bbox 1083 1113 1309 1151; x_wconf 86' lang='lat' dir='ltr'>immediate</span> <span class='ocrx_word' id='word_1_143' title='bbox 1330 1114 1479 1157; x_wconf 83' lang='lat' dir='ltr'>fertur3</span> <span class='ocrx_word' id='word_1_144' title='bbox 1501 1119 1591 1159; x_wconf 89' lang='lat' dir='ltr'>post</span> <span class='ocrx_word' id='word_1_145' title='bbox 1616 1122 1735 1160; x_wconf 86' lang='lat' dir='ltr'>quem</span> 
     </span>
     <span class='ocr_line' id='line_1_17' title="bbox 108 1160 1733 1214; baseline -0.001 -16"><span class='ocrx_word' id='word_1_146' title='bbox 108 1166 219 1214; x_wconf 83' lang='lat' dir='ltr'>tanto</span> <span class='ocrx_word' id='word_1_147' title='bbox 240 1165 351 1214; x_wconf 83' lang='lat' dir='ltr'>actus</span> <span class='ocrx_word' id='word_1_148' title='bbox 373 1161 514 1198; x_wconf 89' lang='lat' dir='ltr'>melior</span> <span class='ocrx_word' id='word_1_149' title='bbox 534 1164 595 1197; x_wconf 90' lang='lat' dir='ltr'>est</span> <span class='ocrx_word' id='word_1_150' title='bbox 614 1160 834 1197; x_wconf 90' lang='lat' dir='ltr'>secundum</span> <span class='ocrx_word' id='word_1_151' title='bbox 856 1169 970 1197; x_wconf 88' lang='lat' dir='ltr'>suam</span> <span class='ocrx_word' id='word_1_152' title='bbox 990 1161 1178 1207; x_wconf 89' lang='lat' dir='ltr'>speciem,</span> <span class='ocrx_word' id='word_1_153' title='bbox 1201 1164 1350 1207; x_wconf 86' lang='lat' dir='ltr'>quanto</span> <span class='ocrx_word' id='word_1_154' title='bbox 1369 1161 1567 1207; x_wconf 78' lang='lat' dir='ltr'>obJ‘ectum</span> <span class='ocrx_word' id='word_1_155' title='bbox 1580 1162 1733 1198; x_wconf 88' lang='lat' dir='ltr'>estDeo</span> 
     </span>
     <span class='ocr_line' id='line_1_18' title="bbox 110 1217 388 1254; baseline -0.004 -9"><span class='ocrx_word' id='word_1_156' title='bbox 110 1217 388 1254; x_wconf 80' lang='lat' dir='ltr'>propinquius.</span> 
     </span>
    </p>

    <p class='ocr_par' dir='ltr' id='par_1_7' title="bbox 109 1254 1737 1481">
     <span class='ocr_line' id='line_1_19' title="bbox 157 1254 1735 1302; baseline -0.001 -10"><span class='ocrx_word' id='word_1_157' title='bbox 157 1257 340 1301; x_wconf 74' lang='lat' dir='ltr'>Amplius,</span> <span class='ocrx_word' id='word_1_158' title='bbox 362 1255 512 1292; x_wconf 87' lang='lat' dir='ltr'>bonum</span> <span class='ocrx_word' id='word_1_159' title='bbox 533 1254 575 1291; x_wconf 92' lang='lat' dir='ltr'>in</span> <span class='ocrx_word' id='word_1_160' title='bbox 607 1254 762 1291; x_wconf 86' lang='lat' dir='ltr'>actibus</span> <span class='ocrx_word' id='word_1_161' title='bbox 783 1254 970 1292; x_wconf 86' lang='lat' dir='ltr'>humanis</span> <span class='ocrx_word' id='word_1_162' title='bbox 991 1257 1050 1292; x_wconf 91' lang='lat' dir='ltr'>est</span> <span class='ocrx_word' id='word_1_163' title='bbox 1072 1254 1292 1291; x_wconf 90' lang='lat' dir='ltr'>secundum</span> <span class='ocrx_word' id='word_1_164' title='bbox 1310 1254 1416 1302; x_wconf 89' lang='lat' dir='ltr'>quod</span> <span class='ocrx_word' id='word_1_165' title='bbox 1437 1254 1591 1292; x_wconf 89' lang='lat' dir='ltr'>ratione</span> <span class='ocrx_word' id='word_1_166' title='bbox 1619 1263 1735 1301; x_wconf 84' lang='lat' dir='ltr'>regu-</span> 
     </span>
     <span class='ocr_line' id='line_1_20' title="bbox 109 1301 1737 1349; baseline -0.001 -9"><span class='ocrx_word' id='word_1_167' title='bbox 109 1303 256 1340; x_wconf 89' lang='lat' dir='ltr'>lantur.</span> <span class='ocrx_word' id='word_1_168' title='bbox 278 1302 479 1349; x_wconf 83' lang='lat' dir='ltr'>Contingit</span> <span class='ocrx_word' id='word_1_169' title='bbox 493 1304 624 1338; x_wconf 88' lang='lat' dir='ltr'>autem</span> <span class='ocrx_word' id='word_1_170' title='bbox 644 1301 802 1348; x_wconf 89' lang='lat' dir='ltr'>aliquos</span> <span class='ocrx_word' id='word_1_171' title='bbox 820 1301 910 1338; x_wconf 90' lang='lat' dir='ltr'>aliis</span> <span class='ocrx_word' id='word_1_172' title='bbox 926 1301 974 1338; x_wconf 91' lang='lat' dir='ltr'>ad</span> <span class='ocrx_word' id='word_1_173' title='bbox 989 1301 1183 1339; x_wconf 88' lang='lat' dir='ltr'>rationem</span> <span class='ocrx_word' id='word_1_174' title='bbox 1205 1301 1334 1348; x_wconf 85' lang='lat' dir='ltr'>magis</span> <span class='ocrx_word' id='word_1_175' title='bbox 1355 1302 1557 1346; x_wconf 83' lang='lat' dir='ltr'>accedere,</span> <span class='ocrx_word' id='word_1_176' title='bbox 1575 1301 1737 1348; x_wconf 89' lang='lat' dir='ltr'>quando</span> 
     </span>
     <span class='ocr_line' id='line_1_21' title="bbox 110 1348 1737 1396; baseline -0.001 -9"><span class='ocrx_word' id='word_1_177' title='bbox 110 1353 224 1387; x_wconf 88' lang='lat' dir='ltr'>actus</span> <span class='ocrx_word' id='word_1_178' title='bbox 245 1349 311 1396; x_wconf 92' lang='lat' dir='ltr'>qui</span> <span class='ocrx_word' id='word_1_179' title='bbox 335 1353 428 1386; x_wconf 93' lang='lat' dir='ltr'>sunt</span> <span class='ocrx_word' id='word_1_180' title='bbox 451 1349 580 1394; x_wconf 90' lang='lat' dir='ltr'>ipsius</span> <span class='ocrx_word' id='word_1_181' title='bbox 600 1348 768 1385; x_wconf 87' lang='lat' dir='ltr'>rationis</span> <span class='ocrx_word' id='word_1_182' title='bbox 788 1348 918 1395; x_wconf 82' lang='lat' dir='ltr'>magis</span> <span class='ocrx_word' id='word_1_183' title='bbox 936 1348 1082 1386; x_wconf 87' lang='lat' dir='ltr'>habent</span> <span class='ocrx_word' id='word_1_184' title='bbox 1103 1348 1151 1385; x_wconf 91' lang='lat' dir='ltr'>de</span> <span class='ocrx_word' id='word_1_185' title='bbox 1167 1349 1274 1386; x_wconf 83' lang='lat' dir='ltr'>bono</span> <span class='ocrx_word' id='word_1_186' title='bbox 1292 1349 1461 1386; x_wconf 87' lang='lat' dir='ltr'>rationis</span> <span class='ocrx_word' id='word_1_187' title='bbox 1485 1358 1603 1395; x_wconf 89' lang='lat' dir='ltr'>quam</span> <span class='ocrx_word' id='word_1_188' title='bbox 1623 1352 1737 1386; x_wconf 88' lang='lat' dir='ltr'>actus</span> 
     </span>
     <span class='ocr_line' id='line_1_22' title="bbox 109 1395 1737 1480; baseline -0.001 -47"><span class='ocrx_word' id='word_1_189' title='bbox 109 1396 346 1480; x_wconf 29' lang='lat' dir='ltr'>inferi-ortui]</span> <span class='ocrx_word' id='word_1_190' title='bbox 359 1395 516 1478; x_wconf 54' lang='lat' dir='ltr'>vitalum,</span> <span class='ocrx_word' id='word_1_191' title='bbox 534 1395 679 1441; x_wconf 88' lang='lat' dir='ltr'>quibus</span> <span class='ocrx_word' id='word_1_192' title='bbox 700 1395 801 1432; x_wconf 91' lang='lat' dir='ltr'>ratio</span> <span class='ocrx_word' id='word_1_193' title='bbox 822 1395 1002 1441; x_wconf 87' lang='lat' dir='ltr'>imperat.</span> <span class='ocrx_word' id='word_1_194' title='bbox 1025 1396 1124 1433; x_wconf 88' lang='lat' dir='ltr'>Sunt</span> <span class='ocrx_word' id='word_1_195' title='bbox 1140 1395 1263 1442; x_wconf 86' lang='lat' dir='ltr'>igitur</span> <span class='ocrx_word' id='word_1_196' title='bbox 1280 1395 1385 1432; x_wconf 89' lang='lat' dir='ltr'>inter</span> <span class='ocrx_word' id='word_1_197' title='bbox 1404 1399 1517 1433; x_wconf 90' lang='lat' dir='ltr'>actus</span> <span class='ocrx_word' id='word_1_198' title='bbox 1538 1396 1737 1432; x_wconf 85' lang='lat' dir='ltr'>humanos</span> 
     </span>
     <span class='ocr_line' id='line_1_23' title="bbox 110 1451 568 1481; baseline -0.004 -1"><span class='ocrx_word' id='word_1_199' title='bbox 110 1453 133 1481; x_wconf 92' lang='lat' dir='ltr'>a</span> <span class='ocrx_word' id='word_1_200' title='bbox 153 1454 161 1479; x_wconf 88' lang='lat'>1</span> <span class='ocrx_word' id='word_1_201' title='bbox 196 1453 234 1479; x_wconf 90' lang='lat' dir='ltr'>u1</span> <span class='ocrx_word' id='word_1_202' title='bbox 256 1453 277 1480; x_wconf 89' lang='lat' dir='ltr'>a</span> <span class='ocrx_word' id='word_1_203' title='bbox 297 1452 346 1480; x_wconf 91' lang='lat' dir='ltr'>11s</span> <span class='ocrx_word' id='word_1_204' title='bbox 367 1451 428 1479; x_wconf 93' lang='lat' dir='ltr'>me</span> <span class='ocrx_word' id='word_1_205' title='bbox 449 1451 568 1479; x_wconf 84' lang='lat' dir='ltr'>iores.</span> 
     </span>
    </p>

    <p class='ocr_par' dir='ltr' id='par_1_8' title="bbox 111 1453 1739 1630">
     <span class='ocr_line' id='line_1_24' title="bbox 157 1453 1738 1536; baseline -0.001 -10"><span class='ocrx_word' id='word_1_206' title='bbox 157 1453 257 1534; x_wconf 50' lang='lat' dir='ltr'>gem,</span> <span class='ocrx_word' id='word_1_207' title='bbox 279 1492 474 1536; x_wconf 84' lang='lat' dir='ltr'>praecepta</span> <span class='ocrx_word' id='word_1_208' title='bbox 506 1488 607 1535; x_wconf 76' lang='lat' dir='ltr'>legis</span> <span class='ocrx_word' id='word_1_209' title='bbox 628 1488 775 1534; x_wconf 88' lang='lat' dir='ltr'>optime</span> <span class='ocrx_word' id='word_1_210' title='bbox 795 1498 843 1525; x_wconf 82' lang='lat' dir='ltr'>ex</span> <span class='ocrx_word' id='word_1_211' title='bbox 874 1488 1086 1526; x_wconf 81' lang='lat' dir='ltr'>dilectione</span> <span class='ocrx_word' id='word_1_212' title='bbox 1118 1488 1347 1535; x_wconf 79' lang='lat' dir='ltr'>implentur,</span> <span class='ocrx_word' id='word_1_213' title='bbox 1369 1492 1412 1526; x_wconf 86' lang='lat' dir='ltr'>ut</span> <span class='ocrx_word' id='word_1_214' title='bbox 1444 1498 1564 1535; x_wconf 82' lang='lat' dir='ltr'>supra</span> <span class='ocrx_word' id='word_1_215' title='bbox 1582 1488 1631 1535; x_wconf 89' lang='lat' dir='ltr'>(c.</span> <span class='ocrx_word' id='word_1_216' title='bbox 1655 1488 1738 1536; x_wconf 82' lang='lat'>128)</span> 
     </span>
     <span class='ocr_line' id='line_1_25' title="bbox 112 1534 1739 1583; baseline -0.001 -10"><span class='ocrx_word' id='word_1_217' title='bbox 112 1536 261 1574; x_wconf 87' lang='lat' dir='ltr'>dictum</span> <span class='ocrx_word' id='word_1_218' title='bbox 283 1539 356 1573; x_wconf 89' lang='lat' dir='ltr'>est.</span> <span class='ocrx_word' id='word_1_219' title='bbox 383 1536 584 1583; x_wconf 83' lang='lat' dir='ltr'>Contingit</span> <span class='ocrx_word' id='word_1_220' title='bbox 603 1539 734 1573; x_wconf 89' lang='lat' dir='ltr'>autem</span> <span class='ocrx_word' id='word_1_221' title='bbox 769 1536 941 1582; x_wconf 83' lang='lat' dir='ltr'>aliquem</span> <span class='ocrx_word' id='word_1_222' title='bbox 975 1537 1053 1573; x_wconf 86' lang='lat' dir='ltr'>alio</span> <span class='ocrx_word' id='word_1_223' title='bbox 1073 1546 1121 1573; x_wconf 84' lang='lat' dir='ltr'>ex</span> <span class='ocrx_word' id='word_1_224' title='bbox 1149 1535 1291 1582; x_wconf 83' lang='lat' dir='ltr'>majori</span> <span class='ocrx_word' id='word_1_225' title='bbox 1324 1536 1538 1574; x_wconf 86' lang='lat' dir='ltr'>dilectione</span> <span class='ocrx_word' id='word_1_226' title='bbox 1558 1534 1665 1582; x_wconf 90' lang='lat' dir='ltr'>quod</span> <span class='ocrx_word' id='word_1_227' title='bbox 1682 1535 1739 1573; x_wconf 85' lang='lat' dir='ltr'>fa·</span> 
     </span>
     <span class='ocr_line' id='line_1_26' title="bbox 111 1582 1665 1630; baseline -0.001 -9"><span class='ocrx_word' id='word_1_228' title='bbox 111 1584 297 1621; x_wconf 89' lang='lat' dir='ltr'>ciendum</span> <span class='ocrx_word' id='word_1_229' title='bbox 318 1586 378 1621; x_wconf 91' lang='lat' dir='ltr'>est</span> <span class='ocrx_word' id='word_1_230' title='bbox 398 1584 542 1620; x_wconf 84' lang='lat' dir='ltr'>facere.</span> <span class='ocrx_word' id='word_1_231' title='bbox 564 1583 643 1620; x_wconf 86' lang='lat' dir='ltr'>Erit</span> <span class='ocrx_word' id='word_1_232' title='bbox 662 1583 784 1630; x_wconf 84' lang='lat' dir='ltr'>igitur</span> <span class='ocrx_word' id='word_1_233' title='bbox 802 1584 1072 1620; x_wconf 87' lang='lat' dir='ltr'>virtuosorum</span> <span class='ocrx_word' id='word_1_234' title='bbox 1093 1586 1253 1621; x_wconf 80' lang='lat' dir='ltr'>actuum</span> <span class='ocrx_word' id='word_1_235' title='bbox 1273 1591 1380 1621; x_wconf 91' lang='lat' dir='ltr'>unus</span> <span class='ocrx_word' id='word_1_236' title='bbox 1404 1583 1482 1620; x_wconf 90' lang='lat' dir='ltr'>alio</span> <span class='ocrx_word' id='word_1_237' title='bbox 1510 1582 1665 1620; x_wconf 89' lang='lat' dir='ltr'>melior.</span> 
     </span>
    </p>

    <p class='ocr_par' dir='ltr' id='par_1_9' title="bbox 111 1630 1741 1772">
     <span class='ocr_line' id='line_1_27' title="bbox 156 1630 1740 1677; baseline 0 -10"><span class='ocrx_word' id='word_1_238' title='bbox 156 1633 346 1672; x_wconf 68' lang='lat' dir='ltr'>Praeterea,</span> <span class='ocrx_word' id='word_1_239' title='bbox 371 1630 404 1668; x_wconf 91' lang='lat' dir='ltr'>si</span> <span class='ocrx_word' id='word_1_240' title='bbox 425 1640 473 1667; x_wconf 81' lang='lat' dir='ltr'>ex</span> <span class='ocrx_word' id='word_1_241' title='bbox 491 1630 634 1667; x_wconf 90' lang='lat' dir='ltr'>virtute</span> <span class='ocrx_word' id='word_1_242' title='bbox 657 1633 769 1667; x_wconf 89' lang='lat' dir='ltr'>actus</span> <span class='ocrx_word' id='word_1_243' title='bbox 798 1630 974 1668; x_wconf 90' lang='lat' dir='ltr'>hominis</span> <span class='ocrx_word' id='word_1_244' title='bbox 992 1630 1086 1668; x_wconf 88' lang='lat' dir='ltr'>boni</span> <span class='ocrx_word' id='word_1_245' title='bbox 1117 1630 1350 1676; x_wconf 89' lang='lat' dir='ltr'>redduntur,</span> <span class='ocrx_word' id='word_1_246' title='bbox 1373 1631 1570 1677; x_wconf 83' lang='lat' dir='ltr'>contingit</span> <span class='ocrx_word' id='word_1_247' title='bbox 1606 1633 1740 1667; x_wconf 90' lang='lat' dir='ltr'>autem</span> 
     </span>
     <span class='ocr_line' id='line_1_28' title="bbox 111 1677 1741 1726; baseline -0.001 -11"><span class='ocrx_word' id='word_1_248' title='bbox 111 1677 374 1716; x_wconf 86' lang='lat' dir='ltr'>intentionem</span> <span class='ocrx_word' id='word_1_249' title='bbox 402 1678 520 1715; x_wconf 88' lang='lat' dir='ltr'>etiam</span> <span class='ocrx_word' id='word_1_250' title='bbox 540 1677 719 1714; x_wconf 87' lang='lat' dir='ltr'>eamdem</span> <span class='ocrx_word' id='word_1_251' title='bbox 754 1677 944 1724; x_wconf 87' lang='lat' dir='ltr'>majorem</span> <span class='ocrx_word' id='word_1_252' title='bbox 966 1687 1056 1716; x_wconf 89' lang='lat' dir='ltr'>esse</span> <span class='ocrx_word' id='word_1_253' title='bbox 1088 1677 1129 1715; x_wconf 90' lang='lat' dir='ltr'>in</span> <span class='ocrx_word' id='word_1_254' title='bbox 1149 1686 1231 1715; x_wconf 93' lang='lat' dir='ltr'>uno</span> <span class='ocrx_word' id='word_1_255' title='bbox 1264 1686 1384 1726; x_wconf 88' lang='lat' dir='ltr'>quam</span> <span class='ocrx_word' id='word_1_256' title='bbox 1404 1678 1446 1714; x_wconf 91' lang='lat' dir='ltr'>in</span> <span class='ocrx_word' id='word_1_257' title='bbox 1467 1678 1561 1722; x_wconf 88' lang='lat' dir='ltr'>alio,</span> <span class='ocrx_word' id='word_1_258' title='bbox 1585 1680 1741 1723; x_wconf 87' lang='lat' dir='ltr'>oportet</span> 
     </span>
     <span class='ocr_line' id='line_1_29' title="bbox 112 1724 1274 1772; baseline 0 -10"><span class='ocrx_word' id='word_1_259' title='bbox 112 1734 207 1771; x_wconf 72' lang='lat' dir='ltr'>ergo</span> <span class='ocrx_word' id='word_1_260' title='bbox 229 1724 335 1772; x_wconf 89' lang='lat' dir='ltr'>quod</span> <span class='ocrx_word' id='word_1_261' title='bbox 355 1725 622 1763; x_wconf 89' lang='lat' dir='ltr'>humanorum</span> <span class='ocrx_word' id='word_1_262' title='bbox 639 1728 799 1762; x_wconf 85' lang='lat' dir='ltr'>actuum</span> <span class='ocrx_word' id='word_1_263' title='bbox 820 1725 873 1761; x_wconf 91' lang='lat' dir='ltr'>sit</span> <span class='ocrx_word' id='word_1_264' title='bbox 891 1733 999 1763; x_wconf 90' lang='lat' dir='ltr'>unus</span> <span class='ocrx_word' id='word_1_265' title='bbox 1019 1724 1098 1763; x_wconf 90' lang='lat' dir='ltr'>alio</span> <span class='ocrx_word' id='word_1_266' title='bbox 1119 1725 1274 1762; x_wconf 88' lang='lat' dir='ltr'>melior.</span> 
     </span>
    </p>

    <p class='ocr_par' dir='ltr' id='par_1_10' title="bbox 111 1770 1739 1959">
     <span class='ocr_line' id='line_1_30' title="bbox 158 1770 1739 1819; baseline 0 -11"><span class='ocrx_word' id='word_1_267' title='bbox 158 1774 260 1819; x_wconf 77' lang='lat' dir='ltr'>Item,</span> <span class='ocrx_word' id='word_1_268' title='bbox 279 1772 313 1809; x_wconf 92' lang='lat' dir='ltr'>si</span> <span class='ocrx_word' id='word_1_269' title='bbox 338 1782 384 1808; x_wconf 79' lang='lat' dir='ltr'>ex</span> <span class='ocrx_word' id='word_1_270' title='bbox 403 1772 616 1809; x_wconf 88' lang='lat' dir='ltr'>virtutibus</span> <span class='ocrx_word' id='word_1_271' title='bbox 637 1775 749 1809; x_wconf 89' lang='lat' dir='ltr'>actus</span> <span class='ocrx_word' id='word_1_272' title='bbox 784 1772 948 1809; x_wconf 84' lang='lat' dir='ltr'>humani</span> <span class='ocrx_word' id='word_1_273' title='bbox 977 1771 1072 1810; x_wconf 86' lang='lat' dir='ltr'>boni</span> <span class='ocrx_word' id='word_1_274' title='bbox 1093 1772 1326 1817; x_wconf 89' lang='lat' dir='ltr'>redduntur,</span> <span class='ocrx_word' id='word_1_275' title='bbox 1348 1775 1504 1818; x_wconf 85' lang='lat' dir='ltr'>oportet</span> <span class='ocrx_word' id='word_1_276' title='bbox 1532 1770 1739 1809; x_wconf 87' lang='lat' dir='ltr'>meliorem</span> 
     </span>
     <span class='ocr_line' id='line_1_31' title="bbox 112 1818 1737 1866; baseline -0.002 -9"><span class='ocrx_word' id='word_1_277' title='bbox 112 1828 201 1857; x_wconf 90' lang='lat' dir='ltr'>esse</span> <span class='ocrx_word' id='word_1_278' title='bbox 222 1823 353 1856; x_wconf 87' lang='lat' dir='ltr'>actum</span> <span class='ocrx_word' id='word_1_279' title='bbox 379 1820 445 1866; x_wconf 89' lang='lat' dir='ltr'>qui</span> <span class='ocrx_word' id='word_1_280' title='bbox 467 1825 528 1856; x_wconf 91' lang='lat' dir='ltr'>est</span> <span class='ocrx_word' id='word_1_281' title='bbox 557 1819 736 1856; x_wconf 89' lang='lat' dir='ltr'>melioris</span> <span class='ocrx_word' id='word_1_282' title='bbox 763 1819 934 1856; x_wconf 89' lang='lat' dir='ltr'>virtutis.</span> <span class='ocrx_word' id='word_1_283' title='bbox 958 1819 1161 1866; x_wconf 86' lang='lat' dir='ltr'>Contingit</span> <span class='ocrx_word' id='word_1_284' title='bbox 1180 1822 1311 1857; x_wconf 86' lang='lat' dir='ltr'>autem</span> <span class='ocrx_word' id='word_1_285' title='bbox 1332 1819 1518 1855; x_wconf 88' lang='lat' dir='ltr'>virtutem</span> <span class='ocrx_word' id='word_1_286' title='bbox 1538 1826 1660 1855; x_wconf 89' lang='lat' dir='ltr'>unam</span> <span class='ocrx_word' id='word_1_287' title='bbox 1681 1818 1737 1855; x_wconf 85' lang='lat' dir='ltr'>al-</span> 
     </span>
     <span class='ocr_line' id='line_1_32' title="bbox 111 1865 1737 1912; baseline -0.001 -10"><span class='ocrx_word' id='word_1_288' title='bbox 111 1869 196 1903; x_wconf 85' lang='lat' dir='ltr'>tera</span> <span class='ocrx_word' id='word_1_289' title='bbox 215 1867 419 1903; x_wconf 89' lang='lat' dir='ltr'>meliorem</span> <span class='ocrx_word' id='word_1_290' title='bbox 438 1875 542 1910; x_wconf 88' lang='lat' dir='ltr'>esse,</span> <span class='ocrx_word' id='word_1_291' title='bbox 563 1870 658 1912; x_wconf 88' lang='lat' dir='ltr'>puta</span> <span class='ocrx_word' id='word_1_292' title='bbox 677 1865 1015 1912; x_wconf 85' lang='lat' dir='ltr'>magnificentiam</span> <span class='ocrx_word' id='word_1_293' title='bbox 1035 1865 1287 1910; x_wconf 82' lang='lat' dir='ltr'>liberalitate,</span> <span class='ocrx_word' id='word_1_294' title='bbox 1307 1869 1347 1903; x_wconf 91' lang='lat' dir='ltr'>et</span> <span class='ocrx_word' id='word_1_295' title='bbox 1365 1865 1737 1912; x_wconf 83' lang='lat' dir='ltr'>magnanimitatem</span> 
     </span>
     <span class='ocr_line' id='line_1_33' title="bbox 111 1912 1489 1959; baseline 0.001 -10"><span class='ocrx_word' id='word_1_296' title='bbox 111 1913 375 1950; x_wconf 82' lang='lat' dir='ltr'>moderantia.</span> <span class='ocrx_word' id='word_1_297' title='bbox 398 1913 478 1949; x_wconf 85' lang='lat' dir='ltr'>Erit</span> <span class='ocrx_word' id='word_1_298' title='bbox 497 1913 619 1959; x_wconf 81' lang='lat' dir='ltr'>igitur</span> <span class='ocrx_word' id='word_1_299' title='bbox 637 1913 904 1950; x_wconf 83' lang='lat' dir='ltr'>humanorum</span> <span class='ocrx_word' id='word_1_300' title='bbox 927 1917 1086 1950; x_wconf 90' lang='lat' dir='ltr'>actuum</span> <span class='ocrx_word' id='word_1_301' title='bbox 1106 1921 1212 1951; x_wconf 91' lang='lat' dir='ltr'>unus</span> <span class='ocrx_word' id='word_1_302' title='bbox 1232 1912 1312 1950; x_wconf 90' lang='lat' dir='ltr'>alio</span> <span class='ocrx_word' id='word_1_303' title='bbox 1333 1912 1489 1950; x_wconf 90' lang='lat' dir='ltr'>melior.</span> 
     </span>
    </p>

    <p class='ocr_par' dir='ltr' id='par_1_11' title="bbox 111 1959 1738 2053">
     <span class='ocr_line' id='line_1_34' title="bbox 160 1959 1738 2007; baseline -0.001 -11"><span class='ocrx_word' id='word_1_304' title='bbox 160 1961 258 1997; x_wconf 85' lang='lat' dir='ltr'>Hinc</span> <span class='ocrx_word' id='word_1_305' title='bbox 282 1964 342 1997; x_wconf 89' lang='lat' dir='ltr'>est</span> <span class='ocrx_word' id='word_1_306' title='bbox 361 1959 467 2007; x_wconf 88' lang='lat' dir='ltr'>quod</span> <span class='ocrx_word' id='word_1_307' title='bbox 499 1959 644 1997; x_wconf 87' lang='lat' dir='ltr'>dicitur</span> <span class='ocrx_word' id='word_1_308' title='bbox 664 1971 674 1996; x_wconf 76' lang='grc' dir='ltr'><strong>ε</strong></span> <span class='ocrx_word' id='word_1_309' title='bbox 696 1959 767 2003; x_wconf 65' lang='lat' dir='ltr'>Qua·</span> <span class='ocrx_word' id='word_1_310' title='bbox 783 1962 1015 1996; x_wconf 79' lang='lat' dir='ltr'>matrimonio</span> <span class='ocrx_word' id='word_1_311' title='bbox 1032 1960 1161 2005; x_wconf 74' lang='lat' dir='ltr'>junqit</span> <span class='ocrx_word' id='word_1_312' title='bbox 1178 1961 1358 2004; x_wconf 68' lang='lat' dir='ltr'>vir-qinom</span> <span class='ocrx_word' id='word_1_313' title='bbox 1379 1969 1484 1996; x_wconf 83' lang='lat' dir='ltr'>suam</span> <span class='ocrx_word' id='word_1_314' title='bbox 1520 1959 1604 1995; x_wconf 84' lang='lat' dir='ltr'>bene</span> <span class='ocrx_word' id='word_1_315' title='bbox 1619 1960 1738 2004; x_wconf 59' lang='lat' dir='ltr'>facin</span> 
     </span>
     <span class='ocr_line' id='line_1_35' title="bbox 111 2006 1084 2053; baseline 0.001 -10"><span class='ocrx_word' id='word_1_316' title='bbox 111 2009 146 2043; x_wconf 81' lang='lat' dir='ltr'>et</span> <span class='ocrx_word' id='word_1_317' title='bbox 165 2009 229 2052; x_wconf 76' lang='lat' dir='ltr'>qui</span> <span class='ocrx_word' id='word_1_318' title='bbox 246 2017 318 2043; x_wconf 77' lang='lat' dir='ltr'>non</span> <span class='ocrx_word' id='word_1_319' title='bbox 331 2007 460 2052; x_wconf 69' lang='lat' dir='ltr'>jzqu&#39;t</span> <span class='ocrx_word' id='word_1_320' title='bbox 479 2007 605 2042; x_wconf 76' lang='lat' dir='ltr'>melius</span> <span class='ocrx_word' id='word_1_321' title='bbox 624 2007 729 2050; x_wconf 81' lang='lat' dir='ltr'>facit.</span> <span class='ocrx_word' id='word_1_322' title='bbox 750 2007 786 2052; x_wconf 92' lang='lat' dir='ltr'>(I</span> <span class='ocrx_word' id='word_1_323' title='bbox 803 2006 898 2047; x_wconf 75' lang='lat' dir='ltr'>Gor„</span> <span class='ocrx_word' id='word_1_324' title='bbox 920 2016 992 2052; x_wconf 83' lang='lat' dir='ltr'>vn,</span> <span class='ocrx_word' id='word_1_325' title='bbox 1008 2007 1084 2053; x_wconf 89' lang='lat'>38.)</span> 
     </span>
    </p>

    <p class='ocr_par' dir='ltr' id='par_1_12' title="bbox 110 2053 1744 2289">
     <span class='ocr_line' id='line_1_36' title="bbox 159 2053 1739 2101; baseline 0 -11"><span class='ocrx_word' id='word_1_326' title='bbox 159 2056 204 2090; x_wconf 89' lang='lat' dir='ltr'>Et</span> <span class='ocrx_word' id='word_1_327' title='bbox 223 2053 373 2091; x_wconf 87' lang='lat' dir='ltr'>eisdem</span> <span class='ocrx_word' id='word_1_328' title='bbox 394 2054 511 2090; x_wconf 85' lang='lat' dir='ltr'>etiam</span> <span class='ocrx_word' id='word_1_329' title='bbox 530 2053 752 2091; x_wconf 89' lang='lat' dir='ltr'>rationibus</span> <span class='ocrx_word' id='word_1_330' title='bbox 773 2057 934 2100; x_wconf 86' lang='lat' dir='ltr'>apparet</span> <span class='ocrx_word' id='word_1_331' title='bbox 953 2054 1058 2101; x_wconf 91' lang='lat' dir='ltr'>quod</span> <span class='ocrx_word' id='word_1_332' title='bbox 1074 2063 1157 2092; x_wconf 88' lang='lat' dir='ltr'>non</span> <span class='ocrx_word' id='word_1_333' title='bbox 1172 2053 1308 2091; x_wconf 90' lang='lat' dir='ltr'>omnia</span> <span class='ocrx_word' id='word_1_334' title='bbox 1328 2057 1488 2100; x_wconf 87' lang='lat' dir='ltr'>peccata</span> <span class='ocrx_word' id='word_1_335' title='bbox 1502 2056 1596 2090; x_wconf 90' lang='lat' dir='ltr'>sunt</span> <span class='ocrx_word' id='word_1_336' title='bbox 1612 2053 1739 2099; x_wconf 87' lang='lat' dir='ltr'>paria,</span> 
     </span>
     <span class='ocr_line' id='line_1_37' title="bbox 111 2100 1744 2148; baseline -0.001 -10"><span class='ocrx_word' id='word_1_337' title='bbox 111 2110 235 2148; x_wconf 89' lang='lat' dir='ltr'>quum</span> <span class='ocrx_word' id='word_1_338' title='bbox 264 2110 334 2148; x_wconf 88' lang='lat' dir='ltr'>per</span> <span class='ocrx_word' id='word_1_339' title='bbox 363 2110 485 2137; x_wconf 88' lang='lat' dir='ltr'>unum</span> <span class='ocrx_word' id='word_1_340' title='bbox 514 2104 720 2147; x_wconf 88' lang='lat' dir='ltr'>peccatum</span> <span class='ocrx_word' id='word_1_341' title='bbox 753 2101 881 2147; x_wconf 82' lang='lat' dir='ltr'>magis</span> <span class='ocrx_word' id='word_1_342' title='bbox 916 2101 1143 2139; x_wconf 86' lang='lat' dir='ltr'>discedatur</span> <span class='ocrx_word' id='word_1_343' title='bbox 1163 2110 1186 2138; x_wconf 88' lang='lat' dir='ltr'>a</span> <span class='ocrx_word' id='word_1_344' title='bbox 1206 2101 1284 2138; x_wconf 91' lang='lat' dir='ltr'>fine</span> <span class='ocrx_word' id='word_1_345' title='bbox 1318 2110 1436 2148; x_wconf 88' lang='lat' dir='ltr'>quam</span> <span class='ocrx_word' id='word_1_346' title='bbox 1472 2110 1542 2146; x_wconf 90' lang='lat' dir='ltr'>per</span> <span class='ocrx_word' id='word_1_347' title='bbox 1562 2100 1684 2144; x_wconf 85' lang='lat' dir='ltr'>aliud,</span> <span class='ocrx_word' id='word_1_348' title='bbox 1703 2104 1744 2137; x_wconf 88' lang='lat' dir='ltr'>et</span> 
     </span>
     <span class='ocr_line' id='line_1_38' title="bbox 111 2147 1740 2194; baseline 0.001 -10"><span class='ocrx_word' id='word_1_349' title='bbox 111 2148 242 2194; x_wconf 83' lang='lat' dir='ltr'>magis</span> <span class='ocrx_word' id='word_1_350' title='bbox 260 2151 505 2194; x_wconf 86' lang='lat' dir='ltr'>pervertatur</span> <span class='ocrx_word' id='word_1_351' title='bbox 524 2147 622 2185; x_wconf 89' lang='lat' dir='ltr'>ordo</span> <span class='ocrx_word' id='word_1_352' title='bbox 643 2148 811 2184; x_wconf 88' lang='lat' dir='ltr'>rationis</span> <span class='ocrx_word' id='word_1_353' title='bbox 827 2151 865 2184; x_wconf 91' lang='lat' dir='ltr'>et</span> <span class='ocrx_word' id='word_1_354' title='bbox 883 2148 1013 2194; x_wconf 87' lang='lat' dir='ltr'>majus</span> <span class='ocrx_word' id='word_1_355' title='bbox 1032 2151 1317 2186; x_wconf 91' lang='lat' dir='ltr'>nocumentum</span> <span class='ocrx_word' id='word_1_356' title='bbox 1333 2147 1514 2194; x_wconf 75' lang='lat' dir='ltr'>proximo</span> <span class='ocrx_word' id='word_1_357' title='bbox 1529 2147 1740 2185; x_wconf 82' lang='lat' dir='ltr'>inseratur.</span> 
     </span>
     <span class='ocr_line' id='line_1_39' title="bbox 112 2194 1741 2289; baseline -0.001 -58"><span class='ocrx_word' id='word_1_358' title='bbox 112 2195 210 2231; x_wconf 89' lang='lat' dir='ltr'>Hinc</span> <span class='ocrx_word' id='word_1_359' title='bbox 230 2198 292 2289; x_wconf 51' lang='lat' dir='ltr'>es}</span> <span class='ocrx_word' id='word_1_360' title='bbox 309 2195 415 2242; x_wconf 91' lang='lat' dir='ltr'>quod</span> <span class='ocrx_word' id='word_1_361' title='bbox 436 2194 580 2231; x_wconf 91' lang='lat' dir='ltr'>dicitur</span> <span class='ocrx_word' id='word_1_362' title='bbox 598 2206 606 2231; x_wconf 75' lang='grc' dir='ltr'><strong>ε</strong></span> <span class='ocrx_word' id='word_1_363' title='bbox 629 2194 882 2231; x_wconf 74' lang='lat' dir='ltr'>Sceteratz‘om‘a</span> <span class='ocrx_word' id='word_1_364' title='bbox 913 2196 1034 2239; x_wconf 76' lang='lat' dir='ltr'>fecisti</span> <span class='ocrx_word' id='word_1_365' title='bbox 1052 2196 1127 2232; x_wconf 82' lang='lat' dir='ltr'>illis</span> <span class='ocrx_word' id='word_1_366' title='bbox 1143 2196 1185 2232; x_wconf 85' lang='lat' dir='ltr'>in</span> <span class='ocrx_word' id='word_1_367' title='bbox 1204 2194 1367 2231; x_wconf 78' lang='lat' dir='ltr'>omnibus</span> <span class='ocrx_word' id='word_1_368' title='bbox 1385 2196 1455 2231; x_wconf 81' lang='lat' dir='ltr'>viis</span> <span class='ocrx_word' id='word_1_369' title='bbox 1470 2196 1557 2231; x_wconf 78' lang='lat' dir='ltr'>tuis.</span> <span class='ocrx_word' id='word_1_370' title='bbox 1578 2195 1741 2240; x_wconf 82' lang='lat' dir='ltr'>(Ezech.‚</span> 
     </span>
     <span class='ocr_line' id='line_1_40' title="bbox 110 2244 274 2285; baseline 0 -6"><span class='ocrx_word' id='word_1_371' title='bbox 110 2249 195 2285; x_wconf 81' lang='lat' dir='ltr'>xvt,</span> <span class='ocrx_word' id='word_1_372' title='bbox 215 2244 274 2279; x_wconf 83' lang='lat'>47.</span> 
     </span>
    </p>

    <p class='ocr_par' dir='ltr' id='par_1_13' title="bbox 110 2288 1741 2383">
     <span class='ocr_line' id='line_1_41' title="bbox 159 2288 1741 2342; baseline 0 -17"><span class='ocrx_word' id='word_1_373' title='bbox 159 2290 232 2325; x_wconf 92' lang='lat' dir='ltr'>Per</span> <span class='ocrx_word' id='word_1_374' title='bbox 249 2289 324 2326; x_wconf 90' lang='lat' dir='ltr'>hoc</span> <span class='ocrx_word' id='word_1_375' title='bbox 341 2288 715 2342; x_wconf 33' lang='lat' dir='ltr'>autem-excluditur</span> <span class='ocrx_word' id='word_1_376' title='bbox 733 2289 997 2336; x_wconf 89' lang='lat' dir='ltr'>quorumdam</span> <span class='ocrx_word' id='word_1_377' title='bbox 1015 2297 1126 2327; x_wconf 87' lang='lat' dir='ltr'>error</span> <span class='ocrx_word' id='word_1_378' title='bbox 1141 2289 1359 2327; x_wconf 89' lang='lat' dir='ltr'>dicentium</span> <span class='ocrx_word' id='word_1_379' title='bbox 1379 2289 1516 2326; x_wconf 86' lang='lat' dir='ltr'>omnia</span> <span class='ocrx_word' id='word_1_380' title='bbox 1542 2289 1684 2327; x_wconf 89' lang='lat' dir='ltr'>merita</span> <span class='ocrx_word' id='word_1_381' title='bbox 1701 2291 1741 2326; x_wconf 88' lang='lat' dir='ltr'>et</span> 
     </span>
     <span class='ocr_line' id='line_1_42' title="bbox 110 2340 528 2383; baseline -0.002 -10"><span class='ocrx_word' id='word_1_382' title='bbox 110 2340 273 2382; x_wconf 82' lang='lat' dir='ltr'>peccata</span> <span class='ocrx_word' id='word_1_383' title='bbox 295 2345 384 2374; x_wconf 89' lang='lat' dir='ltr'>esse</span> <span class='ocrx_word' id='word_1_384' title='bbox 404 2345 528 2383; x_wconf 82' lang='lat' dir='ltr'>paria.</span> 
     </span>
    </p>

    <p class='ocr_par' dir='ltr' id='par_1_14' title="bbox 111 2382 1743 2562">
     <span class='ocr_line' id='line_1_43' title="bbox 159 2382 1742 2431; baseline 0 -11"><span class='ocrx_word' id='word_1_385' title='bbox 159 2383 272 2427; x_wconf 84' lang='lat' dir='ltr'>Quod</span> <span class='ocrx_word' id='word_1_386' title='bbox 300 2387 432 2420; x_wconf 87' lang='lat' dir='ltr'>tamen</span> <span class='ocrx_word' id='word_1_387' title='bbox 455 2392 596 2420; x_wconf 91' lang='lat' dir='ltr'>omnes</span> <span class='ocrx_word' id='word_1_388' title='bbox 627 2383 795 2422; x_wconf 88' lang='lat' dir='ltr'>virtuosi</span> <span class='ocrx_word' id='word_1_389' title='bbox 817 2388 930 2422; x_wconf 89' lang='lat' dir='ltr'>actus</span> <span class='ocrx_word' id='word_1_390' title='bbox 961 2383 1043 2421; x_wconf 91' lang='lat' dir='ltr'>sint</span> <span class='ocrx_word' id='word_1_391' title='bbox 1061 2383 1250 2431; x_wconf 79' lang='lat' dir='ltr'>aequales,</span> <span class='ocrx_word' id='word_1_392' title='bbox 1273 2393 1320 2421; x_wconf 82' lang='lat' dir='ltr'>ex</span> <span class='ocrx_word' id='word_1_393' title='bbox 1339 2383 1416 2421; x_wconf 89' lang='lat' dir='ltr'>hoc</span> <span class='ocrx_word' id='word_1_394' title='bbox 1436 2383 1643 2421; x_wconf 87' lang='lat' dir='ltr'>videbatur</span> <span class='ocrx_word' id='word_1_395' title='bbox 1668 2382 1742 2421; x_wconf 89' lang='lat' dir='ltr'>ali-</span> 
     </span>
     <span class='ocr_line' id='line_1_44' title="bbox 112 2430 1743 2482; baseline 0 -15"><span class='ocrx_word' id='word_1_396' title='bbox 112 2439 231 2482; x_wconf 85' lang='lat' dir='ltr'>quam</span> <span class='ocrx_word' id='word_1_397' title='bbox 250 2431 445 2468; x_wconf 89' lang='lat' dir='ltr'>rationem</span> <span class='ocrx_word' id='word_1_398' title='bbox 466 2430 625 2476; x_wconf 87' lang='lat' dir='ltr'>habere,</span> <span class='ocrx_word' id='word_1_399' title='bbox 644 2431 737 2477; x_wconf 90' lang='lat' dir='ltr'>quia</span> <span class='ocrx_word' id='word_1_400' title='bbox 752 2432 884 2469; x_wconf 85' lang='lat' dir='ltr'>omnis</span> <span class='ocrx_word' id='word_1_401' title='bbox 899 2434 1012 2468; x_wconf 90' lang='lat' dir='ltr'>actus</span> <span class='ocrx_word' id='word_1_402' title='bbox 1026 2431 1231 2468; x_wconf 88' lang='lat' dir='ltr'>virtuosus</span> <span class='ocrx_word' id='word_1_403' title='bbox 1249 2434 1373 2468; x_wconf 80' lang='lat' dir='ltr'>estex</span> <span class='ocrx_word' id='word_1_404' title='bbox 1386 2430 1466 2468; x_wconf 89' lang='lat' dir='ltr'>fine</span> <span class='ocrx_word' id='word_1_405' title='bbox 1479 2430 1575 2468; x_wconf 82' lang='lat' dir='ltr'>boni</span> <span class='ocrx_word' id='word_1_406' title='bbox 1593 2442 1602 2475; x_wconf 84' lang='lat'>3</span> <span class='ocrx_word' id='word_1_407' title='bbox 1620 2430 1743 2475; x_wconf 82' lang='lat' dir='ltr'>unde,</span> 
     </span>
     <span class='ocr_line' id='line_1_45' title="bbox 111 2477 1740 2561; baseline 0 -47"><span class='ocrx_word' id='word_1_408' title='bbox 111 2485 147 2560; x_wconf 57' lang='grc' dir='ltr'>ξι</span> <span class='ocrx_word' id='word_1_409' title='bbox 169 2478 348 2561; x_wconf 53' lang='grc' dir='ltr'>οὲᾙηὶυη]</span> <span class='ocrx_word' id='word_1_410' title='bbox 380 2478 576 2515; x_wconf 84' lang='lat' dir='ltr'>bonorum</span> <span class='ocrx_word' id='word_1_411' title='bbox 607 2481 766 2515; x_wconf 85' lang='lat' dir='ltr'>actuum</span> <span class='ocrx_word' id='word_1_412' title='bbox 788 2482 849 2516; x_wconf 89' lang='lat' dir='ltr'>est</span> <span class='ocrx_word' id='word_1_413' title='bbox 867 2478 972 2515; x_wconf 87' lang='lat' dir='ltr'>idem</span> <span class='ocrx_word' id='word_1_414' title='bbox 994 2477 1087 2515; x_wconf 91' lang='lat' dir='ltr'>finis</span> <span class='ocrx_word' id='word_1_415' title='bbox 1107 2478 1218 2522; x_wconf 89' lang='lat' dir='ltr'>boni,</span> <span class='ocrx_word' id='word_1_416' title='bbox 1240 2481 1396 2524; x_wconf 88' lang='lat' dir='ltr'>oportet</span> <span class='ocrx_word' id='word_1_417' title='bbox 1415 2487 1557 2515; x_wconf 90' lang='lat' dir='ltr'>omnes</span> <span class='ocrx_word' id='word_1_418' title='bbox 1577 2477 1740 2524; x_wconf 83' lang='lat' dir='ltr'>aequali-</span> 
     </span>
     <span class='ocr_line' id='line_1_46' title="bbox 129 2532 441 2562; baseline 0 0"><span class='ocrx_word' id='word_1_419' title='bbox 129 2532 170 2562; x_wconf 86' lang='lat' dir='ltr'>er</span> <span class='ocrx_word' id='word_1_420' title='bbox 217 2533 319 2562; x_wconf 90' lang='lat' dir='ltr'>onos</span> <span class='ocrx_word' id='word_1_421' title='bbox 337 2534 441 2562; x_wconf 89' lang='lat' dir='ltr'>esse.</span> 
     </span>
    </p>

    <p class='ocr_par' dir='ltr' id='par_1_15' title="bbox 109 2570 1742 2889">
     <span class='ocr_line' id='line_1_47' title="bbox 159 2570 1742 2622; baseline 0 -15"><span class='ocrx_word' id='word_1_422' title='bbox 159 2572 264 2608; x_wconf 89' lang='lat' dir='ltr'>Licet</span> <span class='ocrx_word' id='word_1_423' title='bbox 277 2575 408 2609; x_wconf 89' lang='lat' dir='ltr'>autem</span> <span class='ocrx_word' id='word_1_424' title='bbox 427 2572 480 2610; x_wconf 89' lang='lat' dir='ltr'>sit</span> <span class='ocrx_word' id='word_1_425' title='bbox 499 2581 605 2610; x_wconf 92' lang='lat' dir='ltr'>unus</span> <span class='ocrx_word' id='word_1_426' title='bbox 635 2571 730 2610; x_wconf 88' lang='lat' dir='ltr'>finis</span> <span class='ocrx_word' id='word_1_427' title='bbox 753 2572 917 2611; x_wconf 91' lang='lat' dir='ltr'>ultimus</span> <span class='ocrx_word' id='word_1_428' title='bbox 947 2572 1059 2618; x_wconf 87' lang='lat' dir='ltr'>honi,</span> <span class='ocrx_word' id='word_1_429' title='bbox 1080 2575 1194 2611; x_wconf 89' lang='lat' dir='ltr'>actus</span> <span class='ocrx_word' id='word_1_430' title='bbox 1210 2575 1344 2609; x_wconf 89' lang='lat' dir='ltr'>tamen</span> <span class='ocrx_word' id='word_1_431' title='bbox 1374 2572 1442 2619; x_wconf 89' lang='lat' dir='ltr'>qui</span> <span class='ocrx_word' id='word_1_432' title='bbox 1465 2581 1514 2609; x_wconf 83' lang='lat' dir='ltr'>ex</span> <span class='ocrx_word' id='word_1_433' title='bbox 1532 2571 1604 2609; x_wconf 92' lang='lat' dir='ltr'>illo</span> <span class='ocrx_word' id='word_1_434' title='bbox 1624 2570 1742 2622; x_wconf 77' lang='lat' dir='ltr'>boni-</span> 
     </span>
     <span class='ocr_line' id='line_1_48' title="bbox 111 2617 1741 2670; baseline -0.001 -16"><span class='ocrx_word' id='word_1_435' title='bbox 111 2621 230 2670; x_wconf 84' lang='lat' dir='ltr'>tatem</span> <span class='ocrx_word' id='word_1_436' title='bbox 267 2619 426 2664; x_wconf 89' lang='lat' dir='ltr'>habent‚</span> <span class='ocrx_word' id='word_1_437' title='bbox 445 2619 650 2657; x_wconf 89' lang='lat' dir='ltr'>diversum</span> <span class='ocrx_word' id='word_1_438' title='bbox 685 2620 876 2658; x_wconf 89' lang='lat' dir='ltr'>bonitatis</span> <span class='ocrx_word' id='word_1_439' title='bbox 912 2620 1078 2667; x_wconf 85' lang='lat' dir='ltr'>gradum</span> <span class='ocrx_word' id='word_1_440' title='bbox 1116 2619 1319 2666; x_wconf 83' lang='lat' dir='ltr'>accipiunt</span> <span class='ocrx_word' id='word_1_441' title='bbox 1334 2630 1344 2665; x_wconf 89' lang='lat'>;</span> <span class='ocrx_word' id='word_1_442' title='bbox 1362 2623 1424 2657; x_wconf 88' lang='lat' dir='ltr'>est</span> <span class='ocrx_word' id='word_1_443' title='bbox 1457 2620 1564 2656; x_wconf 90' lang='lat' dir='ltr'>enim</span> <span class='ocrx_word' id='word_1_444' title='bbox 1602 2617 1644 2655; x_wconf 89' lang='lat' dir='ltr'>in</span> <span class='ocrx_word' id='word_1_445' title='bbox 1674 2617 1741 2654; x_wconf 86' lang='lat' dir='ltr'>his</span> 
     </span>
     <span class='ocr_line' id='line_1_49' title="bbox 109 2663 1737 2714; baseline 0 -14"><span class='ocrx_word' id='word_1_446' title='bbox 109 2664 229 2701; x_wconf 85' lang='lat' dir='ltr'>bonis</span> <span class='ocrx_word' id='word_1_447' title='bbox 250 2676 336 2712; x_wconf 81' lang='lat' dir='ltr'>quae</span> <span class='ocrx_word' id='word_1_448' title='bbox 357 2666 405 2704; x_wconf 90' lang='lat' dir='ltr'>ad</span> <span class='ocrx_word' id='word_1_449' title='bbox 425 2667 608 2704; x_wconf 88' lang='lat' dir='ltr'>ultimum</span> <span class='ocrx_word' id='word_1_450' title='bbox 623 2667 743 2705; x_wconf 90' lang='lat' dir='ltr'>finem</span> <span class='ocrx_word' id='word_1_451' title='bbox 772 2667 1008 2705; x_wconf 87' lang='lat' dir='ltr'>ordinantur</span> <span class='ocrx_word' id='word_1_452' title='bbox 1027 2665 1252 2705; x_wconf 86' lang='lat' dir='ltr'>differentia</span> <span class='ocrx_word' id='word_1_453' title='bbox 1277 2665 1488 2714; x_wconf 86' lang='lat' dir='ltr'>graduum,</span> <span class='ocrx_word' id='word_1_454' title='bbox 1517 2663 1737 2703; x_wconf 89' lang='lat' dir='ltr'>secundum</span> 
     </span>
     <span class='ocr_line' id='line_1_50' title="bbox 111 2711 1721 2763; baseline -0.001 -16"><span class='ocrx_word' id='word_1_455' title='bbox 111 2711 218 2757; x_wconf 87' lang='lat' dir='ltr'>quod</span> <span class='ocrx_word' id='word_1_456' title='bbox 251 2713 430 2758; x_wconf 67' lang='lat' dir='ltr'>quaedam</span> <span class='ocrx_word' id='word_1_457' title='bbox 465 2717 560 2751; x_wconf 85' lang='lat' dir='ltr'>sunt</span> <span class='ocrx_word' id='word_1_458' title='bbox 590 2714 683 2752; x_wconf 86' lang='lat' dir='ltr'>aliis</span> <span class='ocrx_word' id='word_1_459' title='bbox 711 2714 878 2752; x_wconf 90' lang='lat' dir='ltr'>meliora</span> <span class='ocrx_word' id='word_1_460' title='bbox 896 2718 935 2751; x_wconf 88' lang='lat' dir='ltr'>et</span> <span class='ocrx_word' id='word_1_461' title='bbox 953 2714 1023 2751; x_wconf 89' lang='lat' dir='ltr'>fini</span> <span class='ocrx_word' id='word_1_462' title='bbox 1054 2713 1196 2752; x_wconf 89' lang='lat' dir='ltr'>ultimo</span> <span class='ocrx_word' id='word_1_463' title='bbox 1227 2713 1527 2760; x_wconf 86' lang='lat' dir='ltr'>propinquiora.</span> <span class='ocrx_word' id='word_1_464' title='bbox 1551 2711 1673 2763; x_wconf 84' lang='lat' dir='ltr'>Unde,</span> <span class='ocrx_word' id='word_1_465' title='bbox 1695 2711 1721 2747; x_wconf 84' lang='lat' dir='ltr'>i¹</span> 
     </span>
     <span class='ocr_line' id='line_1_51' title="bbox 109 2758 1718 2809; baseline 0 -16"><span class='ocrx_word' id='word_1_466' title='bbox 109 2758 312 2795; x_wconf 87' lang='lat' dir='ltr'>voluntate</span> <span class='ocrx_word' id='word_1_467' title='bbox 333 2763 370 2795; x_wconf 88' lang='lat' dir='ltr'>et</span> <span class='ocrx_word' id='word_1_468' title='bbox 404 2761 560 2798; x_wconf 83' lang='lat' dir='ltr'>actibus</span> <span class='ocrx_word' id='word_1_469' title='bbox 591 2761 692 2807; x_wconf 88' lang='lat' dir='ltr'>ejus,</span> <span class='ocrx_word' id='word_1_470' title='bbox 713 2762 861 2809; x_wconf 85' lang='lat' dir='ltr'>gradus</span> <span class='ocrx_word' id='word_1_471' title='bbox 894 2761 1086 2799; x_wconf 87' lang='lat' dir='ltr'>honitatis</span> <span class='ocrx_word' id='word_1_472' title='bbox 1115 2761 1190 2799; x_wconf 88' lang='lat' dir='ltr'>erit</span> <span class='ocrx_word' id='word_1_473' title='bbox 1219 2760 1439 2798; x_wconf 90' lang='lat' dir='ltr'>secundum</span> <span class='ocrx_word' id='word_1_474' title='bbox 1465 2759 1718 2802; x_wconf 49' lang='lat' dir='ltr'>diversltatefl</span> 
     </span>
     <span class='ocr_line' id='line_1_52' title="bbox 111 2801 1720 2889; baseline 0 -48"><span class='ocrx_word' id='word_1_475' title='bbox 111 2804 307 2889; x_wconf 43' lang='lat' dir='ltr'>liffinorum</span> <span class='ocrx_word' id='word_1_476' title='bbox 332 2805 380 2842; x_wconf 91' lang='lat' dir='ltr'>ad</span> <span class='ocrx_word' id='word_1_477' title='bbox 400 2816 488 2853; x_wconf 83' lang='lat' dir='ltr'>quae</span> <span class='ocrx_word' id='word_1_478' title='bbox 507 2810 742 2846; x_wconf 90' lang='lat' dir='ltr'>terminatur</span> <span class='ocrx_word' id='word_1_479' title='bbox 764 2809 950 2846; x_wconf 90' lang='lat' dir='ltr'>voluntas</span> <span class='ocrx_word' id='word_1_480' title='bbox 967 2813 1006 2845; x_wconf 88' lang='lat' dir='ltr'>et</span> <span class='ocrx_word' id='word_1_481' title='bbox 1025 2808 1113 2856; x_wconf 88' lang='lat' dir='ltr'>ejus</span> <span class='ocrx_word' id='word_1_482' title='bbox 1133 2811 1260 2852; x_wconf 83' lang='lat' dir='ltr'>actus,</span> <span class='ocrx_word' id='word_1_483' title='bbox 1280 2807 1372 2844; x_wconf 65' lang='lat' dir='ltr'>licet</span> <span class='ocrx_word' id='word_1_484' title='bbox 1386 2806 1554 2843; x_wconf 90' lang='lat' dir='ltr'>ultimus</span> <span class='ocrx_word' id='word_1_485' title='bbox 1575 2801 1720 2842; x_wconf 72' lang='lat' dir='ltr'>finis21t</span> 
     </span>
     <span class='ocr_line' id='line_1_53' title="bbox 110 2860 230 2889; baseline 0 -1"><span class='ocrx_word' id='word_1_486' title='bbox 110 2861 123 2888; x_wconf 89' lang='lat'>1</span> <span class='ocrx_word' id='word_1_487' title='bbox 155 2860 230 2889; x_wconf 88' lang='lat' dir='ltr'>em.</span> 
     </span>
    </p>

    <p class='ocr_par' dir='ltr' id='par_1_16' title="bbox 158 2899 1715 2949">
     <span class='ocr_line' id='line_1_54' title="bbox 158 2899 1715 2949; baseline -0.001 -13"><span class='ocrx_word' id='word_1_488' title='bbox 158 2899 348 2937; x_wconf 86' lang='lat' dir='ltr'>Similiter</span> <span class='ocrx_word' id='word_1_489' title='bbox 377 2899 509 2945; x_wconf 85' lang='lat' dir='ltr'>etiam,</span> <span class='ocrx_word' id='word_1_490' title='bbox 531 2902 638 2947; x_wconf 88' lang='lat' dir='ltr'>quod</span> <span class='ocrx_word' id='word_1_491' title='bbox 660 2902 796 2940; x_wconf 90' lang='lat' dir='ltr'>omnia</span> <span class='ocrx_word' id='word_1_492' title='bbox 814 2906 974 2949; x_wconf 88' lang='lat' dir='ltr'>peccata</span> <span class='ocrx_word' id='word_1_493' title='bbox 995 2906 1089 2940; x_wconf 90' lang='lat' dir='ltr'>sunt</span> <span class='ocrx_word' id='word_1_494' title='bbox 1107 2901 1234 2948; x_wconf 91' lang='lat' dir='ltr'>paria,</span> <span class='ocrx_word' id='word_1_495' title='bbox 1254 2900 1409 2938; x_wconf 85' lang='lat' dir='ltr'>videtur</span> <span class='ocrx_word' id='word_1_496' title='bbox 1428 2909 1476 2937; x_wconf 81' lang='lat' dir='ltr'>ex</span> <span class='ocrx_word' id='word_1_497' title='bbox 1494 2899 1571 2936; x_wconf 84' lang='lat' dir='ltr'>hoc</span> <span class='ocrx_word' id='word_1_498' title='bbox 1591 2899 1715 2936; x_wconf 67' lang='lat' dir='ltr'>haere</span> 
     </span>
    </p>
   </div>
  </div>
 </body>
</html>
