1894 3223
172 128 216 165 90
753 125 841 161 LIB.
870 126 899 169 Ι,
928 125 1028 162 CAP.
1057 126 1209 162 LXXXV.

774 304 941 347 CAPUT
975 306 1183 347 LXXXIV.

375 424 475 459 QUOD
494 423 697 453 VOLUNTAS
716 424 782 453 DEI
806 423 885 453 NON
903 425 975 453 EST
993 425 1282 455 IMPOSSIBILIUM
1301 425 1506 455 SECUNDUM
1524 425 1582 455 SE.

218 536 269 570 Ex
289 533 365 569 hoc
385 535 545 578 apparet
561 531 666 578 quod
692 531 877 569 voluntas
908 532 976 568 Dei
1010 541 1090 569 non
1117 535 1247 578 potest
1280 542 1370 570 esse
1404 542 1541 570 eorum
1572 542 1660 579 quae
1694 536 1791 570 suut

171 580 387 618 secundum
404 589 446 616 se
462 578 741 624 impossibilia.
759 578 992 624 Hujusmodi
1008 578 1113 615 enim
1126 582 1220 616 sunt
1239 589 1326 626 quae
1347 580 1388 615 in
1408 581 1553 626 seipsis
1567 588 1788 627 repugnan-

169 628 264 664 tiam
283 626 440 670 habent,
463 629 503 662 ut
523 625 724 663 hominem
742 634 830 662 esse
853 625 1026 669 asinum,
1047 625 1089 661 in
1122 635 1200 672 quo
1233 626 1450 663 includitur
1476 627 1668 663 rationale
1700 635 1790 664 esse

169 673 411 710 irrationale.
432 673 544 716 Quod
565 676 696 709 autem
718 675 911 718 repugnat
928 672 1047 708 alicui
1080 672 1253 708 excludit
1272 673 1423 719 aliquid
1451 682 1589 710 eorum
1618 683 1704 720 quae
1739 673 1789 710 ad

169 722 300 766 ipsum
337 720 604 766 requiruntur,
637 719 740 756 sicut
779 728 868 756 esse
900 719 1059 755 asinum
1092 718 1266 755 excludit
1291 719 1469 757 hominis
1504 720 1712 756 rationem.
1749 720 1789 757 Si

169 768 291 814 igitur
311 766 538 804 necessario
559 766 643 803 vult
663 776 709 803 ea
728 775 815 812 quae
836 766 1090 812 requiruntur
1110 765 1158 802 ad
1188 765 1262 803 hoc
1282 766 1389 812 quod
1410 766 1648 812 supponitur
1673 766 1789 811 velle,

169 814 418 859 impossibile
439 817 499 850 est
519 822 608 850 eum
625 813 726 849 velle
747 823 793 849 ea
811 822 897 858 quae
927 812 985 849 eis
1015 816 1258 858 repugnant3
1293 816 1330 849 et
1358 812 1418 850 sic
1447 812 1697 860 impossibile
1730 816 1791 851 est

170 871 259 899 eum
281 860 377 897 velle
396 869 482 906 quae
504 864 597 897 sunt
616 860 867 905 impossibila
887 859 1132 905 simpliciter.

216 910 316 948 Item,
339 907 442 944 sicut
462 916 581 952 supra
601 906 700 952 (cap.
718 906 778 953 75)
801 910 1007 943 ostensum
1023 910 1095 950 est,
1109 908 1226 950 Deus,
1243 906 1411 944 volendo
1430 916 1546 944 suum
1562 916 1665 952 esse,
1683 906 1791 953 quod

170 959 230 992 est
250 964 323 991 sua
342 954 514 998 bonitas,
535 954 616 990 vult
636 953 771 990 omnia
789 954 878 997 alia,
898 953 937 989 in
960 957 1151 1000 quantum
1172 953 1318 990 habent
1345 953 1431 1000 eJus
1467 954 1786 991 similitudinem.

169 1002 391 1039 Secundum
412 1002 487 1038 hoc
507 1004 638 1037 autem
659 1000 808 1046 aliquid
829 1004 1022 1046 repugnat
1039 1000 1181 1037 rationi
1214 1001 1330 1045 entis,
1355 1001 1396 1036 in
1423 1005 1613 1047 quantum
1651 1000 1789 1046 hujus-

169 1049 292 1092 modi,
314 1057 394 1085 non
412 1052 541 1094 potest
561 1048 600 1083 in
621 1056 667 1084 eo
688 1047 830 1084 salvari
853 1047 1071 1084 similitudo
1093 1047 1207 1093 primi
1232 1056 1334 1091 esse,
1357 1048 1510 1085 scilicet
1524 1047 1660 1091 divini,
1683 1047 1790 1093 quod

171 1099 229 1133 est
262 1096 352 1132 sons
388 1094 560 1132 essendi.
580 1096 665 1131 Non
696 1097 826 1139 potest
854 1094 976 1140 igitur
1006 1096 1109 1130 Deus
1141 1094 1240 1130 velle
1274 1094 1424 1141 aliquid
1459 1095 1564 1141 quod
1596 1097 1791 1141 repugnet

169 1142 313 1180 rationi
336 1142 452 1186 entis,
485 1142 526 1177 in
553 1146 742 1187 quantum
780 1141 1022 1186 hujusmodi.
1058 1141 1167 1177 Sicut
1197 1144 1328 1178 autem
1354 1142 1498 1178 rationi
1527 1141 1716 1185 hominis,
1747 1141 1790 1178 in

170 1193 361 1236 quantum
380 1192 439 1226 est
459 1188 592 1232 homo,
614 1192 906 1234 repugnatesse
924 1188 1166 1228 irrationale,
1182 1188 1236 1224 ita
1250 1188 1394 1225 rationi
1413 1188 1516 1225 entis
1532 1189 1573 1224 in
1596 1191 1787 1234 quantum

169 1235 412 1281 hujusmodi,
435 1239 627 1281 repugnat
646 1235 751 1282 quod
772 1235 920 1281 aliquid
942 1235 993 1272 sit
1013 1235 1133 1271 simul
1154 1244 1225 1271 ens
1247 1238 1284 1271 et
1315 1244 1395 1271 non
1427 1243 1512 1271 ens.
1534 1237 1621 1271 Non
1650 1238 1782 1280 potest

169 1283 291 1329 igitur
310 1285 413 1319 Deus
430 1282 528 1318 velle
546 1282 651 1328 quod
671 1281 880 1318 affirmatio
902 1285 939 1317 et
972 1282 1130 1328 negatio
1152 1281 1232 1318 sint
1252 1281 1371 1318 simul
1403 1291 1518 1319 verae.
1541 1283 1622 1318 Hoc
1656 1285 1786 1318 autem

169 1330 386 1366 includitur
406 1329 446 1365 in
463 1330 571 1366 omni
593 1339 660 1375 per
693 1339 735 1365 se
770 1328 1021 1374 impossibili,
1057 1328 1162 1374 quod
1191 1328 1240 1364 ad
1272 1328 1450 1374 seipsum
1481 1329 1786 1375 repugnantiam

169 1376 300 1420 habet,
323 1377 363 1412 in
385 1380 576 1423 quantum
601 1375 954 1413 contradictionem
976 1375 1165 1422 implicat.
1187 1375 1379 1413 Voluntas
1410 1375 1515 1412 enim
1549 1384 1630 1412 non
1658 1379 1789 1422 potest

169 1432 259 1461 esse
276 1433 344 1469 per
364 1432 406 1462 se
427 1423 750 1469 impossibilium.

215 1471 586 1516 Amptizcs,voluntas
607 1479 687 1506 non
706 1472 765 1506 est
785 1469 863 1506 nisi
878 1468 1047 1515 alicujus
1068 1468 1162 1506 boni
1181 1468 1370 1506 intellecti
1393 1481 1403 1514 ;
1425 1469 1522 1506 illud
1543 1469 1665 1516 igitur
1679 1469 1786 1516 quod

168 1527 250 1555 non
269 1518 373 1554 cadit
390 1518 430 1553 in
451 1517 652 1553 intellectu
679 1525 760 1553 non
787 1519 917 1562 potest
936 1517 1075 1553 cadere
1097 1516 1137 1552 in
1158 1516 1386 1553 voluntate:
1409 1517 1479 1553 sed
1500 1526 1546 1553 ea
1573 1526 1660 1563 quae
1693 1520 1787 1553 sunt

168 1564 388 1602 secundum
403 1573 446 1601 se
466 1563 732 1610 impossibilia
749 1572 830 1600 non
850 1563 996 1600 cadunt
1024 1564 1064 1599 in
1086 1563 1343 1609 intellectum,
1360 1573 1449 1600 cum
1475 1563 1654 1609 sibiipsis
1670 1573 1787 1609 repu-

168 1615 304 1659 gnent,
326 1611 404 1648 nisi
417 1611 516 1648 forte
537 1620 605 1657 per
624 1619 795 1647 errorem
818 1619 898 1647 non
917 1610 1177 1657 intelligentis
1197 1619 1328 1647 rerum
1356 1611 1649 1657 proprietatem.
1672 1610 1786 1654 Quod

168 1660 215 1696 de
237 1660 315 1695 Deo
336 1658 412 1695 dici
432 1667 511 1695 non
530 1661 672 1703 potest.
691 1660 733 1693 ln
756 1657 927 1694 divinam
952 1658 1072 1704 igitur
1092 1657 1335 1694 voluntatem
1356 1666 1437 1695 non
1459 1662 1629 1704 possunt
1644 1657 1785 1695 cadere

168 1715 255 1753 quae
277 1705 496 1742 secundum
517 1714 559 1742 se
580 1707 673 1742 sunt
692 1704 970 1750 impossibilia.

212 1753 356 1793 Adhuc,
383 1752 602 1788 secundum
638 1751 744 1798 quod
774 1750 1085 1797 unumquodque
1118 1760 1160 1787 se
1190 1751 1307 1788 habet
1328 1751 1376 1788 ad
1401 1760 1504 1795 esse,
1528 1751 1582 1787 ita
1602 1760 1644 1787 se
1666 1751 1785 1789 habet

167 1799 216 1836 ad
236 1799 476 1839 bonitatem3
508 1798 577 1835 sed
607 1798 874 1843 impossibilia
911 1801 1004 1835 sunt
1039 1807 1125 1843 quae
1146 1807 1226 1835 non
1247 1802 1418 1844 possunt
1452 1807 1555 1835 esse.
1579 1800 1679 1844 Ergo
1702 1807 1787 1835 non

166 1848 337 1892 possunt
356 1854 445 1883 esse
464 1846 582 1883 bona.
604 1847 705 1891 Ergo
725 1853 797 1882 nec
810 1845 933 1883 volita
954 1854 978 1882 a
999 1846 1092 1890 Deo,
1109 1845 1175 1892 qui
1194 1853 1276 1882 non
1294 1845 1378 1883 vult
1398 1845 1477 1883 nisi
1501 1853 1548 1882 ea
1564 1854 1651 1892 quae
1673 1848 1781 1888 sunt,

165 1893 226 1932 vel
244 1896 414 1940 possunt
434 1901 525 1930 esse
545 1892 666 1930 bona.

776 2040 943 2081 CAPUT
983 2038 1175 2080 LXXXV.

312 2160 411 2194 QUOD
435 2159 577 2190 DIVINA
601 2160 804 2190 VOLUNTAS
829 2159 909 2189 NON
933 2160 1067 2190 TOLLIT
1092 2158 1409 2189 GONTINGENTIAM
1441 2159 1469 2188 A
1493 2159 1629 2188 REBUS.

212 2269 266 2305 Ex
284 2267 482 2314 praedictis
502 2271 633 2305 autem
665 2267 800 2304 haberi
821 2271 950 2314 potest
980 2268 1085 2315 quod
1107 2268 1239 2306 divina
1259 2268 1445 2306 voluntas
1465 2269 1781 2315 contingentiam

163 2324 246 2353 non
276 2315 392 2359 tollit,
415 2323 488 2351 nec
526 2315 803 2351 necessitatem
837 2315 1061 2352 absolutam
1094 2315 1212 2353 rebus
1233 2315 1414 2361 imponit.
1436 2316 1526 2352 Vult
1547 2317 1652 2352 enim
1675 2318 1779 2354 Deus

164 2361 299 2400 omnia
319 2371 405 2408 quae
444 2362 699 2408 requiruntur
718 2362 766 2399 ad
788 2371 870 2398 rem
891 2371 1009 2408 quam
1038 2362 1132 2406 vult,
1156 2365 1196 2399 ut
1217 2362 1365 2399 dictum
1387 2366 1461 2400 est.
1483 2363 1558 2400 Sed
1580 2363 1780 2409 aliquibus

163 2410 283 2446 rebus
303 2409 523 2445 secundum
558 2408 720 2446 modum
743 2418 826 2446 suae
846 2413 996 2446 naturae
1024 2409 1226 2455 competit,
1254 2409 1360 2456 quod
1384 2410 1466 2447 sint
1486 2410 1779 2456 contingentes,

162 2465 242 2492 non
264 2456 515 2493 necessariae.
536 2456 660 2500 Igitur
693 2456 776 2492 vult
796 2456 951 2502 aliquas
972 2465 1035 2493 res
1073 2465 1162 2493 esse
1184 2457 1479 2503 contingentes.
1503 2455 1686 2494 Efficacia
1705 2466 1778 2493 au·

161 2506 241 2538 tem
262 2502 405 2540 divinae
435 2503 651 2540 voluntatis
686 2503 821 2550 exigit,
842 2507 981 2540 utnon
1001 2503 1132 2540 solum
1151 2503 1204 2540 sit
1223 2504 1330 2550 quod
1351 2505 1455 2541 Deus
1474 2504 1558 2540 vult
1581 2512 1684 2547 esse,
1707 2502 1778 2540 sed

163 2549 281 2585 etiam
303 2552 342 2585 ut
366 2549 442 2586 hoc
461 2550 580 2586 modo
614 2550 679 2594 sit,
695 2550 799 2587 sicut
829 2552 934 2587 Deus
953 2550 1037 2586 vult
1075 2550 1174 2587 illud
1192 2559 1296 2588 esse.
1315 2552 1411 2588 Nam
1437 2554 1475 2587 et
1506 2551 1547 2586 in
1566 2549 1777 2596 agentibus

162 2595 427 2640 naturalibus,
462 2605 552 2633 cum
576 2596 700 2634 virtus
721 2606 844 2643 agens
863 2601 923 2634 est
946 2597 1073 2639 fortis,
1095 2597 1292 2635 assimilat
1328 2597 1404 2634 sibi
1428 2605 1545 2634 suum
1577 2595 1776 2641 effectum,

162 2650 243 2678 non
264 2642 395 2694 solum
416 2647 607 2689 quantum
625 2643 673 2680 ad
701 2644 888 2690 speciem,
910 2644 979 2681 sed
999 2644 1118 2681 etiam
1150 2648 1343 2692 quantum
1361 2643 1409 2682 ad
1427 2643 1660 2686 accidentia,
1686 2652 1774 2690 quae

162 2692 267 2770 sun}
290 2688 470 2771 quidamt
485 2690 592 2772 issotdi
612 2690 741 2736 ipsius
768 2691 837 2728 rei.
860 2691 984 2738 Igitur
1003 2690 1181 2729 efficacia
1202 2691 1345 2729 divinae
1377 2689 1597 2728 voluntatis
1619 2690 1775 2727 contin-

161 2744 237 2782 gen
259 2744 336 2771 iam
357 2744 435 2772 11011
475 2744 497 2772 0
532 2746 542 2772 1
566 2764 574 2772 .

206 2782 388 2834 Amplius,
412 2784 515 2834 Deus
535 2783 792 2829 principalius
811 2785 893 2822 vult
912 2785 1061 2822 bonum
1076 2784 1345 2823 universitatis
1359 2793 1524 2821 suorum
1545 2782 1771 2829 effectuum,

160 2837 278 2875 quam
302 2828 451 2876 aliquid
471 2828 619 2866 bonum
639 2831 887 2875 particulare,
904 2836 1052 2879 quanto
1073 2833 1114 2868 in
1135 2832 1204 2869 illo
1219 2831 1453 2877 completior
1471 2831 1669 2867 invenitur
1689 2840 1771 2869 suae

158 2873 349 2915 bonitatis
369 2875 605 2916 similitudo.
626 2877 843 2926 completio
864 2883 995 2919 autem
1016 2879 1190 2918 universi
1211 2878 1345 2926 exigit,
1367 2881 1409 2915 ut
1428 2877 1508 2916 sint
1529 2878 1661 2926 aliqua
1681 2887 1775 2917 con·
