1894 3223
0 0 115 60 φτ
123 0 222 38 s*-

664 129 750 164 LIB.
781 129 845 172 lV,
870 128 972 164 CAP.
998 127 1125 163 XXXV.
1640 126 1707 160 555

71 212 129 251 Δαἶ)
149 212 294 259 aliqum
316 212 381 256 qui
399 213 517 246 autem
533 211 653 245 omnia
673 212 820 254 crearit,
851 212 941 246 Deus
963 212 1027 247 est.
1051 209 1174 256 (Ibat,
1196 208 1247 255 4.)
1270 207 1332 245 Sic
1349 207 1468 253 igitur
1490 208 1705 253 Apostolus

82 259 221 308 probat
242 257 346 305 quod
365 256 486 294 homo
517 256 694 294 Christus
727 258 932 294 fabricavit
959 257 1119 294 domum
1150 256 1230 298 Dei,
1262 264 1330 301 per
1359 256 1434 291 1100
1467 253 1572 301 quod
1600 256 1705 292 Deus

81 306 228 345 creavit
245 305 399 346 omnia:
423 313 510 351 quae
531 304 711 349 probatio
733 305 842 341 nulla
860 309 978 344 esset,
1003 304 1079 341 nisi
1102 303 1280 341 Christus
1302 306 1407 339 esset
1440 303 1542 338 Deus
1563 309 1704 339 creans

86 352 232 392 omnia.
251 351 314 388 Sic
346 350 464 395 igitur
500 350 648 387 bomini
679 351 735 388 illi
771 351 995 388 attribuitur
1028 350 1173 387 creatio
1206 350 1496 392 universorum,
1519 348 1625 395 quod
1646 351 1707 386 est

82 398 284 448 proprium
305 407 406 444 opus
426 398 504 434 Dei.
528 400 593 434 Est
612 398 730 445 igitur
751 398 870 435 homo
893 398 1071 434 Christus
1090 397 1174 443 ipse
1188 398 1292 433 Deus
1313 396 1535 433 secuudum
1556 396 1705 442 hypos-

84 446 213 491 tasim,
232 448 271 482 et
290 455 369 482 uon
390 445 540 481 ratione
561 445 860 482 inhabitationis
884 449 1051 481 tantum.
1528 460 1533 462 -

129 493 314 539 Amplius,
339 493 592 529 manifestum
615 495 676 528 cst
698 492 803 539 quod
839 493 958 528 1101110
993 491 1184 536 Christus,
1219 490 1388 537 loquens
1422 489 1467 526 dc
1500 498 1556 534 se,
1583 489 1708 528 multa

81 540 214 579 divina
235 539 325 577 dicit
348 542 384 575 st.
404 538 732 585 supernaturalia,
764 542 805 575 ut
827 543 886 575 est
916 538 1011 574 illud
1033 550 1041 575 :
1062 541 1137 583 Eoo
1168 537 1405 573 ressuscitabo
1426 547 1504 572 eum
1524 538 1563 573 in
1590 538 1709 573 novis-

81 589 173 635 simo
189 587 248 623 die
267 586 426 633 (Mami,
450 595 505 629 vl,
521 587 598 632 40);
615 590 676 622 et:
701 588 776 631 Eoo
795 587 906 621 vitam
929 589 1098 620 :eternam
1113 585 1157 621 cto
1177 586 1240 620 eis.
1259 584 1419 631 (hami,
1436 593 1474 625 x.
1497 583 1571 631 28.)
1594 583 1706 628 Quod

83 634 242 682 quidem
259 637 366 671 esset
386 643 549 670 summm
569 633 778 678 superbiae,
797 633 831 670 si
861 634 925 669 itte
957 634 1074 668 1101110
1109 632 1281 678 loquens
1312 638 1392 667 non
1423 626 1529 667 esset
1562 639 1707 669 secun-

82 690 174 719 cum
196 681 439 728 hypostasim
463 682 546 725 ipse
567 682 684 724 Deus,
707 680 773 717 sed
807 680 937 716 solum
959 681 1117 715 baberet
1145 681 1267 715 Deum
1290 677 1590 715 inhabitantem.
1627 680 1708 715 Hoc,

85 732 217 767 autem
238 728 389 765 homini
411 729 564 764 Clu-isto
587 736 665 764 non
700 727 899 773 competit,
942 727 1006 772 qui
1037 726 1083 762 de
1117 736 1159 762 se
1194 726 1315 762 dicit:
1336 727 1470 760 Discite
1490 736 1513 760 α
1530 735 1596 765 me,
1621 727 1707 771 qaia

82 777 282 859 mitisl'sum
302 779 336 812 et
355 776 501 811 humilis
521 776 637 810 corde.
655 774 814 821 (Maecia,
829 783 885 820 xr,
906 774 980 820 529.)
1005 776 1070 810 Est
1088 773 1207 817 igitur
1226 772 1363 809 eadem
1379 781 1550 817 persona
1579 773 1706 809 1101111-

85 823 151 860 nis
170 822 183 859 i
215 823 278 860 ius
299 827 337 859 et
358 822 436 859 Dei.

132 871 322 910 Praeterea.
343 869 443 907 sicut
465 869 606 916 legitur
626 869 662 905 in
686 868 895 914 Scripturis
912 868 1017 915 quod
1038 868 1159 905 homo
1178 867 1245 904 ille
1261 870 1321 904 est
1335 865 1530 903 exaltatus
1549 866 1708 912 (dicitur

85 917 192 954 enim
216 929 224 954 :
246 919 402 953 Dextera
419 918 484 952 Dei
503 917 683 952 exaltatus
709 915 823 962 [Act.,
856 925 899 958 11,
928 916 1001 963 33]‚
1024 917 1127 961 etc),
1153 915 1207 952 ita
1236 914 1379 961 legitur
1399 914 1503 960 quod
1528 915 1631 951 Deus
1659 914 1708 951 sit

85 963 311 1001 exinanitus
332 976 341 1001 z
363 964 598 1009 Semetipszmz
626 964 831 999 eminanivit
865 963 990 1008 (Phil.‚
1032 971 1074 1007 11,
1110 961 1161 1008 7),
1197 965 1270 999 etc.
1291 961 1397 998 Sicut
1430 960 1550 1008 igitur
1585 959 1707 998 subli-

86 1011 167 1048 mia
187 1015 358 1057 possunt
378 1010 451 1048 dici
474 1011 521 1046 de
545 1010 702 1046 homine
723 1010 792 1046 illo
814 1011 966 1046 ratione
989 1009 1160 1052 unionis,
1183 1011 1225 1046 ut
1246 1008 1351 1055 quod
1380 1007 1446 1059 sit·
1461 1010 1578 1051 Deus,
1602 1007 1707 1055 quod

85 1058 298 1096 resuscitet
318 1061 498 1094 mortuos
519 1061 556 1093 et
575 1058 654 1093 alia
674 1057 915 1103 hujusmodi,
939 1057 993 1093 ita
1016 1057 1062 1093 de
1084 1059 1163 1093 Deo
1184 1058 1355 1101 possunt
1374 1055 1448 1091 dici
1471 1055 1650 1100 humilia,
1667 1058 1710 1092 ut

86 1105 191 1152 quod
212 1105 400 1142 situatas
419 1104 466 1140 de
486 1105 652 1148 virgine,
675 1113 833 1150 passus,
858 1108 1038 1140 mortuus
1060 1107 1095 1140 et
1123 1105 1316 1148 sepultus.

135 1151 280 1196 Adhuc,
306 1151 468 1188 relativa
487 1155 564 1187 tam
587 1150 706 1187 verba
723 1160 839 1197 quam
862 1150 1213 1195 pronominaidem
1236 1149 1484 1194 suppositum
1512 1149 1707 1194 referunt·,

87 1198 184 1237 dicit
201 1198 306 1236 enim
322 1197 550 1243 Apostolus,
577 1198 744 1244 loquens
763 1198 808 1234 de
830 1197 924 1234 Filio
944 1197 1011 1234 Dei
1031 1209 1040 1234 z
1061 1199 1104 1234 In
1119 1198 1196 1242 ipso
1216 1197 1361 1232 condita
1379 1199 1463 1232 sunt
1480 1197 1651 1232 universa
1671 1198 1711 1231 in

86 1246 196 1288 eoelis,
225 1248 259 1282 et
279 1247 319 1281 in
338 1249 448 1289 terra,
466 1245 628 1280 visibilia
647 1247 681 1280 et
698 1245 901 1280 invisibilia
921 1243 1081 1290 (Coloss.‚
1103 1252 1130 1288 1,
1155 1244 1235 1286 16);
1259 1246 1296 1279 et
1316 1247 1453 1289 postea
1479 1243 1610 1280 subdit
1633 1255 1641 1280 :
1664 1246 1711 1280 Et

87 1294 164 1339 ipse
179 1295 232 1330 est
249 1295 359 1338 caput
372 1294 530 1337 corporis
549 1292 728 1336 Ecclesiae,
744 1293 808 1337 qui
838 1297 890 1327 est
914 1293 1151 1337 principium,
1184 1292 1446 1336 primogenitus
1475 1301 1519 1326 etc
1544 1293 1708 1329 mortuis.

86 1339 210 1387 (ibid.,
228 1339 300 1386 18.)
322 1339 571 1376 Manifestum
593 1344 654 1376 est
674 1342 805 1376 autem
826 1340 931 1385 quod
954 1339 1028 1375 hoc
1049 1338 1155 1384 quod
1189 1338 1330 1374 dicitur
1351 1349 1359 1374 :
1381 1339 1424 1373 In
1450 1339 1527 1381 ipso
1560 1338 1708 1374 condita

87 1390 174 1425 sunt
192 1388 377 1427 universa,
400 1386 447 1423 ad
469 1386 635 1423 Verbum
658 1386 725 1422 Dei
742 1386 930 1432 pertinet;
965 1386 1069 1432 quod
1099 1388 1229 1422 autem
1252 1384 1393 1421 dicitur
1414 1396 1422 1420 :
1444 1386 1710 1430 Primoqenitas

87 1445 132 1471 ex
147 1435 311 1479 mortuis,
335 1433 484 1470 homini
505 1433 658 1470 Christo
679 1433 879 1479 competit.
907 1432 969 1470 Sic
984 1432 1102 1478 igitur
1122 1432 1189 1469 Dei
1209 1432 1375 1468 Verbum
1398 1435 1434 1467 et
1458 1433 1574 1468 bomo
1599 1433 1707 1469 (11111-

88 1484 176 1519 stus
197 1485 290 1518 sunt
311 1490 433 1517 unum
464 1481 714 1526 suppositum
749 1485 788 1517 et
814 1489 884 1526 per
907 1489 1161 1526 consequens
1180 1488 1258 1516 una
1275 1488 1465 1525 persona;
1486 1483 1521 1515 et
1556 1483 1711 1525 oportet

88 1527 194 1576 quod
215 1527 405 1575 quidquid
426 1527 566 1564 dicitur
584 1528 630 1564 de
652 1527 812 1572 homine
833 1527 902 1564 1110
921 1527 1071 1563 dicatur
1091 1526 1138 1563 de
1160 1526 1282 1563 Verbo
1305 1526 1384 1569 Dei,
1404 1530 1442 1562 et
1460 1535 1479 1562 c
1500 1535 1707 1564 converso.

132 1576 235 1615 Item,
253 1575 467 1620 Apostolus
477 1574 594 1611 dicit:
617 1575 713 1611 Unus
733 1576 904 1610 Dominus
923 1576 1022 1609 Jestts
1038 1574 1288 1618 Christus‚per
1301 1583 1403 1618 quem
1414 1575 1548 1611 omnia,
1568 1573 1602 1620 (I
1613 1574 1707 1619 Corn,

87 1630 177 1666 vm,
198 1621 250 1668 6.)
270 1622 521 1659 Manifestum
540 1625 601 1658 est
619 1626 749 1658 autem
770 1621 875 1668 quod
894 1623 995 1657 Jesas
1017 1621 1193 1660 Christus,
1226 1629 1371 1657 nomen
1405 1620 1512 1656 illius
1535 1620 1710 1657 bominis

87 1679 158 1716 per
176 1678 294 1716 quem
315 1669 463 1709 omnia,
485 1668 667 1705 convenit
688 1669 812 1705 'verbo
834 1669 912 1704 Dei.
933 1669 995 1705 Sic
1016 1668 1134 1714 igitur
1153 1668 1319 1704 Verbum
1351 1667 1419 1703 Dei
1441 1671 1475 1703 et
1498 1668 1617 1704 bomo
1641 1668 1707 1705 1110

88 1720 184 1754 sunt
205 1725 308 1753 unus
328 1716 533 1760 Dominus,
553 1724 626 1752 nec
647 1715 724 1752 dub
747 1716 895 1753 domini
916 1726 988 1752 nec
1019 1716 1096 1751 duo
1118 1714 1198 1758 filii,
1222 1719 1264 1751 ut
1295 1714 1501 1751 Nestorius
1533 1714 1705 1759 dicebam

87 1767 127 1800 et
145 1772 194 1800 ex
212 1763 290 1800 hoc
309 1763 475 1800 ulterius
495 1763 672 1809 sequitur
692 1762 795 1809 quod
830 1763 942 1800 Verbi
964 1763 1028 1799 Dei
1051 1766 1088 1798 et
1109 1761 1279 1799 homini-³·
1303 1762 1351 1798 sit
1370 1771 1449 1799 una
1470 1770 1656 1807 persona.

135 1809 174 1847 Si
196 1810 284 1857 quis
306 1814 437 1846 autem
459 1809 669 1856 diligenter
699 1809 934 1852 consideret,
967 1809 1050 1846 haec
1081 1810 1248 1846 Nestorii
1283 1808 1417 1855 opinio
1444 1812 1637 1855 quantum
1658 1809 1705 1846 ad

86 1857 373 1894 incarnationis
388 1857 622 1905 mysterium
640 1865 779 1902 parum
810 1856 938 1894 differt
958 1858 1005 1893 ab
1027 1856 1211 1902 opinione
1237 1855 1406 1898 Pliotini,
1437 1856 1529 1902 quia
1544 1860 1707 1902 uterque

88 1903 290 1942 hominem
310 1903 424 1941 illum
456 1905 580 1941 Deum
609 1903 814 1941 asserebat
842 1904 972 1941 solum
1006 1907 1166 1949 propter
1192 1903 1518 1940 inhabitationem
1541 1903 1675 1950 gratiae
1699 1915 1706 1947 ;

86 1951 270 1998 quamvis
288 1951 644 1988 Photinus-dixerit
665 1951 770 1998 quod
787 1951 853 1988 ille
884 1952 1002 1988 1101110
1040 1959 1185 1987 nomen
1222 1950 1440 1986 divinitatis
1471 1953 1507 1986 et
1537 1951 1704 1996 gloriam

86 2007 157 2044 per
175 1999 404 2045 passionem
426 2001 464 2035 et
479 1998 585 2036 bona
607 2007 727 2044 opera
747 1998 903 2042 meruit,
925 1999 1128 2035 Nestorius
1147 2000 1277 2034 autem
1294 1999 1505 2034 confessus
1528 1998 1706 2044 estquod

86 2054 114 2082 a
130 2045 328 2092 principio
347 2054 431 2082 suae
450 2045 726 2091 conceptionis
748 2045 975 2091 hujusmodi
1007 2054 1154 2082 nomen
1177 2048 1215 2081 et
1235 2045 1402 2092 gloriam
1435 2045 1572 2081 habuit
1593 2053 1708 2090 prop-

88 2095 148 2128 ter
165 2091 442 2138 plenissimam
468 2091 754 2129 habitationem
787 2093 854 2129 Dei
888 2094 929 2129 in
969 2093 1070 2138 ipso.
1106 2092 1214 2129 Circa
1247 2092 1543 2138 generationem
1577 2095 1708 2128 autem

87 2141 276 2176 aeternam
306 2137 435 2183 Verbi,
466 2139 634 2176 muttum
665 2138 917 2185 differebant;
952 2148 1044 2176 nam
1075 2139 1282 2177 Nestorius
1313 2148 1400 2176 eam
1432 2138 1709 2184 confitebatur,

90 2185 286 2224 motinus
305 2194 399 2223 vero
419 2185 592 2232 negabat
616 2186 796 2224 omnino.

716 2331 884 2373 CAPUT
922 2331 1080 2372 XXXV.

563 2450 715 2482 CONTRA
756 2450 939 2480 ERROREM
986 2449 1239 2480 EUTYCIOETIS.

137 2560 240 2606 Quia
257 2569 368 2607 ergo,
389 2559 495 2597 sicut
512 2558 787 2604 multipliciter
807 2562 1014 2596 ostensum
1035 2563 1110 2604 est,
1131 2559 1188 2597 ita
1213 2561 1369 2606 oportet
1388 2559 1622 2608 mysterium
1650 2561 1712 2598 in-

88 2607 336 2646 carnationis
356 2606 527 2654 intelligi
540 2606 647 2653 quod
663 2605 777 2644 Verbi
797 2606 867 2642 Dei
885 2609 924 2643 et
943 2606 1049 2644 homi
1057 2605 1119 2643 nis
1131 2606 1275 2644 situna
1290 2606 1505 2654 eademque
1525 2617 1710 2655 persona,

89 2654 329 2702 relinquitur
344 2657 479 2691 tamen
498 2653 678 2701 quaedam
696 2653 802 2691 circa
819 2652 941 2699 hujus
960 2653 1138 2690 veritatis
1158 2653 1520 2692 considerationem
1539 2654 1708 2692 difficul-

89 2705 166 2740 tas.
185 2703 373 2739 Naturam
393 2701 500 2739 enim
520 2700 695 2738 divinam
715 2708 880 2737 necesse
900 2703 961 2737 est
977 2703 1021 2737 ut
1040 2708 1115 2737 sua
1129 2700 1396 2746 personalitas
1424 2705 1707 2749 consequatur.

88 2748 280 2786 Similiter
294 2751 426 2786 autem
448 2746 602 2785 videtur
616 2750 654 2784 et
673 2746 721 2800 de
740 2747 916 2785 humana
945 2750 1105 2791 natura3
1124 2755 1217 2785 nam
1237 2756 1356 2786 omne
1389 2749 1495 2796 quod
1523 2749 1710 2787 subsistit

90 2796 134 2832 111
150 2795 409 2834 intellectuali
438 2794 501 2832 vel
519 2793 705 2832 rationall
729 2797 871 2831 natura
888 2793 1006 2831 habet
1038 2794 1233 2831 rationem
1261 2803 1456 2841 personae.
1490 2796 1598 2833 Unde
1629 2804 1711 2834 non

90 2841 245 2929 {idatur-
262 2851 352 2882 esse
372 2841 566 2890 possibile
588 2839 698 2889 quod
716 2841 770 2880 sit
788 2849 870 2879 una
891 2848 1067 2887 persona
1084 2844 1124 2878 et
1142 2841 1225 2879 sint
1236 2841 1324 2881 duae
1341 2846 1506 2889 naturae,
1528 2842 1661 2882 divina
1677 2845 1712 2880 et
