1894 3223
668 67 755 103 LIB.
785 68 831 111 11,
859 68 959 104 CAP.
990 67 1160 104 Lxxxtv.
1651 69 1720 105 229

97 150 206 193 solo;
227 149 405 196 alioquin
428 152 464 186 et
494 148 678 186 homines
702 149 833 194 specie
855 149 1070 186 differrent.
1095 148 1322 187 Differentia
1343 153 1472 187 autem
1494 150 1716 188 secundum

98 205 307 234 numerum
338 197 443 232 inest
463 196 610 232 secund
621 205 683 232 um
705 196 899 241 principia
921 197 1152 233 inaltet-iulia.
1172 198 1332 242 Oportet
1358 197 1479 243 igitur
1510 197 1717 234 diversita-

97 247 176 280 tem
197 244 419 280 animarum
437 243 699 279 humanarum
719 243 938 279 secundum
957 244 1104 290 aliquid
1128 245 1327 280 materiale
1344 245 1447 281 sumi
1463 255 1472 287 ;
1490 253 1569 282 non
1586 248 1716 288 autem

98 291 154 327 ita
201 290 278 327 uod
299 290 427 336 ipsius
449 290 591 327 animae
613 290 664 327 sit
685 290 848 326 materia
875 300 988 336 pars;
1012 295 1218 327 ostensum
1242 296 1300 327 est
1322 292 1426 327 ellim
1448 301 1565 337 supra
1591 292 1638 338 (c.
1658 292 1715 338 50)

97 346 177 384 quo
225 340 285 375 est
299 337 523 374 substantia
543 337 837 380 intellectualis,
855 342 890 373 et
908 338 1012 383 quod
1033 338 1143 374 nulla
1163 338 1252 375 talis
1268 338 1492 375 substantia
1511 339 1717 375 materiam

98 384 230 422 habet.
252 384 502 431 Relinquitur
526 392 622 430 ergo
654 384 774 431 quod,
797 385 1016 421 secundum
1045 385 1223 422 ordinem
1246 385 1292 422 ad
1327 385 1505 423 diversas
1531 387 1718 423 materias

98 431 245 478 quibus
272 432 415 468 animae
445 431 652 474 uniuntur,
673 431 882 467 diversitas
914 435 949 467 et
977 432 1184 477 pluralitas
1218 433 1440 469 animarum
1469 437 1650 470 sumatur
1671 441 1718 470 eo

97 478 218 516 modo
251 488 329 526 quo
363 486 484 524 supra
517 477 665 514 dictum
700 481 772 515 est.
813 479 849 515 Si
881 479 1003 524 igitur
1040 483 1132 515 sunt
1166 479 1321 517 diversa
1349 489 1518 526 corpora
1553 489 1718 517 necesse

98 529 160 563 est
186 525 292 572 quod
323 525 494 562 habeant
517 524 695 562 diversas
714 525 869 562 animas
897 526 972 562 sibi
994 527 1146 571 unitas;
1167 535 1248 563 non
1278 526 1400 572 igitur
1432 535 1511 563 una
1536 527 1717 573 pluribus

97 572 248 611 unitur.

144 619 289 660 Adhuc,
313 622 520 657 ostensum
552 623 614 656 est
647 629 767 665 supra
788 619 835 666 (c.
855 620 914 665 57)
937 620 1109 657 animam
1140 619 1245 657 uniri
1282 620 1438 666 corpori
1461 624 1503 657 ut
1535 620 1717 658 sormam.

99 667 262 704 Formas
294 670 425 704 autem
459 669 613 712 oportet
647 676 736 704 esse
769 668 940 712 propriis
961 667 1138 704 materiis
1173 667 1509 714 proportionales,
1532 677 1653 715 quum
1676 677 1719 705 se

99 714 271 751 habeant
308 713 357 750 ad
400 714 569 751 invicem
608 713 712 750 sicut
749 714 926 760 potentia
961 717 998 750 et
1031 717 1172 756 actus;
1207 714 1392 759 proprius
1423 718 1555 751 autem
1600 719 1717 752 aetus

97 761 268 808 propriae
293 760 480 807 potentiae
517 761 744 806 respondet.
765 762 851 797 Non
878 770 973 807 ergo
1002 769 1082 798 una
1108 761 1243 797 anima
1274 760 1457 806 pluribus
1484 763 1720 808 corporibus

98 808 249 845 unitur.

145 855 328 901 Amplius,
350 855 533 892 virtutem
564 854 732 891 motoris
765 857 919 900 oportet
956 862 1048 891 esse
1079 863 1154 892 suo
1183 853 1321 892 mobili
1354 855 1720 901 proportionatam

99 910 182 939 non
203 902 309 939 enim
337 910 598 949 quaecumque
618 901 743 938 virtus
769 904 899 938 movet
918 901 1197 948 quodcumque
1225 901 1387 939 mobile.
1414 903 1555 940 Anima
1572 907 1720 948 autem,

99 949 173 986 etsi
195 958 274 986 non
309 949 359 986 sit
382 949 509 986 forma
545 948 738 994 corporis,
762 956 840 985 non
860 952 992 1001 tamen
1025 952 1156 994 potest
1175 948 1252 986 dici
1292 949 1398 996 quod
1420 959 1499 987 non
1519 950 1573 988 sit
1591 954 1723 988 motor

98 996 249 1042 ipsius;
271 996 489 1033 animatum
506 1000 636 1032 autem
655 995 703 1031 ab
721 995 941 1032 inanimato
955 995 1241 1042 distinguimus
1257 1005 1380 1034 sensu
1401 1000 1437 1033 et
1453 1001 1577 1035 motu.
1597 999 1720 1044 Opor-

97 1046 153 1081 tet
168 1043 290 1089 igitur
309 1043 530 1080 secundum
546 1042 811 1079 diversitatem
841 1051 1051 1088 corporum
1073 1052 1162 1080 esse
1184 1043 1452 1080 diversitatem
1482 1045 1719 1082 animarum.

144 1090 245 1130 Item,
268 1089 309 1126 in
335 1089 399 1126 his
417 1098 505 1136 quae
525 1093 766 1142 generantur
796 1091 834 1126 et
859 1093 1184 1136 corrumpuntur,
1206 1090 1458 1136 impossibile
1487 1094 1547 1128 est
1566 1101 1636 1137 per
1652 1101 1718 1138 ge-

97 1137 347 1174 nerationem
362 1136 541 1174 reiterari
562 1136 666 1173 idem
682 1145 872 1181 numero;
893 1145 1015 1183 quum
1043 1137 1150 1174 enim
1166 1138 1371 1184 generatio
1391 1141 1429 1174 et
1448 1139 1651 1184 corruptio
1668 1139 1720 1175 sit

96 1187 232 1221 motus
252 1184 294 1221 in
326 1183 591 1221 substantiam
625 1184 665 1220 in
688 1183 750 1220 his
770 1193 857 1230 quae
877 1187 1118 1231 generantur
1136 1188 1175 1221 et
1193 1189 1518 1231 corrumpuntur,
1539 1194 1620 1223 non
1642 1195 1722 1223 ma·

96 1235 164 1268 net
184 1230 409 1268 substantia
429 1231 581 1276 eadem,
604 1231 707 1268 sicut
728 1234 863 1267 manet
899 1231 939 1267 in
960 1231 1024 1269 his
1044 1240 1132 1279 quae
1163 1231 1385 1269 secundum
1406 1232 1539 1270 locum
1558 1241 1719 1270 moven-

95 1280 173 1316 tur.
194 1278 267 1316 Sed
300 1278 334 1315 si
357 1286 437 1315 una
462 1278 596 1315 anima
619 1277 789 1315 diversis
823 1278 1059 1324 corporibus
1093 1279 1296 1326 generatis
1317 1279 1454 1317 unitur
1475 1280 1718 1324 successive,

95 1324 242 1363 redibit
273 1324 379 1362 idem
409 1333 576 1363 numero
610 1325 731 1362 homo
757 1333 828 1371 per
858 1325 1179 1372 generationem3
1200 1326 1308 1374 quod
1337 1326 1559 1364 secundum
1590 1327 1721 1365 Plato-

96 1379 189 1409 nem
209 1372 258 1409 de
276 1373 515 1410 necessitate
548 1372 742 1419 sequitur,
764 1372 831 1420 qui
867 1372 965 1410 dixit
997 1373 1201 1411 hominem
1232 1382 1323 1411 esse
1353 1374 1527 1412 animam
1557 1383 1721 1420 corpore

96 1418 291 1456 indutam.
310 1420 493 1466 Sequitur
528 1420 646 1456 etiam
682 1419 779 1456 etin
816 1419 906 1457 aliis
938 1420 1278 1469 quibuscumque3
1301 1421 1408 1468 quia,
1431 1430 1553 1467 quum
1588 1422 1722 1458 unitas

97 1465 154 1502 rei
176 1469 366 1513 sequatur
387 1466 554 1503 formam
587 1466 693 1503 sicut
721 1469 759 1502 et
778 1475 881 1510 esse,
901 1470 1055 1513 oportet
1075 1468 1181 1515 quod
1214 1468 1284 1504 illa
1306 1468 1388 1504 sint
1421 1468 1527 1505 idem
1548 1477 1717 1506 numero

97 1521 268 1597 guorum
293 1517 353 1550 est
377 1512 504 1550 forma
524 1522 692 1550 numero
726 1522 819 1551 una.
839 1515 925 1550 Non
946 1514 1068 1560 igitur
1098 1518 1159 1552 est
1178 1514 1370 1561 possibile
1389 1523 1510 1552 unam
1545 1515 1720 1553 animam

125 1560 267 1597 iversis
305 1560 542 1606 corporibus
574 1560 707 1609 uniri-3
740 1569 787 1597 ex
818 1569 897 1608 quo
930 1561 1048 1599 etiam
1094 1562 1275 1609 sequitur
1321 1561 1427 1609 quod
1466 1570 1538 1599 nec
1576 1562 1718 1599 animae

96 1606 258 1644 fuerunt
272 1611 362 1643 ante
382 1616 563 1653 corpora.

145 1654 250 1691 Huic·
264 1657 397 1691 autem
416 1653 570 1691 veritati
589 1654 796 1692 catholicae
822 1653 911 1692 fidei
934 1655 1132 1692 sententia
1151 1654 1387 1699 concordat;
1408 1655 1554 1694 dicitur
1575 1656 1681 1694 enim
1703 1668 1713 1693 t

94 1699 167 1746 Qui
182 1702 292 1746 finxit
318 1701 535 1746 sinpillatz'm
555 1701 665 1737 corda
684 1711 804 1738 eorum
825 1702 943 1749 (psal.
967 1702 1182 1749 xxx11,15),
1207 1702 1302 1749 quia
1326 1703 1479 1740 scilieet
1499 1702 1717 1750 unicuique

95 1755 280 1786 seorsum
300 1748 458 1794 proprie
479 1749 584 1785 Deus
599 1748 772 1785 animam
792 1748 904 1794 fecit3
924 1757 1004 1787 non
1020 1752 1152 1786 autem
1168 1748 1289 1787 simul
1309 1758 1452 1787 omnes
1468 1751 1628 1796 creavit,
1646 1759 1719 1788 nec

93 1803 216 1833 unam
237 1795 407 1833 diversis
426 1794 665 1842 corporibus
686 1795 879 1842 adjunxit.

142 1842 243 1879 Hinc
277 1842 396 1880 etiam
426 1842 469 1879 in
495 1842 599 1880 libro
617 1843 669 1879 De
699 1843 947 1880 ecelesiasticis
967 1842 1196 1888 doqmatibus
1217 1842 1266 1890 (c.
1290 1843 1349 1890 14)
1369 1843 1541 1881 dicitur:
1564 1845 1720 1881 Animas

93 1888 279 1926 hominum
310 1888 541 1936 (credimus)
560 1898 634 1926 non
662 1898 737 1926 esse
764 1890 811 1926 ab
837 1891 946 1926 initio
973 1891 1070 1927 inter
1085 1893 1232 1927 caeteras
1262 1890 1520 1928 intellectuales
1545 1894 1713 1932 naturas,

92 1945 156 1974 nec
174 1936 287 1973 simul
300 1938 455 1982 creatas,
474 1937 569 1973 sicut
587 1936 757 1983 Oripenes
775 1936 864 1985 (Περὶ
878 1937 995 1984 ἀρχῶν,
1007 1945 1037 1984 1,
1054 1937 1093 1984 7)
1107 1939 1226 1985 finan.

698 2083 867 2126 CAPUT
904 2083 1116 2126 LXXXIV.

325 2201 486 2234 sommo
509 2202 713 2234 RATIONUM
738 2203 892 2233 CONTRA
915 2201 1162 2234 SUPERIOBEM
1182 2202 1488 2235 GONCLUSIONEM.

141 2309 331 2349 Rationes
360 2313 493 2349 autem
526 2311 673 2358 quibus
694 2311 886 2358 probatur
912 2311 1069 2350 animas
1089 2310 1139 2350 ab
1170 2315 1319 2350 aeterno
1336 2312 1467 2351 fuisse
1495 2312 1557 2352 vel
1576 2313 1718 2352 saltem

92 2356 332 2403 corporibus
351 2358 652 2403 praeexstitisse,
673 2358 790 2396 facile
811 2362 872 2396 est
892 2359 1062 2397 solvere.

141 2403 259 2456 Quod
287 2403 394 2441 enim
419 2404 550 2450 primo
580 2404 740 2457 dicitur,
775 2405 950 2458 animam
985 2405 1130 2443 habere
1164 2405 1360 2459 virtutem·
1382 2409 1427 2444 ut
1461 2406 1516 2444 sit
1546 2415 1719 2454 semper,

93 2450 262 2489 concedi
282 2452 451 2497 oportet.
472 2450 549 2488 Sed
569 2451 776 2489 sciendum
789 2452 895 2498 quod
912 2454 1039 2490 virtus
1051 2455 1089 2490 et
1107 2453 1285 2499 potentia
1305 2462 1363 2490 rei
1384 2461 1466 2490 non
1482 2461 1526 2492 se
1543 2454 1719 2492 extendit

93 2497 145 2536 ad
178 2497 219 2535 id
240 2497 348 2544 quod
368 2497 457 2542 fuit,
471 2496 543 2535 sed
562 2496 611 2535 ad
647 2498 688 2535 id
708 2500 815 2545 quod
834 2502 896 2536 est
910 2499 972 2536 vel
992 2499 1088 2544 erit;
1109 2499 1215 2537 unde
1233 2503 1273 2536 et
1291 2499 1333 2536 in
1352 2500 1565 2546 praeteritis
1585 2502 1718 2547 possi-

91 2544 230 2583 bilitas
246 2545 379 2582 locum
397 2552 480 2582 non
509 2543 641 2582 habet.
659 2546 746 2582 Non
766 2545 905 2592 igitur,
924 2554 973 2583 ex
1002 2545 1080 2583 hoc
1099 2546 1207 2593 quod
1238 2546 1372 2584 anima
1393 2547 1511 2585 habet
1530 2547 1718 2587 virtutem

93 2595 139 2630 ut
158 2591 213 2629 sit
231 2599 404 2639 semper,
425 2594 553 2645 potest
569 2591 753 2629 concludi
772 2592 879 2644 quod
892 2600 1058 2677 ’semger
1082 2592 1214 2638 fuerit,
1238 2593 1308 2632 sed
1323 2593 1430 2642 quod
1449 2603 1608 2642 semper
1629 2596 1718 2634 erit.

140 2639 333 2681 Praeterea,
353 2648 403 2677 ex
419 2641 565 2677 virtute
582 2646 664 2677 non
683 2642 865 2686 sequitur
888 2639 929 2676 ld
955 2648 979 2677 a
1025 2639 1132 2687 quod
1152 2643 1214 2678 est
1231 2640 1374 2687 virtus,
1388 2641 1467 2680 nisi
1487 2650 1719 2689 praesuppo-

93 2684 174 2724 sita
197 2686 356 2724 virtute.
377 2685 568 2732 Quamvis
599 2685 722 2733 igitur
753 2686 888 2724 anima
907 2686 1049 2724 habeat
1072 2687 1257 2726 virtutem
1286 2691 1331 2726 ut
1362 2687 1416 2726 sit
1444 2697 1614 2736 semper,
1636 2698 1719 2727 non

93 2735 229 2770 tamen
248 2735 381 2780 potest
407 2732 595 2772 concludi
627 2732 733 2781 quod
754 2733 889 2771 anima
914 2733 967 2771 sit
985 2742 1157 2781 semper,
1177 2734 1257 2773 nisi
1288 2738 1501 2783 postquam
1519 2736 1621 2774 hanc
1641 2737 1718 2774 vir-

96 2781 221 2817 tutem
241 2780 407 2827 accepit.
428 2780 467 2819 Si
486 2784 619 2818 autem
641 2783 822 2818 sumatur
838 2781 945 2828 quod
965 2780 1069 2819 hanc
1082 2781 1266 2820 Virtutem
1282 2782 1332 2821 ab
1351 2787 1501 2821 aeterno
1520 2783 1716 2829 babuerit,

100 2825 176 2865 erit
192 2827 359 2875 petitum
376 2827 417 2867 id
436 2827 544 2876 quod
564 2827 763 2876 oportebit
781 2828 955 2875 probari,
975 2828 1131 2869 scilicet
1153 2829 1261 2878 quod
1280 2830 1400 2870 fuerit
1413 2830 1462 2869 ab
1483 2833 1645 2869 aeterno.
