1894 3223
108 149 180 184 458
707 142 794 177 LIB.
824 142 887 184 111,
915 141 1015 176 CAP.
1045 140 1140 178 CXL.

163 228 254 274 Ejus
275 226 379 262 enim
411 227 470 260 est
502 221 643 268 punire
661 221 724 259 vel
758 221 963 267 praemiare
993 221 1107 268 cujus
1131 225 1192 259 est
1220 221 1348 270 legem
1382 221 1736 269 imponere31egis

114 275 219 313 enim
256 273 403 308 latores
424 279 493 315 per
513 268 673 315 praemia
693 272 731 305 et
750 277 889 314 poenas
920 268 1212 306 observantiam
1233 269 1334 316 legis
1363 269 1571 307 inducunt.
1593 269 1667 306 Sed
1689 269 1736 307 ad

114 322 287 359 divinam
321 317 608 364 providentiam
637 315 805 362 pertinet
827 318 868 351 ut
897 314 1025 362 legem
1056 315 1288 353 hominibus
1323 320 1456 363 ponat,
1479 319 1523 353 ut
1551 326 1598 353 ex
1617 325 1739 362 supra

115 367 231 405 dictis
272 365 320 412 (c.
344 363 424 410 114)
446 367 563 409 patet.
586 365 687 410 Ergo
727 362 774 399 ad
814 364 936 399 Deum
974 362 1143 409 pertinet
1182 363 1365 400 homines
1399 363 1541 410 punire
1560 363 1621 400 vel
1639 373 1736 410 prae-

114 423 251 451 miare.

161 461 353 500 Praeterea,
375 456 617 503 ubicumque
650 459 709 493 est
731 456 876 503 aliquis
910 456 1066 493 debitus
1100 456 1197 494 ordo
1222 456 1270 493 ad
1301 455 1435 501 finem,
1453 461 1606 504 oportet
1632 457 1735 505 quod

112 507 212 546 ordo
233 506 300 543 ille
321 504 368 542 ad
399 503 520 540 finem
553 502 685 549 ducat,
708 512 891 540 recessus
925 507 1054 540 autem
1077 502 1124 540 ab
1151 503 1290 541 ordine
1319 503 1436 541 finem
1467 504 1648 542 excludat
1666 517 1676 549 ;
1693 513 1740 542 ea

114 554 222 592 enim
244 562 332 600 quae
348 555 442 588 sunt
461 560 508 587 ex
534 549 613 587 fine
633 550 911 587 necessitatem
943 550 1164 588 sortiuntur
1180 560 1226 587 cx
1245 549 1338 595 fine,
1360 554 1403 588 ut
1434 551 1588 589 scilicet
1607 561 1652 589 ea
1669 561 1737 589 ne-

116 610 229 638 cesse
259 600 311 637 sit
343 607 446 641 esse,
467 598 500 635 si
532 596 626 634 finis
655 597 795 634 debeat
831 597 958 644 scqui,
981 600 1031 642 et,
1053 596 1112 634 eis
1144 597 1294 644 absque
1328 598 1610 644 impedimento
1640 599 1726 636 exis

117 647 307 691 tentibus„
330 645 424 682 finis
445 648 725 691 consequatur.
748 646 852 681 Deus
874 648 1004 681 autem
1024 644 1217 690 imposuit
1236 644 1390 682 actibus
1411 645 1616 682 hominum
1638 645 1740 683 ordi-

117 704 207 731 nem
236 694 409 740 aliquem
438 692 479 728 in
513 695 694 738 respectu
727 691 773 728 ad
796 691 913 728 finem
944 690 1053 735 boni,
1073 695 1115 728 ut
1134 701 1182 728 ex
1213 692 1410 737 praedictis
1438 696 1558 737 patet.
1580 693 1740 738 Oportet

117 742 239 789 igitur
272 739 392 787 quod,
415 739 448 776 si
471 738 568 776 ordo
601 738 668 775 ille
690 743 794 775 recte
814 739 970 784 positus
991 742 1064 782 est,
1085 738 1314 776 incedentes
1335 748 1403 785 per
1425 738 1539 775 illum
1560 739 1738 776 ordinem

120 789 237 826 finem
270 787 364 824 boni
399 790 709 832 consequantur,
732 786 838 832 quod
856 789 914 822 est
948 786 1170 831 praemiari3
1194 786 1422 823 recedentes
1451 790 1582 823 autem
1603 785 1650 823 ab
1670 786 1740 823 illo

114 836 257 874 ordine
275 844 344 882 per
363 836 568 879 peccatum
586 842 610 870 a
629 832 707 869 fine
728 832 822 869 boni
842 833 1012 876 excludi,
1034 832 1140 879 quod
1161 836 1221 870 est
1241 833 1387 880 puniri.

163 883 307 923 Adhuc,
329 881 432 918 sicut
453 889 516 917 res
550 879 750 917 naturales
772 879 901 917 ordini
931 879 1073 917 divinae
1093 879 1350 926 providentiae
1371 880 1610 925 subduntur,
1630 879 1686 916 ita
1705 882 1743 916 et

119 934 231 967 aetus
267 928 446 972 humani,
468 931 512 964 ut
546 937 592 963 ex
622 927 822 973 praedictis
856 925 904 974 (c.
928 926 988 974 90)
1009 930 1126 973 patet.
1147 927 1360 975 Utrobique
1392 931 1524 965 autem
1556 925 1744 964 convenit

117 977 293 1014 debitum
317 975 495 1012 ordinem
518 974 665 1011 servari
681 974 742 1010 vel
763 974 881 1011 etiam
902 974 1145 1020 praetermitti
1164 985 1174 1020 ;
1202 974 1277 1011 hoc
1297 979 1428 1012 tamen
1450 975 1616 1012 interest
1635 971 1743 1020 quod

119 1023 344 1062 observatio
364 1022 425 1059 vel
448 1021 718 1068 transgressio
737 1021 856 1058 debiti
876 1021 1029 1059 ordinis
1050 1025 1110 1058 est
1129 1022 1171 1058 in
1190 1025 1383 1067 potestate
1402 1022 1586 1059 humanae
1606 1021 1744 1058 volun-

119 1072 211 1108 tatis
231 1070 461 1112 constituta,
484 1077 562 1106 non
587 1072 717 1105 autem
733 1069 772 1104 in
794 1072 987 1114 potestate
1020 1069 1261 1106 naturalium
1282 1079 1411 1106 rerum
1431 1073 1492 1106 est
1511 1068 1617 1116 quod
1633 1077 1657 1105 a
1677 1067 1742 1105 de-

122 1119 202 1156 bito
229 1118 367 1154 ordine
389 1115 571 1153 deficiant
602 1116 662 1152 vel
682 1116 811 1162 ipsum
835 1120 1066 1162 sequantur.
1089 1117 1248 1162 Oportet
1267 1120 1397 1153 autem
1419 1115 1584 1153 effectus
1608 1114 1742 1152 causis

120 1176 190 1212 per
228 1163 545 1200 convenientiam
576 1163 832 1208 respondere.
871 1164 979 1199 Sicut
1011 1162 1133 1210 igitur
1163 1172 1227 1200 res
1259 1164 1475 1209 naturales,
1505 1172 1593 1200 cum
1624 1162 1666 1199 in
1684 1162 1743 1199 eis

120 1212 277 1249 debitus
300 1211 396 1248 ordo
431 1210 670 1246 naturalium
697 1209 986 1256 principiorum
1004 1214 1041 1247 et
1061 1210 1262 1247 actionum
1283 1214 1475 1255 servatur,
1498 1210 1679 1257 sequitur
1696 1218 1745 1246 ex

123 1262 360 1296 necessitate
393 1261 542 1293 naturae
577 1257 826 1293 conservatio
860 1261 897 1293 et
924 1257 1075 1294 bonum
1095 1257 1136 1293 in
1166 1257 1280 1303 ipsis,
1309 1257 1510 1303 corruptio
1543 1260 1674 1294 autem
1707 1259 1745 1293 et

120 1307 283 1348 malum,
306 1314 427 1351 quum
450 1314 471 1340 a
489 1304 619 1340 debito
643 1307 679 1340 et
707 1304 876 1340 naturali
909 1304 1047 1341 ordine
1081 1304 1290 1348 receditur,
1312 1304 1367 1342 ita
1401 1305 1518 1342 etiam
1550 1304 1592 1341 in
1624 1302 1745 1340 rebus

121 1353 308 1390 humanis
326 1355 479 1397 oportet
500 1350 618 1397 quod,
641 1360 730 1387 curn
768 1350 888 1387 1101110
906 1350 1128 1388 voluntarie
1167 1355 1297 1389 servat
1316 1351 1497 1389 ordinem
1523 1351 1625 1397 legis
1651 1349 1746 1387 divi-

123 1401 231 1436 nitus
253 1399 462 1444 impositae,
486 1401 754 1444 consequatur
772 1397 937 1442 bonum,
958 1407 1038 1434 non
1056 1398 1162 1434 velut
1176 1408 1223 1434 ex
1242 1399 1494 1443 necessitate,
1516 1398 1587 1435 sed
1605 1407 1652 1434 ex
1668 1397 1746 1435 dis-

121 1447 356 1493 pensatione
391 1444 664 1491 gubernantis,
687 1444 793 1491 quod
820 1448 880 1481 est
899 1445 1109 1490 praemiari,
1134 1448 1172 1481 et
1208 1455 1229 1482 e
1255 1454 1448 1482 converso
1469 1445 1634 1491 malum,
1654 1452 1745 1481 cum

121 1494 219 1531 ordo
239 1493 339 1539 legis
361 1492 476 1528 fuerit
498 1491 804 1537 praetermissus,
824 1494 861 1528 et
880 1491 954 1529 hoc
975 1495 1035 1528 est
1055 1491 1202 1538 puniri.

168 1541 351 1585 Amplius,
375 1539 422 1575 ad
442 1539 655 1585 perfectam
675 1538 742 1574 Dei
763 1538 980 1575 bonitatem
1008 1539 1177 1585 pertinet
1206 1539 1313 1585 quod
1341 1539 1441 1576 nihil
1473 1538 1742 1576 inordinatum

122 1588 163 1624 in
183 1588 302 1624 rebus
323 1586 542 1632 relinquat;
565 1586 683 1629 unde,
707 1586 748 1621 in
763 1585 882 1622 rebus
904 1585 1152 1623 naturalibus
1179 1586 1360 1623 videmus
1381 1586 1614 1633 contingere
1637 1585 1743 1633 quod

121 1644 239 1672 omne
261 1634 407 1670 malum
429 1633 503 1671 sub
525 1633 663 1670 ordine
684 1633 854 1679 aliqu'us
874 1633 968 1670 boni
990 1633 1262 1678 concluditur;
1285 1633 1389 1671 sicut
1419 1633 1620 1677 corruptio
1641 1632 1745 1670 aeris

123 1686 183 1719 est
203 1682 310 1728 ignis
331 1681 548 1727 generatio,
571 1684 609 1716 et
637 1680 787 1717 occisio
820 1681 906 1717 ovis
936 1684 994 1718 est
1028 1684 1166 1726 pastus
1195 1680 1293 1726 lupi.
1317 1681 1443 1725 Quum
1479 1681 1603 1728 igitur
1634 1683 1746 1717 actus

122 1729 288 1766 humani
308 1728 449 1764 divinae
471 1727 728 1772 providentiae
750 1726 984 1773 subdantur,
1007 1729 1110 1765 sicut
1126 1731 1161 1765 et
1182 1735 1246 1765 res
1267 1729 1483 1773 naturales,
1502 1730 1748 1775 oportetma-

121 1776 204 1813 lum
226 1775 331 1822 quod
348 1775 491 1811 accidit
511 1775 550 1810 in
573 1774 760 1812 humanis
781 1775 935 1811 actibus
957 1775 1031 1812 sub
1051 1775 1190 1812 ordine
1215 1774 1384 1822 alicujus
1417 1775 1514 1813 boni
1544 1773 1744 1812 concludi.

123 1825 204 1860 Hoc
231 1826 360 1859 autem
399 1821 776 1858 convenientissime
810 1821 853 1858 fit
887 1832 956 1867 per
989 1822 1064 1859 1100
1094 1822 1198 1868 quod
1231 1826 1393 1868 peccata
1425 1821 1666 1868 puniuntur3
1688 1820 1746 1858 sic

123 1870 228 1906 enim
251 1869 324 1906 sub
358 1869 496 1905 ordine
524 1868 703 1914 justitiae,
725 1878 812 1915 quae
846 1868 895 1905 ad
925 1869 1189 1915 aequalitatem
1218 1868 1383 1913 reducit,
1406 1867 1747 1915 comprehendun-

125 1921 188 1953 tur
210 1926 257 1953 ea
277 1925 363 1963 quae
380 1915 550 1952 debitam
570 1916 831 1962 quantitatem
862 1916 1070 1953 excedunt.
1092 1915 1252 1952 Excedit
1280 1920 1409 1954 autem
1429 1916 1550 1953 homo
1570 1914 1746 1953 debitum

124 1973 207 2000 suae
228 1963 461 2010 quantitatis
481 1962 661 2008 gradum,
682 1962 774 1998 dum
795 1962 1040 1999 voluntatem
1060 1971 1174 1999 suam
1193 1962 1335 2000 divinae
1359 1962 1554 2000 voluntati
1573 1962 1744 2009 praefert‚

124 2009 408 2047 satist'acIendo
440 2009 475 2045 ei
502 2012 641 2045 contra
664 2008 841 2045 ordinem
870 2009 939 2046 Dei
963 2021 971 2053 ;
1000 2019 1086 2056 quae
1114 2009 1273 2056 quidem
1303 2010 1555 2057 inaequalitas
1577 2009 1744 2054 tollitur,

114 2057 216 2094 ’1111111
240 2060 376 2093 contra
401 2055 646 2093 voluntatem
667 2065 781 2093 suam
803 2056 924 2093 homo
945 2056 1096 2103 aliquid
1116 2057 1196 2102 pati
1219 2057 1374 2104 cogitur
1393 2057 1615 2094 secundum
1639 2055 1745 2093 ordi-

123 2104 342 2140 nationem.
366 2104 526 2149 Oportet
543 2102 666 2150 igitur
688 2103 793 2150 quod
828 2106 988 2148 peccata
1022 2104 1198 2140 humana
1231 2103 1448 2150 puniantur
1480 2104 1686 2148 divinitus,
1709 2105 1748 2140 et

123 2151 259 2187 eadem
279 2151 431 2187 ratione
449 2150 555 2187 bona
575 2150 678 2186 facta
698 2150 1059 2187 remunerationem
1083 2151 1293 2197 accipiant.

169 2199 270 2238 Item,
292 2197 425 2234 divina
445 2197 691 2249 providentia
706 2206 786 2233 non
809 2198 939 2234 solum
961 2197 1137 2244 disponit
1158 2207 1289 2235 rerum
1310 2197 1506 2242 ordinem,
1528 2197 1597 2235 sed
1628 2197 1747 2234 etiam

123 2248 254 2281 movet
276 2245 409 2282 omnia
430 2245 476 2281 ad
499 2244 652 2281 ordinis
671 2244 718 2280 ab
743 2254 787 2281 ea
808 2244 993 2291 dispositi
1015 2245 1303 2291 executionem,
1324 2248 1366 2282 ut
1387 2254 1508 2291 supra
1540 2248 1748 2282 ostensum

124 2296 197 2328 est.
219 2291 410 2329 Voluntas
432 2295 560 2328 autem
577 2301 600 2328 a
627 2301 701 2328 suo
717 2291 873 2338 objecto
895 2295 1088 2338 movetur,
1108 2292 1214 2339 quod
1235 2296 1296 2330 est
1315 2292 1465 2330 bonum
1493 2292 1554 2329 vel
1583 2291 1745 2329 malum.

120 2339 175 2375 Ad
199 2338 372 2376 divinam
394 2339 515 2386 igitur
535 2339 823 2384 providentiam
853 2339 1022 2385 pertinet
1041 2339 1147 2386 quod
1169 2339 1401 2377 hominibus
1420 2339 1528 2377 bona
1553 2342 1749 2386 proponat

123 2386 165 2423 in
186 2386 406 2432 praemium,
430 2390 471 2422 ut
490 2386 675 2423 voluntas
700 2386 748 2423 ad
779 2392 883 2423 recte
916 2386 1129 2423 volendum
1161 2390 1379 2432 moveatur,
1403 2390 1441 2423 et
1475 2386 1580 2423 mala
1609 2395 1749 2433 propo·

123 2437 190 2470 nat
211 2433 251 2470 in
273 2443 444 2480 poenam,
467 2433 515 2470 ad
537 2433 612 2470 hoe
629 2433 735 2480 quod
755 2433 1057 2470 inclinationem
1078 2434 1184 2470 vitet.

170 2482 358 2520 Praeterea,
385 2480 517 2517 divina
538 2480 785 2526 providentia
817 2480 893 2517 hoc
925 2481 1044 2518 modo
1077 2490 1141 2518 res
1174 2480 1371 2518 ordinavit
1402 2481 1509 2528 quod
1529 2489 1610 2518 una
1633 2478 1747 2517 alteri

122 2528 263 2572 prosit.
296 2527 681 2564 convenientissime
714 2531 845 2571 autem
879 2527 1000 2565 homo
1029 2527 1184 2574 proficit
1218 2527 1271 2564 ad
1298 2527 1416 2564 finem
1448 2527 1558 2573 boni,
1590 2531 1668 2564 tam
1699 2535 1748 2563 ex

122 2573 229 2611 bono
249 2574 411 2611 alterius
433 2574 610 2611 hominis
631 2584 747 2622 quarn
779 2585 825 2611 ex
846 2575 965 2619 malo,
989 2575 1080 2612 dum
1111 2575 1305 2612 excitatur
1337 2575 1385 2611 ad
1417 2574 1518 2612 bene
1547 2573 1746 2621 agendum

123 2629 192 2665 per
210 2621 285 2657 hoc
305 2622 410 2668 quod
430 2622 535 2658 videt
555 2622 653 2658 bene
687 2625 899 2668 operantes
933 2622 1144 2669 praemiari,
1168 2626 1205 2658 et
1237 2622 1331 2659 dum
1361 2626 1568 2659 revocatur
1592 2630 1615 2658 a
1641 2619 1746 2657 male

122 2667 278 2712 agendo
300 2678 368 2713 per
389 2669 464 2705 hoc
481 2668 586 2716 quod
607 2668 709 2705 videt
729 2669 830 2706 male
852 2673 1015 2715 agentes
1036 2669 1182 2715 puniri.
1203 2669 1259 2706 Ad
1281 2667 1455 2707 divinam
1476 2669 1598 2716 igitur
1616 2666 1743 2712 provi-

122 2712 298 2765 dentiam
319 2715 484 2760 pertinet
506 2715 609 2762 quod
631 2716 724 2753 mali
740 2716 956 2762 puniantur
975 2720 1014 2754 et
1029 2716 1124 2754 boni
1145 2716 1412 2762 praemientur.

171 2760 269 2796 Hinc
287 2765 347 2797 est
363 2762 468 2807 quod
489 2762 633 2800 dicitur
651 2775 660 2800 :
679 2765 755 2808 qu
774 2774 853 2799 sum
871 2765 1044 2800 Dominus
1064 2765 1157 2800 Deus
1172 2766 1315 2805 tuus...,
1336 2764 1491 2798 visitans
1515 2762 1745 2806 iniquitatem

117 2810 271 2854 patrum
289 2808 330 2843 in
348 2809 501 2852 filios...‚
530 2812 563 2845 et
579 2811 720 2854 faciens
748 2810 1035 2847 misericordiam
1065 2812 1105 2846 in
1129 2811 1247 2846 millia
1276 2810 1332 2846 his
1358 2810 1422 2855 qui
1451 2808 1612 2852 diliqunt
1630 2819 1684 2844 me
1712 2812 1746 2845 et

123 2854 330 2889 custodiunt
343 2858 525 2899 praecepta
543 2867 621 2891 mea
642 2856 789 2902 (Eoeod.‚
811 2865 878 2901 xx,
907 2860 942 2902 5,
966 2857 1024 2904 6);
1044 2861 1081 2894 et
1107 2869 1115 2893 ε
1136 2857 1274 2893 Reddes
1293 2857 1486 2901 unicuique
1506 2856 1619 2900 juoeta
1638 2865 1745 2903 opera

123 2910 190 2937 sua
211 2900 324 2947 (Psal.
346 2909 426 2948 LXI,
457 2901 534 2948 13);
566 2906 626 2939 et:
663 2904 801 2940 Reddet
826 2906 1021 2949 unicuique
1049 2904 1244 2939 secundum
1278 2912 1386 2948 opera
1416 2902 1507 2948 ejus,
1527 2903 1574 2938 iis
1600 2903 1744 2948 quidem
