1894 3223
0 141 10 151 ἱ

651 133 738 170 Lm.
764 132 825 177 IV,
852 133 954 169 CAP.
981 131 1148 169 xxxvll.
1638 129 1704 166 559

133 214 279 260 Adhuc,
299 214 343 250 in
363 220 445 266 uno
462 211 624 250 homine
646 222 760 258 puro,
779 213 959 260 quamvis
979 214 1031 250 sit
1059 213 1268 258 supposito
1296 220 1418 257 unus,
1445 213 1542 249 sunt
1574 213 1709 248 tamen

85 262 221 309 plures
240 263 280 298 et
298 263 497 307 appetitus
519 262 556 311 et
575 261 827 305 operationes
849 260 1069 296 secundum
1097 261 1252 297 diversa
1284 258 1478 296 naturalia
1499 257 1703 304 principia.

85 312 197 355 Nam,
216 307 439 346 secundum
470 307 703 344 rationalem
727 312 889 354 partein,
913 307 1015 343 inest
1033 307 1068 343 ei
1088 307 1297 350 voluntas;
1319 307 1542 343 seeundum
1578 305 1707 342 sensi-

85 357 202 394 tivam
223 354 329 391 inest
352 353 387 390 ei
409 353 624 391 irascibilis
644 357 682 391 et
700 354 1040 399 concupiscibilis,
1062 357 1100 391 et
1117 362 1258 391 rursus
1289 352 1482 390 naturalis
1511 352 1705 398 appetitus

85 411 208 442 conse
238 410 338 438 uens
358 401 462 437 vires
483 400 904 439 naturales.Similiter
931 404 1061 438 autem
1092 404 1132 437 et
1161 399 1382 438 secundum
1404 399 1562 436 oculum
1590 398 1702 445 videt,

85 457 209 490 secun
241 458 306 486 um
329 457 464 485 aurem
485 448 608 491 audit,
630 448 728 494 pede
746 448 935 490 ambulat,
960 448 1096 493 lingua
1117 447 1293 494 loquitur
1323 450 1360 483 et
1398 446 1703 483 mente-intelli-

84 495 162 545 git3
180 504 267 549 quae
287 499 380 532 sunt
401 496 653 540 operationes
675 495 881 531 univers-ie.
899 496 937 531 Et
957 494 1031 531 hoc
1061 495 1150 531 ideo
1170 498 1230 531 est
1247 493 1341 540 quia
1358 494 1611 539 operationes
1628 501 1703 531 non

86 542 402 590 multiplicantur
427 543 557 579 solum
582 542 801 579 secundum
834 542 989 578 diversa
1022 541 1200 585 subjecta
1234 540 1448 587 operativa,
1487 540 1556 576 sed
1589 540 1703 577 etiam

85 589 305 629 secundum
328 590 483 626 diversa
503 590 709 635 principia,
732 589 877 636 quibus
900 597 1022 625 unum
1044 592 1081 624 et
1102 587 1202 624 idem
1225 588 1445 633 subiectum
1469 591 1668 637 operatur,
1684 596 1706 624 a

142 637 233 674 ibus
254 638 370 673 etiam
395 637 646 682 operationes
669 637 839 682 speciem
862 636 1036 672 trahunt.
1055 635 1193 672 Divina
1212 643 1305 672 vero
1326 640 1465 671 natura
1478 635 1602 671 inulto
1617 634 1708 680 plus

114 685 207 722 'stat
228 684 275 721 ab
299 685 470 721 humana
490 692 608 730 quam
629 683 825 720 naturalia
846 683 1041 729 principia
1074 683 1256 719 humanae
1277 687 1429 718 naturae
1449 682 1496 718 ab
1519 682 1707 719 invicem.

86 733 153 770 Est
177 731 298 779 igitur
318 731 395 768 alia
417 736 453 767 ct
473 732 551 767 alia
570 730 754 768 voluntas
775 734 812 767 et
833 731 1009 775 operatio
1041 729 1183 766 ‹livinte
1216 733 1253 766 et
1287 729 1469 765 humana>
1491 734 1641 766 naturae
1662 728 1708 765 in

87 779 258 824 Christo,
281 778 371 816 licet
392 779 477 824 ipse
498 777 679 816 Christus
703 778 755 815 sit
773 778 814 814 in
836 782 1000 824 utraque
1023 781 1165 814 natura
1186 785 1303 813 unus.

133 827 234 871 Item,
268 835 314 863 ex
349 825 582 862 auctoritate
617 825 826 871 Scripturae
865 824 1072 861 manifeste
1102 823 1326 861 ostenditur
1352 823 1393 860 in
1427 822 1580 860 Christo
1609 822 1710 860 duas

87 872 312 911 voluntates
335 873 473 910 fuisse.
497 872 597 909 Dicit
616 872 718 909 enim
741 872 826 918 ipse
846 883 854 908 ε
877 871 1050 908 Des-cendi
1069 871 1112 906 de
1142 872 1237 912 coeIo,
1259 881 1332 907 non
1359 873 1402 906 ut
1425 871 1562 913 facium
1583 871 1707 905 volun-

88 922 197 956 tatem
217 929 343 963 meum,
371 919 433 956 sect
450 920 669 955 voluntatem
698 919 775 964 ejus
795 920 859 965 qui
883 920 983 954 misit
999 928 1054 954 me
1075 918 1233 964 (Joctnn.,
1259 926 1316 962 VI,
1333 918 1391 964 38)
1412 928 1420 960 ;
1444 920 1481 953 et
1504 927 1511 950 :
1532 918 1611 954 Non
1632 927 1708 952 mea

86 967 265 1007 voluntas,
285 967 347 1003 secl
366 969 430 1002 tua
448 968 526 1012 stat.
548 966 663 1013 (Lite,
686 975 783 1010 xxii,
809 966 882 1012 4-2.)
909 968 959 1002 Ex
979 965 1123 1011 quilius
1143 967 1248 1011 patet
1269 965 1373 1011 quod
1395 964 1435 1000 in
1459 964 1614 1001 Christo
1636 963 1707 1000 suit

87 1014 268 1063 quaedam
290 1013 473 1051 voluntas
494 1014 650 1060 propria
672 1014 770 1059 ejus,
790 1017 929 1059 praeter
949 1014 1193 1050 voluntatem
1214 1012 1355 1048 Patris.
1378 1011 1629 1048 Manifestum
1649 1013 1711 1047 est

89 1064 218 1100 autem
241 1060 345 1108 quod
378 1060 417 1098 in
451 1069 499 1098 eo
519 1061 592 1097 fuit
610 1061 792 1097 voluntas
825 1060 1003 1106 quaedam
1025 1059 1251 1096 communis
1273 1059 1346 1095 sihi
1370 1062 1406 1094 et
1435 1058 1563 1102 Patri;
1584 1057 1710 1095 Patris

89 1109 195 1146 enim
218 1112 256 1145 et
276 1107 360 1145 Filii
380 1107 482 1145 sicut
501 1111 562 1145 est
581 1116 660 1144 una
678 1111 831 1152 natura,
853 1107 907 1143 ita
927 1107 1044 1143 etiam
1065 1111 1126 1143 est
1159 1115 1239 1143 una
1257 1106 1454 1142 voluntas.
1475 1105 1574 1142 Sunt
1590 1104 1712 1152 igitur

92 1155 134 1193 in
156 1155 310 1192 Christo
329 1155 415 1191 duae
432 1153 670 1191 voluntates.

136 1201 243 1239 Idem
263 1205 394 1239 autem
409 1204 448 1238 et
466 1200 512 1238 de
529 1200 829 1246 operationibus
844 1203 962 1246 patet.
985 1199 1072 1237 Fuit
1087 1199 1190 1236 enim
1211 1199 1250 1236 in
1269 1199 1422 1236 Christo
1438 1207 1517 1234 una
1535 1198 1710 1244 operatio

88 1248 166 1289 sibi
188 1252 227 1286 et
245 1248 350 1286 Patri
370 1248 608 1293 communis,
628 1257 750 1295 quum
769 1248 853 1293 ipse
874 1247 978 1284 dicat
999 1257 1007 1282 :
1030 1247 1267 1292 Quaecumque
1284 1248 1394 1283 Pater
1421 1247 1561 1290 fecerit,
1582 1248 1615 1282 et
1634 1246 1711 1281 haec

87 1296 258 1334 similiter
276 1296 392 1332 Filius
411 1296 510 1339 fecit.
531 1294 690 1342 (Joann.‚
712 1303 753 1340 v,
783 1293 856 1341 19.)
879 1296 946 1332 Est
980 1299 1112 1331 autem
1129 1294 1169 1330 in
1192 1302 1240 1331 eo
1260 1296 1299 1331 et
1325 1293 1404 1330 alia
1424 1292 1602 1338 operatio
1623 1301 1710 1338 quae

89 1352 169 1382 non
190 1343 376 1381 convenit
391 1343 510 1387 Patri,
531 1345 574 1380 ut
593 1342 779 1386 dormire,
799 1342 965 1387 esurire,
986 1341 1194 1379 comedere
1208 1344 1246 1377 et
1266 1340 1344 1377 alia
1366 1339 1610 1384 hujusmodi,
1624 1349 1711 1385 qnae

90 1390 272 1429 Christus
311 1390 542 1428 humanitus
576 1389 666 1426 fecit
685 1390 745 1426 vel
781 1398 926 1434 passus
959 1392 1031 1432 est,
1052 1392 1097 1425 ut
1128 1388 1383 1436 evangelistae
1409 1386 1587 1424 tradunt.
1623 1388 1710 1423 Non

91 1438 215 1486 igitur
234 1437 307 1475 suit
322 1437 364 1474 in
386 1437 540 1474 Christo
559 1445 640 1474 una
657 1439 810 1473 tantum
832 1436 1023 1482 operatio.

135 1484 298 1522 Videtur
317 1487 447 1522 autem
467 1483 551 1521 haec
571 1483 714 1530 positio
734 1485 865 1521 ortum
886 1483 1076 1525 habuisse
1105 1492 1153 1519 ex
1180 1482 1258 1520 hoc
1286 1482 1392 1529 quod
1420 1481 1507 1527 ejus
1529 1482 1714 1518 auctores

91 1531 322 1570 nescierunt
355 1530 599 1578 distinguere
636 1531 739 1567 inter
775 1530 814 1567 id
853 1529 958 1577 quod
989 1534 1051 1567 est
1082 1529 1314 1575 simpliciter
1344 1538 1468 1565 unum
1500 1530 1539 1565 et
1575 1527 1712 1565 ordine

90 1587 231 1617 unum.
245 1578 435 1616 Viderunt
450 1577 554 1614 enirn
574 1577 817 1615 voluntatem
838 1577 1052 1614 humanam
1073 1577 1115 1613 in
1131 1576 1284 1613 Christo
1304 1576 1467 1613 omnino
1488 1574 1563 1612 sul)
1578 1574 1715 1611 volun-

88 1628 168 1664 tate
200 1625 334 1663 divina
369 1624 590 1662 ordinatam
623 1624 761 1668 fuisse,
782 1624 834 1662 ita
860 1624 966 1670 quod
986 1623 1084 1661 nihil
1103 1624 1306 1661 voluntate
1338 1622 1512 1660 humana
1533 1621 1710 1658 Christus

89 1672 217 1711 voluit
236 1672 314 1709 nisi
334 1671 555 1710 secundum
581 1672 803 1719 quod,eum
823 1672 923 1707 velle
941 1671 1124 1708 voluntas
1141 1671 1275 1707 divina
1294 1669 1508 1716 disposuit.
1528 1668 1716 1707 Similiter

91 1721 210 1758 etiam
249 1720 348 1757 nihil
384 1718 562 1757 Christus
586 1718 803 1756 secundum
843 1718 1059 1755 humanam
1099 1720 1280 1755 naturam
1318 1720 1505 1763 operatus
1546 1719 1619 1758 est,
1652 1715 1712 1751 vel

92 1776 115 1805 a
144 1766 247 1805 endo
275 1766 334 1803 vel
372 1765 572 1812 patiendo,
605 1765 682 1802 nisi
718 1765 823 1812 quod
862 1766 1046 1802 voluntas
1080 1764 1212 1802 divina
1247 1764 1458 1810 disposuit,
1493 1761 1713 1801 secundum

91 1814 120 1852 it
141 1814 191 1851 ud
213 1824 222 1850 ε
247 1813 332 1857 Qttae
345 1814 486 1859 placita
514 1815 600 1849 sunt
630 1814 674 1854 εἰ,
705 1814 802 1857 facio
821 1823 970 1858 semper.
1000 1812 1157 1859 (Joann.,
1176 1820 1264 1856 VIII,
1286 1811 1360 1856 29.)
1384 1812 1564 1848 Humana
1593 1810 1713 1847 ctiam

94 1860 271 1907 operatio
291 1860 434 1898 Christi
448 1860 658 1907 quamdam
679 1859 893 1897 efficaciam
915 1859 1084 1896 divinam
1107 1869 1155 1896 ex
1174 1858 1321 1896 unione
1337 1858 1554 1894 divinitatis
1573 1865 1713 1894 conse—

91 1908 298 1956 quebatur,
320 1907 423 1945 sieut
442 1907 545 1944 actio
566 1906 792 1945 secundarii
810 1907 964 1952 agentis
990 1906 1247 1953 consequitur
1266 1904 1482 1942 efficaciam
1500 1903 1712 1951 quamdam

91 1964 141 1993 ex
158 1954 366 2001 principali
386 1958 526 2002 agente
543 1966 552 1998 ;
573 1963 622 1991 ex
641 1963 720 2001 quo
741 1954 932 2000 contingit
953 1953 1058 2000 quod
1080 1954 1266 2000 quaelihet.
1280 1952 1366 1998 ejus
1386 1952 1489 1989 actio
1506 1952 1563 1987 vel
1581 1950 1714 1996 passio

90 2001 166 2040 fuit
196 2001 395 2046 salubris;
419 2004 578 2048 propter
595 2001 702 2048 quod
734 2000 946 2047 Dionysius
969 2002 1033 2047 (De
1052 2000 1190 2037 divinis
1209 2002 1362 2044 nomin„
1385 2009 1419 2036 c.
1441 2000 1476 2045 2)
1498 1999 1714 2035 humanam

95 2048 238 2087 Christi
255 2048 526 2095 operationem
544 2052 659 2086 vocat
676 2048 938 2088 theandricam,
962 2048 1000 2084 id
1021 2050 1083 2085 est
1096 2047 1326 2087 dei-virilem,
1349 2049 1387 2084 et
1407 2047 1523 2083 etiam
1545 2045 1640 2092 quia
1656 2047 1716 2081 est

91 2095 162 2133 Dei
191 2098 230 2133 et
260 2095 449 2132 hominis.
479 2094 666 2132 videntes
699 2095 818 2143 igitur
847 2095 1060 2132 humanam
1089 2095 1332 2132 voluntatem
1368 2097 1407 2130 et
1444 2092 1715 2140 operationem

93 2141 236 2181 Christi
267 2141 342 2179 sub
370 2141 506 2179 divina
537 2141 724 2186 ordinari,
763 2141 963 2178 infallibili
995 2141 1147 2187 ordine,
1179 2141 1455 2188 judicaverunt
1483 2140 1522 2176 in
1559 2138 1716 2176 Christo

91 2198 183 2227 esse
210 2191 364 2227 tantum
385 2188 627 2226 voluntatem
647 2191 686 2226 et
704 2188 971 2234 operationem
997 2197 1117 2225 unam
1135 2200 1144 2233 ;
1166 2188 1347 2235 quamvis
1366 2195 1447 2224 non
1469 2186 1523 2225 sit
1543 2185 1717 2231 idem,ut

93 2235 244 2274 dictum
263 2238 337 2281 est,
358 2243 483 2273 unum
499 2235 638 2272 ordine
659 2238 698 2272 et
717 2243 841 2272 unum
857 2234 1103 2281 simpliciter.

709 2379 878 2422 CAPUT
907 2380 1104 2421 XXXVII.

93 2496 246 2528 CONTRA
269 2497 342 2527 Eos
376 2497 442 2532 QUI
466 2495 662 2526 DIXERUNT
685 2495 737 2525 EX
760 2495 890 2525 ANIMA
913 2496 964 2525 ET
988 2495 1163 2524 CORPORE
1186 2495 1268 2524 NON
1289 2492 1384 2524 ESSE
1410 2494 1570 2528 ALIQUID
1607 2494 1716 2523 UNtm

638 2553 907 2584 CONSTITUTUM
931 2554 972 2583 IN
995 2553 1172 2583 CHRISTO.

141 2661 195 2697 Ex
225 2657 444 2706 praemissis
475 2657 597 2703 igitur
626 2656 881 2694 manifestum
904 2660 964 2693 est
993 2656 1100 2703 quod
1122 2657 1166 2692 in
1187 2655 1341 2693 Christo
1374 2659 1434 2694 est
1451 2659 1603 2693 tantum
1636 2665 1717 2693 una

93 2714 281 2754 persona,
315 2704 537 2743 secundum
568 2703 659 2740 fidei
691 2704 966 2749 assertionem,
999 2707 1037 2739 et
1066 2703 1153 2740 duae
1183 2706 1348 2746 naturae,
1370 2706 1509 2740 contra
1536 2703 1575 2740 id
1610 2702 1717 2750 quod

93 2752 302 2793 Nestorius
323 2754 362 2788 et
380 2751 576 2799 Eutyches
596 2752 830 2797 posuerunt.

102 2799 232 2844 ‘⁷Sed,
253 2799 348 2847 quia
384 2799 461 2836 hoc
491 2797 663 2835 alienum
694 2797 849 2834 videtur
868 2796 916 2834 ab
949 2796 1013 2833 his
1036 2806 1123 2842 quae
1155 2797 1347 2834 naturalis
1377 2797 1478 2834 ratio
1503 2797 1716 2843 experitur,

94 2844 255 2884 fuerunt
285 2845 446 2893 quidam
480 2844 740 2891 posteriores,
775 2844 895 2881 talem
921 2843 969 2879 de
1004 2843 1152 2880 unione
1185 2843 1425 2890 positionem
1458 2847 1716 2882 asserentes:

94 2892 207 2938 Quia·
227 2893 334 2931 enim
357 2903 406 2931 ex
424 2893 572 2930 unione
592 2891 725 2930 anima
749 2895 788 2928 et
806 2891 986 2937 corporis
1018 2890 1276 2929 constituitur
1304 2891 1439 2937 homo,
1462 2891 1532 2930 sed
1563 2901 1610 2928 ex
1642 2891 1719 2929 hac

1674 3055 1692 3070 l
