1894 3223
738 121 826 156 Lm.
855 120 914 164 iv,
943 120 1044 158 CAP.
1069 120 1138 157 xc,
1270 147 1273 150 .
1677 122 1745 157 635
1796 166 1799 169 ¹

133 210 302 248 corpora
332 204 450 239 erunt
483 211 506 239 a
538 202 660 247 ibilia,
689 202 804 249 quasi
835 202 921 240 sine
953 201 1185 238 difficultate
1217 201 1362 239 animae
1393 200 1644 244 obedientia;
1675 200 1748 238 sed

132 249 262 294 magis
283 253 400 285 erunt
418 257 509 294 pont
527 258 655 293 erosa,
679 252 718 286 et
740 249 885 295 gravia,
907 251 946 285 et
963 248 1258 295 quodammodo
1291 247 1432 285 animae
1463 247 1744 293 importabilia.

134 297 240 333 sicut
259 298 296 332 et
316 295 410 341 ipsae
431 296 572 332 animze
604 306 673 342 per
703 295 1011 333 inobedientiam
1031 305 1054 333 a
1073 297 1152 332 Deo
1173 298 1267 332 sunt
1294 304 1454 332 aversoe.
1476 293 1749 331 Remanebunt

133 343 252 379 etiam
284 343 491 387 passibilia
513 343 617 380 sicut
644 352 764 387 nunc,
784 343 846 378 vel
878 342 996 378 etiam
1028 342 1155 388 magis
1172 354 1180 385 ;
1199 342 1252 378 ita
1269 345 1400 378 tamen
1421 341 1525 387 qnod
1552 341 1749 387 patientur

133 389 296 436 quidem
317 398 340 425 a
358 390 476 426 rebus
496 389 1041 430 sensibilibusaillictionem.
1057 397 1135 425 non
1151 392 1280 425 tamen
1302 389 1596 433 corruptionem
1615 400 1623 432 ;
1645 388 1749 426 sicut

135 439 174 473 et
188 436 366 482 ipsorum
388 438 529 473 animae
548 436 836 483 torquebuntur
849 445 872 472 a
888 435 1055 472 naturali
1070 435 1265 472 desiderio
1279 435 1532 472 beatitudinis
1546 435 1746 472 frustrato.

136 484 259 519 Erunt
278 483 394 519 etiam
417 492 553 520 eornm
573 492 740 528 corpora
761 491 898 529 opaca,
920 486 958 519 et
974 481 1199 526 tenebrosa,
1221 482 1325 519 sicut
1344 486 1382 522 ct
1405 491 1541 519 eorum
1564 482 1705 518 animae
1725 490 1751 520 a

134 529 286 567 lumine
308 531 450 567 ‹tivinae
468 530 711 577 cognitionis
731 532 845 565 erunt
866 529 1004 565 alienae
1028 538 1036 563 ε
1058 532 1096 565 et
1113 529 1188 566 hoc
1209 529 1388 575 estquod
1408 528 1620 574 Apostolus
1638 528 1747 573 dicit,

137 578 151 613 1
174 577 366 618 Corinth„
388 586 456 621 xv,
479 580 536 616 51,
568 576 672 623 quod
704 586 821 612 omncs
855 586 1093 619 resumemus,
1114 576 1176 611 scd
1201 586 1272 611 non
1302 585 1420 611 ornnes
1450 576 1748 619 immutabimur,-

133 624 212 706 soli
232 624 336 660 enim
359 624 451 660 boni
472 624 784 661 immutabuntur
802 622 852 659 ad
877 624 1069 669 gloriam3
1093 623 1287 660 malorum
1305 631 1397 659 vero
1412 631 1578 669 corpora
1597 623 1749 669 absque

184 671 269 707 Oria
290 674 508 716 resurgent.

138 679 163 718 g
183 719 294 754 Forte
313 722 442 754 autem
460 717 577 754 alicui
599 722 729 763 potest
748 717 996 763 impossibile
1011 717 1132 753 videri
1155 717 1258 762 quod
1274 717 1468 753 malorum
1485 726 1650 761 corpora
1670 717 1753 754 sint

135 764 354 811 passibilia,
397 774 478 801 11011
514 768 644 801 tamen
683 764 955 809 corruptibilia
973 792 982 807 ‚
1021 774 1110 800 cnm
1145 765 1276 800 omnis
1310 764 1443 808 passio
1484 765 1611 809 magis
1649 764 1753 802 facta

134 811 293 857 abjiciat
313 821 336 848 a
356 811 580 848 substantia
602 823 610 854 ;
631 811 812 848 videmus
839 811 944 846 enim
963 811 1082 856 quod,
1104 811 1137 847 si
1160 819 1305 855 corpus
1326 811 1390 846 din
1426 811 1466 846 in
1487 811 1579 856 igne
1599 820 1751 856 perma-

137 861 242 901 neat,
274 856 444 894 finaliter
466 863 750 902 consumetur3
783 858 897 894 dolor
925 857 1041 893 etiam
1064 858 1097 892 51
1130 857 1180 894 sit
1211 858 1331 893 nimis
1351 857 1547 901 intensus,
1570 858 1701 894 anima
1728 866 1753 896 a

132 913 300 950 corpore
332 910 550 951 separatur.
579 906 653 941 Sed
690 905 764 942 1100
801 908 927 941 totum
959 904 1102 940 accidit
1134 905 1339 950 supposita
1377 904 1751 942 transmutabilitate

132 951 307 989 materiae
344 951 393 989 de
430 952 558 988 forma
590 953 630 988 in
667 952 846 988 sormam.
886 952 1036 996 Corpus
1075 955 1205 988 autem
1245 951 1461 988 humanum
1492 955 1582 996 post
1618 960 1750 988 resur-

132 999 350 1035 rectionem
383 1008 463 1035 non
496 999 569 1036 erit
598 998 898 1035 transmutabile
925 998 971 1034 de
1003 999 1128 1034 t'orma
1148 999 1187 1033 in
1210 998 1376 1034 sormam
1404 1007 1532 1043 neque
1551 998 1591 1034 in
1612 998 1745 1044 1101115,

136 1055 266 1092 neque
287 1046 328 1082 in
349 1046 480 1089 malis,
498 1046 592 1092 quia
612 1047 652 1082 in
680 1047 858 1091 utrisque
878 1044 1048 1081 totaliter
1067 1045 1290 1089 perficietur
1310 1045 1359 1081 ab
1393 1046 1525 1081 anima
1556 1050 1747 1091 quantum

137 1092 185 1130 ad
207 1101 297 1129 esse
324 1097 499 1137 naturae;
520 1093 572 1128 ita
594 1098 634 1128 ut
650 1092 732 1138 jam
755 1101 833 1128 non
856 1092 908 1129 sit
927 1092 1118 1136 possibile
1141 1092 1241 1129 hanc
1263 1093 1426 1128 sormam
1456 1102 1478 1128 a
1496 1092 1564 1128 tali
1583 1101 1747 1137 corpore

137 1140 346 1184 removeri,
369 1149 496 1186 neque
529 1139 645 1176 aliam
678 1139 889 1183 introduci,
911 1139 1043 1175 divina
1070 1139 1212 1175 virtute
1243 1147 1387 1184 corpus
1409 1140 1550 1175 1111111116
1578 1140 1752 1176 totaliter

138 1185 372 1232 subjiciente
401 1197 409 1221 ε
446 1186 548 1222 unde
585 1189 623 1222 et
656 1186 832 1231 potentia
869 1195 955 1232 quae
987 1190 1049 1222 est
1080 1187 1122 1222 in
1154 1186 1279 1233 prima
1310 1187 1475 1222 materia
1508 1185 1557 1223 ad
1592 1194 1751 1223 omnem

137 1233 305 1271 formam
327 1233 370 1269 in
389 1241 554 1278 corpore
575 1232 750 1270 humano
771 1233 989 1269 remanebit
1013 1233 1307 1279 quodammodo
1337 1233 1457 1278 ligata
1484 1241 1554 1277 per
1570 1233 1751 1270 virtutem

136 1280 282 1317 animae
310 1288 359 1317 ne
386 1280 515 1326 possit
534 1280 575 1317 in
595 1284 726 1317 actum
753 1280 915 1317 alterius
930 1280 1066 1316 formae
1087 1280 1234 1316 reduci.
1257 1280 1344 1324 Sed,
1362 1280 1453 1326 quia
1473 1280 1751 1317 damnatorum

135 1335 306 1373 corpora
347 1330 539 1374 quantum
577 1327 625 1364 ad
663 1327 818 1373 aliquas
854 1327 1105 1364 conditiones
1138 1336 1216 1363 non
1253 1330 1369 1364 erunt
1405 1327 1545 1363 animae
1579 1327 1754 1364 totaliter

136 1374 330 1420 subjecta,
350 1373 578 1421 affligentur
591 1376 810 1411 secundum
831 1382 994 1411 sensum
1012 1384 1033 1411 a
1054 1374 1329 1410 contrarietate
1349 1374 1601 1411 sensibilium
1623 1385 1632 1410 :
1653 1373 1752 1411 affli-

135 1424 281 1468 gentur
308 1420 414 1458 enim
447 1421 495 1458 ab
526 1421 619 1467 igne
649 1430 854 1467 corporeo,
889 1421 1123 1468 inquantum
1161 1421 1333 1467 qualitas
1364 1421 1469 1468 ignis
1500 1424 1658 1466 propter
1688 1421 1753 1458 sui

134 1467 409 1504 excellentiam
431 1468 694 1505 contrariatur
722 1468 933 1514 aequalitati
954 1467 1255 1514 complexionis,
1279 1471 1318 1504 et
1334 1468 1563 1511 harmoniae,
1586 1477 1672 1514 quae
1693 1471 1754 1505 est

135 1514 277 1552 sensui
313 1515 599 1559 connaturalis,
633 1515 722 1552 licet
759 1524 844 1551 eam
878 1515 1030 1552 solvere
1068 1523 1149 1551 non
1189 1515 1340 1560 possit;
1379 1524 1459 1551 non
1492 1519 1623 1551 tamen
1659 1515 1752 1551 talis

135 1561 298 1599 afflictio
320 1562 494 1598 animam
526 1571 549 1598 a
578 1570 742 1606 corpore
771 1562 915 1607 poterit
945 1570 1143 1608 separare,
1164 1571 1286 1608 quum
1317 1571 1462 1607 corpus
1495 1570 1651 1608 semper
1677 1562 1752 1599 sub

136 1608 274 1646 eadem
294 1608 421 1646 forma
442 1617 607 1646 necesse
626 1609 675 1646 sit
697 1618 915 1646 remanere.

183 1655 292 1692 Sicut
328 1660 459 1693 autem
491 1665 657 1701 corpora
690 1656 894 1693 beatorum
931 1659 1091 1702 propter
1126 1655 1425 1693 innovationem
1462 1657 1598 1703 gloriae
1634 1665 1755 1704 supra

137 1702 317 1739 coelestia
353 1711 520 1748 corpora
546 1701 815 1746 elevabuntur,
849 1703 904 1739 ita
933 1706 973 1739 et
1001 1703 1115 1740 locus
1151 1703 1328 1748 intimus,
1361 1706 1400 1739 et
1431 1704 1682 1747 tenebrosus,
1714 1707 1754 1741 et

135 1749 305 1794 poenalis
325 1749 670 1796 proportionaliter
684 1749 935 1795 deputabitur
952 1749 1186 1795 corporibus
1203 1750 1478 1787 damnatorum
1499 1762 1508 1786 :
1530 1751 1633 1787 unde
1655 1753 1694 1786 et
1712 1751 1755 1788 in

137 1796 284 1833 Psalm.
314 1805 392 1841 LIV,
425 1799 480 1841 16,
503 1796 674 1834 dicitur:
700 1797 830 1832 Veniat
857 1807 952 1832 mors
977 1807 1083 1841 5111161-
1110 1806 1179 1840 cos,
1200 1799 1234 1832 ct
1264 1797 1482 1833 descendant
1511 1798 1552 1833 in
1570 1799 1755 1840 infernum

136 1845 319 1886 viventcs‚·
341 1847 382 1880 et
400 1844 573 1890 Apocal.‚
595 1851 662 1886 xx,
694 1846 729 1887 9,
749 1844 904 1887 dicitur,
935 1843 1040 1889 quod
1061 1843 1225 1878 diabolus
1244 1845 1309 1888 qui
1327 1844 1514 1879 seducebat
1534 1855 1601 1883 eos,
1623 1846 1754 1889 missus

136 1892 188 1926 est
205 1891 245 1925 in
259 1893 428 1934 staynum
442 1893 550 1935 ignis,
573 1894 605 1926 ec
619 1891 805 1935 sulphuris
819 1903 829 1926 :
843 1891 907 1926 ubi
922 1894 955 1926 ct
971 1891 1095 1935 bestiti,
1115 1894 1150 1926 et
1162 1891 1481 1936 pseudoprophetae
1497 1892 1756 1928 cruciabuntur

134 1937 197 1972 die
216 1947 258 1973 ac
276 1940 375 1974 nocte
390 1939 431 1973 in
450 1938 580 1974 saecula
598 1938 821 1974 saeculorum.

808 2083 975 2124 CAPUT
1001 2084 1084 2125 XC.

238 2202 419 2236 QUOMODO
446 2201 695 2231 SUBsTANTtAE
720 2202 971 2231 INCORPOREAE
995 2204 1216 2233 PATIANTUR
1242 2205 1294 2233 AB
1320 2205 1411 2234 IGNE
1436 2205 1649 2234 CORPOREO·

186 2311 261 2348 Sed
282 2313 412 2356 potest
432 2310 564 2346 venire
595 2310 635 2346 in
674 2311 849 2354 dubium,
870 2312 1070 2357 quomodo
1095 2312 1292 2357 diabolus,
1312 2314 1380 2360 qui
1399 2314 1659 2360 incorporeus
1679 2319 1752 2360 est,

138 2361 178 2395 et
215 2358 357 2394 animae
394 2357 669 2394 damnatorum
700 2362 789 2394 ante
821 2359 1151 2395 resurrectionem
1172 2359 1220 2396 ab
1247 2360 1337 2405 igne
1364 2362 1558 2406 corporali
1599 2363 1755 2407 possint

137 2405 234 2451 pati,
255 2414 278 2442 a
308 2413 387 2451 quo
417 2405 616 2450 patientur
648 2405 687 2440 in
712 2405 867 2440 interno
888 2414 1054 2450 corpora
1074 2406 1363 2450 damnatorum,
1382 2408 1486 2445 sicut
1506 2412 1541 2444 et
1563 2410 1753 2446 Dominus

138 2452 244 2495 dicit,
275 2452 425 2494 ttlatth„
458 2460 553 2494 XXV,
574 2454 615 2487 41
641 2463 649 2486 :
671 2452 735 2491 Ite,
765 2452 961 2496 maledicti,
986 2453 1027 2488 in
1068 2454 1186 2497 ionem
1223 2457 1406 2495 aeternum,
1426 2457 1489 2500 qui
1514 2460 1667 2500 paratus
1703 2459 1767 2492 ese
1804 2450 1819 2460 “’

140 2498 283 2533 diabolo
302 2501 336 2533 et
354 2499 491 2542 amyclis
510 2498 600 2543 ejus.

186 2547 273 2581 Non
310 2545 432 2592 igitur
451 2545 510 2582 sic
531 2545 806 2581 aestimandum
836 2549 897 2582 est
926 2545 1030 2592 quod
1060 2546 1293 2584 substantiae
1327 2547 1570 2594 incorporeae
1593 2550 1640 2586 ab
1661 2550 1753 2597 igne

140 2600 332 2637 corporeo
362 2592 441 2637 pati
474 2592 642 2637 possint,
664 2592 770 2637 quod
799 2602 932 2628 earum
965 2597 1105 2629 natura
1126 2598 1402 2639 corrumpatur
1423 2605 1492 2640 per
1523 2596 1669 2643 ignem,
1690 2598 1752 2634 vel

140 2638 340 2682 alteretur,
362 2643 429 2675 aut
446 2639 785 2685 qualitercumque
803 2638 916 2675 aliter
935 2642 1234 2684 transmutetur,
1253 2642 1357 2678 sicut
1375 2651 1482 2679 nunc
1501 2647 1639 2680 nostra
1666 2653 1751 2681 cor-

139 2693 235 2730 pora
258 2686 530 2731 corruptibilia
550 2686 752 2730 patiuntur
779 2685 827 2722 ab
854 2685 946 2732 igne
970 2696 978 2719 :
1000 2686 1232 2723 substantiae
1263 2689 1367 2724 enim
1399 2689 1641 2736 incorporeae
1672 2700 1752 2728 non

137 2731 286 2769 habent
319 2737 500 2769 naturam
533 2732 793 2777 corporalem,
828 2736 871 2768 ut
906 2733 1061 2778 possint
1087 2743 1110 2769 a
1140 2733 1258 2770 rebus
1289 2736 1490 2781 corporeis
1528 2737 1750 2783 immutari;

137 2786 266 2825 neque
287 2779 402 2816 etlam
422 2780 638 2815 formarum
660 2779 910 2815 sensibilium
931 2780 1164 2824 susceptivae
1184 2784 1290 2825 sunt,
1313 2782 1391 2818 nisi
1420 2782 1719 2831 intelligibiliter
1739 2795 1749 2819 ε

137 2825 230 2877 talis
263 2829 394 2863 autem
415 2826 616 2871 susceptio
646 2834 726 2862 non
745 2830 807 2862 est
837 2826 1018 2871 poenalis,
1037 2826 1107 2862 sed
1127 2827 1255 2873 magis
1275 2829 1487 2873 perfectiva
1518 2836 1556 2867 et
1586 2832 1751 2868 delecta-

137 2870 245 2911 bilis.
259 2874 393 2921 Neque
406 2873 524 2910 etiam
537 2874 667 2919 potest
680 2872 771 2918 dici,
788 2872 895 2920 quod
913 2873 1113 2919 patiantur
1126 2873 1278 2921 abigne
1288 2884 1479 2922 corporeo
1492 2877 1748 2916 afflictionem
