1894 3223
171 127 237 163 122
788 117 878 154 LIB.
904 116 935 161 Ι,
963 115 1064 153 ΟΑΡ.
1090 115 1177 154 XXI.

169 214 314 252 corpus
333 207 417 241 tota
431 211 505 240 sua
524 197 746 237 substantia
764 197 860 244 agit,
881 196 956 234 etsi
980 199 1108 234 totum
1134 199 1249 243 agat;
1278 194 1385 243 quia,
1413 203 1504 231 cum
1526 202 1643 231 omne
1666 202 1792 241 agens

173 256 264 300 agat
295 260 364 297 per
396 250 563 286 formam
584 255 663 293 qua
690 247 781 282 actu
813 247 889 285 est,
911 243 1010 280 illud
1043 244 1174 280 solum
1205 252 1275 289 per
1305 245 1429 278 totam
1461 250 1575 278 suam
1605 241 1793 278 substan-

173 301 265 336 tiam
296 306 412 344 agere
442 293 598 340 poterit,
629 291 744 338 quus
779 293 851 335 >est
881 294 965 327 tota
1000 290 1226 327 substantia
1270 289 1429 326 forma:
1460 288 1566 335 quod
1598 287 1645 324 de
1681 288 1793 325 nullo

172 354 337 391 corpore
366 345 495 388 potest
518 340 610 384 diei,
650 348 740 376 cum
770 347 888 375 omne
909 346 1054 384 corpus
1075 337 1218 374 habeat
1238 336 1458 380 materiam,
1481 344 1528 372 eo
1546 334 1652 382 quod
1673 343 1793 372 omne

173 400 315 438 corpus
353 393 414 426 est
453 386 657 424 mutabile.
703 387 804 432 Ergo
838 385 992 421 nullum
1030 393 1176 430 corpus
1211 387 1342 430 potest
1379 382 1531 429 aliquid
1572 381 1793 427 producere

175 437 394 477 secundum
411 438 535 472 totam
554 434 639 480 ejus
659 432 939 484 substantiam,
961 431 1068 478 quod
1088 435 1148 467 est
1163 430 1210 467 de
1231 430 1384 467 ratione
1407 429 1636 466 creationis.

217 484 400 529 Amplius,
423 491 556 518 creare
577 488 656 517 non
677 483 736 517 est
756 479 835 516 nisi
856 478 1043 524 potentiae
1072 477 1260 521 infinitae;
1291 480 1402 513 tanto
1422 476 1528 513 enim
1548 479 1607 512 est
1630 474 1795 522 majoris

171 531 358 579 potentiae
378 537 502 576 agens
523 527 698 574 aliquod,
720 530 869 573 quanto
904 524 1122 571 potentiam
1156 524 1286 571 magis
1318 524 1366 560 ab
1398 527 1489 560 actu
1521 522 1734 560 distantem
1754 522 1797 558 in

172 582 304 616 actum
318 577 506 614 reducere
519 577 650 621 potest
669 585 677 610 :
700 577 743 610 ut
760 572 866 619 quod
887 575 1018 618 potest
1032 581 1078 607 ex
1099 580 1202 618 aqua
1221 572 1353 618 ignem
1373 570 1517 614 facere,
1537 579 1654 617 quam
1691 568 1797 615 quod

172 636 220 662 ex
246 633 348 662 aere.
372 623 494 666 Unde,
528 621 595 658 ubi
629 620 794 658 omnino
823 618 1002 665 potentia
1027 618 1286 664 praeexistens
1315 617 1575 662 subtrahitur,
1596 616 1798 653 exceditur

172 671 305 710 omnis
337 669 607 708 determinatae
637 666 836 705 distantiae
868 666 1097 712 proportio,
1130 668 1168 701 et
1197 665 1256 701 sic
1286 673 1454 701 necesse
1489 668 1549 700 est
1578 663 1798 710 potentiam

173 718 355 766 agentis,
395 726 482 764 quae
519 715 669 762 aliquid
708 713 906 758 instituit,
939 712 1049 750 nulla
1084 711 1262 758 potentia
1296 711 1587 757 praeexistente,
1610 710 1799 747 excedere

173 775 333 804 omnem
371 763 670 811 proportionem
709 770 796 808 quae
835 764 972 806 posset
1006 758 1257 796 considerari
1297 757 1348 794 ad
1382 757 1599 803 potentiam
1640 756 1800 803 agentis

175 812 326 859 aliquid
349 821 397 848 ex
416 810 583 848 materia
603 809 802 846 facientis.
825 808 944 845 Nulla
963 810 1095 843 autem
1113 804 1292 852 potentia
1321 804 1502 850 corporis
1532 807 1593 840 est
1624 803 1798 848 infinita,

173 863 217 898 ut
234 859 423 905 probatur
443 868 465 895 a
486 856 728 902 Philosopho
749 856 790 892 in
809 859 947 892 octavo
964 855 1078 898 Phys.
1104 853 1212 900 (text.
1231 861 1376 890 comm.
1398 851 1474 897 28.)
1497 850 1658 888 Nullum
1676 850 1799 897 igitur

174 916 320 953 corpus
341 908 471 952 potest
492 904 641 951 aliquid
663 912 809 945 creare,
829 901 936 949 quod
957 905 1017 938 est
1040 911 1088 937 ex
1110 900 1238 936 nihilo
1259 898 1413 946 aliquid
1437 898 1581 935 facere.

221 953 366 994 Adhuc,
383 960 547 989 movens
562 955 599 988 et
615 953 780 994 motum,
794 949 946 986 faciens
961 951 998 985 et
1012 947 1157 984 factum
1177 950 1331 993 oportet
1346 945 1467 983 simul
1483 954 1587 989 esse,
1603 947 1645 981 ut
1665 943 1802 990 proba-

177 1004 243 1038 tur
263 1001 304 1036 in
323 1000 491 1046 septimo
511 999 622 1043 Phys.
646 998 752 1044 (text.
775 1005 981 1033 nommun.
1009 994 1080 1042 10).
1103 995 1254 1040 Corpus
1274 996 1406 1030 autem
1427 1001 1551 1039 agens
1571 1000 1653 1028 non
1672 994 1803 1037 potest

179 1048 321 1086 adesse
336 1055 411 1084 suo
428 1046 584 1084 effectui
601 1045 678 1082 nisi
694 1053 763 1090 per
783 1047 1024 1087 contactum,
1045 1050 1124 1088 quo
1145 1040 1349 1087 tangentia
1368 1040 1508 1077 ultima
1535 1038 1633 1076 fiunt
1654 1038 1799 1075 simul:

177 1094 284 1132 unde
315 1093 564 1139 impossibile
598 1096 658 1128 est
691 1090 852 1137 aliquod
876 1098 1021 1135 corpus
1042 1098 1158 1135 agere
1179 1088 1258 1124 nisi
1281 1087 1496 1134 tangendo.
1511 1088 1653 1122 Tactus
1671 1088 1803 1122 autem

179 1140 349 1187 alicujUs
376 1140 424 1177 ad
443 1140 609 1177 alterum
630 1142 715 1182 est;
739 1142 777 1175 et
803 1137 876 1181 sic,
903 1136 970 1174 ubi
993 1144 1073 1172 non
1105 1138 1166 1172 est
1194 1134 1343 1181 aliquid
1376 1133 1634 1180 praeexistens
1663 1135 1803 1178 praeter

178 1197 317 1235 agens,
338 1187 442 1225 sicut
474 1187 516 1223 in
545 1186 746 1223 creatione
777 1184 935 1228 accidit,
964 1186 1093 1220 tactus
1117 1191 1206 1219 esse
1226 1190 1307 1219 non
1333 1184 1478 1227 potest.
1499 1179 1660 1218 Nullum
1681 1179 1804 1226 igitur

179 1244 324 1280 corpus
345 1237 475 1281 potest
495 1243 611 1280 agere
632 1231 818 1269 creando.

226 1283 334 1319 Patet
369 1282 490 1327 igitur
528 1280 684 1317 falsitas
720 1278 936 1325 positionis
969 1276 1233 1323 quorumdam
1273 1275 1491 1313 dicentium
1536 1272 1803 1311 substantiam

180 1329 404 1366 coelestium
425 1336 636 1373 corporum
671 1335 833 1364 causam
863 1324 1038 1362 materiae
1070 1324 1356 1360 elementorum
1387 1331 1490 1368 esse,
1513 1330 1602 1358 cum
1638 1320 1804 1359 materia

180 1384 343 1413 causam
363 1374 508 1412 habere
528 1383 609 1411 non
629 1373 771 1419 possit,
793 1373 871 1410 nisi
891 1371 931 1408 id
952 1370 1058 1418 quod
1076 1370 1247 1408 creando
1280 1369 1375 1417 agit,
1410 1378 1456 1406 eo
1487 1368 1593 1416 quod
1624 1368 1713 1414 ipsa
1741 1371 1803 1404 est

180 1422 532 1507 primum5motus9
549 1425 587 1515 {at
616 1419 850 1458 mutationis
883 1418 1119 1465 subjectum.
1138 1417 1184 1464 .(I
1211 1420 1325 1463 part„
1351 1426 1388 1464 q.
1412 1425 1505 1461 xnv,
1524 1419 1595 1453 art.
1623 1418 1669 1461 53
1698 1417 1737 1452 et
1753 1416 1804 1451 De

179 1479 271 1512 ver„
293 1480 330 1517 q.
380 1497 391 1515 ,
418 1473 489 1507 art.
537 1496 545 1506 .

836 1612 1004 1654 CAPUT
1038 1611 1143 1653 XXI.

676 1732 776 1768 QUOD
803 1732 935 1762 SOLIUS
961 1732 1029 1761 DEI
1054 1732 1126 1761 EST
1151 1731 1313 1761 CREARE.

233 1847 289 1882 Ex
307 1843 528 1891 praemissis
545 1841 663 1879 etiam
684 1841 852 1878 ulterius
881 1839 1038 1878 ostendi
1071 1842 1203 1886 potest
1233 1838 1341 1886 quod
1370 1838 1518 1875 creatio
1551 1841 1612 1875 est
1645 1838 1805 1885 propria

186 1892 256 1930 Dei
277 1891 395 1935 actio,
417 1894 454 1927 et
474 1889 581 1937 quod
599 1889 685 1936 ejus
702 1888 831 1925 solius
850 1891 911 1925 est
931 1896 1079 1924 creare.
1101 1887 1197 1924 Cum
1232 1886 1338 1922 enim
1369 1885 1588 1923 secundum
1622 1885 1804 1924 ordinem

185 1939 390 1986 agentium
423 1937 476 1974 sit
506 1936 604 1974 ordo
637 1936 856 1979 actionum,
877 1943 924 1971 eo
952 1933 1059 1981 quod
1092 1932 1303 1970 nobilioris
1337 1933 1493 1979 agentis
1524 1932 1700 1969 nobilior
1742 1936 1803 1971 est

188 1987 305 2030 actio,
327 1988 480 2031 oportet
500 1983 607 2031 quod
623 1983 752 2029 prima
771 1982 874 2019 actio
897 1981 950 2019 sit
966 1980 1084 2027 primi
1106 1981 1259 2027 agentis
1292 1980 1463 2026 propria.
1485 1980 1638 2017 Creatio
1671 1983 1803 2018 autem

187 2036 248 2070 est
267 2032 394 2078 prima
413 2031 530 2076 actio,
552 2039 599 2067 eo
620 2030 726 2077 quod
746 2029 895 2066 nullam
926 2028 1046 2065 aliam
1075 2027 1360 2074 praesupponit,
1383 2036 1524 2064 omnes
1555 2031 1687 2063 autem
1717 2026 1806 2064 aliae

185 2082 501 2131 praesupponunt
517 2086 617 2116 eam.
637 2079 705 2115 Est
729 2076 851 2124 igitur
884 2076 1032 2113 creatio
1060 2075 1222 2121 propria
1237 2074 1307 2111 Dei
1335 2073 1464 2112 solius
1497 2074 1614 2120 actio,
1639 2074 1706 2121 qui
1739 2077 1801 2112 est

186 2137 208 2164 a
240 2135 311 2163 ens
360 2134 518 2163 rimum.

211 2136 412 2218 gmm’pex
448 2173 523 2210 hoc
557 2175 764 2209 ostensum
795 2174 856 2208 est
874 2169 923 2217 (c.
958 2170 1015 2217 15)
1043 2169 1147 2217 quod
1181 2170 1286 2206 Deus
1313 2171 1420 2206 creat
1450 2177 1529 2213 res,
1569 2168 1664 2215 quia
1696 2166 1797 2205 nibil

183 2223 317 2272 potest
335 2228 439 2263 esse,
460 2222 600 2265 praeter
620 2219 766 2269 ipsum,
788 2218 836 2254 ab
859 2226 907 2254 eo
926 2226 1007 2255 non
1029 2220 1218 2254 creatum.
1239 2217 1319 2253 Hoc
1339 2219 1470 2253 autem
1495 2214 1596 2252 nulli
1617 2214 1685 2252 alii
1704 2223 1801 2252 con-

185 2276 321 2304 venire
340 2270 485 2313 potest,
504 2274 594 2303 cum
613 2265 714 2301 nihil
734 2264 844 2302 aliud
864 2265 916 2302 sit
934 2264 1175 2301 universalis
1207 2271 1330 2301 causa
1363 2262 1538 2301 essendi.
1561 2262 1644 2300 Soli
1676 2261 1799 2309 igitur

186 2315 268 2353 Deo
287 2314 476 2360 competit
495 2312 642 2350 creatio
663 2312 769 2349 sicut
786 2311 947 2358 propria
966 2311 1052 2358 ejus
1072 2311 1189 2348 actio.

232 2361 377 2401 Adhuc,
401 2360 566 2397 effectus
593 2359 679 2397 suis
709 2359 843 2396 causis
873 2357 1267 2406 proportionabiliter
1300 2356 1556 2403 respondent,
1577 2359 1620 2394 ut
1651 2355 1805 2393 scilicet

187 2407 354 2460 effectus
374 2408 416 2444 in
444 2410 534 2444 actu
560 2406 694 2459 causis
715 2405 938 2443 actualibus
967 2405 1248 2449 attribuamus,
1270 2407 1309 2441 et
1340 2404 1506 2441 effectus
1535 2404 1578 2440 in
1610 2403 1802 2450 potentia,

187 2464 320 2493 causis
354 2463 440 2501 quae
471 2457 630 2492 suntin
661 2453 851 2500 potentia,
885 2456 925 2490 et
953 2452 1138 2490 similiter
1169 2450 1336 2489 effectus
1364 2451 1624 2497 particulares
1659 2450 1795 2488 causis

187 2501 508 2548 particularibus,
527 2500 823 2538 universalibus
842 2508 936 2537 vero
963 2499 1225 2544 universales,
1246 2502 1291 2536 ut
1320 2498 1436 2536 docet
1452 2497 1721 2543 Philosophus
1753 2496 1798 2533 in

187 2548 364 2601 secundo
382 2549 494 2594 Phys.
516 2548 624 2596 (text.
645 2557 790 2585 comm.
812 2547 885 2594 38).
909 2549 1005 2585 Esse
1024 2550 1156 2584 autem
1178 2550 1240 2584 est
1255 2549 1464 2585 causatum
1483 2545 1667 2591 primum,
1688 2542 1797 2591 quod

189 2603 238 2632 ex
256 2599 409 2647 ratione
427 2604 511 2633 suae
530 2594 830 2633 communitatis
850 2597 1024 2641 apparet.
1047 2595 1176 2631 Causa
1201 2593 1326 2641 igitur
1356 2592 1517 2639 propria
1547 2589 1707 2628 essendi
1739 2593 1802 2628 est

190 2650 314 2689 agens
331 2651 502 2688 primum
522 2646 561 2679 et
580 2642 820 2688 universale,
841 2641 948 2689 quod
968 2642 1073 2679 Deus
1095 2645 1157 2678 est
1176 2652 1185 2677 ε
1208 2641 1288 2677 alia
1303 2648 1396 2677 vero
1416 2637 1576 2685 agentia
1598 2646 1680 2674 non
1709 2641 1805 2675 sunt

190 2697 322 2726 causae
358 2688 517 2726 essendi
549 2689 796 2736 simpliciter,
830 2689 901 2726 sed
930 2697 1062 2727 causae
1096 2688 1257 2725 essendi
1289 2686 1379 2731 hoc,
1409 2689 1453 2722 ut
1490 2684 1695 2722 hominem
1737 2684 1801 2722 vel

190 2735 324 2773 album
355 2746 364 2772 :
394 2744 484 2787 esse
521 2739 652 2773 autem
686 2735 921 2782 simpliciter
957 2745 1027 2782 per
1060 2735 1301 2773 creationem
1336 2735 1539 2776 causatur,
1573 2741 1660 2779 quae
1698 2731 1803 2770 nihil

191 2785 474 2835 praesupponit,
496 2782 589 2829 quia
610 2791 702 2834 „non
731 2787 863 2829 potest
889 2783 1040 2830 aliquid
1073 2782 1324 2828 praeexistere
1360 2779 1467 2827 quod
1504 2779 1558 2816 sit
1590 2783 1700 2818 extra
1729 2787 1803 2816 cns

191 2829 425 2876 simpliciter
446 2840 455 2866 ε
477 2838 546 2876 per
566 2829 667 2866 alias
687 2834 818 2866 autem
838 2830 1032 2868 factiones
1052 2829 1096 2866 fit
1115 2830 1190 2865 hoc
1211 2836 1283 2865 ens
1305 2825 1367 2863 vel
1386 2826 1464 2863 tale
1486 2837 1494 2862 :
1517 2834 1609 2863 nam
1632 2836 1680 2863 ex
1709 2829 1801 2864 ente

193 2876 465 2923 praeexistente
485 2875 529 2914 fit
548 2875 625 2915 hoc
644 2884 716 2914 ens
737 2877 798 2914 vel
817 2876 909 2915 tale.
932 2878 1033 2924 Ergo
1053 2876 1200 2914 creatio
1220 2877 1282 2912 est
1297 2874 1456 2922 propria
1473 2874 1542 2912 Dei
1563 2874 1681 2911 actio.
