1894 3223
138 125 206 161 316
713 118 802 152 LIB.
830 117 895 161 111,
922 116 1023 153 CAP.
1049 117 1183 152 XLVIL

137 203 332 241 habemus
353 213 388 236 ».
408 200 451 236 In
473 197 709 237 duodecimo
731 196 849 234 etiam
881 196 1152 241 confessionum
1173 196 1272 244 (cap.
1301 198 1362 245 25)
1392 197 1487 236 dicit
1505 210 1514 234 z
1542 211 1561 231 «
1582 197 1620 235 Si
1642 198 1760 236 ambo

137 250 318 286 videmus
338 255 474 282 verum
494 254 584 281 esse
606 244 709 290 quod
732 243 846 288 dicis,
871 248 908 280 et
926 244 1041 281 ambo
1063 245 1242 282 videmus
1261 254 1397 282 verum
1421 254 1509 282 esse
1528 245 1633 291 quod
1655 245 1758 291 dico,

130 292 220 338 ubi,
242 302 391 340 quaeso,
408 292 447 328 id
467 292 644 328 videmus
660 292 678 327 ἰ)
694 293 770 327 Nec
791 300 863 337 ego
880 291 1014 337 utique
1035 291 1074 327 in
1095 294 1147 335 te,
1173 300 1244 328 nec
1260 295 1301 329 tu
1321 292 1362 329 in
1383 301 1459 336 me,
1488 292 1559 328 566
1579 291 1696 329 ambo
1716 292 1756 329 in

137 343 226 387 ipsa
245 349 333 386 quae
351 348 471 384 supra
490 341 642 375 mentes
664 341 822 374 nostras
842 342 900 374 est
922 337 1238 375 incommutabili
1254 339 1423 375 veritate
1450 352 1484 375 n.

188 390 231 423 In
252 386 353 423 libro
374 386 490 422 etiam
511 387 561 421 De
579 395 666 420 vera
697 385 869 429 retiyione
892 384 992 430 (cap.
1013 385 1072 431 31)
1095 385 1203 430 dicit,
1226 385 1331 432 quod
1363 385 1583 423 secundum
1616 385 1760 423 verita-

139 437 218 472 tem
240 433 412 469 divinam
431 432 478 469 de
499 431 686 468 omnibus
703 431 944 477 judicamus.

188 482 231 517 In
252 479 352 516 libro
373 479 801 523 autemvsoltloquiorum
823 478 863 524 (l.
884 487 911 522 1,
931 487 1016 524 cap.
1037 478 1093 525 15)
1118 478 1214 515 dicit
1232 478 1337 526 quod
1360 493 1378 513 «
1398 479 1508 525 prius
1529 482 1590 516 est
1614 479 1760 517 veritas

140 526 438 574 cognoscenda,
460 535 530 572 per
549 534 666 572 quam
687 528 858 571 possunt
876 525 954 562 alia
973 525 1165 572 cognosci
1185 539 1220 562 ».
1243 526 1355 570 Quod
1376 526 1422 562 de
1445 527 1606 563 veritate
1629 525 1763 563 divina

138 574 363 620 intelligere
395 572 562 610 videtur.
584 572 744 609 Videtur
774 581 869 619 ergo
901 581 950 608 ex
978 572 1110 610 verbis
1130 572 1216 618 ejus
1237 572 1342 619 quod
1375 573 1507 619 ipsum
1532 574 1670 618 Deum,
1693 573 1759 620 qui
1784 615 1788 618 Δ

140 630 214 659 sua
233 620 379 657 veritas
397 623 470 664 est,
490 619 710 664 videamus,
730 622 767 655 et
786 628 855 665 per
871 618 1003 664 ipsum
1024 628 1317 666 cognoscamus
1338 620 1429 656 alia.

186 667 242 704 Ad
257 667 361 704 idem
376 667 494 704 etiam
509 666 703 712 pertinere
716 665 898 702 videntur
909 666 1026 702 verba
1037 665 1325 712 ejusdem,quae
1340 666 1452 712 ponit
1466 666 1504 702 in
1522 666 1759 704 duodecimo

140 716 191 751 De
214 715 315 750 Trin.
340 714 437 761 (cap.
458 713 495 761 2)
517 713 574 750 sic
593 713 730 749 dicens
753 725 761 748 :
787 727 805 745 «
826 712 1005 750 Rationis
1027 717 1085 749 est
1102 713 1279 759 judicare
1303 713 1349 750 66
1376 714 1466 750 15115
1486 714 1762 758 corporalibus

141 761 363 798 secundum
383 760 559 798 rationes
580 760 851 805 incorporales
872 763 909 796 et
926 760 1204 805 sempiternas,
1225 769 1324 806 quae,
1351 760 1429 797 nisi
1449 769 1569 805 supra
1586 764 1762 797 mentem

141 808 357 845 humanam
387 811 535 851 essent,
554 807 901 844 incommutabiles
935 808 1110 853 profecto
1131 816 1213 843 non
1245 810 1393 844 essent.
1414 807 1601 843 Rationes
1629 811 1761 844 autem

141 855 490 892 incommutabiles
513 858 549 891 et
565 854 815 900 sempiternae
837 853 930 890 alibi
953 863 1071 900 quam
1093 854 1133 890 in
1155 855 1234 890 Deo
1256 863 1345 891 esse
1366 863 1446 890 non
1467 857 1651 899 possunt,
1672 863 1762 891 cum

142 902 254 938 solus
285 903 388 938 Deus
423 901 643 938 secundum
676 900 767 937 fidei
798 900 1017 938 doctrinam
1051 901 1102 937 sit
1137 901 1417 946 sempiternus.
1443 900 1603 937 Videtur
1641 900 1765 947 igitur

142 949 257 995 sequi
279 949 385 995 quod
405 950 526 985 Deum
548 948 588 984 in
620 948 700 984 ista
717 948 798 984 vita
826 947 958 984 videre
993 948 1210 994 possimus,
1232 951 1270 984 et
1284 957 1354 994 per
1373 948 1450 985 hoc
1469 947 1575 994 6606
1597 957 1702 992 eum,
1725 951 1764 985 et

141 996 183 1033 in
207 1004 254 1032 eo
277 996 452 1032 rationes
472 1004 604 1032 rerum
622 994 820 1038 videmus,
843 994 889 1031 de
910 995 999 1031 aliis
1017 995 1259 1041 Judicamus.

190 1044 277 1079 Non
296 1046 356 1080 est
378 1046 507 1079 autem
530 1041 769 1078 credendum
808 1041 914 1088 quod
941 1042 1189 1088 Augustinus
1211 1042 1275 1078 hic
1309 1041 1351 1077 in
1370 1040 1502 1078 verbis
1540 1041 1762 1086 praemissis

143 1089 315 1127 senserit
335 1089 440 1136 quod
461 1089 502 1125 in
522 1089 596 1125 hac
615 1088 696 1126 vita
714 1090 837 1124 Deum
860 1098 928 1134 per
942 1098 1056 1125 56661
1072 1089 1287 1126 essentiam
1310 1088 1530 1134 intelligere
1542 1089 1761 1134 possimus,

142 1145 233 1174 cum
256 1136 498 1173 contrarium
531 1135 637 1172 dicat
655 1135 696 1171 in
730 1135 830 1171 libro
850 1137 901 1171 De
917 1136 1071 1171 videndo
1097 1138 1210 1171 Deum
1230 1136 1278 1172 ad
1301 1135 1504 1171 Paulinam
1528 1135 1656 1182 (epist.
1680 1138 1763 1179 146,

142 1192 187 1220 66
221 1212 227 1219 .
249 1186 271 1219 4
308 1186 327 1219 5
349 1211 356 1218 .

190 1182 365 1273 56611161·
395 1229 516 1276 igitur
542 1229 651 1266 illam
691 1227 1057 1265 incommutabilem
1096 1228 1315 1273 veritatem,
1344 1228 1405 1264 vel
1441 1228 1550 1265 illius
1584 1228 1761 1267 rationes

142 1280 311 1314 aeternas
332 1276 374 1312 in
407 1277 482 1313 hac
512 1276 593 1312 vita
622 1275 843 1319 videamus,
866 1278 903 1311 et
924 1274 1143 1312 secundum
1165 1284 1251 1311 eam
1273 1275 1319 1311 de
1340 1275 1430 1311 aliis
1459 1274 1686 1321 Judicemus
1705 1275 1764 1316 in-

141 1323 378 1369 quirendum
401 1327 474 1360 est.
494 1322 704 1359 Veritatem
725 1322 883 1368 quidem
903 1322 944 1358 in
966 1322 1099 1358 anima
1121 1331 1210 1359 esse
1232 1322 1316 1367 ipse
1331 1322 1580 1368 Augustinus
1601 1323 1642 1358 in
1660 1322 1762 1360 libro

140 1371 418 1415 soliloquiorum
433 1369 608 1406 secundo
628 1371 725 1414 (cap.
745 1371 785 1405 18
801 1372 837 1405 et
855 1370 910 1414 19)
926 1368 1147 1405 confitetur.
1169 1369 1276 1404 Unde
1293 1377 1339 1404 ex
1354 1368 1570 1405 aeternitate
1585 1369 1762 1407 veritatis

141 1416 477 1454 immortalitatem
501 1416 643 1452 animae
660 1415 813 1461 probat.
834 1417 921 1452 Non
942 1415 1072 1452 solum
1089 1419 1219 1452 autem
1242 1415 1299 1452 sic
1313 1415 1458 1452 veritas
1471 1419 1531 1452 est
1550 1415 1590 1452 in
1613 1416 1765 1461 anima,

141 1464 244 1500 sicut
264 1465 367 1499 Deus
387 1473 457 1508 per
476 1463 691 1500 essentiam
713 1463 754 1498 in
772 1461 891 1499 rebus
920 1462 1107 1499 omnibus
1129 1462 1285 1505 dicitur,
1305 1471 1432 1508 neque
1458 1462 1561 1499 sicut
1579 1462 1620 1498 in
1641 1463 1761 1501 rebus

142 1510 330 1546 omnibus
349 1514 408 1547 est
427 1519 497 1555 per
527 1518 640 1546 suam
674 1509 990 1550 similitudinem,
1014 1513 1131 1554 prout
1167 1517 1415 1555 unaquaeque
1446 1518 1509 1545 res
1546 1510 1587 1545 in
1608 1513 1762 1547 tantum

142 1557 287 1594 dicitur
307 1565 411 1601 vera,
432 1557 473 1593 in
495 1561 685 1602 66661661
708 1556 755 1592 ad
776 1556 843 1592 Dei
865 1556 1169 1592 similitudinem
1203 1555 1366 1592 accedit.
1389 1558 1475 1592 Non
1499 1556 1603 1592 enim
1624 1557 1665 1592 in
1687 1557 1764 1594 1106

142 1604 275 1640 anima
295 1603 413 1640 rebus
434 1603 524 1640 aliis
542 1604 758 1649 praefertur.
784 1605 849 1639 Est
879 1612 974 1649 ergo
1006 1603 1170 1648 speciali
1206 1603 1324 1639 modo
1345 1603 1387 1639 in
1420 1603 1553 1640 anima
1572 1603 1613 1639 in
1635 1613 1760 1650 quan-

140 1655 224 1687 tum
253 1651 457 1688 veritatem
487 1650 707 1697 cognoscit.
731 1650 839 1686 Sicut
871 1650 993 1696 igitur
1024 1650 1166 1687 animae
1193 1653 1231 1686 et
1250 1659 1314 1686 res
1349 1650 1436 1687 aliae
1466 1660 1568 1687 verae
1598 1651 1758 1696 quidem

141 1698 326 1734 dicuntur
359 1698 400 1734 in
430 1698 516 1734 suis
552 1697 706 1735 naturis
738 1697 958 1734 secundum
991 1697 1097 1744 6606
1129 1697 1432 1734 similitudinem
1454 1697 1564 1734 illius
1585 1706 1754 1735 summae

140 1748 291 1781 naturae
313 1744 470 1789 habent,
493 1754 579 1791 quae
600 1748 657 1781 est
679 1744 766 1790 ipsa
786 1744 944 1789 veritas,
966 1753 1056 1780 6661
1089 1744 1141 1780 sit
1158 1753 1275 1781 suum
1291 1744 1532 1780 intellectum
1556 1753 1645 1781 esse
1668 1757 1676 1781 :
1702 1745 1763 1781 ita

140 1791 181 1827 id
211 1791 315 1837 6606
344 1801 414 1836 per
442 1791 614 1828 animam
649 1791 852 1837 cognitum
886 1795 958 1834 est,
978 1791 1234 1827 manifestum
1268 1791 1390 1828 estin
1423 1795 1614 1838 quantum
1645 1791 1756 1829 illius

142 1837 284 1874 divinae
304 1839 480 1875 veritatis
501 1848 619 1884 66661
647 1840 751 1875 Deus
771 1838 980 1883 cognoscit
1000 1837 1220 1874 similitudo
1242 1837 1420 1884 quaedam
1441 1838 1574 1874 existit
1593 1838 1635 1874 in
1653 1837 1755 1884 ipsa.

141 1884 249 1921 Unde
270 1887 308 1921 et
328 1885 468 1921 Glossa
487 1894 606 1930 super
633 1884 733 1921 illud
755 1886 818 1921 Ps.
852 1893 907 1930 XI,
926 1887 947 1921 2
970 1896 978 1920 :
998 1886 1192 1920 Dtmz'nutae
1212 1886 1476 1920 suntverz'tcztes
1497 1895 1519 1919 a
1536 1884 1624 1930 filiis
1644 1885 1760 1921 homi·

138 1941 238 1972 num,
259 1931 354 1967 dicit
376 1932 480 1977 quod
499 1932 603 1968 sicut
623 1931 671 1968 ab
704 1940 782 1967 una
803 1931 901 1968 facie
923 1931 1117 1968 resultant
1135 1931 1266 1968 multae
1290 1931 1410 1968 facies
1436 1932 1475 1967 in
1495 1931 1674 1977 speculo,
1697 1932 1755 1970 ita

139 1978 188 2015 ab
209 1987 288 2014 666
317 1978 443 2024 prima
476 1978 638 2015 veritate
659 1978 998 2015 resultantniultae
1030 1978 1213 2015 veritates
1248 1978 1288 2015 in
1315 1978 1515 2016 mentibus
1528 1978 1753 2017 bominum.

140 2025 328 2069 Quamvis
345 2029 475 2061 autem
495 2025 651 2062 diversa
669 2034 692 2062 a
711 2025 878 2062 diversis
897 2028 1190 2071 cognoscantur
1210 2028 1248 2062 et
1267 2025 1478 2062 credantur
1497 2034 1601 2071 vera,
1620 2028 1755 2064 tamen

139 2071 320 2118 quaedam
353 2075 446 2108 sunt
474 2081 566 2108 vera
595 2072 636 2108 in
671 2072 816 2118 quibus
848 2081 987 2109 omnes
1021 2072 1204 2109 homines
1238 2072 1494 2117 concordant,
1521 2072 1624 2110 sicut
1662 2076 1759 2110 sunt

138 2119 267 2164 prima
287 2119 481 2164 principia
496 2119 815 2166 intellectustam
834 2119 1066 2165 speculativi
1086 2128 1202 2165 66661
1221 2119 1398 2165 practici,
1414 2119 1634 2157 secundum
1650 2120 1758 2167 quod

140 2165 419 2202 universaliter
435 2166 476 2202 in
497 2165 696 2202 mentibus
718 2166 893 2202 omnium
921 2166 1063 2202 divinae
1083 2166 1260 2203 veritatis
1281 2167 1395 2213 quasi
1413 2166 1592 2213 quaedam
1625 2167 1759 2215 imago

139 2212 318 2249 resultat.
341 2214 384 2248 In
405 2219 597 2259 quantum
619 2222 713 2259 ergo
747 2213 932 2259 quaelibet
951 2222 1064 2250 mens
1094 2213 1281 2260 66166616
1303 2223 1371 2259 per
1397 2214 1672 2250 certitudinem
1692 2223 1758 2251 co-

139 2260 311 2304 gnoscit,
329 2259 369 2295 in
392 2259 455 2296 his
477 2260 684 2306 principiis
704 2260 879 2297 intuetur
899 2260 1119 2297 secundum
1141 2261 1246 2307 quod
1263 2261 1309 2298 de
1330 2260 1517 2298 omnibus
1537 2261 1751 2307 judicatur,

138 2306 243 2342 facta
261 2306 506 2344 resolutione
527 2307 566 2343 in
599 2307 700 2353 ipsa,
722 2307 866 2344 dicitur
885 2307 1020 2344 omnia
1050 2307 1092 2344 in
1113 2307 1244 2344 divina
1265 2308 1426 2344 veritate
1448 2308 1506 2344 vel
1532 2308 1574 2344 in
1595 2308 1758 2345 rationi-

135 2351 212 2390 bus
231 2353 389 2390 aeternis
411 2353 555 2398 videre,
580 2357 618 2390 et
649 2354 869 2392 secundum
891 2363 958 2391 eas
979 2355 1026 2391 de
1046 2354 1234 2392 omnibus
1259 2354 1452 2401 judicare.
1474 2356 1516 2391 Et
1536 2355 1643 2392 hunc
1665 2364 1756 2392 sen-

136 2407 226 2437 sum
264 2400 501 2437 confirmant
535 2401 656 2438 verba
684 2401 896 2448 Augustini
918 2402 959 2438 in
980 2401 1082 2438 libro
1099 2402 1379 2447 soliloquiorum
1395 2401 1523 2448 primo
1543 2402 1591 2448 (c.
1614 2402 1664 2449 8),
1689 2401 1755 2448 qui

135 2446 246 2498 dicit,
267 2448 372 2494 quod
394 2448 650 2485 scientiarum
671 2449 917 2495 spectamina
946 2448 1128 2486 videntur
1148 2449 1188 2486 in
1207 2449 1341 2486 divina
1357 2449 1519 2486 veritate
1540 2449 1644 2486 sicut
1660 2448 1755 2485 visi—

134 2492 233 2531 bilia
253 2494 295 2531 in
315 2495 465 2532 lumine
486 2496 599 2540 solis,
621 2505 707 2542 6666
728 2499 885 2533 constat
914 2505 995 2533 non
1013 2495 1138 2533 videri
1168 2496 1210 2533 in
1229 2496 1318 2543 ipso
1339 2504 1504 2543 corpore
1529 2495 1641 2538 solis,
1681 2495 1751 2532 sed

135 2549 205 2585 per
226 2541 359 2578 lumen
380 2542 485 2588 quod
507 2546 566 2579 est
584 2543 804 2580 similitudo
820 2543 965 2580 solaris
986 2543 1176 2581 claritatis
1198 2543 1240 2580 in
1266 2553 1369 2588 aere,
1391 2547 1429 2581 et
1448 2542 1647 2579 similibus
1667 2550 1754 2578 cor-

134 2587 300 2638 poribus
321 2589 470 2626 relicta.
494 2591 545 2626 Ex
575 2589 638 2627 1115
675 2599 769 2637 ergo
800 2590 930 2627 verbis
959 2590 1171 2637 Augustini
1204 2599 1286 2628 non
1318 2590 1484 2627 habetur
1512 2588 1621 2640 6606
1648 2589 1755 2640 Deus

134 2632 313 2670 videatur
343 2636 568 2673 secundum.
593 2646 707 2674 suam
743 2637 1005 2675 substantiam
1030 2639 1070 2674 in
1097 2637 1172 2675 hac
1201 2638 1293 2682 vita,
1316 2636 1386 2675 sed
1421 2635 1550 2673 solum
1589 2638 1753 2672 5166116

136 2680 325 2731 specu103
348 2683 453 2727 61106
489 2688 525 2720 61
548 2685 763 2729 Apostolus
798 2684 845 2721 66
865 2685 1094 2732 cognitione
1123 2684 1242 2731 hujus
1266 2685 1356 2721 vitae
1372 2681 1594 2725 confitetur,
1616 2682 1755 2720 dicens

135 2734 178 2762 m
198 2735 324 2771 prima
347 2730 537 2775 Corinth„
556 2739 640 2776 XIII,
659 2734 701 2768 12
723 2743 731 2767 :
758 2732 928 2768 Videmus
946 2742 1040 2767 111616
1059 2742 1123 2777 per
1139 2733 1321 2778 speculum
1340 2732 1379 2766 in
1395 2731 1596 2774 aenigmate.

183 2774 370 2817 Quamvis
391 2779 520 2812 autem
547 2786 661 2814 niens
693 2778 867 2815 humana
898 2779 944 2815 de
975 2779 1250 2826 propinquiori
1272 2777 1338 2814 Dei
1369 2775 1670 2813 similitudinem
1690 2785 1750 2812 re·

134 2823 348 2865 praesentet
366 2831 482 2867 66661
514 2823 723 2861 inferiores
755 2829 956 2868 creaturae,
975 2830 1108 2862 tamen
1142 2824 1316 2871 cognitio
1337 2823 1404 2859 Dei
1439 2832 1525 2869 quae
1553 2832 1599 2858 ex
1620 2826 1754 2859 mente

136 2867 310 2905 humana
331 2868 456 2915 accipi
477 2873 618 2915 potest,
638 2879 718 2907 non
752 2873 905 2909 excedit
926 2873 1023 2909 illud
1055 2881 1181 2919 genus
1202 2869 1443 2917 cognitionis
1467 2869 1571 2916 quod
1591 2879 1638 2906 ex
1659 2878 1750 2906 sen-
