1894 3223
217 107 284 142 114
827 100 915 137 LIB.
944 100 991 143 11,
1018 99 1118 136 CAP.
1145 99 1238 135 XIII.

916 241 1084 283 CAPUT
1120 242 1209 282 XII.

215 360 314 395 QUOD
331 357 571 388 RELATIONES
589 356 716 385 DIGTAE
739 355 790 385 DE
807 355 883 384 DEO
900 355 952 384 AD
976 354 1201 384 CREATURAS
1227 354 1306 383 NON
1334 354 1431 383 SUNT
1456 352 1649 382 REALI'TER
1676 354 1718 382 IN
1742 354 1833 384 DEO.

263 458 493 506 Hujusmodi
512 462 642 495 autem
663 457 889 501 relationes,
912 467 999 504 quae
1016 460 1110 495 sunt
1129 457 1178 494 ad
1197 465 1294 495 suos
1315 455 1494 501 effectus,
1509 456 1668 493 realiter
1685 456 1727 492 in
1750 457 1829 494 Deo

214 517 302 545 esse
322 515 403 543 non
424 507 607 552 possunt.
629 506 715 541 Non
736 504 842 541 enim
861 504 899 540 111
924 514 971 541 eo
992 513 1081 541 esse
1113 507 1279 549 possent
1300 504 1404 540 sicut
1431 503 1650 540 accidentia
1672 503 1713 539 in
1742 503 1836 540 sub-

209 554 328 601 jecto,
350 561 439 590 curn
460 552 501 588 in
522 552 610 598 ipso
631 551 784 588 nullum
804 551 856 587 sit
875 550 1074 595 accidens,
1088 551 1185 586 utin
1206 551 1335 596 primo
1350 551 1451 587 libro
1473 549 1522 597 (c.
1543 551 1602 597 23)
1620 552 1830 588 ostensum

213 604 286 638 est.
307 602 385 636 Nec
405 599 521 636 etiam
542 601 707 645 possent
728 606 816 634 esse
837 597 924 642 ipsa
950 597 1017 633 Dei
1049 597 1292 641 substantia3
1315 607 1404 634 cum
1441 598 1546 634 enim
1574 597 1738 634 relativa
1769 606 1833 633 se-

212 647 386 684 cundum
405 655 521 683 suum
542 654 632 682 esse
652 644 700 681 ad
715 644 822 681 aliud
844 643 1137 690 quodammodo
1160 653 1203 680 se
1220 644 1379 687 habent,
1396 648 1438 680 ut
1451 644 1720 689 Philosophus
1735 644 1833 680 dicit

212 694 255 730 in
282 693 589 732 praedicamentis,
612 691 711 738 (cap.
736 691 792 728 Ad
824 691 1003 737 aliquid),
1039 694 1237 735 oporteret
1265 690 1367 736 quod
1404 690 1472 727 Dei
1505 691 1730 728 substantia
1757 691 1835 727 hoc

213 740 345 786 ipsum
366 739 471 786 quod
501 742 561 775 est
587 738 635 776 ad
656 738 763 775 aliud
784 737 991 774 diceretur.
1015 737 1127 781 Quod
1148 741 1279 773 autem
1299 737 1430 783 ipsum
1451 737 1556 783 quod
1578 741 1637 774 est
1656 737 1703 773 ad
1722 737 1832 774 aliud

213 787 370 831 dicitur,
393 785 686 833 quodammodo
704 785 752 821 ab
772 785 861 830 ipso
882 784 1088 830 dependet,
1111 793 1200 820 cum
1223 792 1295 819 nec
1316 792 1419 827 esse,
1440 792 1514 820 nee
1541 783 1711 829 intelligi
1745 783 1834 820 sine

213 843 260 870 eo
281 833 423 879 possit.
443 834 647 879 Oporteret
674 832 796 878 igitur
828 832 933 878 quod
956 831 1023 867 Dei
1050 830 1273 867 substantia
1292 830 1340 867 ab
1367 830 1445 867 alio
1474 830 1697 866 extrinseco
1726 833 1834 867 esset

214 880 464 926 dependens;
487 882 524 915 et
554 879 613 916 sic
633 887 713 914 non
735 881 840 915 esset
860 887 928 923 per
948 878 1125 923 seipsum
1147 885 1311 913 necesse
1330 885 1432 921 esse,
1454 880 1497 913 ut
1515 876 1557 914 in
1583 877 1711 923 primo
1731 876 1833 914 libro

214 927 263 974 (c.
288 926 343 973 15)
365 930 570 963 ostensum
609 928 682 962 est.
700 927 785 961 Non
809 928 903 961 sunt
935 925 1056 972 igitur
1092 924 1323 971 hujusmodi
1356 924 1571 961 relationes
1609 924 1832 961 secundum

212 983 295 1011 rem
316 974 356 1009 in
375 975 468 1009 Deo.

258 1021 359 1064 Item,
381 1023 588 1057 ostensum
609 1021 669 1055 est
686 1017 727 1065 (l.
749 1026 777 1063 1,
798 1028 832 1055 c.
854 1017 913 1064 28)
949 1017 1054 1065 quod
1084 1020 1189 1056 Deus
1220 1018 1400 1055 omnium
1431 1017 1583 1055 entium
1615 1021 1676 1055 est
1706 1016 1835 1063 prima

212 1075 415 1104 mensura.
439 1068 696 1112 comparatur
718 1065 840 1112 igitur
859 1067 962 1102 Deus
984 1065 1032 1101 ad
1052 1065 1130 1102 alia
1150 1065 1256 1102 entia
1278 1065 1381 1102 sicut
1395 1065 1534 1102 scibile
1550 1064 1598 1101 ad
1616 1064 1828 1101 scientiam

213 1113 528 1160 nostram,quod
549 1112 635 1159 eJ'us
667 1121 856 1149 mensura
882 1114 954 1148 est.
975 1113 1071 1148 Nam
1099 1122 1146 1148 ex
1177 1121 1224 1149 eo
1254 1111 1360 1158 quod
1377 1120 1441 1148 res
1471 1114 1530 1148 est
1559 1111 1619 1147 vel
1641 1120 1722 1148 non
1757 1114 1833 1156 est,

214 1160 351 1206 opinio
379 1164 416 1196 et
445 1159 572 1197 oratio
592 1168 684 1195 vera
703 1159 764 1195 vel
782 1159 883 1195 falsa
909 1161 981 1203 est,
1001 1159 1220 1195 secundum
1256 1158 1544 1204 Philosophum
1576 1158 1618 1194 111
1652 1158 1835 1194 Praedica-

212 1208 341 1243 mentis
362 1207 461 1252 (cap.
485 1208 537 1243 De
559 1205 810 1251 substantia).
833 1205 977 1242 scibile
1003 1208 1133 1242 autem
1156 1206 1247 1242 licet
1271 1205 1318 1241 ad
1350 1205 1558 1242 scientiam
1578 1204 1740 1242 relative
1775 1204 1834 1241 di-

214 1257 339 1298 catur,
360 1257 492 1290 tamen
511 1253 651 1289 relatio
673 1252 891 1289 secundum
912 1261 994 1288 rem
1025 1252 1066 1288 in
1100 1252 1229 1289 scibili
1270 1261 1350 1288 non
1373 1255 1446 1292 est,
1484 1251 1553 1288 sed
1588 1251 1629 1287 in
1665 1251 1834 1288 scientia

213 1303 380 1337 tantum.
397 1300 521 1344 Unde,
537 1299 756 1337 secundum
773 1299 1062 1344 Philosophum
1082 1299 1123 1335 in
1141 1299 1279 1345 quinto
1294 1299 1454 1344 Metaph.
1476 1298 1584 1345 (text.
1597 1307 1740 1335 comm.
1754 1297 1831 1344 20),

214 1347 354 1384 scibile
392 1346 536 1383 dicitur
572 1346 732 1383 relative
749 1374 758 1391 ,
797 1355 878 1382 non
913 1346 1007 1392 quia
1035 1347 1165 1391 ipsum
1200 1346 1414 1389 referatur,
1451 1345 1522 1382 sed
1551 1345 1645 1391 quia
1675 1344 1827 1391 aliquid

214 1393 322 1430 aliud
352 1393 520 1430 refertur
538 1393 587 1430 ad
616 1393 761 1438 ipsum.
780 1393 899 1429 Dictae
920 1393 1041 1439 igitur
1060 1392 1274 1429 relationes
1295 1392 1335 1428 in
1354 1393 1433 1428 Deo
1451 1401 1532 1429 non
1549 1396 1642 1429 sunt
1659 1392 1831 1428 realiter.

259 1440 404 1481 Adhuc,
426 1440 641 1477 relationes
668 1439 862 1485 praedictae
884 1439 1069 1475 dicuntur
1088 1439 1135 1476 de
1157 1441 1235 1476 Deo
1252 1448 1331 1476 non
1348 1439 1477 1476 solum
1494 1442 1676 1485 respectu
1689 1447 1827 1475 eorum

214 1495 302 1533 quae
326 1490 420 1524 sunt
440 1491 542 1531 actu,
565 1486 634 1524 sed
661 1486 778 1523 etiam
799 1489 980 1531 respectu
996 1495 1132 1522 eorum
1154 1496 1240 1532 quae
1261 1490 1354 1523 sunt
1386 1486 1426 1522 in
1460 1486 1649 1531 potentia,
1684 1485 1778 1532 quia
1793 1488 1832 1521 et

213 1542 350 1570 eorum
372 1533 579 1570 scientiam
595 1533 725 1577 habet,
738 1537 775 1570 et
788 1536 968 1578 respectu
986 1542 1123 1570 eorum
1142 1532 1286 1570 dicitur
1305 1537 1341 1569 et
1361 1533 1533 1578 primum
1553 1541 1625 1569 ens
1655 1535 1692 1569 et
1721 1541 1832 1569 sum·

212 1588 322 1617 mum
342 1580 506 1617 bonum.
529 1580 603 1617 Sed
624 1579 709 1625 ejus
731 1580 835 1626 quod
857 1583 916 1616 est
937 1583 1026 1616 actu
1053 1580 1101 1617 ad
1122 1580 1161 1616 id
1182 1580 1286 1626 quod
1309 1588 1389 1617 non
1411 1583 1471 1616 est
1491 1583 1579 1616 actu
1602 1579 1671 1616 sed
1696 1583 1832 1625 poten-

211 1627 267 1664 tia
296 1636 377 1663 non
415 1631 507 1664 sunt
536 1627 749 1663 relationes
783 1627 938 1664 reales:
961 1627 1061 1664 alias
1091 1630 1323 1681 sequeretur
1349 1627 1455 1673 quod
1495 1630 1630 1664 essent
1662 1626 1829 1663 infinitae

212 1673 427 1711 relationes
450 1677 539 1710 actu
560 1674 600 1710 in
622 1674 775 1718 eodem,
795 1683 884 1710 cum
915 1675 1070 1711 numeri
1098 1674 1243 1710 intiniti
1279 1674 1319 1709 in
1352 1673 1528 1719 potentia
1555 1674 1636 1710 sint
1658 1673 1831 1719 majores

211 1720 382 1765 binario,
405 1720 550 1767 quihus
567 1720 754 1757 omnihus
773 1721 858 1766 ipse
879 1724 939 1758 est
956 1721 1077 1767 prior.
1097 1723 1201 1758 Deus
1222 1724 1352 1758 autem
1368 1729 1450 1758 non
1462 1721 1576 1757 aliter
1594 1719 1762 1757 refertur
1783 1719 1836 1756 ad

212 1776 260 1803 ea
276 1777 362 1813 quae
382 1770 475 1804 sunt
495 1771 598 1811 actu,
619 1776 736 1813 quam
768 1768 815 1804 ad
837 1777 883 1804 ea
902 1778 989 1814 quae
1010 1771 1103 1805 sunt
1119 1768 1319 1813 potentia;
1342 1768 1436 1814 quia
1468 1777 1549 1804 non
1581 1770 1756 1804 mutatur
1785 1775 1834 1803 ex

213 1813 289 1865 hoc
314 1814 418 1859 quod
438 1814 570 1860 aliqua
590 1814 772 1859 producit
790 1825 799 1850 ε
819 1823 900 1851 non
918 1815 1039 1861 igitur
1053 1815 1220 1851 refertur
1239 1814 1288 1851 ad
1309 1814 1388 1851 alia
1408 1823 1477 1860 per
1496 1814 1730 1851 relationem
1747 1822 1832 1850 rea-

211 1859 303 1897 liter
323 1862 363 1896 111
384 1861 471 1906 ipso
492 1861 739 1897 existentem.

258 1907 442 1952 Amplius,
464 1907 606 1954 cuique
627 1907 775 1954 aliquid
798 1906 845 1944 de
865 1916 968 1944 novo
984 1907 1154 1952 advenit,
1176 1914 1342 1945 necesse
1363 1910 1424 1944 est
1443 1907 1542 1944 illud
1576 1908 1737 1952 mutari,
1767 1906 1833 1945 vel

209 1962 280 1999 per
303 1962 359 1997 se,
378 1954 438 1990 vel
456 1963 526 2000 per
545 1954 743 1991 accidens.
766 1954 993 1991 Relationes
1014 1958 1145 1991 autem
1164 1955 1345 2001 quaedam
1365 1954 1413 1991 de
1434 1963 1538 1992 novo
1559 1954 1748 1991 dicuntur
1780 1954 1831 1991 de

212 2002 307 2052 Deo,
323 2000 427 2037 sicut
446 2000 551 2047 quod
572 2004 633 2038 est
652 2000 852 2046 dominus,
876 2004 943 2038 aut
962 2001 1203 2048 gubernator
1224 2001 1342 2048 hujus
1363 2002 1434 2046 rei,
1451 2010 1539 2047 quae
1554 2001 1601 2038 de
1617 2010 1720 2038 novo
1736 2001 1834 2037 inci-

210 2050 268 2093 pit
287 2055 389 2084 esse.
406 2047 445 2084 Si
466 2048 589 2094 igitur
608 2048 888 2094 praedicaretur
904 2048 1037 2095 aliqua
1057 2048 1197 2086 relatio
1217 2048 1376 2085 realiter
1396 2048 1438 2084 in
1459 2050 1539 2085 Deo
1562 2048 1753 2093 existens,
1771 2056 1832 2085 se-

211 2096 398 2139 queretur
416 2094 522 2140 quod
541 2094 690 2141 aliquid
713 2096 793 2132 Deo
814 2095 861 2132 de
882 2104 985 2132 novo
1006 2094 1222 2140 adveniret,
1241 2099 1279 2132 et
1298 2095 1356 2133 sic
1377 2095 1484 2142 quod
1517 2097 1738 2131 mutaretur
1767 2093 1832 2132 vel

239 2149 280 2176 er
310 2149 369 2186 se,
400 2141 461 2192 vel
492 2150 562 2187 per
592 2141 809 2180 accidens:
836 2142 951 2188 cujus
976 2142 1219 2180 contrarium
1239 2142 1281 2189 (l.
1312 2151 1340 2183 1,
1362 2152 1397 2179 c.
1424 2142 1482 2190 13)
1516 2145 1724 2180 ostensum
1757 2143 1832 2179 est.

210 2149 240 2233 ὃ
260 2186 373 2228 Sem„
389 2186 480 2225 dist.
504 2190 564 2235 30,
584 2197 623 2236 q.
640 2197 670 2235 1,
691 2192 764 2227 art.
788 2191 803 2226 l
825 2200 835 2234 ;
855 2193 894 2226 et
909 2191 961 2225 De
978 2191 1069 2235 pot„
1089 2199 1127 2236 q.
1147 2198 1221 2235 vn,
1242 2191 1313 2227 art.
1338 2188 1414 2236 10.)

867 2335 1035 2377 CAPUT
1069 2336 1176 2376 XIII.

476 2451 659 2487 QUOMODO
684 2452 894 2482 PRAEDIGTAE
912 2453 1153 2482 RELATIONES
1180 2454 1231 2482 DE
1250 2453 1326 2483 DEO
1348 2453 1557 2484 DICANTUR.

232 2560 342 2611 ‘Non
359 2562 490 2596 autem
512 2562 643 2605 potest
662 2559 739 2597 dici
759 2560 865 2607 quod
886 2560 1100 2598 relationes
1121 2562 1317 2608 praedictae
1356 2562 1438 2599 sint
1466 2561 1681 2598 existentes
1716 2563 1822 2598 exte-

207 2613 306 2649 rius,
328 2607 440 2651 quasi
462 2615 525 2643 res
544 2606 687 2653 aliquae
708 2610 818 2644 extra
837 2608 973 2644 Deum.
994 2609 1089 2645 Cum
1111 2609 1217 2645 enim
1236 2610 1340 2645 Deus
1366 2609 1420 2646 sit
1450 2608 1619 2654 primurn
1653 2608 1822 2653 entium,

208 2654 246 2688 et
265 2659 463 2703 summum
484 2653 695 2704 bonorum,
715 2657 913 2699 oporteret
932 2655 980 2691 ad
1001 2655 1091 2691 illas
1113 2655 1567 2700 etiamrelationes,quae
1581 2655 1828 2701 suntaliquae

207 2706 285 2742 res,
309 2700 383 2750 Dei·
412 2699 625 2750 relationes
656 2699 756 2737 alias
783 2701 1049 2738 considerare.
1066 2703 1109 2738 Et
1139 2702 1173 2739 si
1195 2702 1273 2739 illae
1303 2702 1383 2738 sint
1405 2700 1548 2737 iterum
1570 2709 1633 2737 res
1667 2701 1827 2748 aliquae,

208 2744 563 2797 oportebit-iterum
583 2746 718 2784 tertias
738 2746 981 2793 adinvenire,
1004 2748 1120 2785 etsie
1147 2749 1188 2785 in
1214 2748 1426 2785 infinitum.
1448 2748 1536 2784 Non
1567 2747 1692 2794 igitur
1724 2748 1825 2785 rela-

206 2792 503 2875 1¹0.¹1{³S‘}U¹b¹¹s
523 2793 628 2830 Deus
660 2793 709 2830 ad
743 2803 808 2832 res
835 2794 935 2832 alias
966 2795 1149 2835 refertur,
1168 2799 1262 2833 sunt
1294 2803 1358 2833 res
1385 2793 1529 2844 aliquae
1560 2798 1672 2833 extra
1697 2796 1824 2834 Deum

207 2846 292 2876 exis
312 2847 360 2875 en
379 2846 436 2876 es.
