1838 3227
361 159 497 195 BERN.
525 157 682 194 MARIAE
707 157 768 193 DE
791 156 958 192 RUBEIS
985 154 1296 191 DlSSERTA'rlo,
1572 155 1635 190 VH

17 258 78 302 De
103 258 269 300 veritate
282 257 378 311 fidei
392 255 604 297 catholz'cae.
625 256 803 294 Textum
822 254 1038 306 integrum
1063 252 1283 304 Aquinatis
1303 252 1432 294 affero
1453 265 1466 293 t
1487 266 1507 290 «
1526 254 1634 292 Pro-

17 323 219 377 positum,
257 321 503 374 inquientis,
531 322 685 359 nostrae
722 318 968 359 intentionis
1004 320 1096 367 est,
1135 317 1333 358 veritates
1353 348 1363 366 ‚
1397 328 1501 368 quas
1538 318 1638 358 fides

19 386 227 428 catholica
246 386 482 437 profitetur,
510 395 586 436 pro
606 386 751 424 nostro
782 383 957 423 modulo
988 382 1271 430 manifestare,
1304 392 1468 422 errores
1501 381 1635 421 elimi-

18 451 160 492 nando
181 450 461 491 contrarios».
485 447 724 490 Generatim
741 447 897 488 istosin
912 447 1025 487 calce
1041 446 1188 497 capitis
1202 448 1438 494 enumerat,
1465 445 1637 485 «Mahu-

21 515 286 557 metistarum
306 517 349 555 et
360 515 643 566 Paganorum‚
659 512 731 564 qui
756 523 844 553 non
867 511 1136 553 consentiunt
1154 509 1375 551 nobiscum
1394 510 1438 549 in
1458 509 1639 550 auctori·

19 583 108 621 tate
128 579 308 632 alicujus
323 578 551 630 Scripturae
574 591 584 617 :
606 577 869 625 Judaeorum,
892 579 1038 617 contra
1059 587 1166 627 quos
1183 574 1397 626 disputare
1418 585 1640 625 possumus

20 655 97 696 per
115 644 242 685 Vetus
263 644 579 684 Testamentum
598 656 608 692 ;
640 645 682 682 et
712 641 1187 689 haereticorum‚contra
1203 650 1309 690 quos
1329 650 1402 690 per
1423 638 1637 679 Novum».

23 708 142 757 Quod
163 720 262 762 ergo
281 708 542 750 elucubravit
563 718 683 759 opus,
706 718 792 748 non
805 708 927 745 vocat
945 703 1149 744 Summam
1166 703 1347 743 Thomas
1365 715 1376 753 ;
1392 714 1531 754 neque
1546 702 1640 743 ada·

22 774 196 816 mussim
216 774 288 814 illa
305 773 447 822 verba,
464 772 613 814 Contra
631 770 813 821 Gentiles,
836 769 1118 818 conveniunt3
1140 778 1238 807 cum
1253 778 1338 807 non
1353 767 1489 808 solum
1509 765 1641 820 Paya·

21 851 106 890 nos,
121 850 267 880 verum
282 839 409 879 etiam
429 837 738 884 mahumetanos,
756 834 923 883 ιΙιιαῖιϊοε,
942 837 986 874 et
1004 833 1196 874 homines
1214 830 1480 872 Heterodooeos
1491 831 1641 872 eodem

23 905 68 945 in
88 915 214 955 opere
235 903 527 944 confutaverit.
548 901 655 940 Hinc
674 899 821 940 eadem
840 897 982 948 verba,
1003 898 1091 949 ipsa
1107 898 1240 937 ferme
1262 895 1481 946 Aquinatis
1499 898 1640 945 aetate,

25 979 113 1010 non
133 969 213 1008 alia
235 969 286 1008 de
307 978 430 1008 causa
451 965 615 1018 adjecta
633 964 974 1012 existimaverim,
998 963 1079 1003 nisi
1098 961 1197 1013 quia
1218 960 1359 1011 potior
1386 971 1484 1012 pars
1504 959 1642 1012 operis

24 1038 160 1072 contra
182 1031 348 1072 Gentiles
366 1030 606 1070 insumitur.

79 1096 207 1137 Obvia
222 1095 446 1136 difficultas
466 1094 645 1146 emergit
663 1107 714 1135 ex
727 1094 808 1134 illis
828 1093 977 1134 divinis
996 1091 1256 1141 veritatibus,
1279 1101 1385 1144 quas
1420 1090 1642 1143 diligenter

27 1164 70 1202 et
90 1160 250 1212 prolixe
269 1160 454 1200 illustrat
467 1159 667 1210 Aquinas,
689 1157 919 1209 caeteroqui
938 1156 1091 1197 lumini
1116 1158 1280 1197 naturae
1299 1154 1464 1208 perviis.
1487 1154 1641 1207 Hujus·

28 1225 144 1266 modi
182 1228 281 1264 sunt
307 1224 491 1275 supremi
527 1223 712 1263 numinis
744 1222 962 1263 existentia
993 1224 1037 1262 et
1067 1220 1230 1270 unitas,
1259 1229 1310 1260 ac
1339 1221 1491 1260 caetera
1523 1218 1644 1270 plura

27 1290 166 1331 divina
200 1289 417 1338 attributa,
452 1299 501 1329 ac
533 1287 722 1339 potentia
752 1291 797 1327 et
822 1285 1115 1338 providentia:
1136 1295 1233 1337 quae
1263 1283 1387 1325 sicuti
1408 1283 1643 1325 «veritates

27 1354 124 1396 fidei
145 1353 391 1395 catholicae»
413 1353 614 1404 appellari
628 1363 715 1392 non
736 1351 927 1392 debuisse
937 1350 1148 1400 videntur,
1168 1349 1229 1390 ita
1241 1349 1390 1390 titulus
1409 1348 1547 1400 operis
1557 1358 1642 1389 non

25 1418 155 1459 fuerit
172 1417 232 1459 De
251 1418 415 1458 veritate
433 1417 529 1471 fidei
545 1415 757 1457 catholicae.
777 1416 894 1456 Hanc
912 1415 1002 1467 ipse
1019 1413 1203 1455 Thomas
1223 1413 1515 1455 difficultatem
1535 1423 1643 1464 prae·

29 1486 226 1534 occupat,
248 1493 504 1534 omnemque
516 1481 627 1523 tollit
646 1481 698 1522 de
719 1479 919 1533 genuino,
941 1489 1069 1531 quem
1084 1479 1321 1528 asserimuS‚
1341 1478 1468 1518 titulo
1483 1476 1645 1518 dubita·

28 1547 205 1588 tionem.
239 1546 468 1600 Distinguit
497 1557 684 1598 namque
714 1545 853 1596 capite
871 1544 964 1592 111,
990 1544 1246 1595 «duplicem
1273 1542 1460 1583 veritatis
1492 1542 1642 1583 divinae

28 1612 205 1652 modurn
219 1625 238 1649 n
256 1611 429 1651 alterius
443 1611 630 1662 quidem,
646 1621 741 1661 quae
765 1623 785 1647 «
805 1608 1050 1649 facultatem
1063 1618 1235 1649 omnem
1247 1598 1446 1648 humanae
1465 1605 1642 1647 rationis

30 1675 194 1716 excedit
208 1690 227 1713 η
247 1689 258 1725 ;
276 1675 448 1716 alterius
460 1675 602 1724 etiam,
623 1688 642 1711 «
658 1674 708 1714 ad
723 1683 852 1724 quam
863 1672 970 1713 ratio
984 1671 1187 1713 naturalis
1198 1671 1436 1724 pertingere
1450 1673 1589 1722 potest
1603 1683 1641 1710 n.

28 1739 158 1778 Primi
177 1739 338 1791 generis
356 1739 552 1780 veritates
572 1738 659 1779 sola
677 1738 754 1778 Dei
770 1736 901 1778 libera
921 1736 1177 1778 revelatione
1191 1736 1486 1777 innotescunt:
1508 1732 1644 1775 credi-

27 1813 124 1844 mus
143 1813 228 1853 eas,
249 1806 293 1843 at
307 1802 414 1843 scire
432 1813 519 1843 non
548 1813 783 1854 possumus.
817 1801 1024 1842 Veritates
1051 1800 1224 1842 alterius
1249 1800 1414 1853 generis
1444 1799 1643 1841 humanae

27 1866 214 1908 scientiae
254 1866 422 1908 subesse
453 1870 630 1918 possunt
648 1879 660 1907 t
682 1867 937 1918 easdemque
985 1869 1154 1917 tamen,
1204 1866 1373 1907 tametsi
1405 1864 1646 1919 inquisitioni

27 1932 192 1973 rationis
205 1931 351 1986 perviae
367 1931 460 1982 sint,
479 1931 775 1984 supernaturali
789 1930 1024 1972 revelatione
1037 1932 1210 1985 proponi
1225 1930 1433 1972 credendas
1458 1928 1642 1979 debuisse,

26 1996 220 2049 pluribus
234 1995 419 2038 ostendit
437 1999 605 2037 sanctus
622 1995 819 2038 Thomas.
851 1996 959 2036 Hinc
989 1995 1053 2047 fit,
1084 1995 1298 2049 integrum
1328 1994 1457 2035 veluti
1489 2004 1643 2046 corpus

27 2061 125 2102 fidei
144 2060 363 2102 catholicae
382 2063 565 2113 utroque
582 2059 781 2102 constitui
793 2060 1019 2102 veritatum
1033 2071 1202 2113 genere,
1220 2069 1317 2112 quae
1340 2058 1393 2100 ad
1418 2061 1643 2110 utramque

30 2125 205 2167 classem
226 2126 440 2178 pertinent
460 2139 472 2167 ε
494 2137 648 2178 easque
667 2126 755 2167 sine
774 2125 904 2166 dubio
926 2136 1059 2167 sacrae
1073 2125 1301 2176 Scripturae
1314 2126 1530 2175 praestant,
1549 2134 1644 2175 quae

29 2191 212 2233 divinam
232 2191 531 2233 revelationem
552 2191 908 2242 complectuntur.
934 2189 1080 2230 Potuit
1099 2200 1200 2242 ergo
1221 2188 1452 2239 debuitque
1481 2198 1587 2239 opus
1619 2199 1644 2228 a

29 2255 190 2297 Thoma
208 2256 494 2308 compositum
515 2256 730 2308 aptissime
748 2254 940 2304 inscribi,
958 2253 1018 2295 De
1036 2253 1201 2296 veritate
1229 2252 1325 2305 fidei
1352 2250 1552 2292 catholicae
1563 2263 1582 2301 ,·
1599 2250 1645 2292 in

29 2331 116 2371 qno
133 2321 347 2372 praedictae
366 2320 563 2363 veritates
583 2331 729 2361 omnes
748 2322 1018 2371 exponuntur
1032 2322 1076 2360 et
1093 2318 1374 2359 vindicantur.

82 2385 152 2426 III.
172 2386 235 2426 Ad
264 2390 451 2437 tempus,
486 2397 573 2438 quo
605 2384 901 2425 elucubratum
929 2395 1036 2435 opus
1061 2383 1159 2432 fuit,
1189 2382 1474 2423 definiendum
1503 2390 1642 2423 sermo

28 2450 172 2488 noster
207 2450 481 2490 convertitur.
520 2449 666 2491 Gertas
694 2449 894 2501 patefacit
920 2447 1197 2499 temporarias
1227 2449 1349 2486 notas
1384 2446 1643 2486 Ptolomaeus

29 2512 245 2553 Lucensis.
258 2513 307 2552 In
325 2513 431 2554 lihro
447 2513 635 2554 Historiae
651 2513 911 2554 ecelesiastica?
929 2523 1025 2562 mr,
1047 2512 1200 2552 diserte
1224 2512 1384 2560 narrat,
1402 2510 1539 2561 capite
1557 2511 1609 2552 23
1631 2524 1642 2550 ε

35 2591 54 2615 (ι
63 2578 183 2617 Anno
192 2576 359 2616 Domini
372 2578 544 2626 1261,in
558 2578 758 2619 cathedra
769 2578 883 2618 Petri
896 2577 1113 2617 Urbanum
1126 2576 1179 2617 IV
1195 2575 1364 2625 sedisse,
1380 2578 1643 2626 assumptum

29 2640 75 2680 in
89 2640 370 2681 decollatione
389 2641 522 2680 sancti
540 2641 711 2681 Joannis
729 2641 927 2692 Baptistae
948 2654 959 2680 :
982 2640 1134 2681 sedisse
1164 2642 1309 2680 autem
1340 2638 1474 2680 tribus
1506 2638 1641 2688 annis,

30 2716 174 2746 mense
195 2716 281 2745 uno
302 2719 341 2745 υ.
356 2705 484 2745 Addit
501 2705 750 2757 insequente
776 2705 913 2756 capite
933 2707 986 2746 24
1006 2719 1017 2745 ε
1042 2719 1063 2744 ι(
1081 2706 1201 2746 Tunc
1229 2706 1404 2746 fratrem
1434 2703 1641 2746 'rhomam

31 2769 204 2810 rediisse
242 2769 294 2809 de
323 2768 491 2809 Parisiis
521 2781 573 2809 ex
608 2770 733 2810 certis
764 2769 900 2810 causis
923 2782 933 2810 ε
956 2771 1008 2811 ad
1036 2770 1284 2821 petitionem
1317 2769 1472 2811 Urbani
1507 2770 1639 2810 multa

0 2851 1 2893 3
30 2833 193 2884 fecisse,
213 2836 257 2874 et
276 2832 516 2885 scripsisse»
543 2846 553 2873 :
575 2844 624 2874 ac
646 2834 774 2875 etiam
798 2837 1016 2886 «tempore
1036 2835 1226 2886 eJusdem
1247 2834 1471 2886 pontificis,
1486 2834 1640 2875 librum

0 2909 3 2958 ζ
31 2903 168 2939 contra
189 2896 386 2940 Gentiles»
409 2898 462 2939 ab
480 2909 532 2940 eo
553 2898 809 2940 confectum.
823 2900 858 2940 A
873 2899 939 2941 die
955 2909 1049 2941 xxlx
1063 2900 1231 2952 augusti
1244 2899 1344 2941 anni
1365 2900 1483 2949 1261,
1499 2898 1639 2941 tenuit
