1894 3223
716 137 802 171 LlB.
833 137 860 178 l,
890 137 990 172 uAP.
1021 136 1163 170 Lxxlx.
1700 138 1744 173 85

125 218 306 257 ordinem
327 216 517 261 universi,
539 216 607 254 sed
630 217 717 254 sola
739 217 978 264 universalis
999 226 1120 254 causa
1153 215 1275 253 totius
1308 215 1496 256 universi,
1520 226 1606 263 quae
1640 218 1744 254 Deus

125 270 198 309 est,
221 264 287 312 qui
307 273 375 310 per
395 272 507 302 suam
531 263 773 301 voluntatem
810 263 906 309 agit,
928 267 970 299 ut
998 263 1099 300 inira
1125 261 1206 308 (lib.
1225 272 1268 307 11,
1290 272 1374 308 cap.
1397 262 1456 309 23)
1495 263 1742 301 ostendetur.

125 312 235 357 Quod
271 314 400 348 autem
422 310 520 348 ordo
542 310 715 348 universi
735 310 787 346 sit
807 310 996 353 casualis,
1013 314 1072 347 est
1111 309 1373 355 impossihile,
1396 310 1490 356 quia
1513 315 1745 356 sequeretur

125 358 229 406 quod
253 357 376 395 multo
395 357 523 404 magis
545 357 623 394 alia
655 357 878 402 posteriora
900 361 1034 394 essent
1055 369 1076 394 a
1101 367 1210 394 casu.
1232 356 1479 404 Relinquitur
1499 358 1619 405 igitur
1639 358 1742 404 quod

126 407 232 443 Deus
253 409 291 442 et
305 405 464 452 singula
485 404 680 442 bonorum
703 404 798 440 vult.
1172 450 1177 455 ¹
1333 450 1339 456 ⁶

171 451 484 496 Adhuc‚bonum
525 451 782 490 intellectum,
813 450 854 487 in
917 454 1079 487 uantum
1113 449 1356 496 hujusmodi,
1379 454 1436 488 est
1468 451 1647 488 volitum.
1668 451 1743 489 Sed

126 500 232 537 Deus
251 498 436 546 intelligit
468 497 587 535 etiam
615 498 868 544 particularia
927 506 1017 543 ona,
1039 502 1217 543 utsupra
1239 497 1337 544 (cap.
1361 497 1418 545 65)
1439 498 1645 545 probatum
1668 502 1741 536 est.

125 546 216 584 Vult
234 545 355 593 igitur
374 545 492 582 etiam
513 545 768 592 particularia
786 545 903 582 hona.

176 594 256 631 Hoc
290 596 420 630 autem
454 592 687 630 auctoritate
713 592 921 638 Scripturae
952 591 1220 635 confirmatur,
1241 601 1327 638 qua}
1358 591 1405 629 ad
1434 591 1591 639 singula
1625 601 1745 638 opera

125 639 453 686 complacentiam
474 639 616 676 divinae
638 640 852 676 voluntatis
874 639 1060 682 ostendit,
1083 639 1233 682 dicens,
1262 639 1370 682 Gen.‚
1390 648 1414 683 1,
1431 643 1452 676 4
1475 652 1483 675 :
1516 639 1618 675 Videt
1650 642 1743 676 Deus

126 687 237 724 lucem
255 687 349 732 quod
368 689 456 723 esset
476 686 579 726 bona,
603 687 835 723 etsimililer
855 685 901 722 de
920 685 1009 722 aliis
1031 685 1235 730 operibu83
1259 689 1294 721 et
1319 690 1452 731 postea
1483 686 1528 722 de
1555 686 1743 724 omnibus

124 734 260 779 simul,
282 733 394 779 ibid„
415 736 455 771 31
482 745 491 771 :
514 734 618 771 Vidit
636 736 729 770 Deus
751 737 877 769 cuncta
897 744 976 779 quae
992 734 1140 776 fecerat,
1161 734 1193 767 et
1212 735 1315 767 erant
1333 733 1438 771 ‘caule
1461 733 1563 771 bona.

750 852 916 920 CAPUT
951 878 1124 918 Lxxnt.

473 998 573 1033 QUOD
600 999 698 1027 DEtss
722 998 833 1027 VELIT
859 997 982 1027 ΕΤΙΑΜ
1001 998 1087 1032 QUAE
1105 998 1266 1026 NON-DUM
1286 999 1394 1028 SUNT.

177 1108 215 1145 Si
233 1111 363 1145 autem
383 1106 483 1144 velle
504 1110 564 1144 est
584 1116 653 1153 per
676 1106 1011 1153 comparationem
1032 1106 1201 1144 volentis
1229 1107 1276 1144 ad
1303 1108 1481 1152 volitum,
1506 1109 1603 1146 sorte
1625 1110 1743 1148 alicui

128 1159 259 1202 potest
277 1154 400 1192 videri
422 1153 527 1201 quod
548 1155 652 1191 Deus
673 1163 753 1190 non
775 1154 867 1190 velit
883 1153 960 1191 nisi
979 1163 1024 1190 ea
1053 1163 1140 1201 quae
1161 1158 1266 1191 sunt.
1289 1156 1384 1191 Nam
1408 1156 1569 1193 relativa
1590 1161 1744 1203 oportet

130 1201 252 1240 simul
267 1210 371 1246 esse,
387 1204 442 1246 ut,
455 1210 535 1238 uno
551 1201 800 1246 interempto,
817 1201 1065 1238 interimatur
1080 1201 1259 1245 alterum,
1278 1206 1317 1238 ut
1334 1203 1601 1249 Philosophus
1617 1204 1742 1241 docet.

130 1249 169 1287 Si
192 1249 313 1296 igitur
330 1246 431 1285 velle
461 1251 521 1285 est
540 1257 609 1294 per
637 1248 972 1294 comparationem
994 1248 1163 1285 volentis
1196 1249 1244 1285 ad
1266 1249 1443 1295 volitum,
1461 1251 1595 1288 nullus
1616 1255 1743 1297 potest

129 1295 229 1333 velle
250 1295 328 1332 nisi
343 1305 390 1333 ea
409 1305 496 1342 quae
517 1298 623 1332 sunt.

178 1344 369 1383 Praeterea,
386 1343 571 1379 voluntas
605 1341 748 1378 dicitnr
768 1341 816 1379 ad
847 1342 981 1387 volita,
1002 1343 1105 1379 sicut
1129 1346 1164 1379 et
1199 1347 1375 1381 creatura
1407 1348 1444 1381 et
1465 1349 1629 1381 creator.
1656 1347 1742 1382 Non

133 1394 264 1428 autem
292 1393 422 1436 potest
441 1389 517 1426 dici
555 1389 672 1426 etiam
692 1391 795 1426 Deus
825 1399 914 1426 esse
941 1393 1106 1433 creator,
1127 1390 1187 1426 vel
1218 1391 1418 1436 dominus,
1435 1392 1494 1428 vel
1521 1396 1642 1438 pater,
1664 1392 1741 1430 nisi

136 1446 272 1475 eorum
290 1446 376 1484 quae
392 1440 496 1474 sunt.
520 1437 620 1483 Ergo
641 1445 718 1472 non
742 1440 869 1482 potest
893 1436 967 1473 dici
984 1437 1082 1473 velle
1105 1437 1180 1474 nisi
1203 1448 1248 1474 ea
1266 1448 1352 1485 quae
1372 1443 1477 1475 sunt.

184 1485 235 1520 Ex
252 1484 328 1521 hoc
347 1487 477 1521 autem
495 1486 632 1530 posset
652 1484 819 1520 ulterius
839 1484 1038 1528 concludi,
1059 1484 1091 1521 si
1114 1484 1290 1522 divinum
1306 1486 1405 1523 velle
1427 1490 1485 1523 est
1500 1486 1744 1530 invariabile,

136 1530 238 1569 sicut
259 1533 298 1567 et
334 1539 451 1568 suum
471 1539 574 1573 esse,
593 1534 631 1567 et
663 1539 743 1567 non
761 1530 842 1568 vult
870 1530 948 1568 nisi
973 1540 1018 1568 ea
1038 1540 1124 1577 quae
1155 1535 1243 1569 actu
1276 1536 1382 1578 sunt,
1405 1533 1510 1579 quod
1536 1533 1635 1570 nihil
1653 1533 1747 1570 velit

134 1577 240 1626 quod
261 1585 341 1614 non
362 1586 517 1623 semper
537 1577 602 1614 sit.
641 1592 643 1596 v

184 1624 325 1661 Dicunt
353 1627 481 1661 autem
503 1624 551 1661 ad
573 1623 648 1661 hoc
673 1623 832 1670 quidam
853 1623 965 1672 quod.
980 1633 1026 1661 ea
1043 1634 1129 1671 quae
1147 1634 1227 1662 non
1249 1626 1399 1663 suntin
1416 1627 1573 1672 seipsis,
1591 1630 1685 1664 sunt
1703 1627 1744 1665 in

136 1672 230 1716 Deo,
249 1674 286 1708 et
316 1671 357 1707 in
377 1670 463 1718 eJus
477 1670 698 1715 intellectu;
719 1671 822 1708 unde
841 1671 940 1708 nihil
960 1671 1142 1717 prohibet
1161 1682 1206 1709 ea
1226 1683 1312 1720 quae
1332 1682 1410 1711 non
1428 1678 1520 1711 sunt
1540 1675 1580 1711 in
1598 1674 1744 1721 seipsis

135 1719 257 1755 Deum
278 1717 376 1754 velle
398 1717 616 1755 secundum
637 1717 742 1764 qu'od
764 1719 803 1753 in
820 1727 867 1755 eo
888 1722 993 1755 sunt.
1779 1729 1782 1731 ’

184 1766 263 1802 Hoc
284 1768 414 1802 autem
435 1773 516 1802 non
537 1764 689 1801 videtur
705 1764 950 1801 sufficienter
967 1765 1128 1802 dictum.
1151 1768 1247 1803 Nam
1270 1767 1486 1804 secundum
1510 1768 1584 1804 hoc
1602 1768 1746 1805 dicitur

135 1811 303 1859 quilibet
327 1812 464 1848 volens
499 1811 648 1858 aliquid
668 1812 781 1855 vclle,
802 1812 906 1858 quod
924 1812 1108 1850 voluntas
1141 1822 1214 1850 sua
1240 1814 1406 1850 refertur
1435 1815 1479 1851 ad
1514 1815 1745 1853 volitum.Si

132 1857 257 1902 igitur
284 1857 418 1896 divina
438 1858 620 1896 voluntas
641 1867 719 1895 non
741 1859 907 1896 refertur
927 1859 974 1896 ad
994 1859 1170 1903 volitum,
1187 1861 1293 1906 qnod
1322 1871 1399 1897 non
1423 1866 1481 1898 est
1502 1862 1578 1898 nisi
1601 1871 1742 1899 secun·

134 1904 227 1943 dum
247 1904 352 1952 quod
369 1905 485 1943 estin
504 1905 606 1952 ipso,
627 1906 687 1942 vel
709 1905 749 1942 in
771 1905 855 1951 ejus
870 1906 1086 1951 intellectu,
1104 1909 1281 1953 sequitur
1301 1908 1406 1955 quod
1425 1911 1527 1945 Deus
1546 1918 1626 1946 non
1655 1909 1748 1946 velit

132 1951 232 1990 illud
265 1952 391 1997 aliter,
413 1952 492 1989 nisi
522 1953 616 1999 quia
637 1953 721 1989 vult
752 1953 848 1990 illud
882 1962 970 1990 esse
999 1954 1038 1989 in
1067 1963 1123 1998 se,
1141 1955 1201 1990 vel
1235 1955 1275 1990 in
1308 1956 1396 2001 ejus
1426 1956 1642 1992 intellectu.
1665 1958 1744 1993 Hoc

134 2004 265 2037 autem
291 2007 372 2052 non
394 1999 604 2037 intendunt
621 1999 842 2051 loquentes,
864 2000 933 2038 sed
954 2001 1057 2046 quod
1078 2003 1182 2038 Deus
1208 2002 1436 2049 hujusmodi
1460 2013 1546 2050 quae
1568 2003 1744 2040 nondum

133 2050 228 2084 sunt
248 2045 342 2083 velit
359 2055 448 2084 esse
468 2046 585 2084 etiam
602 2046 642 2083 in
663 2047 822 2092 seipsis.

179 2094 332 2138 Rursus,
354 2094 388 2131 si
411 2093 595 2131 voluntas
629 2098 878 2140 comparetur
906 2094 955 2131 ad
984 2103 1066 2130 rem
1098 2094 1258 2132 volitam
1291 2106 1360 2142 per
1380 2105 1496 2133 suurn
1530 2096 1740 2143 objectum,

131 2139 237 2186 quod
267 2143 329 2177 est
346 2139 495 2178 bonum
515 2140 783 2185 intellectnm;
808 2141 1046 2187 (intellectus
1067 2146 1290 2179 autemnon
1312 2144 1441 2180 solum
1460 2145 1648 2190 intelligit
1670 2144 1738 2181 bo-

132 2195 228 2223 num
250 2195 339 2224 esse
358 2187 401 2224 in
431 2196 488 2233 se,
506 2187 575 2225 sed
596 2189 712 2224 eliam
746 2188 785 2224 in
808 2188 965 2234 propria
991 2189 1159 2236 natura),
1187 2193 1225 2226 et
1249 2191 1433 2228 voluntas
1453 2191 1746 2237 comparabitur

132 2232 179 2271 ad
210 2233 376 2271 volitum
407 2242 489 2272 non
524 2235 654 2272 solum
677 2236 895 2272 secundum
917 2236 1022 2283 quod
1062 2240 1122 2273 est
1152 2237 1192 2272 in
1219 2242 1499 2284 cognoscente,
1523 2239 1592 2275 sed
1626 2239 1741 2274 etiam

134 2280 356 2318 secundum
375 2281 481 2328 quod
502 2285 563 2319 est
582 2282 622 2318 in
643 2282 791 2327 seipso.

181 2327 366 2365 Dicamus
387 2329 399 2364 i
431 2328 509 2365 itur
527 2328 647 2375 quod,
670 2339 789 2375 quum
811 2328 959 2366 bonum
994 2330 1283 2375 apprehensum
1305 2336 1460 2370 moveat
1487 2332 1742 2374 voluntatem,

133 2377 288 2419 oportet
311 2383 390 2426 quo
436 2375 567 2421 ipsum
596 2375 695 2412 velle
721 2380 909 2423 sequatur
929 2377 1198 2413 conditionem
1220 2379 1563 2423 apprehensionis,
1584 2379 1687 2415 sicut
1704 2381 1742 2414 et

132 2424 266 2457 motus
283 2419 452 2458 aliorum
470 2421 678 2459 mobilium
692 2426 913 2469 sequuntur
930 2423 1180 2461 conditiones
1196 2425 1404 2469 moventis,
1421 2425 1525 2471 quod
1544 2428 1603 2461 est
1619 2433 1742 2461 causa

133 2464 448 2519 motusJ‘Relatio
469 2471 600 2505 autem
621 2470 952 2515 apprehendentis
973 2470 1021 2507 ad
1043 2471 1331 2515 apprehensum
1345 2475 1405 2508 est
1422 2480 1672 2518 consequens
1689 2471 1738 2508 ad

133 2513 489 2559 apprehensionem
525 2515 674 2560 ipsam;
697 2525 766 2560 per
785 2517 859 2553 hoc
892 2516 997 2552 enim
1016 2517 1182 2552 refertur
1202 2518 1500 2563 apprehendens
1521 2519 1568 2555 ad
1601 2527 1737 2564 apprc-

135 2559 320 2605 hensum,
341 2561 446 2607 quod
462 2562 718 2606 apprehendit
735 2563 878 2607 ipsum.
900 2565 985 2599 Non
1006 2566 1136 2599 autem
1150 2564 1280 2600 solum
1300 2566 1599 2610 apprehendens
1611 2574 1746 2611 appre-

133 2606 269 2644 hendit
302 2616 384 2644 rem
418 2608 636 2644 secundum
658 2610 762 2654 qnod
796 2613 856 2645 est
875 2609 915 2645 in
950 2609 1097 2654 seipse,
1120 2610 1189 2646 sed
1225 2612 1441 2648 secundum
1477 2612 1582 2659 quod
1612 2616 1673 2649 est
1701 2612 1743 2648 in

133 2653 293 2700 propria
309 2657 475 2699 natura3
498 2654 590 2706 quia
612 2663 690 2691 non
711 2655 840 2692 solum
856 2656 1139 2702 cognoscimus
1161 2666 1241 2694 rem
1258 2658 1424 2706 intelligi
1446 2660 1599 2697 anobis
1621 2658 1741 2707 (quod

133 2705 194 2737 est
214 2709 301 2738 eam
333 2709 423 2739 esse
437 2701 478 2738 in
501 2701 732 2747 intellectu),
752 2702 820 2738 sed
842 2711 928 2738 eam
952 2711 1040 2740 esse
1057 2703 1116 2740 vel
1152 2703 1276 2742 fuisse
1310 2706 1370 2741 vel
1402 2706 1572 2743 futuram
1591 2716 1680 2744 esse
1702 2706 1742 2741 in

133 2748 294 2793 propria
322 2751 475 2785 natura.
495 2748 600 2785 Licet
626 2747 748 2794 igitur
768 2752 860 2785 tunc
892 2758 955 2786 res
990 2749 1059 2786 illa
1078 2758 1159 2787 non
1186 2752 1238 2787 sit
1278 2751 1355 2789 nisi
1388 2753 1429 2789 in
1461 2756 1740 2800 cognoscente,

135 2794 276 2831 relatio
300 2797 432 2832 tamen
459 2804 711 2841 consequens
732 2795 1088 2841 apprehensionem
1108 2801 1168 2834 est
1187 2799 1235 2835 ad
1256 2808 1356 2843 eam,
1376 2809 1456 2837 non
1477 2805 1592 2846 prout
1623 2804 1683 2837 est
1701 2799 1743 2835 in

136 2845 419 2887 cognoscente,
448 2842 517 2878 sed
538 2846 654 2887 prout
671 2845 731 2878 est
751 2842 969 2879 secundum
1006 2844 1205 2889 propriam
1239 2849 1418 2884 naturam
1451 2857 1569 2895 quam
1611 2854 1744 2894 appre-

135 2885 273 2925 hendit
308 2888 864 2958 apprehendensjivoluniatis
897 2889 1018 2937 igitur
1048 2890 1190 2930 divinae
1211 2892 1348 2930 relatio
1366 2898 1426 2932 est
1464 2895 1513 2932 ad
1548 2904 1628 2932 rem
1663 2899 1742 2929 non
