1894 3223
183 116 252 153 626
736 110 824 147 Lm.
852 111 911 155 1v,
939 110 1040 146 GAP.
1066 82 1248 147 1111111111.

230 195 413 239 Amplius,
432 193 554 229 homo
574 200 788 238 resurgens
808 191 850 227 in
884 194 1115 236 perpetuum
1137 192 1251 228 vivet.
1271 193 1346 228 Aut
1376 191 1498 239 igitur
1531 201 1688 238 semper
1707 192 1805 230 cibo

185 245 329 281 utetur,
351 243 515 276 autnon
536 247 705 283 semper,
728 238 797 276 sed
817 247 885 283 per
905 238 1064 284 aliquod
1092 237 1393 275 determinatum
1415 243 1584 285 tempus.
1607 239 1647 276 Si
1669 244 1802 276 autem

186 296 341 332 semper
358 285 445 322 cibo
466 288 609 328 utetur,
631 294 718 321 cum
741 285 854 321 cibus
873 285 915 320 in
935 293 1080 330 corpus
1096 293 1313 321 conversus
1339 286 1403 328 sit,
1418 296 1440 322 a
1457 296 1535 332 (1110
1557 285 1657 322 nihil
1677 286 1802 322 resol-

185 335 299 377 vitur,
323 341 486 369 necesse
510 335 570 368 est
586 331 688 378 quod
712 336 968 378 augmentum
992 332 1109 368 saciat
1135 331 1354 368 secundum
1384 333 1554 379 aliquam
1585 333 1805 369 dimensio-

185 390 290 418 nem.
314 379 513 425 Oportebit
533 388 627 425 ergo
649 379 779 415 dicere
801 379 905 424 quod
926 388 1070 424 corpus
1087 378 1262 415 hominis
1274 380 1518 425 resurgentis
1538 381 1580 416 in
1603 380 1802 416 infinitum

186 430 399 474 augeatur3
422 425 527 472 quod
547 435 635 462 esse
656 435 736 462 non
758 428 900 471 potest,
920 426 1011 471 quia
1046 429 1301 470 augmentum
1332 429 1393 461 est
1423 431 1555 463 motus
1584 426 1804 467 naturalis;

185 474 353 511 intentio
375 478 503 509 autem
525 472 682 509 virtutis
704 473 896 509 naturalis
908 473 1104 509 moventis
1126 481 1328 518 nunquam
1344 475 1404 508 031
1429 473 1477 509 ad
1497 473 1710 516 infinitum,
1734 473 1805 510 sed

187 530 343 566 semper
358 524 418 556 est
439 520 486 556 ad
509 519 655 565 aliquid
673 524 843 563 certum;
860 519 1021 566 quia,ut
1047 519 1188 555 dicitur
1211 520 1251 554 in
1277 518 1452 555 secundo
1472 522 1522 555 De
1546 522 1670 556 anima
1696 520 1807 566 (text.

186 577 287 604 com.
310 567 383 613 41),
406 568 562 602 omnium
581 569 716 602 natura
741 568 980 602 constantium
1001 568 1173 601 terminus
1189 569 1239 601 est
1260 566 1526 610 maynz'tudtnis
1549 570 1582 602 et
1607 569 1806 612 auqmenti.

187 615 226 652 Si
248 618 376 650 autem
398 623 475 650 non
494 623 650 659 semper
669 613 758 649 cibo
779 617 910 650 utetur
930 614 1049 649 homo
1080 622 1308 659 resurgens,
1331 622 1486 658 semper
1517 617 1647 650 autem
1677 615 1806 659 vivet,

188 662 262 698 erit
282 661 441 706 aliquod
463 665 618 705 tempus
654 660 745 696 dare
773 661 813 695 in
836 670 913 706 (100
936 660 1024 696 01110
1046 669 1125 696 1100
1149 664 1278 696 010101
1299 671 1306 695 :
1330 669 1451 705 quare
1472 660 1548 696 1100
1567 670 1589 696 a
1609 660 1805 707 principio

189 708 413 745 faciendum
432 712 504 744 est.
523 709 608 743 Non
629 707 749 753 igitur
769 708 889 743 homo
910 716 1124 752 resurgens
1146 707 1233 743 cibo
1252 709 1393 742 utetur.
1416 708 1454 743 Si
1477 710 1607 743 autem
1628 716 1708 743 non
1723 712 1806 744 ute-

186 758 251 791 tur
270 755 370 795 cibo,
396 754 573 801 sequitur
593 754 698 800 quod
721 763 848 800 neque
869 763 1126 790 venereorum
1141 763 1256 790 usum
1281 753 1452 798 habebit,
1470 754 1516 790 ad
1538 764 1654 800 quem
1676 754 1806 800 requi·

186 802 288 839 ritur
304 801 454 838 decisio
482 801 657 837 seminis.
695 804 724 837 A
759 810 923 847 corpore
956 803 1085 837 autem
1120 801 1365 846 resurgentis
1400 809 1534 837 semen
1568 801 1695 837 decidi
1727 810 1807 838 non

187 849 332 895 poterit
353 858 478 894 neque
501 858 547 883 ex
568 847 791 884 substantia
812 849 920 894 ejus3
942 851 1023 884 tum
1047 848 1230 894 quiahoc
1248 851 1457 884 esicontra
1478 848 1670 884 rationem
1689 849 1807 884 semi-

188 896 267 939 nis,
289 898 395 932 esset
414 895 518 931 enim
541 904 678 931 semen
698 895 738 930 in
761 895 974 940 corrumpi,
997 899 1035 930 et
1055 905 1077 931 a
1097 899 1238 931 natura
1256 895 1457 934 recedens,
1481 899 1518 931 et
1540 895 1599 931 sic
1619 903 1699 931 non
1718 904 1808 940 pos-

190 947 251 979 set
269 952 357 979 esse
380 942 573 978 naturalis
595 942 763 978 actionis
780 942 1030 988 principium,
1051 945 1091 978 01
1110 945 1215 987 patet
1244 951 1311 986 per
1331 941 1617 987 Philosophum
1644 941 1684 978 in
1706 942 1809 979 libro

188 992 239 1026 De
255 991 480 1034 generatione
500 990 709 1023 animalium
733 990 773 1033 (1,
795 998 880 1034 cup.
902 988 957 1035 18)
977 1001 984 1032 ;
1005 992 1089 1025 tum
1110 989 1224 1025 etiam
1248 989 1342 1034 quia
1361 999 1381 1025 a
1403 989 1627 1025 substantia
1645 989 1807 1025 illorum

189 1046 401 1082 corporum
423 1036 781 1081 incorruptibilium
813 1036 1067 1072 existentium
1103 1035 1203 1072 nihil
1225 1035 1556 1081 resolvipoterit3
1587 1045 1658 1072 000
1688 1036 1807 1072 etiam

190 1093 324 1121 semen
349 1093 436 1120 esse
457 1083 598 1128 poterit
623 1082 867 1128 superfluum
887 1083 1077 1126 alimenti,
1101 1083 1134 1119 si
1161 1085 1415 1129 resurgentes
1447 1083 1547 1119 cibis
1578 1091 1659 1119 non
1691 1086 1808 1119 utun-

189 1134 253 1167 tur
271 1159 279 1175 ,
318 1134 358 1166 ut
396 1134 602 1166 ostensum
640 1134 712 1166 031.
752 1132 835 1166 Non
873 1129 994 1176 igitur
1030 1130 1070 1165 in
1106 1129 1405 1175 resurgentibus
1444 1130 1517 1166 erit
1548 1138 1807 1166 venereorum

189 1186 307 1214 usus.

235 1226 335 1264 Item,
351 1232 608 1260 venereorum
628 1232 728 1260 usus
749 1223 795 1259 ad
817 1223 1113 1270 generationem
1134 1222 1353 1259 ordinatur.
1372 1224 1409 1259 Si
1431 1223 1550 1268 igitur
1569 1227 1659 1268 post
1679 1233 1809 1260 resur-

189 1272 406 1308 rectionem
437 1271 510 1306 erit
541 1279 798 1306 venereorum
832 1279 943 1313 usus,
979 1270 1056 1306 nisi
1088 1269 1139 1305 sit
1170 1270 1327 1314 frustra,
1362 1271 1540 1316 sequitur
1571 1270 1676 1316 quod
1708 1275 1805 1307 tunc

190 1319 307 1355 etiam
330 1318 402 1353 erit
421 1317 627 1353 hominum
647 1317 862 1363 generatio,
884 1317 987 1353 sicut
1007 1321 1043 1353 et
1065 1325 1183 1352 nunc.
1204 1317 1313 1352 Multi
1344 1317 1464 1363 igitur
1492 1317 1672 1354 homines
1694 1320 1808 1353 erunt

192 1370 284 1412 post
306 1364 635 1401 resurrectionem
656 1364 722 1410 (101
743 1368 833 1400 ante
854 1363 1183 1400 resurrectionem
1211 1372 1290 1399 non
1313 1363 1483 1400 fuerunt.
1508 1365 1666 1400 Frustra
1686 1364 1810 1410 igitur

189 1416 342 1449 tantum
365 1410 541 1447 differtur
560 1411 795 1447 resurrectio
816 1414 1076 1454 mortuorum,
1100 1414 1142 1446 ut
1159 1419 1299 1446 omnes
1318 1410 1437 1446 simul
1462 1410 1579 1446 vitam
1611 1411 1808 1456 accipiant

191 1459 256 1506 qui
280 1459 457 1495 eamdem
480 1457 624 1493 habent
642 1462 837 1494 naturam.

236 1506 416 1551 Amplius,
440 1505 472 1540 si
494 1508 584 1550 post
604 1505 934 1541 resurrectionem
956 1504 1029 1540 erit
1045 1504 1251 1540 hominum
1281 1504 1498 1551 generatio,
1521 1509 1589 1541 aut
1607 1504 1728 1551 igitur
1747 1503 1808 1541 illi

191 1554 257 1600 qui
289 1552 583 1600 generabuntur
614 1552 754 1588 iterum
792 1551 1093 1596 corrumpentur
1111 1579 1119 1595 ‚
1156 1555 1223 1587 aut
1263 1551 1584 1597 incorruptibiles
1617 1554 1732 1588 erunt
1771 1554 1811 1588 et

190 1599 449 1636 immortales.
470 1599 508 1634 Si
527 1603 656 1634 autem
675 1602 790 1635 erunt
810 1597 1131 1643 incorruptibiles
1166 1602 1203 1634 et
1231 1598 1490 1642 immortales,
1514 1599 1635 1635 multa
1668 1598 1808 1635 incon-

191 1646 390 1683 venientia
433 1649 666 1692 sequuntur.
694 1646 826 1682 Primo
868 1645 1025 1692 quidem
1061 1645 1166 1691 quia,
1190 1646 1384 1691 oportebit
1419 1655 1564 1691 ponere
1607 1645 1711 1692 quod
1749 1645 1808 1682 illi

189 1694 374 1731 homines
395 1692 480 1729 sine
502 1698 661 1738 peccato
682 1696 898 1729 nascantur
918 1693 1117 1739 originali,
1141 1703 1262 1738 quum
1285 1693 1503 1729 necessitas
1531 1692 1728 1729 moriendi
1756 1692 1809 1729 sit

192 1750 311 1788 poena
331 1748 583 1786 consequens
603 1744 808 1785 peccatum
830 1740 1023 1787 originale
1041 1751 1049 1783 ;
1071 1740 1175 1785 quod
1194 1744 1253 1776 est
1273 1740 1652 1785 contraApostolum
1674 1739 1809 1776 dicen·

190 1794 283 1832 tem,
306 1789 432 1827 Rom„
457 1795 494 1829 v,
517 1789 573 1830 12,
589 1787 694 1832 quod
713 1797 777 1832 per
796 1797 909 1822 unum
927 1787 1103 1822 hominem
1119 1790 1302 1831 peccatum
1332 1789 1372 1822 in
1401 1797 1518 1822 onmes
1548 1787 1706 1822 homines
1728 1797 1810 1832 per-

191 1836 352 1874 transiit,
372 1837 405 1869 et
419 1845 487 1879 per
502 1837 688 1878 peccatum
707 1844 815 1869 mors.
836 1834 982 1870 Deinde
1005 1833 1184 1879 sequitur
1203 1834 1307 1880 quod
1329 1843 1407 1870 11011
1433 1843 1573 1871 omnes
1604 1833 1811 1880 indigeant

191 1882 476 1927 redemptione,
495 1890 582 1926 quae
603 1885 662 1917 est
683 1891 706 1917 a
725 1881 894 1924 Christo,
916 1880 950 1917 si
970 1881 1091 1926 aliqui
1122 1881 1208 1916 sine
1228 1885 1389 1926 peccato
1410 1880 1593 1927 originali
1614 1884 1651 1916 et
1669 1889 1807 1917 neces-

193 1929 306 1966 sitate
328 1927 521 1964 moriendi
542 1932 781 1972 nascantur3
808 1932 845 1963 et
864 1927 921 1964 sic
954 1927 1132 1964 Christus
1165 1936 1246 1963 non
1279 1928 1351 1963 erit
1385 1929 1563 1964 omnium
1600 1927 1807 1963 hominum

191 1979 332 2021 caput3
356 1974 460 2020 quod
482 1978 542 2010 est
561 1978 699 2010 contra
720 1975 954 2010 sententiam
977 1974 1154 2019 Apostoli
1176 1974 1389 2018 dicentis‚I
1410 1975 1511 2016 Cor.,
1534 1982 1603 2018 xv,
1622 1977 1681 2013 22,
1700 1974 1806 2020 quod

189 2024 282 2058 sicut
300 2024 340 2058 in
357 2022 479 2057 Adam
499 2031 616 2056 omnes
635 2023 851 2065 moriamur,
873 2023 926 2056 ita
946 2024 978 2056 et
998 2023 1036 2056 z'n
1059 2021 1200 2057 Christo
1220 2031 1336 2056 omnes
1352 2022 1643 2066 vivificabuntur.
1669 2021 1808 2067 Sequi-

191 2073 254 2105 tur
274 2069 390 2105 etiam
413 2073 448 2104 et
469 2068 573 2104 aliud
594 2068 893 2109 inconveniens,
916 2072 958 2104 ut
977 2077 1145 2114 quorum
1163 2072 1223 2104 est
1244 2069 1389 2105 similis
1410 2068 1628 2115 generatio,
1651 2076 1732 2104 non
1755 2068 1808 2104 sit

190 2116 333 2152 Similis
352 2115 621 2162 generationis
641 2115 849 2152 terminus.
870 2115 1057 2151 Homines
1081 2115 1186 2150 enim
1220 2125 1289 2160 per
1305 2115 1615 2162 generationem,
1637 2124 1726 2162 quae
1747 2117 1808 2151 est

191 2173 238 2199 ex
259 2163 424 2205 semine,
444 2171 548 2198 nunc
568 2162 723 2208 quidem
753 2166 1052 2208 consequuntur
1080 2162 1375 2206 corruptibilem
1407 2163 1538 2205 vitam,
1560 2167 1655 2198 1000
1674 2166 1806 2198 autem

189 2209 468 2246 immortalem.
490 2209 528 2245 Si
548 2214 677 2245 autem
699 2209 883 2246 homines
904 2210 970 2255 qui
990 2212 1084 2245 tunc
1113 2214 1339 2253 nascentur,
1372 2209 1650 2255 corruptibiles
1677 2213 1807 2254 erunt,

190 2261 226 2293 et
247 2257 489 2300 morientur;
513 2256 546 2292 si
566 2256 704 2292 iterato
726 2265 806 2293 non
827 2260 1053 2303 resurgunt,
1073 2260 1260 2303 sequetur
1280 2257 1385 2303 quod
1401 2266 1537 2293 eorum
1560 2256 1699 2293 animae
1717 2265 1806 2302 per-

188 2308 306 2349 petuo
327 2303 622 2339 remanebunta
645 2303 876 2349 corporibus
908 2308 1097 2349 301101οῑεο
1125 2315 1132 2339 :
1168 2303 1273 2350 quod
1306 2309 1365 2340 est
1396 2304 1695 2346 inconvenieus,
1715 2312 1806 2340 cum

189 2352 269 2387 sint
290 2350 466 2396 ejusdem
482 2351 627 2396 speciei
659 2360 748 2387 cum
770 2351 979 2387 animabus
1002 2351 1206 2387 hominum
1228 2351 1535 2397 resurgentium.
1557 2351 1596 2386 Si
1615 2355 1746 2386 autem
1768 2354 1807 2386 01

188 2398 264 2443 ipsi
295 2402 520 2444 resurgunt,
556 2397 690 2433 debuit
716 2407 852 2434 eorum
886 2398 1122 2434 resurrectio
1153 2397 1200 2434 ab
1233 2398 1322 2434 aliis
1355 2398 1586 2443 exspectari,
1610 2401 1651 2434 01
1684 2397 1805 2434 simul

187 2445 374 2481 omnibus
395 2444 460 2490 (101
481 2453 600 2480 unam
630 2448 808 2481 naturam
843 2445 1077 2490 participant
1099 2443 1335 2481 beneficium
1369 2445 1594 2481 conferatur
1629 2453 1806 2481 resurre-

187 2492 322 2535 tionis,
349 2491 451 2538 quod
475 2491 522 2527 ad
547 2495 695 2527 naturae
714 2492 999 2537 reparationem
1024 2492 1203 2537 pertinet,
1227 2496 1266 2527 ut
1286 2501 1333 2528 ex
1352 2492 1465 2528 dictis
1489 2492 1588 2537 (cap.
1609 2492 1666 2537 81)
1683 2495 1801 2536 patet.

187 2539 231 2574 Et
249 2542 437 2584 praeterea
458 2547 537 2574 1100
557 2538 711 2574 videtur
737 2548 825 2576 esse
858 2538 991 2585 aliqua
1022 2539 1121 2575 ratio
1150 2547 1270 2585 quare
1301 2539 1423 2585 aliqui
1458 2541 1734 2584 exspectentur
1754 2538 1803 2574 ad

186 2586 489 2631 resurgendum,
513 2585 545 2621 si
568 2594 646 2621 non
669 2594 809 2622 omnes
829 2590 1119 2631 exspectantur.

233 2633 375 2676 Adhuc,
399 2633 432 2669 si
455 2632 636 2668 1100111103
658 2637 910 2680 resurgentes
934 2633 1112 2669 venereis
1135 2636 1293 2669 utentur
1311 2637 1348 2669 et
1370 2632 1629 2680 generabunt,
1644 2635 1712 2669 aut
1726 2632 1802 2668 hoc

186 2679 256 2713 erit
276 2688 430 2724 semper
450 2683 606 2715 autnon
620 2688 788 2725 semper.
812 2680 848 2716 Si
866 2689 1034 2725 semper,
1052 2684 1239 2726 sequetur
1253 2680 1358 2726 quod
1374 2679 1651 2725 multiplicatio
1671 2678 1800 2714 homi-

185 2733 279 2760 num
301 2726 371 2760 erit
390 2726 427 2761 in
451 2726 662 2762 infinitum.
684 2727 854 2762 Intentio
876 2731 1006 2762 autem
1030 2731 1178 2763 naturae
1199 2728 1426 2773 generantis
1443 2730 1532 2771 post
1547 2725 1800 2762 resurrectio-

185 2780 273 2807 nem
298 2781 376 2807 non
398 2774 538 2816 poterit
559 2782 647 2809 0330
669 2773 716 2809 ad
745 2775 865 2809 alium
896 2774 1011 2809 finem
1044 2783 1159 2819 quam
1198 2774 1246 2810 ad
1275 2773 1641 2819 multiplicationem
1673 2771 1799 2808 1101111-

184 2827 276 2854 num
296 2830 303 2861 ;
328 2827 405 2854 non
428 2819 528 2854 enim
553 2820 625 2855 erit
641 2820 688 2856 ad
708 2821 1049 2857 conservationem
1071 2821 1216 2866 speciei
1244 2831 1312 2866 per
1345 2819 1652 2865 generationem,
1676 2827 1796 2864 quum

182 2864 364 2901 homines
382 2865 731 2911 incorruptibiliter
748 2868 826 2904 sint
846 2868 998 2904 victuri.
1012 2869 1193 2914 Sequitur
1207 2867 1443 2914 igiturquod
1464 2866 1632 2902 intentio
1648 2869 1799 2902 naturae

1880 2942 1894 3223 —nn——QA
1892 2911 1894 2913 .
