1894 3223
216 123 284 159 102
807 117 895 154 LIB.
924 119 952 161 1,
981 117 1081 154 CAP.
1108 117 1242 153 XCVII.

215 207 291 240 tur.
315 204 394 238 Hoc
415 205 542 238 autem
564 202 624 236 est
643 198 906 244 impossihile.
929 198 1039 242 Quod
1061 198 1219 244 quidem
1236 201 1353 244 patet,
1368 198 1401 234 si
1418 206 1481 235 res
1499 207 1570 244 per
1587 197 1831 235 voluntatem

216 249 343 295 ipsius
362 248 401 284 in
433 257 520 284 esse
551 245 778 291 procedant,
800 245 893 291 quia
912 248 1005 281 tunc
1026 249 1179 290 oportet
1198 245 1394 282 actionem
1416 253 1493 291 qua
1522 253 1586 281 res
1605 244 1831 290 producun-

216 301 279 332 tur
292 304 380 332 esse
402 293 675 331 voluntariam.
698 291 899 335 Similiter,
920 291 953 328 si
969 292 1198 328 naturaliter
1218 291 1269 328 sit
1284 300 1413 328 rerum
1435 300 1570 335 causa,
1595 292 1701 338 quia,
1724 291 1829 328 sicut

216 340 430 388 placetsibi
453 349 525 375 sua
545 342 698 382 natura,
713 338 771 375 sic
791 338 920 384 placet
934 338 1010 375 sibi
1027 347 1144 375 omne
1164 338 1261 374 illud
1280 338 1385 385 quod
1406 347 1479 375 sua
1495 342 1634 375 natura
1653 337 1831 384 requirit.

218 388 374 425 Nullam
393 387 513 431 igitur
533 394 615 421 rem
639 386 743 421 Deus
763 385 859 421 odit.

262 436 451 475 Praeterea,
473 432 571 468 illud
590 431 695 478 quod
732 431 932 469 invenitur
967 432 1008 468 in
1038 431 1224 469 omnibus
1255 431 1390 469 causis
1421 431 1559 469 activis
1582 431 1829 476 naturaliter,

216 480 410 527 praecipue
431 479 471 514 in
491 478 618 524 primo
638 482 778 523 agente
798 487 961 515 necesse
981 482 1042 515 est
1061 478 1243 515 inveniri.
1266 479 1407 515 Omnia
1426 482 1557 516 autem
1577 478 1735 525 agentia
1755 486 1831 515 suo

216 526 334 563 modo
355 534 452 562 suos
473 524 636 562 effectus
669 529 802 562 amant
838 524 1058 561 secundum
1090 525 1195 571 quod
1229 525 1472 572 hujusmodi,
1506 525 1612 562 sicut
1643 527 1830 571 parentes

216 572 336 617 filios,
358 576 481 618 poetae
502 575 683 618 poenam,
705 571 876 608 artifices
898 581 972 608 sua
991 580 1123 617 opera.
1143 571 1261 608 Multo
1296 573 1417 618 igitur
1449 572 1578 619 magis
1619 573 1723 609 Deus
1742 571 1826 609 nul-

219 620 296 657 lam
316 628 399 656 rem
421 619 517 664 odit,
539 628 627 655 cum
649 619 734 664 ipse
755 619 806 655 sit
826 618 1005 655 omnium
1026 626 1160 654 causa.

265 668 344 703 Hoc
365 670 494 703 autem
517 670 575 702 est
595 665 700 712 quod
721 665 876 710 dicitur,
898 666 1000 711 Sap„
1025 673 1080 709 xl,
1094 667 1139 700 25
1163 676 1171 700 :
1197 665 1327 710 Diligis
1347 666 1467 701 omnia
1481 675 1559 711 quae
1571 668 1670 711 sunt,
1685 668 1719 701 et
1738 664 1834 701 nihil

215 714 326 749 odisti
345 723 463 748 eorum
483 723 560 757 quae
581 714 712 757 fecisti.

265 760 414 796 Dicitur
446 763 574 796 autem
611 761 714 796 Deus
748 759 881 805 aliqua
918 758 1027 796 odire
1062 757 1396 802 similitudinarie,
1420 761 1457 795 et
1487 758 1563 796 hoc
1595 758 1831 804 dupliciter:

218 807 348 843 Primo
369 806 485 843 modo
505 816 551 842 ex
572 806 647 842 hoc
667 806 769 852 quod
794 808 896 843 Deus
918 805 1086 842 amando
1122 813 1197 847 res,
1219 805 1356 842 volens
1389 813 1525 842 eorum
1558 805 1706 842 bonum
1728 814 1832 851 esse,

218 853 301 889 vult
323 853 564 890 contrarium
586 853 731 889 malum
754 862 835 889 non
856 861 944 890 esse
962 865 970 897 ;
988 853 1090 889 unde
1112 852 1307 889 malorum
1342 851 1476 889 odium
1508 852 1651 889 habere
1677 853 1832 889 dicitur.

218 902 314 937 Nam
337 909 422 946 quae
446 909 525 936 non
547 908 634 936 esse
657 899 839 937 volumus
860 899 1029 936 dicimur
1049 898 1140 936 odio
1163 899 1320 943 habere,
1342 899 1561 936 secundum
1583 899 1679 936 illud
1701 899 1832 944 Zach„

217 956 304 990 vlu,
319 951 356 983 17
378 959 385 983 ε
404 948 654 991 Unusquisque
670 947 804 982 malum
818 950 941 982 contra
955 948 1108 982 amicum
1117 956 1220 982 suum
1234 956 1277 982 ne
1295 947 1455 990 copitetis
1463 947 1501 982 in
1510 945 1676 982 cordibus
1692 947 1834 990 vestris,

217 997 250 1029 et
263 994 511 1039 juramentum
531 994 689 1029 mendam
708 1004 752 1029 ne
767 994 944 1038 diliputis.
967 994 1096 1030 Omnia
1115 994 1209 1028 enim
1229 992 1301 1029 haec
1313 996 1398 1029 sunt
1417 1003 1496 1039 quae
1518 993 1590 1033 odi,
1607 993 1696 1029 dicit
1716 994 1836 1029 Domi-

218 1051 300 1078 nus.
322 1042 410 1078 Haec
430 1044 559 1077 autem
583 1049 661 1077 non
682 1045 774 1077 sunt
793 1039 971 1084 effectus,
994 1044 1036 1077 ut
1068 1049 1131 1077 res
1161 1039 1440 1085 subsistentes,
1474 1049 1639 1086 quorum
1676 1040 1832 1086 proprie

219 1091 279 1124 est
298 1087 432 1124 odium
453 1087 512 1124 vel
535 1096 657 1124 amor.
680 1087 790 1124 Alius
813 1091 943 1124 autem
964 1087 1106 1124 modus
1127 1090 1200 1131 est,
1223 1096 1270 1123 ex
1290 1087 1364 1123 hoc
1392 1087 1497 1134 quod
1529 1088 1632 1124 Deus
1664 1087 1748 1123 vult
1765 1086 1834 1124 ali-

218 1134 324 1180 quod
344 1134 472 1180 majus
488 1133 649 1177 bonurn,
672 1135 777 1181 quod
797 1143 886 1171 esse
908 1143 987 1170 non
1010 1137 1140 1179 potest
1157 1134 1243 1171 sine
1279 1134 1499 1179 privatione
1529 1133 1697 1171 minoris
1718 1133 1830 1179 boni,

218 1184 257 1218 et
275 1181 333 1218 sic
353 1181 497 1217 dicitur
517 1181 639 1225 odire,
664 1190 753 1217 cum
776 1182 904 1227 magis
926 1182 1000 1217 boc
1021 1181 1071 1218 sit
1089 1190 1234 1217 amare.
1256 1182 1317 1218 Sic
1338 1181 1443 1217 enim
1465 1181 1505 1217 in
1534 1184 1725 1227 quantum
1747 1179 1833 1217 vult

217 1227 367 1264 honum
381 1227 559 1274 justitiae,
582 1227 641 1264 vel
663 1228 813 1265 ordinis
835 1228 1023 1271 universi,
1045 1227 1150 1274 quod
1171 1236 1260 1265 esse
1275 1236 1354 1264 non
1373 1231 1502 1274 potest
1517 1229 1605 1264 sine
1626 1227 1834 1273 punitione

217 1274 279 1311 vel
299 1275 551 1320 corruptione
568 1275 805 1321 aliquorum,
829 1275 1024 1311 diceretur
1043 1275 1111 1311 illa
1129 1274 1239 1311 odire
1260 1283 1427 1321 quorum
1448 1275 1706 1320 privationem
1735 1274 1832 1314 vult,

218 1321 279 1357 vel
300 1322 608 1367 corruptionem,
631 1322 848 1358 secundum
872 1321 968 1358 illud
989 1321 1169 1362 Malach„
1190 1331 1219 1362 1,
1243 1323 1263 1358 3
1286 1333 1294 1358 ε
1317 1323 1416 1357 Esau
1438 1321 1518 1358 odio
1535 1322 1659 1365 habui,
1682 1325 1720 1357 et
1737 1321 1835 1358 illud

221 1368 285 1404 PS.
306 1377 347 1409 v,
368 1371 389 1404 7
414 1379 422 1404 ε
446 1367 564 1405 Odisti
580 1378 698 1404 omnes
718 1370 781 1413 qui
799 1371 994 1414 operantur
1012 1370 1254 1413 iniquitatem,
1271 1369 1399 1413 perdes
1420 1378 1537 1405 omnes
1553 1370 1618 1415 qui
1640 1369 1833 1415 loquuntur

219 1413 444 1459 mendacium
464 1427 475 1450 .·
495 1416 616 1451 virum
634 1417 853 1460 sanguinum
872 1418 905 1450 et
924 1415 1085 1451 dolosum
1106 1415 1372 1451 abominabitur
1384 1417 1571 1453 Dominus.

860 1561 1028 1603 CAPUT
1061 1561 1217 1602 XCVII.

698 1681 823 1715 QUOD
864 1680 985 1710 DEUS
1031 1681 1114 1710 EST
1153 1681 1357 1711 VIVENS.

266 1790 319 1824 Ex
339 1788 402 1824 his
423 1792 553 1825 autem
574 1798 661 1835 quae
682 1797 802 1834 supra
822 1794 922 1836 (cap.
948 1793 992 1826 44
1013 1793 1051 1827 et
1068 1790 1130 1836 72)
1159 1790 1240 1836 jam
1269 1794 1432 1828 ostensa
1465 1796 1558 1828 sunt
1587 1792 1635 1830 de
1665 1793 1837 1830 necessi-

218 1838 296 1871 tate
334 1835 498 1871 habetur
532 1835 637 1881 quod
667 1837 771 1872 Deus
803 1841 862 1874 est
893 1837 1045 1874 vivens.
1086 1838 1297 1874 Ostensum
1339 1842 1400 1874 est
1437 1838 1542 1875 enim
1585 1840 1707 1876 Deum
1746 1849 1835 1877 esse

218 1881 507 1933 intelligentem
540 1885 578 1918 et
607 1881 832 1927 volentem3
864 1883 1084 1930 intelligere
1117 1887 1247 1921 autem
1267 1888 1304 1921 et
1335 1884 1435 1921 velle
1469 1885 1631 1922 nonnisi
1666 1886 1836 1924 viventis

218 1931 292 1964 est.
317 1930 383 1964 Est
403 1932 524 1974 igitur
544 1930 648 1965 Deus
668 1929 817 1966 vivens.

264 1974 408 2018 Adhuc,
425 1975 554 2012 vivere
575 1976 794 2027 secundum
816 1977 890 2014 hoc
921 1976 1122 2023 aliquibus
1157 1977 1387 2015 attributum
1415 1981 1488 2023 est,
1510 1979 1616 2026 quod
1638 1980 1724 2017 visa
1743 1983 1836 2017 sunt

217 2030 364 2073 per-se,
388 2030 467 2057 non
495 2021 542 2058 ab
565 2021 656 2067 alio,
676 2024 838 2060 moveri.
862 2025 904 2060 Et
922 2027 1081 2070 propter
1100 2024 1176 2061 hoc
1196 2025 1264 2061 illa
1283 2034 1370 2071 quae
1397 2025 1579 2063 videntur
1598 2035 1666 2072 per
1685 2036 1728 2064 se
1750 2035 1835 2064 mo—

218 2077 314 2120 veri,
335 2077 503 2121 quorum
525 2072 699 2106 motores
721 2070 865 2117 vulgus
898 2078 979 2108 non
1012 2070 1191 2118 percipit,
1224 2081 1293 2117 per
1324 2071 1628 2110 similitudinem
1661 2073 1832 2112 dicimus

216 2123 361 2167 vivere,
379 2119 482 2152 sicut
503 2124 646 2162 aquam
663 2116 791 2153 vivam
813 2117 935 2155 fontis
957 2116 1132 2161 fluentis,
1154 2127 1234 2155 non
1251 2122 1383 2156 autem
1404 2119 1586 2157 cisternae
1611 2121 1672 2158 vel
1703 2121 1835 2168 stagni

219 2164 383 2213 stantis,
400 2165 437 2198 et
452 2165 662 2215 argentum
681 2163 828 2209 vivum,
848 2164 953 2210 quod
974 2168 1126 2202 motum
1147 2165 1357 2212 quemdam
1389 2165 1533 2204 hahere
1554 2167 1719 2204 videtur.
1740 2169 1834 2206 Pro-

218 2216 300 2253 prie
322 2217 424 2244 enim
448 2208 517 2245 llla
537 2209 711 2262 sola-per
743 2220 786 2248 se
818 2215 1038 2255 moventur,
1062 2221 1149 2258 quae
1178 2216 1336 2250 movent
1369 2213 1515 2258 seipsa,
1536 2214 1761 2261 composita
1787 2222 1835 2252 ex

218 2259 369 2307 metore
399 2259 437 2291 et
461 2259 583 2308 moto,
605 2260 709 2293 sicut
729 2257 916 2295 animata.
938 2258 1046 2295 Unde
1079 2259 1163 2296 haec
1194 2259 1282 2296 sola
1312 2261 1469 2306 proprie
1493 2259 1623 2298 vivere
1647 2261 1832 2299 dicimus.

215 2301 301 2338 Alia
319 2310 412 2339 vero
433 2311 569 2354 omma
587 2302 635 2340 ab
661 2303 794 2350 aliquo
824 2305 1008 2341 exteriori
1029 2309 1250 2349 moventur,
1283 2306 1344 2343 vel
1377 2311 1591 2353 generante
1615 2308 1675 2345 vel
1705 2316 1833 2346 remo·

216 2352 330 2385 vente
349 2349 579 2402 prohibens,
595 2349 657 2387 vel
676 2350 917 2397 impellente.
933 2353 989 2396 Et,
1005 2352 1098 2398 quia
1117 2353 1369 2399 operationes
1382 2353 1596 2392 sensibiles
1617 2363 1707 2392 eum
1722 2358 1833 2393 motu

214 2399 321 2439 sunt,
341 2395 509 2447 ulterius
530 2405 647 2434 omne
667 2397 766 2435 illud
786 2398 892 2445 quod
911 2398 992 2446 agit
1011 2407 1054 2436 se
1075 2398 1123 2436 ad
1144 2400 1325 2446 proprias
1351 2401 1618 2447 operationes,
1640 2402 1843 2449 quamvis·

215 2450 295 2494 non
316 2446 368 2478 sit
388 2452 476 2495 curn
497 2447 621 2489 motu,
644 2444 787 2482 dicitur
804 2445 947 2483 vivere.
973 2446 1080 2483 Unde
1098 2446 1333 2494 intelligere,
1351 2451 1389 2484 et
1399 2452 1597 2496 appetere,
1613 2451 1651 2486 et
1663 2448 1825 2493 sentire,

216 2492 394 2541 actlones
413 2494 502 2542 vitae
522 2490 715 2529 sunt.Sed
736 2491 841 2529 Deus
861 2492 1031 2530 maxime
1047 2502 1128 2530 non
1143 2493 1191 2530 ab
1212 2494 1306 2539 alio,
1327 2493 1398 2532 sed
1412 2503 1440 2532 a
1459 2495 1609 2542 seipso,
1630 2498 1830 2541 operatur.

213 2543 304 2572 cum
323 2540 521 2618 sucprima
536 2546 656 2576 causa
677 2547 801 2585 agens
823 2551 831 2576 z
849 2540 1017 2578 maxime
1036 2540 1158 2587 igitur
1177 2541 1212 2578 ei
1234 2541 1422 2588 competit
1441 2541 1584 2579 vivere.

259 2581 362 2623 Item,
407 2582 556 2621 ivinurn
578 2593 666 2622 esse
687 2594 844 2623 omnem
865 2586 1146 2639 perfectionem
1167 2587 1327 2626 essendi
1348 2587 1660 2635 comprehendit,
1681 2591 1726 2625 ut
1757 2597 1828 2626 su-

214 2635 284 2673 pra
305 2627 402 2681 (cap.
423 2630 716 2685 wios-tensum·
733 2636 806 2670 est.
837 2634 974 2671 Vivere
1003 2638 1134 2671 autem
1152 2639 1212 2672 est
1235 2634 1433 2682 quoddam
1455 2641 1545 2673 esse
1576 2634 1794 2681 perrectum
1814 2645 1826 2671 =

214 2673 320 2727 unde
353 2679 524 2713 viventia
554 2686 594 2729 m
633 2678 772 2717 ordine
805 2679 956 2718 entium
987 2689 1069 2718 non
1087 2681 1311 2719 viventibus
1342 2681 1616 2728 praeferuntur.
1645 2681 1830 2720 Divinum

215 2723 338 2767 igitur
356 2729 445 2775 esse
465 2726 526 2760 est
541 2732 683 2777 vivere.
705 2726 792 2772 Ipse
809 2726 932 2779 igitur
950 2731 1010 2765 est
1029 2727 1180 2766 vivens.

262 2766 342 2804 Hoc
379 2772 496 2805 ettam
534 2773 765 2809 auctoritate
799 2772 941 2812 divinae
977 2775 1188 2822 Scripturae
1223 2773 1491 2812 confirmatur.
1515 2774 1665 2813 Dicitur
1704 2775 1825 2822 enim,

214 2813 342 2860 Dent„
358 2822 483 2861 xxxn,
500 2818 621 2854 40:13t
633 2817 779 2854 dicam.-
803 2820 893 2857 Vivo
913 2831 974 2866 eqo
993 2823 1032 2858 in
1061 2825 1249 2864 aeternum3
1277 2825 1316 2858 et
1337 2821 1379 2857 in
1408 2822 1470 2858 PS.
1497 2829 1663 2867 LXXXIII,
1685 2825 1708 2861 2
1730 2835 1738 2860 :
1761 2821 1830 2861 Gor

211 2869 329 2897 meum
343 2863 379 2898 et
395 2872 479 2899 caro
496 2873 575 2899 mea
588 2864 840 2902 mutaverunt
858 2868 897 2903 in
913 2869 1025 2905 Deum
1041 2869 1175 2905 vivum.
1198 2867 1227 2915 (l
1247 2871 1362 2914 part„
1380 2874 1419 2915 q.
1441 2875 1525 2913 xix,
1545 2872 1617 2907 art.
1643 2867 1692 2918 1.)
