1894 3223
634 88 723 128 LIB.
749 89 815 133 111,
842 89 944 126 CAP-
972 89 1118 127 cxxvi.
1621 95 1686 130 43¹

60 170 195 219 ginem
216 170 450 218 conjunctae.
472 171 584 214 Nam,
603 177 695 207 cum
726 168 767 206 in
803 169 1058 206 matrimonio
1076 168 1130 206 sit
1147 168 1395 208 diversarum
1427 179 1689 217 personarum

61 218 305 265 conjunctio,
327 217 404 254 illae
437 225 618 263 pe-rsonae
645 224 732 262 quie
764 224 807 253 se
841 215 985 252 debent
1015 219 1198 262 reputare
1229 217 1344 264 quasi
1373 226 1497 255 unum
1528 223 1690 265 propter

61 265 241 303 eamdem
265 264 461 310 originem
482 262 764 301 convenienter
793 272 817 299 a
843 263 1099 300 matrimonio
1129 263 1407 309 excluduntur,
1431 269 1486 310 ut,
1521 265 1614 303 dum
1644 275 1689 304 se

60 321 132 359 per
151 312 228 350 hoc
248 319 370 348 unum
391 319 482 348 esse
500 312 807 356 recognoscunt,
832 309 1048 347 ferventius
1068 319 1112 348 se
1132 310 1314 358 diligant.

108 360 208 400 Item,
230 367 320 395 cum
342 367 389 394 ea
436 366 495 395 uae
515 357 618 394 inter
635 357 763 392 virum
785 359 822 392 ct
842 366 1005 393 uxorem
1025 361 1198 394 arruntur
1233 359 1444 405 quamdam
1466 359 1690 397 naturalem

61 404 339 443 verecundiam
370 404 419 442 ha
450 407 561 449 eant,
593 403 643 441 ab
679 403 742 440 his
774 407 912 455 mutuo
946 384 1123 456 agend-is·
1145 404 1236 441 illas
1266 415 1457 457 personas
1486 407 1687 452 prohiberi

62 452 237 499 oportuit
253 451 398 498 quibus
416 455 575 497 propter
591 449 915 497 conjunctionem
937 459 1149 497 sauguinis
1166 456 1385 489 reverentia
1404 453 1579 490 debetur.
1595 455 1690 498 Quae

62 498 222 547 quidem
243 499 344 536 ratio
361 498 516 535 videtur
538 498 580 535 in
603 497 724 534 veteri
752 497 839 543 leg-e
866 497 1027 542 indicta,
1048 507 1116 544 per
1136 498 1210 535 hoc
1231 499 1336 545 quod
1372 500 1529 546 dicitur,
1551 501 1689 547 Levit.,

61 553 178 590 xvm,
198 548 219 582 9
258 557 266 582 :
291 545 568 592 Turpitudinem
585 546 718 581 sororis
737 546 822 580 tuae.
838 571 846 580 .
863 574 869 581 .
896 555 967 580 non
985 544 1180 587 νσυεῐαὸἱες
1201 548 1240 582 et
1258 545 1442 583 similiter
1462 547 1509 583 de
1529 547 1634 585 aliis.

107 595 298 632 Praeterea,
318 593 365 630 ad
387 592 682 638 corruptionem
701 591 896 628 bonorum
919 600 1073 629 morum
1096 591 1264 637 pertinet
1283 593 1387 638 quod
1406 594 1592 633 homi-nes
1608 596 1691 633 sint

59 640 184 679 nimis
204 639 324 678 dediti
345 640 394 677 ad
413 640 654 685 voluptatem
670 638 825 676 coitus:
848 639 953 686 quia,
976 647 1064 676 cum
1080 638 1166 681 haec
1184 638 1367 684 voluptas
1389 642 1556 679 maxime
1578 651 1691 682 men·

60 691 141 726 tem
159 687 384 731 absorbeat,
407 687 664 733 impediretur
685 685 785 723 ratio
807 685 853 722 ab
875 686 938 722 liis
959 695 1045 732 quae
1066 689 1180 737 recte'
1196 686 1350 737 agenda
1372 692 1520 725 esseut.
1543 691 1688 736 Seque·

61 738 170 772 retur
184 739 315 771 autem
333 734 482 771 nimius
498 732 712 779 voluptatis
731 742 843 775 usus,
866 733 898 769 si
919 733 1054 769 liceret
1074 732 1226 769 homini
1248 742 1317 779 per
1333 734 1482 771 coitum
1498 737 1687 783 conjungi

61 781 145 820 illis
163 782 348 828 personis
369 781 514 828 quibus
535 779 807 818 commorandi
835 779 951 815 hahet
978 779 1272 823 necessitatem,
1292 780 1398 817 sicut
1419 783 1627 820 sororibus
1648 788 1686 821 et

62 828 155 867 aliis
175 829 423 875 propinquis,
445 828 538 875 quia
558 827 704 865 talibus
722 826 882 864 occasio
899 826 1029 862 coitus
1050 825 1229 863 subtrahi
1257 836 1338 864 non
1370 833 1519 873 posset.
1540 831 1687 868 Conve-

62 876 180 912 niens
201 875 322 922 igitur
342 875 414 912 suit
433 875 551 913 bonis
570 874 750 912 moribus
770 876 813 910 ut
831 872 923 910 talis
943 872 1172 925 conjunctio
1193 873 1350 926 iegibus
1372 876 1630 914 inhiberetur.

108 923 253 963 Adhuc,
276 922 484 959 delectatio
504 921 634 965 coitus
669 920 838 957 maxime
869 923 1086 966 corrumpit
1115 922 1420 960 aestimationem
1453 924 1687 969 prudentiae.

62 969 336 1015 multiplicatio
354 969 471 1015 igitur
487 969 578 1006 talis
596 967 870 1005 delectationis
886 970 1077 1014 repugnat
1091 966 1209 1005 bonis
1226 968 1418 1007 moribus.
1436 971 1540 1008 Talis
1556 975 1688 1009 autem

63 1016 272 1055 delectatio
308 1019 475 1063 augetur
502 1025 572 1061 per
603 1023 778 1052 amorem
811 1023 1073 1066 person—arum
1107 1023 1196 1067 quae
1233 1016 1544 1063 conjunguntur.
1573 1021 1689 1056 Esset

61 1063 186 1110 igitur
216 1063 459 1100 contrarium
491 1062 609 1099 bonis
643 1061 820 1098 moribus
852 1069 1094 1113 propinquis·
1107 1063 1313 1113 conjungi,
1335 1065 1429 1110 quia
1449 1065 1490 1101 in
1510 1065 1569 1102 eis
1591 1075 1686 1103 con-

57 1110 292 1157 jungeretur
311 1118 422 1147 amor
449 1109 515 1155 qui
537 1113 597 1145 est
617 1118 663 1144 ex
683 1117 966 1145 communione
995 1116 1164 1154 originis
1184 1112 1223 1145 et
1241 1111 1538 1149 connutritione
1558 1113 1684 1150 amori

62 1157 399 1240 concupiscentia?1
409 1168 420 1200 3
433 1160 483 1200 et,
497 1155 758 1201 multiplicato
777 1164 928 1200 amore,
948 1163 1115 1194 necesse
1135 1159 1197 1193 est
1213 1156 1388 1194 animam
1407 1159 1537 1205 magis
1557 1159 1687 1197 delec-

59 1204 280 1243 tationibus
298 1203 372 1242 sub
403 1203 431 1240 i.

107 1252 290 1297 Amplius,
312 1251 354 1288 in
370 1250 560 1288 societate
580 1250 756 1287 humana
773 1249 851 1288 hoc
870 1253 932 1287 est
951 1249 1122 1287 maxime
1156 1252 1430 1291 necessarium
1452 1257 1496 1291 ut
1514 1254 1569 1292 sit
1588 1255 1686 1292 ami-

55 1297 158 1337 citia
176 1299 279 1336 inter
298 1298 460 1335 multos.
482 1297 759 1342 Multiplicatur
774 1300 904 1348 autem
927 1296 1103 1334 amicitia
1131 1297 1235 1335 inter
1254 1297 1454 1345 homines,
1475 1300 1569 1340 dum
1600 1311 1686 1348 per-

58 1354 173 1384 sonae
191 1349 386 1382 extraneae
404 1354 473 1391 per
489 1344 740 1386 matrimonia
759 1344 1012 1390 colligantur.
1029 1345 1278 1391 Conveniens
1295 1347 1418 1393 igitur
1437 1348 1511 1385 suit
1530 1349 1686 1396 legibus

62 1392 236 1430 ordinari
256 1391 360 1439 quod
375 1391 635 1444 'matrimonia
654 1391 983 1436 contraherentur
1001 1399 1091 1439 cum
1110 1393 1309 1431 extraneis
1329 1396 1529 1442 personis,
1547 1400 1585 1433 et
1603 1404 1687 1436 non

62 1448 152 1478 cum
171 1448 242 1484 pro
275 1448 311 1475 in
346 1447 421 1476 uis.

109 1449 569 1527 AdhucPinsssonveniens
600 1488 661 1522 est
689 1488 729 1521 ut
757 1484 839 1522 illis
870 1486 1054 1530 personis
1086 1485 1233 1533 aliquis
1265 1487 1469 1526 socialiter
1495 1489 1687 1537 jungatur

62 1533 209 1580 quibus
238 1532 471 1569 naturaliter
489 1532 605 1569 debet
629 1540 719 1568 esse
746 1531 946 1583 subditus.
967 1532 1153 1584 Naturale
1173 1536 1303 1571 autem
1326 1539 1387 1571 est
1407 1537 1513 1583 quod
1535 1537 1682 1584 aliquis

60 1579 293 1627 parentibus
323 1579 375 1616 sit
407 1578 622 1625 subjectus.
645 1580 745 1624 Ergo
766 1586 1053 1630 inconveniens
1074 1583 1180 1631 esset
1197 1581 1303 1626 quod
1331 1591 1421 1620 cum
1454 1585 1684 1628 parentibus

61 1627 207 1673 aliquis
228 1626 525 1709 niati*i]rnoniun1
544 1624 809 1669 contraheret,
829 1633 917 1662 cum
945 1634 987 1662 1n
1007 1628 1262 1664 matrimonio
1295 1627 1346 1665 sit
1378 1630 1559 1676 quaedam
1591 1639 1686 1669 con-

63 1673 212 1711 ‘unctio
231 1673 340 1710 socia
360 1673 408 1710 is.

57 1683 71 1720 ³
110 1720 207 1757 Hinc
228 1724 285 1757 est
307 1720 411 1766 quod
431 1720 587 1764 dicitur,
613 1715 747 1762 tevit„
767 1727 883 1760 xvnr,
903 1722 923 1756 6
943 1730 952 1756 z
974 1720 1099 1756 Omnis
1118 1721 1220 1758 homo
1239 1722 1289 1757 acl
1305 1724 1514 1767 proximam
1531 1727 1686 1769 sanqui-

54 1769 118 1804 πίε
137 1768 198 1802 sui
215 1777 286 1802 non
304 1767 464 1802 accedat.
488 1768 560 1802 Per
579 1766 654 1803 hoc
673 1769 804 1818 autem
827 1766 1051 1804 excluditur
1066 1769 1319 1805 consuetudo
1339 1779 1475 1807 eorum
1505 1772 1572 1818 qui
1592 1781 1684 1818 pro-

52 1813 222 1860 pinquis
242 1814 331 1851 suis
350 1822 396 1851 se
415 1813 627 1851 carnaliter
645 1817 920 1850 commiscent.

54 1893 59 1898 ⁴
100 1860 315 1898 Sciendum
331 1864 393 1898 est
412 1863 544 1898 autem
564 1859 687 1906 quod,
705 1860 809 1897 sicut
830 1859 1023 1898 naturalis
1042 1860 1250 1899 inclinatio
1271 1866 1331 1900 est
1351 1864 1399 1900 ad
1420 1874 1467 1902 ea
1482 1870 1683 1913 quaesunt

58 1907 163 1946 utin
182 1907 379 1953 pluribus,
403 1907 458 1944 ita
482 1907 603 1945 etiam
634 1906 699 1943 lex
726 1907 858 1953 posita
889 1911 950 1944 est
979 1909 1198 1945 secundum
1224 1909 1265 1946 id
1293 1911 1400 1957 quod
1431 1912 1471 1948 in
1501 1913 1683 1959 pluribus

55 1954 216 1992 accidit.
233 1956 319 1992 Non
336 1958 398 1992 est
416 1957 548 1993 autem
564 1953 764 2000 praedictis
782 1954 1004 1992 rationibus
1023 1956 1280 2001 contrarium,
1297 1957 1331 1994 si
1352 1958 1394 1994 in
1415 1959 1550 2006 aliquo
1571 1960 1685 1997 aliter

57 2001 188 2048 possit
206 2001 384 2039 accidere
401 2010 507 2039 :non
525 2001 634 2039 enim
654 2004 814 2047 propter
825 2001 975 2039 bonum
996 2002 1118 2040 unius
1135 2003 1250 2040 debet
1270 2007 1513 2050 praetermitti
1534 2006 1682 2044 bonum

53 2049 289 2094 multorum,
314 2057 407 2086 cum
440 2048 590 2086 honum
621 2048 890 2086 multitudinis
923 2058 1080 2096 semper
1108 2050 1162 2088 sit
1186 2050 1361 2090 div-iuius
1381 2063 1500 2100 quam
1532 2053 1681 2092 bonum

52 2095 194 2133 ¹unius.
225 2097 279 2132 Ne
308 2099 441 2133 tamen
461 2095 638 2133 defectus
660 2096 728 2142 qui
749 2096 791 2132 in
811 2096 946 2142 aliquo
973 2100 1109 2142 posset
1127 2098 1306 2135 accidere
1345 2101 1511 2138 omnino
1532 2101 1683 2148 absque

49 2141 212 2180 medela
230 2145 447 2187 remaneat,
465 2142 616 2180 residet
635 2142 739 2188 apud
761 2143 1012 2190 legislatores
1032 2147 1071 2180 et
1090 2144 1150 2181 eis
1177 2145 1332 2183 similes
1365 2148 1582 2185 auctoritas
1603 2148 1684 2186 dis-

53 2189 252 2236 pensandi
273 2189 314 2226 in
331 2198 379 2227 eo
398 2189 504 2236 quod
525 2190 789 2226 communiter
805 2194 864 2227 est
882 2193 1088 2235 statutum,
1104 2192 1253 2229 secund
1262 2201 1325 2230 um
1345 2194 1449 2240 quod
1475 2198 1537 2232 est
1551 2204 1687 2232 neces-

49 2236 209 2274 sarium
228 2236 271 2274 in
286 2236 424 2284 aliquo
438 2245 535 2274 casu
553 2236 796 2283 particulari.
814 2238 870 2282 Et,
891 2237 926 2274 si
947 2237 1106 2284 quidem
1123 2238 1187 2276 lex
1198 2239 1252 2276 sit
1270 2239 1459 2286 humana,
1475 2251 1545 2288 per
1558 2242 1687 2279 homi·

54 2290 132 2320 nes
164 2283 337 2320 similem
368 2287 604 2330 potestatem
642 2283 834 2322 habentes
865 2283 1090 2330 dispensari
1118 2289 1263 2331 potest.
1289 2287 1326 2324 Si
1359 2291 1491 2325 autem
1531 2289 1593 2325 lex
1630 2289 1683 2325 sit

59 2327 249 2367 divinitus
265 2329 410 2375 posita,
428 2330 661 2368 auctoritate
679 2330 814 2368 divina
832 2330 1078 2376 dispensatio
1096 2331 1183 2370 fieri
1203 2336 1333 2379 potest
1349 2346 1358 2378 ;
1381 2335 1484 2372 sicut
1498 2335 1539 2370 iu
1558 2335 1680 2371 veteri

55 2374 148 2428 Lege
166 2384 215 2413 ex
242 2375 558 2429 dispensatione
575 2376 774 2415 indultum
807 2377 962 2416 videtur
991 2387 1136 2417 uxores
1154 2379 1291 2426 plures
1311 2380 1456 2419 habere
1475 2385 1514 2419 et
1533 2390 1682 2420 concu-

56 2420 194 2468 bmaS,
207 2425 247 2460 et
266 2423 404 2461 uxoris
423 2423 645 2470 repudium.

676 2570 850 2613 >CAPUT
883 2571 1060 2614 CXXVI.

294 2686 396 2722 QUOD
418 2687 497 2717 NON
529 2687 645 2717 oms
675 2688 866 2719 CARNALIS
899 2690 1115 2722 COMMIXTIO
1139 2691 1203 2723 sn·
1224 2693 1444 2727 PEGGATUM.

55 2785 61 2822 ἶ
106 2793 234 2848 Sicut·
247 2798 379 2834 autem
398 2799 538 2837 contra
556 2796 750 2836 rationem
769 2801 890 2837 estut
908 2799 1055 2848 aliquis
1075 2801 1224 2841 carnali
1244 2804 1526 2852 conjunctione
1545 2810 1682 2845 utatur

53 2844 195 2881 contra
224 2842 266 2880 ld
298 2843 406 2891 quod
436 2845 623 2895 convenit
640 2845 742 2897 proli
762 2847 999 2893 generandae
1019 2851 1058 2886 et
1075 2849 1306 2898 educandae,
1325 2852 1383 2891 ita
1398 2853 1517 2892 etiam
1535 2862 1679 2892 secun-
