1894 3223
208 89 253 124 82
809 84 897 119 LIB.
925 84 954 126 Ι,
983 83 1084 118 CAP.
1111 83 1237 118 LXXV.

256 169 441 214 Amplius,
461 175 708 213 unaquaequc
728 165 852 201 virtus
887 164 935 201 ad
975 173 1092 201 suum
1126 163 1322 211 objectum
1353 161 1572 214 principale
1607 162 1827 200 secundum

210 216 473 262 aequalitatem
489 213 824 259 proportionatur.
843 213 941 247 Nam
961 211 1086 248 virtus
1116 211 1171 247 rei
1204 209 1420 248 secundum
1449 209 1603 255 objecta
1621 218 1827 246 mensura-

208 267 284 301 tur,
302 266 343 298 ut
360 265 465 307 patet
479 270 547 306 per
567 258 853 303 Philosophum
874 257 915 293 in
931 258 1058 303 primo
1073 260 1125 293 De
1144 258 1225 293 coelo
1238 261 1272 292 et
1285 257 1416 292 mundo
1439 255 1544 301 (text.
1564 265 1708 292 comm.
1732 255 1830 302 117).

208 309 398 345 Voluntas
419 308 540 353 igitur
572 305 757 342 essentiae
795 314 842 341 ex
862 314 975 351 aequo
1011 305 1330 350 proportionatur
1367 302 1578 348 principali
1596 302 1766 347 objecto,
1788 305 1828 339 et

210 355 394 393 similiter
426 353 667 395 intellectus,
693 355 731 388 et
770 351 886 388 etiam
918 360 1077 388 sensus.
1101 351 1250 388 Divinae
1278 353 1409 387 autem
1429 349 1622 386 voluntati
1658 348 1758 385 nihil
1783 358 1833 385 ex

210 411 323 448 aequo
344 399 667 446 proportionatur
684 398 761 435 nisi
784 397 870 444 ejus
891 399 1079 435 essentia.
1094 398 1218 444 Igitur
1233 396 1450 444 principale
1466 395 1664 442 obJ'ectum
1684 395 1828 432 divinae

209 447 424 485 voluntatis
445 449 503 482 est
524 445 701 482 essentia
722 445 870 481 divina.
1792 488 1799 494 ι

257 496 350 530 Cum
373 496 503 529 autem
537 492 671 529 divina
697 492 872 528 essentia
903 491 955 528 sit
974 491 1041 528 Dei
1074 491 1296 537 intelligere
1326 493 1363 527 et
1395 489 1530 527 omnia
1561 488 1641 526 alia
1670 497 1756 541 quae
1788 496 1831 525 m

208 540 296 585 ipso
312 549 399 577 esse
420 540 619 582 dicuntur,
637 537 893 575 manifestum
915 542 975 574 est
995 538 1162 575 ulterius
1190 537 1297 583 quod
1325 537 1463 574 eodem
1488 535 1608 573 modo
1633 536 1831 581 principa-

208 587 297 623 liter
330 587 414 624 vult
442 595 484 623 se
516 586 753 632 intelligere,
775 594 817 622 se
842 585 957 629 velle,
979 594 1022 621 se
1050 593 1138 621 esse
1167 593 1306 620 unum.
1334 585 1379 621 Et
1411 582 1599 631 quicquid
1630 582 1737 619 aliud
1771 583 1833 618 est

209 633 452 681 hujusmodi.
475 632 505 680 (Ι
522 636 636 679 part„
658 642 695 679 q.
717 640 799 676 XIX,
821 635 892 668 art.
915 635 928 668 1
951 631 1000 668 ad
1020 634 1060 676 3;
1082 634 1120 668 et
1138 632 1189 667 De
1207 633 1362 676 potent„
1384 640 1422 677 q.
1443 639 1502 675 111,
1524 633 1595 667 art.
1621 633 1661 666 17
1685 629 1734 666 ad
1753 627 1835 675 14.)

839 770 1006 812 CAPUT
1049 769 1189 811 LXXV

481 881 581 917 QUOD
611 883 724 918 DEt‘S,
751 881 931 911 VOLENDO
966 882 1024 917 SE,
1051 881 1152 910 VULT
1176 881 1300 910 ETIAM
1326 881 1422 910 ALIA
1445 881 1473 910 A
1499 880 1556 910 SE.

259 988 357 1025 Hinc
371 991 500 1025 autem
522 987 678 1026 ostendi
698 991 830 1034 potest
849 987 954 1034 quod
973 989 1091 1032 Deus,
1113 987 1283 1024 volendo
1301 996 1358 1032 se,
1376 987 1458 1023 vult
1472 986 1590 1024 etiam
1603 986 1694 1024 alia.
1712 986 1831 1033 Cujus

214 1039 273 1073 est
305 1035 410 1072 enim
437 1035 536 1072 velle
564 1034 683 1071 finem
715 1034 999 1081 principaliter,
1022 1034 1108 1079 ejus
1139 1039 1199 1071 est
1218 1035 1318 1071 velle.
1342 1044 1389 1071 ea
1415 1043 1502 1080 quae
1525 1038 1618 1071 sunt
1641 1034 1689 1071 ad
1709 1032 1831 1070 finem

210 1083 364 1119 ratione
391 1081 497 1119 finis.
518 1084 584 1119 Est
602 1086 731 1118 autem
759 1082 844 1127 ipse
877 1083 980 1118 Deus
1013 1082 1177 1118 ultimus
1212 1090 1345 1118 rerum
1365 1080 1533 1124 finis‚ut
1559 1090 1606 1118 ex
1632 1081 1832 1126 praedictis

212 1129 314 1175 (cap.
336 1129 518 1174 praeced.)
537 1129 789 1175 aliquatenus
816 1132 933 1174 patet.
957 1130 1008 1164 Ex
1044 1128 1118 1165 hoc
1137 1128 1258 1175 igitur
1283 1128 1389 1175 quod
1408 1129 1491 1165 vult
1510 1136 1553 1164 se
1587 1136 1691 1173 esse,
1712 1127 1832 1164 etiam

212 1176 290 1213 alia
303 1176 400 1219 vult,
421 1185 508 1222 quae
529 1175 569 1211 in
593 1176 724 1221 ipsum
747 1175 907 1212 sicutin
928 1174 1047 1211 finem
1070 1175 1316 1212 ordinantur.

258 1224 358 1263 Item,
379 1222 656 1269 unusquisque
692 1223 777 1268 ejus
803 1222 906 1268 quod
942 1226 1002 1258 est
1031 1226 1190 1267 propter
1211 1222 1387 1267 seipsum
1425 1221 1472 1259 ab
1498 1221 1586 1268 ipso
1607 1220 1773 1258 volitum
1793 1223 1833 1257 et

212 1273 400 1309 amatum,
422 1270 704 1315 perfectionem
723 1269 932 1306 desiderat.
957 1270 1051 1312 Quae
1071 1269 1176 1305 enim
1198 1273 1357 1314 propter
1370 1278 1414 1306 se
1429 1277 1624 1313 amamus,
1643 1268 1831 1305 volumus

213 1325 302 1353 esse
335 1316 485 1362 optima
514 1320 551 1352 et
583 1325 739 1361 semper
758 1316 935 1358 meliora,
958 1320 996 1352 et
1027 1316 1296 1361 multiplicari,
1329 1320 1516 1362 quantum
1540 1315 1732 1361 possibile
1753 1317 1828 1352 est.

213 1365 302 1409 Ipse
322 1366 453 1399 autem
481 1365 584 1400 Deus
615 1363 830 1400 essentiam
860 1372 973 1399 suam
1007 1366 1165 1408 propter
1196 1363 1366 1408 seipsam
1397 1363 1480 1399 vult
1515 1367 1554 1399 et
1587 1366 1714 1405 amat;
1749 1369 1831 1398 non

212 1413 344 1447 autem
359 1410 583 1457 secundum
605 1419 647 1446 se
677 1409 984 1455 augmentabilis
1004 1413 1042 1445 et
1079 1409 1392 1454 multiplicabilis
1413 1413 1486 1453 est,
1503 1413 1545 1446 ut
1567 1418 1614 1445 ex
1632 1407 1834 1453 supradic-

210 1457 263 1493 tis
296 1457 393 1502 (cap⁴
416 1456 475 1501 42)
509 1460 569 1492 est
604 1456 886 1499 manifestum3
909 1456 976 1492 sed
1012 1455 1143 1492 solum
1177 1456 1492 1501 multiplicabilis
1524 1460 1584 1492 est
1612 1455 1832 1492 secundum

213 1511 327 1540 suam
350 1503 666 1547 similitudinem,
688 1513 774 1549 quae
794 1512 815 1539 a
833 1503 969 1539 multis
1001 1503 1269 1548 participatur.
1289 1503 1378 1539 Vult
1410 1503 1532 1549 igitur
1566 1504 1670 1539 Deus
1702 1509 1832 1538 rerum

211 1550 520 1591 multitudinem,
542 1559 589 1586 ex
610 1550 685 1586 hoc
707 1550 812 1596 quod
833 1559 946 1586 suam
967 1550 1182 1586 essentiam
1202 1553 1239 1585 et
1258 1549 1541 1595 perfectionem
1560 1549 1641 1586 vult
1657 1552 1694 1585 et
1711 1552 1830 1585 amat.

259 1598 442 1642 Amplius,
465 1597 703 1643 quicumque
733 1600 838 1633 amat
858 1596 1007 1642 aliquid
1041 1596 1259 1633 secundum
1283 1606 1325 1633 se
1355 1600 1393 1632 et
1411 1600 1570 1642 propter
1599 1597 1730 1642 ipsum
1750 1595 1834 1632 vult

211 1652 282 1689 per
302 1653 552 1690 consequens
574 1645 708 1680 omnia
728 1644 767 1680 in
790 1643 935 1690 quibus
956 1643 1050 1680 illud
1074 1644 1298 1687 invenitur3
1320 1644 1440 1690 utqui
1457 1647 1562 1679 amat
1579 1642 1832 1680 dulcedinem

212 1695 373 1736 propter
404 1691 545 1736 ipsam,
568 1694 721 1736 oportet
751 1691 856 1738 quod
884 1692 1017 1727 omnia
1045 1690 1176 1727 dulcia
1210 1694 1326 1727 amet.
1349 1690 1424 1727 Sed
1455 1692 1561 1727 Deus
1595 1698 1712 1727 suum
1742 1698 1833 1726 esse

214 1737 433 1774 secundum
465 1746 507 1774 se
539 1741 577 1773 et
606 1741 764 1783 propter
790 1739 921 1783 ipsum
954 1737 1036 1773 vult
1065 1741 1102 1773 et
1135 1741 1253 1781 amat,
1287 1741 1330 1774 ut
1363 1746 1484 1782 supra
1515 1737 1615 1783 (cap.
1649 1736 1833 1783 praeced.)

213 1788 418 1820 ostensum
441 1788 512 1820 est.
533 1785 656 1820 Omne
677 1788 807 1820 autem
828 1784 935 1820 aliud
967 1793 1056 1820 esse
1088 1788 1148 1820 est
1179 1784 1358 1830 quaedam
1391 1784 1454 1821 sui
1491 1793 1580 1820 esse
1612 1783 1834 1821 secundum

214 1830 515 1867 similitudinem
540 1831 803 1876 participatio,
825 1835 868 1867 ut
895 1840 943 1867 ex
973 1830 1171 1876 praedictis
1207 1832 1305 1876 (cap.
1334 1830 1393 1877 29)
1430 1830 1681 1876 aliquatenus
1712 1833 1831 1875 patet.

213 1877 462 1959 Relinquitur
481 1877 603 1924 igitur
620 1878 725 1924 quod
740 1879 843 1915 Deus
866 1887 914 1913 ex
931 1877 1006 1914 hoc
1027 1877 1115 1923 ipso
1133 1877 1239 1924 quod
1269 1877 1354 1914 vult
1385 1880 1423 1913 et
1453 1880 1558 1914 amat
1591 1886 1648 1922 se,
1683 1877 1767 1913 vult
1796 1879 1835 1913 et

213 1927 318 1960 amat
339 1933 361 1960 a
380 1933 430 1960 ia.

259 1971 403 2010 Adhuc,
426 1972 544 2015 Deus,
563 1970 733 2007 volendo
755 1979 810 2013 se,
832 1971 915 2007 vult
933 1970 1067 2008 omnia
1096 1980 1182 2018 quae
1215 1971 1257 2008 in
1284 1971 1372 2017 ipso
1393 1974 1500 2009 sunt.
1523 1970 1664 2008 Omnia
1700 1973 1833 2007 autem

213 2017 506 2063 quodammodo
524 2017 781 2063 praeexistunt
801 2018 840 2054 in
862 2018 950 2063 ipso
969 2027 1038 2063 per
1057 2018 1237 2064 proprias
1257 2019 1446 2063 rationes,
1460 2021 1504 2054 ut
1523 2027 1644 2064 supra
1658 2016 1757 2064 (cap.
1787 2019 1834 2054 28

214 2068 252 2101 et
271 2064 328 2109 54)
348 2068 552 2101 ostensum
577 2068 649 2100 est.
676 2066 780 2101 Deus
801 2064 935 2111 igitur,
956 2065 1125 2101 volendo
1145 2074 1202 2109 se,
1225 2066 1342 2102 etiam
1358 2065 1436 2102 alia
1448 2065 1544 2102 vult.

259 2111 359 2155 Item,
382 2114 529 2157 quanto
566 2111 715 2157 aliquid
745 2114 804 2148 est
833 2112 1080 2157 perfectioris
1110 2112 1280 2155 virtutis,
1300 2116 1409 2148 tanto
1439 2121 1514 2149 sua
1540 2110 1756 2148 causalitas
1785 2109 1836 2148 ad

212 2156 328 2203 plura
349 2167 390 2194 se
412 2157 598 2202 extendit,
618 2162 656 2194 et
675 2158 716 2194 in
731 2159 860 2204 magis
881 2163 1047 2203 remota,
1068 2163 1111 2195 ut
1125 2168 1243 2204 supra
1266 2159 1365 2205 (cap.
1385 2159 1446 2206 70)
1469 2159 1617 2195 dictum
1638 2161 1711 2195 est.
1742 2158 1837 2195 Cau-

213 2204 352 2241 salitas
374 2208 505 2241 autem
524 2203 617 2241 finis
638 2205 678 2240 in
692 2205 767 2242 hoc
787 2206 971 2242 consistit
991 2205 1094 2252 quod
1118 2210 1276 2251 propter
1294 2206 1425 2252 ipsum
1447 2206 1526 2242 alia
1543 2205 1833 2242 desiderantur.

214 2251 369 2294 Quanto
389 2252 511 2298 igitur
529 2251 621 2288 finis
643 2255 702 2288 est
721 2252 931 2297 perfectior
951 2256 989 2288 et
1010 2253 1139 2299 magis
1153 2253 1437 2296 volitus‚tanto
1457 2253 1643 2289 voluntas
1663 2251 1835 2288 volentis

211 2297 332 2334 finem
353 2298 399 2334 ad
422 2298 535 2343 plura
555 2298 779 2335 extenditur
798 2299 950 2335 ratione
971 2299 1063 2336 finis
1092 2299 1214 2336 illius.
1238 2299 1378 2336 Divina
1409 2303 1539 2336 autem
1567 2298 1743 2336 essentia
1774 2301 1836 2335 est

211 2344 504 2390 perfectissima
523 2345 565 2381 in
580 2345 732 2382 ratione
751 2345 942 2382 bonitatis
957 2349 994 2382 et
1007 2345 1113 2382 111115.
1134 2346 1257 2392 Igitur
1274 2345 1468 2383 diffundet
1487 2354 1601 2384 suam
1619 2344 1833 2382 causalita-

211 2395 290 2428 tem
312 2392 469 2429 maxine
504 2391 554 2429 ad
579 2392 716 2436 multa,
737 2395 780 2429 ut
797 2396 955 2438 propter
974 2393 1100 2438 ipsam
1134 2393 1259 2430 multa
1274 2393 1354 2430 sint
1373 2393 1507 2438 volita,
1526 2397 1564 2430 et
1592 2392 1789 2439 praecipue
1812 2399 1839 2430 a

212 2438 306 2482 Deo,
329 2439 395 2484 qui
418 2448 504 2475 eam
528 2439 748 2476 secundum
781 2442 901 2476 totam
935 2448 1048 2476 suam
1082 2439 1264 2476 virtutem
1286 2440 1456 2486 perfecte
1478 2439 1575 2477 vult.

261 2486 452 2530 Praeterea,
476 2486 660 2523 voluntas
684 2486 943 2533 consequitur
964 2486 1228 2529 intellectum;
1249 2487 1318 2524 sed
1338 2489 1443 2524 Deus
1464 2486 1665 2524 intellectu
1686 2484 1837 2522 5110111-

211 2530 356 2583 telligit
376 2541 418 2569 se
438 2532 721 2578 principaliter,
741 2534 835 2569 01111
849 2542 892 2570 se
911 2533 1099 2580 intelligit
1120 2534 1255 2571 omnia
1275 2534 1366 2571 alia.
1393 2534 1518 2579 Igitur
1537 2532 1721 2570 similiter
1731 2531 1837 2577 prin·

212 2578 392 2622 cipaliter
410 2579 494 2615 vult
510 2588 566 2623 se,
591 2583 640 2623 et,
659 2579 829 2616 volendo
851 2589 908 2625 se,
925 2583 1008 2616 vult
1029 2580 1164 2616 omnia
1178 2580 1268 2617 alia.

259 2625 338 2660 Hoc
354 2629 483 2661 autern
505 2626 736 2663 auctoritate
754 2635 877 2664 sacrae
897 2627 1106 2673 Scripturae
1127 2627 1397 2664 confirmatur.
1416 2625 1566 2663 Dicitur
1586 2624 1705 2669 enim,
1728 2625 1836 2670 Sap„

211 2676 266 2713 xl,
284 2672 329 2706 25
356 2673 524 2766 :D{li92is)
537 2674 658 2709 omnia
676 2683 756 2720 quae
779 2676 878 2719 sunt,
911 2676 946 2710 et
974 2674 1069 2710 nihil
1102 2673 1212 2711 odisti
1241 2684 1361 2711 eorum
1392 2682 1471 2720 quae
1500 2673 1634 2717 fecisti.
1666 2672 1695 2719 (Ι
1718 2676 1835 2719 part„

211 2724 251 2763 q.
271 2724 353 2761 xlx,
376 2725 419 2754 ar
440 2744 448 2754 .
497 2745 505 2754 .
