1894 3223
27 107 42 129 5

112 154 183 189 266
712 145 799 180 LIB.
827 144 892 188 ΙΙΙ,
921 144 1023 180 CAP.
1048 143 1144 179 VIII.

112 236 173 270 est
210 232 337 268 forma
365 232 404 266 et
433 228 597 265 bonum.
630 226 748 263 Nulla
775 225 899 272 igitur
928 234 1006 271 reS,
1037 224 1259 263 secundum
1290 231 1406 262 suam
1426 221 1659 267 essentiam,
1681 225 1741 260 est

116 279 235 316 mala.

160 327 260 367 Item,
299 322 399 359 nihil
437 320 562 358 tendit
594 319 644 357 ad
671 329 789 357 suum
828 319 1092 364 contrarium3
1125 317 1438 366 unumquodque
1469 316 1576 354 enim
1595 316 1745 362 appetit

115 371 219 418 quod
241 373 301 406 est
331 369 407 406 sibi
429 368 560 406 simile
593 371 632 404 et
676 366 934 404 conveniens.
958 368 1082 404 Omne
1102 370 1234 404 autem
1273 374 1344 403 ens
1381 363 1540 411 agendo
1571 363 1743 400 intendit

114 419 280 499 bonum,1
300 420 343 453 ut
362 419 570 453 ostensum
589 417 648 452 est
665 413 712 462 (c.
728 413 778 460 3).
797 413 958 450 Nullum
979 414 1101 460 igitur
1116 423 1203 458 ens,
1224 413 1267 450 in
1280 415 1472 459 quantum
1496 410 1742 458 hujusmodi,

123 469 183 502 θεῖ
204 474 265 500 ma
289 473 367 500 um.

161 512 306 550 Adhuc,
329 509 462 547 omnis
480 509 656 547 essentia
672 511 733 546 est
749 507 868 546 alicui
890 508 948 545 rei
978 507 1197 552 naturalis3
1230 506 1265 544 si
1297 506 1404 544 enim
1436 508 1496 542 est
1529 504 1571 541 in
1601 513 1746 552 genere

117 558 366 602 substantiae,
386 561 446 594 est
466 557 554 603 ipsa
573 560 715 593 natura
734 556 811 599 rei;
851 555 886 592 si
921 564 1014 592 vero
1037 555 1089 592 sit
1104 554 1147 591 in
1166 563 1311 602 genere
1330 552 1563 595 accidentis,
1593 554 1749 598 oportet

117 606 226 652 quod
248 615 294 641 cx
315 605 522 652 principiis
544 603 713 650 alicujus
734 602 968 640 substantiae
987 605 1186 646 causetur,
1208 604 1247 638 et
1265 600 1324 638 sic
1344 600 1401 637 illi
1417 599 1653 637 substantiae
1674 598 1749 636 erit

119 653 328 692 naturalis,
350 652 442 688 licet
461 652 560 688 forte
582 651 694 687 alteri
715 649 949 687 substantiae
970 658 1051 686 non
1067 648 1120 686 sit
1138 648 1346 693 naturalis,
1362 648 1467 685 sicut
1485 646 1667 684 caliditas
1689 648 1749 684 est

119 700 316 736 naturalis
340 699 439 745 igni,
462 698 554 735 licet
572 699 623 735 sit
642 697 882 734 innaturalis
904 706 1030 743 aquae.
1067 695 1180 740 Quod
1213 698 1344 732 autem
1377 698 1438 731 est
1463 693 1684 731 secundum
1704 702 1749 730 se

119 747 269 784 malum
295 755 377 783 non
395 749 528 792 potest
547 755 636 783 esse
651 745 769 782 alicui
792 744 994 788 naturale;
1018 743 1065 780 de
1085 742 1238 780 ratione
1259 742 1365 779 enim
1385 741 1480 778 mali
1501 745 1561 778 est
1579 739 1748 786 privatio

120 794 207 841 eJ'us
228 794 335 840 quod
356 798 417 830 est
438 793 557 830 alicui
578 796 715 830 natum
736 792 870 829 inesse
893 795 932 829 et
952 790 1127 828 debitum
1148 790 1204 834 ei;
1225 789 1374 826 malum
1397 788 1532 835 igitur,
1554 796 1678 834 quum
1697 787 1751 824 sit

120 842 206 888 eJ‘us
226 841 332 886 quod
353 844 414 878 est
434 840 616 877 naturale
647 839 831 886 privatio,
865 848 947 876 non
979 841 1111 884 potest
1144 846 1234 874 esse
1263 835 1383 873 alicui
1416 834 1614 879 naturale;
1644 833 1749 871 unde

120 888 313 936 quidquid
338 888 569 924 naturaliter
589 888 693 924 inest
713 887 832 923 alicui
851 889 912 923 cst
932 886 968 923 ei
986 886 1152 930 bonum,
1173 887 1211 921 et
1230 884 1379 921 malum
1397 882 1432 919 si
1448 882 1483 919 ei
1502 881 1617 919 desit.
1633 881 1752 918 Nulla

121 937 244 984 igitur
265 935 441 972 ‹ssentia
462 938 523 972 est
542 934 763 971 secundum
785 942 827 970 se
849 933 973 970 mala.

167 984 352 1028 Amplius,
376 981 569 1028 quidquid
589 981 707 1018 hahet
728 981 944 1018 essentiam
965 980 1154 1027 aliquam,
1177 981 1245 1015 aut
1265 977 1436 1024 ipsamet
1457 979 1518 1014 est
1536 976 1664 1013 forma
1683 979 1752 1013 aut

101 1030 240 1067 ,habet
261 1032 429 1067 sormam
451 1029 644 1076 aliquam;
667 1038 736 1075 per
765 1029 932 1065 sormam
964 1027 1071 1064 enim
1103 1025 1323 1063 collocatur
1357 1022 1670 1070 unumquodque
1707 1022 1752 1060 in

120 1087 264 1125 genere
285 1077 346 1114 vel
367 1077 514 1122 specie.
536 1078 677 1113 Forma
696 1079 843 1120 autern,
863 1076 903 1111 in
925 1078 1117 1121 quantum
1138 1071 1383 1119 hujusmodi,
1408 1071 1527 1108 habet
1556 1070 1752 1108 rationem

122 1124 331 1168 bonitatis,
362 1133 485 1170 quum
508 1124 561 1161 sit
585 1123 826 1169 principium
845 1122 1017 1159 actionis
1036 1125 1073 1158 et
1101 1120 1193 1157 finis
1226 1128 1344 1166 quem
1365 1118 1535 1155 intendit
1555 1126 1673 1154 omne
1695 1117 1752 1155 fa-

121 1172 233 1209 ciens
251 1176 288 1208 ct
305 1175 418 1208 actus
438 1180 516 1217 quo
537 1169 849 1216 unumquodque
870 1169 1021 1206 habens
1042 1168 1209 1204 formam
1224 1166 1441 1212 perfectum
1458 1169 1532 1202 est.
1549 1163 1751 1211 Quidquid

121 1219 245 1266 igitur
265 1218 383 1254 habet
400 1218 618 1255 essentiam
640 1218 827 1263 aliquam,
848 1216 886 1252 in
910 1219 1102 1262 quantum
1125 1212 1370 1260 hujusmodi,
1393 1216 1455 1250 est
1473 1212 1639 1249 honum.
1671 1213 1749 1248 Ma-

124 1266 205 1303 lum
224 1266 346 1312 igit-ur
367 1274 450 1302 non
468 1265 585 1302 habet
603 1264 820 1301 essentiam
842 1263 1031 1309 aliquam.

169 1314 268 1352 Item,
303 1321 374 1349 ens
406 1321 475 1358 per
515 1316 646 1349 actum
681 1315 719 1348 et
753 1310 972 1358 potentiam
997 1308 1199 1347 dividitur.
1229 1310 1350 1346 Actus
1378 1309 1527 1351 autem,
1559 1305 1601 1343 in
1630 1315 1753 1353 quan-

123 1363 208 1397 tum
229 1358 472 1407 hujusmodi,
495 1359 645 1396 honum
667 1362 740 1402 est,
762 1358 856 1405 quia
869 1357 1088 1394 secundum
1111 1355 1220 1403 quod
1239 1354 1390 1402 aliquid
1408 1358 1470 1391 est
1488 1357 1592 1398 actu,
1613 1362 1753 1390 secun-

122 1407 218 1444 dum
239 1407 314 1443 hoc
335 1406 483 1452 aliquid
506 1411 567 1444 est
588 1406 800 1452 perfectum
819 1417 828 1449 ;
849 1404 1026 1450 potentia
1045 1403 1163 1439 etiam
1177 1402 1330 1439 bonum
1347 1400 1498 1448 aliquid
1521 1404 1605 1444 est;
1626 1399 1754 1437 tendit

125 1454 231 1490 enim
248 1454 424 1499 potentia
444 1454 490 1490 ad
509 1458 654 1497 actum,
675 1456 718 1490 ut
736 1452 779 1489 in
799 1451 978 1499 quolibet
994 1454 1106 1488 motu
1139 1452 1314 1496 apparet,
1346 1452 1383 1485 et
1415 1448 1534 1484 etiam
1565 1450 1626 1484 est
1645 1447 1752 1484 actui

125 1501 441 1547 proportionata,
461 1500 599 1538 non-ei
621 1499 835 1544 contraria,
856 1502 895 1536 et
914 1497 1035 1536 estin
1052 1496 1193 1535 eodem
1213 1505 1358 1543 genere
1381 1504 1472 1532 cum
1498 1497 1603 1540 actu,
1623 1498 1662 1531 et
1679 1494 1756 1541 pri-

123 1550 230 1585 vatio
254 1557 336 1584 non
353 1548 543 1594 competit
561 1547 596 1585 ei
617 1547 696 1585 nisi
708 1556 778 1593 per
795 1546 996 1584 accidens.
1013 1544 1272 1591 Omneigitur
1290 1542 1398 1590 quod
1411 1546 1485 1588 est,
1501 1550 1754 1589 quocumque

125 1595 245 1632 modo
263 1595 328 1639 sit,
349 1594 390 1631 in
413 1599 609 1647 quantum
625 1598 685 1632 est
712 1603 798 1639 ens,
821 1593 973 1631 bonum
995 1596 1069 1631 est.
1090 1592 1234 1631 Malum
1261 1591 1384 1638 igitur
1419 1598 1500 1627 non
1531 1588 1650 1627 habet
1681 1588 1754 1626 ali-

124 1652 243 1689 quam
270 1646 502 1680 essennam.

171 1691 355 1735 Amplius,
377 1690 587 1735 probatum
602 1692 662 1726 est
683 1688 724 1736 (l.
744 1698 789 1734 11,
810 1698 844 1726 c.
865 1688 902 1735 5)
934 1687 1042 1735 quod
1077 1696 1196 1725 omne
1222 1695 1328 1730 esse,
1356 1693 1610 1733 quocumque
1633 1682 1754 1722 modo

125 1737 192 1782 sit,
211 1741 271 1774 est
290 1747 314 1774 a
336 1738 433 1774 Deo.
455 1739 579 1773 Deum
606 1740 740 1773 autem
769 1744 859 1773 esse
885 1735 1100 1782 perfectam
1130 1734 1269 1772 bonita
1312 1742 1351 1770 m
1380 1731 1633 1770 ostendimus
1666 1730 1707 1778 (l.
1724 1740 1754 1776 1,

123 1794 160 1821 c.
182 1784 256 1830 41).
279 1785 409 1829 Quum
429 1784 553 1831 igitur
572 1783 667 1821 boni
689 1782 855 1820 effectus
876 1782 1027 1820 malum
1047 1791 1137 1819 esse
1158 1790 1240 1819 non
1259 1791 1283 1828 p
1314 1780 1403 1825 ssit,
1423 1778 1674 1826 impossibile
1695 1781 1756 1816 est
1883 1793 1894 1826 ⁴.

126 1831 288 1877 aliquod
311 1840 398 1875 ens,
420 1831 462 1868 in
482 1835 674 1878 quantum
691 1833 752 1866 est
769 1839 856 1873 ens,
876 1839 966 1867 esse
986 1829 1150 1866 malum.
1882 1835 1894 1875 4⁴

174 1879 271 1915 Hinc
290 1882 349 1915 est
367 1878 472 1924 quod
492 1878 660 1915 dicitur:
685 1878 789 1913 Vidit
804 1879 898 1913 Deus
918 1880 1047 1912 cuncta
1067 1886 1146 1921 quae
1163 1876 1315 1919 fecerat,
1340 1876 1374 1910 et
1404 1875 1508 1909 erant
1537 1873 1645 1909 valde
1664 1873 1757 1909 bona
1885 1878 1894 1904 ³

125 1925 227 1971 (Gen.
249 1935 275 1965 Ι,
295 1927 380 1970 31),·
403 1929 441 1961 et
465 1938 476 1960 .-
508 1925 643 1961 Cuncta
661 1926 749 1968 fecit
769 1925 860 1960 bona
877 1925 917 1959 in
937 1927 1091 1968 tempore
1127 1932 1189 1959 suo
1211 1922 1322 1968 (Eccl.
1339 1929 1398 1966 111,
1422 1920 1499 1967 11);
1521 1923 1559 1956 et
1580 1931 1589 1956 :
1629 1920 1754 1957 Omnis
1890 1905 1894 1938 ¹

125 1976 294 2008 creatura
312 1974 379 2008 Dei
399 1972 489 2008 bona
509 1975 561 2008 est
574 1972 611 2018 (I
628 1973 734 2012 Tim„
751 1980 806 2010 IV,
828 1970 878 2017 4).
915 1971 959 2006 Et
979 1969 1195 2016 Dionysius
1229 1968 1295 2014 (De
1330 1969 1446 2004 divin.
1471 1967 1626 2012 nomin.)
1660 1966 1756 2004 dicit

127 2020 231 2066 quod
251 2020 387 2055 malum
412 2030 483 2054 mvn
522 2022 574 2055 est
610 2020 765 2055 eaez'stens
796 2017 964 2064 (scilicet
994 2027 1063 2063 per
1084 2016 1156 2063 se),
1186 2026 1249 2051 nec
1275 2015 1419 2061 aliquid
1447 2015 1488 2050 in
1517 2014 1754 2050 eoeistentz'bus

126 2068 234 2112 quasi
247 2067 423 2107 accidens,
449 2069 544 2102 sicut
560 2066 685 2101 albedo
703 2066 759 2100 vel
778 2065 941 2109 niqredo.

173 2115 246 2150 Per
267 2114 342 2150 hoc
358 2117 488 2151 autem
507 2113 728 2150 excluditur
748 2121 858 2149 error
877 2111 1187 2148 Manichaeorum
1217 2108 1453 2156 ponentium
1486 2108 1643 2155 aliquas
1675 2116 1755 2153 res,

127 2160 347 2198 secundum
368 2170 463 2198 suas
485 2165 665 2203 naturas,
685 2159 813 2197 malas
832 2168 936 2196 esse.
960 2158 989 2205 (l
1009 2161 1125 2204 part„
1148 2168 1185 2204 q.
1211 2165 1348 2201 XLVIII,
1373 2159 1444 2193 art.
1466 2154 1517 2202 4.)

791 2305 960 2348 CAPUT
989 2304 1096 2346 VIII.

467 2427 660 2458 RATIONES
679 2427 832 2457 CONTRA
848 2425 1085 2455 PRAEMISSAM
1107 2423 1414 2455 GONGLUSIONEM.

170 2536 333 2575 Videtur
347 2540 480 2575 autem
499 2535 741 2584 quibusdam
759 2535 984 2574 rationibus
1004 2534 1202 2582 praedictae
1222 2531 1433 2572 sententiae
1451 2540 1571 2579 posse
1584 2531 1749 2570 obviari.

172 2584 226 2620 Ex
245 2585 406 2630 propria
425 2583 532 2621 enim
552 2582 775 2620 differentia
806 2582 992 2630 specifica
1026 2581 1341 2629 unumquodque
1365 2579 1539 2626 speciem
1573 2577 1751 2616 sortitur.
1890 2603 1894 2622 ,2

124 2630 271 2667 Malum
288 2635 420 2669 autem
440 2635 501 2669 est
518 2630 744 2668 differentia
763 2629 951 2678 specifica
966 2630 1009 2667 in
1028 2629 1231 2677 aliquibus
1260 2627 1489 2676 generibus,
1521 2625 1676 2663 scilicet
1711 2625 1754 2663 in
1891 2635 1894 2676 3

125 2676 329 2729 habitibus
349 2682 386 2715 et
405 2678 560 2716 actibus
578 2677 823 2722 moralibu53
844 2677 1076 2715 sicutenim
1102 2677 1242 2719 virtus,
1268 2673 1503 2724 secundum,
1521 2680 1637 2710 suam
1666 2681 1751 2718 spe·
1888 2677 1894 2729 1

125 2732 242 2768 mem,
265 2728 325 2761 est
344 2724 475 2762 bonus
497 2725 670 2770 habitus,
692 2725 747 2762 ita
763 2725 1007 2762 contrarium
1021 2724 1162 2762 vitium
1182 2726 1243 2761 est
1261 2721 1393 2759 malus
1409 2719 1588 2772 habitus,
1612 2728 1752 2756 secun-

126 2770 222 2823 dum
241 2779 355 2808 suam
376 2772 572 2817 speciem;
593 2776 631 2810 et
650 2772 836 2810 similiter
856 2771 905 2809 de
924 2771 1080 2809 actibus
1099 2771 1291 2808 virtutum
1310 2771 1349 2805 et
1379 2770 1582 2804 vitiorum.
1602 2766 1749 2805 Malum

125 2821 250 2870 igitur
268 2821 330 2855 est
347 2817 446 2855 dans
467 2820 640 2864 speciem
659 2818 860 2866 aliquibus
879 2819 1019 2863 rebus3
1043 2821 1104 2856 est
1122 2818 1245 2865 igitur
1259 2814 1396 2862 aliqua
1414 2813 1592 2851 essentia
1615 2817 1652 2851 et
1683 2813 1753 2852 ali·

128 2864 276 2913 quibus
296 2864 415 2902 rebus
433 2865 641 2902 naturalis.

171 2913 364 2958 Praeterea,
385 2914 596 2959 utrumque
611 2912 901 2950 contrariorum
928 2915 988 2949 est
1017 2915 1158 2949 natura
1195 2908 1396 2958 quaedam;
1435 2908 1470 2946 si
1509 2907 1615 2946 enim
1645 2907 1749 2946 nihil
