1894 3223
699 105 788 142 LIB.
815 106 879 149 Ill,
907 107 1008 142 CAP.
1037 107 1151 142 cxlx.
1662 110 1727 145 42¹

103 196 182 235 que
210 190 314 226 errat
345 186 453 225 circa
472 187 596 224 Deum
616 195 699 224 non
731 188 939 233 cognoscit
960 189 1096 231 Deum,
1115 187 1317 235 sicut·qui
1349 188 1474 226 credit
1491 190 1613 226 Deum
1633 198 1725 228 esse

103 243 250 281 corpus
275 233 387 271 nullo
408 238 527 270 modo
547 234 755 279 cognoscit
772 236 925 286 boum,
947 235 1015 271 sed
1045 235 1304 280 apprehendit
1335 235 1487 282 aliquid
1506 236 1614 273 aliud
1638 237 1728 274 loco

104 282 187 318 Dei.
209 280 434 319 Secundum
452 283 584 317 autem
601 280 707 328 quod
728 281 878 327 aliquid
896 283 1166 327 cognoscitur,
1189 282 1408 319 secundum
1430 283 1504 320 1100
1520 286 1677 321 amatur
1691 287 1729 320 et

104 328 363 366 desideratur.
387 328 459 372 Qui
496 336 592 374 ergo
624 330 726 364 01101
764 328 870 364 circa
909 331 1046 372 Deum,
1069 338 1140 365 1100
1177 339 1310 366 amare
1342 334 1472 376 potest
1493 332 1630 374 Deum,
1654 339 1726 368 nec

102 375 329 412 desiderare
361 375 493 421 ipsum
520 378 563 411 ut
594 373 728 412 finem.
751 375 879 419 Quum
922 376 1043 421 igitur
1080 376 1142 412 lex
1177 376 1311 413 divina
1344 377 1487 414 adhoc
1514 378 1662 422 tendat,
1685 381 1730 415 ut

102 421 287 459 homines
315 426 447 460 ament
479 425 517 458 et
550 421 776 459 desiderent
795 423 933 466 Deum,
955 426 1137 468 opportet
1153 423 1259 469 quod
1279 423 1366 470 lege
1386 423 1520 462 divina
1541 425 1728 469 homines

101 468 332 515 obligentur
352 469 399 506 ad
416 472 562 506 rectam
578 468 694 506 fidem
711 469 934 506 habendum
962 469 1009 505 de
1028 471 1122 506 Deo.

147 517 331 562 Amplius,
356 517 456 553 falsa
474 516 610 562 opinio
632 516 684 553 ita
705 525 748 553 30
769 516 886 553 habet
908 516 949 553 in
970 516 1289 562 intelligibilibus
1308 517 1412 554 sicut
1429 518 1567 556 vitium
1589 518 1725 558 virtuti

102 563 330 616 oppositum
353 564 391 600 in
411 563 653 608 moralibus;
676 572 766 600 nam
788 563 936 600 bonum
957 563 1184 600 intellectus
1199 567 1422 601 estvcruni.
1438 566 1512 601 Sed
1529 566 1577 602 ad
1597 566 1728 613 legem

101 610 274 647 divinam
296 611 467 657 pertinet
485 611 579 647 vitia
599 610 823 657 prohibere.
846 612 945 657 Ergo
967 610 1014 647 ad
1032 619 1118 647 eam
1139 610 1257 647 etiam
1286 612 1458 657 pertinet
1489 613 1613 650 salsas
1642 613 1729 660 opi·

102 657 249 695 niones
272 657 320 694 de
334 659 413 695 Deo
427 661 464 694 et
483 658 531 694 de
546 658 609 694 his
630 667 717 705 quae
738 661 831 695 sunt
852 658 919 694 Dei
941 658 1162 694 excludere.

148 705 246 742 Hinc
270 708 332 742 est
351 705 457 752 quod
479 705 645 742 dicitur:
665 706 751 742 Sine
775 705 846 750 fide
874 705 1094 750 impossibile
1111 707 1164 741 est
1180 704 1322 750 placere
1341 706 1569 752 Deo,(chr.,
1592 715 1649 751 xx,
1668 707 1728 754 6);

102 754 157 796 et,
179 756 390 799 antequam
412 752 490 789 alia
509 755 704 798 praecepta
722 752 822 798 legis
842 752 1319 798 ponantur,praestituitur
1336 756 1444 790 recta
1457 753 1556 790 fides
1571 753 1618 790 de
1632 756 1728 800 Deo,

101 807 222 845 quum
238 799 382 836 dicitur
392 811 399 835 :
410 800 523 840 Audi,
535 800 646 835 Israel
656 812 666 835 ε
678 801 851 835 Dominus
864 802 955 836 Deus
968 802 1085 835 noster
1094 801 1265 835 Dominus
1276 810 1371 836 unus
1384 803 1448 836 est.
1464 800 1595 847 (Imm,
1606 809 1663 845 VI,
1675 804 1710 838 4.

151 847 223 883 Per
254 846 329 883 hoc
361 850 492 884 autem
528 846 750 883 excluditur
778 855 888 883 error
921 847 1183 893 quorumdam
1221 847 1438 884 dicentium
1478 848 1585 895 quod
1624 848 1709 886 nihi

101 892 222 930 refert
240 893 290 931 ad
311 893 481 931 salutem
502 893 680 931 hominis
697 902 788 931 cum
808 903 1058 941 quacumque
1072 893 1148 931 fide
1169 894 1315 931 serviat
1336 896 1431 932 Deo.

737 1039 908 1081 CAPUT
948 1040 1084 1081 CXIX.

219 1159 318 1194 QUOD
349 1159 424 1189 PER
449 1158 620 1194 QUAEDAM
645 1159 867 1189 SENSIBILIA
891 1159 996 1188 MENS
1021 1159 1175 1189 NOSTRA
1199 1159 1399 1191 DIRIGITUR
1420 1160 1464 1190 IN
1487 1160 1607 1191 DEUM.

148 1268 249 1315 Quia
263 1278 359 1307 vero
377 1268 638 1307 connaturale
652 1271 715 1307 est
748 1267 902 1307 homini
930 1271 974 1307 ut
989 1278 1059 1316 per
1083 1278 1230 1308 sensus
1252 1269 1523 1317 cognitionem
1545 1269 1727 1317 accipiat,

101 1319 140 1356 et
184 1316 464 1354 difficillimum
500 1320 561 1354 est
605 1315 815 1354 sensibilia
858 1316 1140 1354 transcendere
1155 1345 1165 1361 ‚
1204 1318 1409 1363 provisum
1448 1320 1509 1354 est
1538 1318 1730 1356 divinitus

100 1364 255 1403 homini
277 1367 319 1401 ut
341 1365 459 1401 etiam
481 1363 523 1401 in
538 1363 799 1401 sensibilibus
821 1363 940 1401 rebus
961 1364 1186 1401 divinorum
1207 1365 1243 1401 ei
1255 1365 1582 1402 commemoratio
1602 1364 1730 1409 fieret,

101 1415 146 1449 ut
163 1421 233 1458 per
253 1411 329 1449 hoc
348 1411 525 1448 hominis
545 1411 714 1448 intentio
747 1412 876 1457 magis
910 1415 1168 1448 renovaretur
1198 1411 1247 1448 ad
1282 1412 1430 1456 divina,
1459 1412 1575 1458 cujus
1613 1420 1728 1449 mens

103 1467 186 1495 non
206 1462 267 1495 est
286 1459 417 1495 valida
437 1458 485 1495 ad
519 1458 654 1496 divina
681 1458 721 1495 in
744 1458 890 1504 seipsis
912 1457 1244 1504 contemplanda:
1268 1462 1305 1495 et
1324 1462 1484 1505 propter
1512 1459 1590 1496 hoc
1613 1459 1730 1495 insti-

102 1509 188 1543 tuta
218 1509 312 1543 sunt
345 1505 555 1543 sensibilia
581 1504 780 1543 sacrificia
810 1514 897 1552 quae
927 1505 1046 1542 homo
1081 1507 1160 1542 Deo
1192 1504 1320 1550 offert,
1355 1515 1435 1542 non
1463 1509 1623 1551 propter
1654 1506 1730 1543 1100

104 1552 211 1600 quod
241 1554 344 1590 Deus
366 1553 425 1589 eis
448 1552 639 1598 indigeat,
657 1552 728 1589 sed
748 1555 792 1588 ut
826 1555 1129 1597 repraesentetur
1149 1552 1302 1589 homini
1324 1553 1430 1599 quod
1474 1553 1653 1598 seipsum
1692 1556 1732 1590 et

104 1600 241 1638 omnia
261 1608 336 1637 sua
355 1599 471 1637 debet
486 1601 630 1636 reterre
651 1600 693 1636 111
709 1599 840 1645 ipsum
860 1599 964 1636 sicut
982 1600 1024 1636 in
1044 1599 1178 1640 finem,
1200 1602 1239 1636 et
1255 1599 1358 1636 sicut
1378 1600 1419 1636 in
1441 1603 1676 1645 creatorem,
1694 1603 1734 1637 et

104 1647 411 1694 gubernatorem
431 1650 470 1683 et
486 1646 696 1683 Dominum
719 1646 1010 1684 universorum.

152 1694 399 1731 Adhibentur
429 1693 548 1731 etiam
577 1693 731 1730 homini
765 1694 946 1740 quaedam
985 1693 1324 1731 sanctificationes
1343 1703 1413 1740 per
1444 1693 1639 1741 quasdam
1665 1703 1733 1733 res

106 1741 334 1785 sensibiles,
357 1740 504 1787 quibus
534 1741 654 1777 1101110
693 1740 859 1784 lavatur,
890 1743 958 1778 aut
989 1740 1166 1787 ungitur,
1186 1744 1256 1778 aut
1285 1742 1474 1788 pascitur,
1491 1741 1553 1778 vel
1573 1744 1733 1788 potatur

106 1797 197 1826 cum
239 1787 491 1825 sensibilium
527 1787 739 1824 verborum
778 1787 1015 1833 prolatione,
1053 1790 1097 1824 ut
1131 1787 1285 1825 homini
1317 1791 1624 1835 repraesentetur
1659 1796 1731 1834 per

106 1834 318 1874 sensibilia
337 1833 651 1882 intelligibilium
673 1834 870 1871 donorum
899 1842 1131 1881 processum
1153 1835 1196 1872 in
1215 1835 1304 1881 ipso
1324 1835 1373 1872 ab
1400 1835 1624 1880 extrinseco
1643 1834 1731 1872 fieri

106 1891 130 1921 a
147 1883 243 1927 Deo,
262 1881 377 1929 cujus
398 1890 545 1919 nomen
565 1881 827 1919 sensibilibus
846 1881 1012 1919 vocibus
1034 1882 1280 1929 exprimitur.

156 1931 398 1967 Exercentur
416 1929 535 1966 etiam
557 1928 604 1966 ab
635 1928 866 1966 hominibus
896 1929 1076 1976 quaedam
1097 1929 1307 1967 sensibilia
1325 1938 1460 1977 opera,
1478 1937 1561 1967 non
1586 1928 1734 1976 quibus

107 1977 231 2014 Deum
251 1977 437 2021 excitent,
457 1975 528 2013 sed
548 1975 694 2023 quibus
718 1976 876 2022 seipsos
895 1980 1112 2022 provocent
1131 1976 1172 2013 in
1193 1976 1344 2022 divina,
1365 1977 1470 2015 sicut
1498 1977 1734 2023 prostratio—

107 2033 196 2068 nes,
230 2023 546 2070 genuflexiones‚
565 2023 725 2060 vocales
755 2024 951 2061 clamores
983 2027 1022 2061 et
1046 2026 1214 2069 cantus;
1251 2033 1340 2071 quae
1367 2033 1450 2061 non
1480 2023 1580 2061 fiunt
1617 2024 1735 2071 quasi

106 2072 212 2108 Deus
231 2071 295 2108 his
316 2070 506 2117 indigeat,
528 2070 596 2117 qui
616 2070 752 2107 omnia
773 2071 896 2115 novit,
913 2075 952 2107 et
971 2070 1086 2117 cujus
1105 2071 1291 2109 voluntas
1305 2073 1367 2109 est
1386 2071 1666 2117 immutabilis,
1697 2073 1736 2108 et

107 2117 292 2155 affectum
310 2117 457 2154 mentis
493 2120 532 2154 et
550 2117 669 2154 etiam
701 2120 854 2155 motum
871 2119 1051 2164 corporis
1073 2121 1233 2165 propter
1250 2127 1297 2156 30
1329 2126 1411 2156 11011
1435 2121 1640 2165 acceptat3
1663 2117 1734 2156 sed

108 2174 156 2202 ea
176 2167 336 2210 propter
356 2173 432 2201 nos
452 2163 637 2208 facimus,
660 2166 706 2201 ut
725 2173 795 2210 per
816 2164 902 2201 haec
919 2165 1128 2204 sensibilia
1154 2174 1278 2212 opera
1296 2164 1466 2203 intentio
1483 2169 1623 2203 nostra
1643 2165 1735 2202 diri·

107 2211 277 2259 gaturin
299 2212 438 2255 Deum,
459 2214 498 2248 et
517 2209 675 2248 affectio
696 2211 948 2248 accendatur.
968 2212 1092 2249 Simul
1111 2212 1231 2249 etiam
1250 2221 1322 2259 per
1337 2212 1414 2251 hoc
1434 2214 1557 2249 Deum
1578 2211 1734 2258 profite-

108 2268 199 2311 mur
215 2258 358 2342 anihmff
379 2261 417 2294 et
435 2257 617 2305 corporis
628 2258 756 2296 nostri
778 2261 995 2303 auctorem,
1011 2259 1074 2296 cui
1088 2259 1314 2306 spiritualia
1329 2262 1369 2297 et
1383 2259 1607 2306 corporalia
1622 2259 1735 2296 obse·

137 2314 204 2343 uia
219 2314 267 2342 ex
299 2316 310 2342 1
340 2313 469 2342 emus.

108 2316 131 2353 q
155 2354 319 2399 Propter
337 2352 413 2389 hoc
433 2353 586 2389 nonest
601 2350 738 2390 mirari
754 2352 789 2390 si
807 2351 1069 2400 haeretici‚qui
1083 2353 1266 2399 corporis
1279 2352 1406 2392 nostri
1416 2354 1538 2390 Deum
1548 2362 1637 2390 esse
1647 2362 1737 2391 auc·

109 2402 238 2437 torem
260 2402 422 2446 negant,
443 2399 528 2437 haec
549 2399 771 2446 corporalia
781 2399 976 2447 obsequia
995 2401 1074 2437 Deo
1094 2400 1272 2438 exhibita
1283 2399 1636 2446 reprehendant.1n
1655 2408 1734 2447 quo

109 2447 230 2484 etiam
246 2450 406 2492 apparet
417 2445 523 2492 quod
537 2454 582 2483 se
591 2446 777 2484 homines
788 2455 878 2485 esse
893 2455 973 2484 non
987 2446 1269 2491 meminerunt,
1286 2446 1380 2484 dum
1389 2445 1642 2484 sensibilium
1657 2446 1736 2484 sibi

108 2502 151 2532 re
181 2494 503 2531 raesentationem
525 2493 796 2532 necessariam
827 2502 909 2531 non
928 2493 1063 2531 vident
1081 2494 1130 2532 ad
1152 2493 1383 2532 interiorem
1403 2493 1676 2541 cognitionem
1698 2496 1737 2531 et

111 2548 136 2579 a
169 2541 379 2578 actionem.
401 2542 499 2577 Nam
521 2539 790 2587 experimento
821 2543 984 2587 apparet
1007 2540 1114 2588 quod
1130 2549 1202 2586 per
1221 2538 1449 2587 corporales
1469 2543 1582 2578 actus
1602 2540 1737 2578 anima

111 2588 351 2626 exercitatur
370 2587 419 2624 ad
440 2587 615 2634 aliquam
635 2587 919 2634 cogitationem
956 2587 1019 2624 vel
1052 2586 1318 2625 affectionem.
1338 2587 1447 2624 Unde
1477 2587 1735 2626 manifestum

112 2638 175 2673 est
192 2635 477 2673 convenienter
496 2634 615 2672 etiam
635 2634 911 2680 corporalibus
928 2634 1167 2681 quibusdam
1187 2643 1263 2672 nos
1283 2634 1340 2672 uti
1358 2634 1408 2671 ad
1426 2634 1573 2672 mentis
1587 2638 1734 2673 nostrae

109 2682 370 2720 elevationem
392 2682 433 2718 in
451 2683 591 2720 Deum.

157 2730 204 2767 In
223 2729 289 2767 his
309 2732 440 2767 autem
461 2726 737 2775 corporalibus
757 2729 839 2766 Deo
854 2727 1089 2765 exhibendis
1106 2726 1239 2766 cultus
1257 2727 1326 2766 Dei
1340 2727 1563 2773 consistere
1574 2728 1732 2767 dieitur.

111 2774 184 2814 llla
202 2776 310 2814 enim
329 2777 460 2814 colere
480 2776 650 2813 dicimur
668 2774 817 2823 quibus
846 2783 918 2821 per
947 2778 1088 2813 nostra
1116 2783 1238 2821 opera
1266 2775 1443 2814 studium
1480 2776 1731 2814 adhibemus.

112 2822 224 2861 Circa
242 2825 367 2861 Deum
386 2827 516 2861 autem
540 2821 776 2861 adhibemus
791 2821 968 2860 studium
987 2825 1125 2861 nostro
1145 2824 1250 2867 actu,
1269 2831 1352 2860 non
1376 2821 1536 2870 quidem
1557 2826 1601 2861 ut
1619 2822 1734 2869 profi-

112 2869 267 2909 ciamus
289 2871 341 2916 01,
360 2870 466 2909 sicut
483 2878 574 2909 cum
594 2869 695 2908 alias
713 2878 779 2907 res
797 2869 950 2908 nostris
972 2868 1162 2916 operibus
1177 2869 1312 2908 colere
1330 2869 1516 2916 dicimur,
1536 2868 1606 2908 sed
1639 2869 1734 2916 quia
