<?xml version="1.0" encoding="UTF-8"?>
<!DOCTYPE html PUBLIC "-//W3C//DTD XHTML 1.0 Transitional//EN"
    "http://www.w3.org/TR/xhtml1/DTD/xhtml1-transitional.dtd">
<html xmlns="http://www.w3.org/1999/xhtml" xml:lang="en" lang="en">
 <head>
  <title>
</title>
<meta http-equiv="Content-Type" content="text/html;charset=utf-8" />
  <meta name='ocr-system' content='tesseract 3.04.00' />
  <meta name='ocr-capabilities' content='ocr_page ocr_carea ocr_par ocr_line ocrx_word'/>
</head>
<body>
  <div class='ocr_page' id='page_1' title='image "./deveritatecathol00thomuoft_0343.png"; bbox 0 0 1894 3223; ppageno 0'>
   <div class='ocr_carea' id='block_1_1' title="bbox 677 69 1694 113">
    <p class='ocr_par' dir='ltr' id='par_1_1' title="bbox 677 69 1694 113">
     <span class='ocr_line' id='line_1_1' title="bbox 677 69 1694 113; baseline -0.001 -8"><span class='ocrx_word' id='word_1_1' title='bbox 677 70 764 105; x_wconf 86' lang='lat' dir='ltr'>LlB.</span> <span class='ocrx_word' id='word_1_2' title='bbox 796 71 857 113; x_wconf 84' lang='grc' dir='ltr'>ΙΙΙ,</span> <span class='ocrx_word' id='word_1_3' title='bbox 887 70 986 106; x_wconf 84' lang='lat' dir='ltr'>CAP.</span> <span class='ocrx_word' id='word_1_4' title='bbox 1015 69 1084 106; x_wconf 89' lang='lat' dir='ltr'>XL.</span> <span class='ocrx_word' id='word_1_5' title='bbox 1626 69 1694 105; x_wconf 73' lang='lat'>303</span> 
     </span>
    </p>
   </div>
   <div class='ocr_carea' id='block_1_2' title="bbox 735 239 1025 281">
    <p class='ocr_par' dir='ltr' id='par_1_2' title="bbox 735 239 1025 281">
     <span class='ocr_line' id='line_1_2' title="bbox 735 239 1025 281; baseline 0 -1"><span class='ocrx_word' id='word_1_6' title='bbox 735 239 903 281; x_wconf 86' lang='lat' dir='ltr'><strong>CAPUT</strong></span> <span class='ocrx_word' id='word_1_7' title='bbox 943 240 1025 281; x_wconf 87' lang='lat' dir='ltr'>XL.</span> 
     </span>
    </p>
   </div>
   <div class='ocr_carea' id='block_1_3' title="bbox 293 359 1475 452">
    <p class='ocr_par' dir='ltr' id='par_1_3' title="bbox 293 359 1475 452">
     <span class='ocr_line' id='line_1_3' title="bbox 293 359 1475 394; baseline 0.001 -6"><span class='ocrx_word' id='word_1_8' title='bbox 293 359 395 394; x_wconf 80' lang='lat' dir='ltr'><strong>QUOD</strong></span> <span class='ocrx_word' id='word_1_9' title='bbox 420 359 618 389; x_wconf 73' lang='lat' dir='ltr'>FELICITAS</span> <span class='ocrx_word' id='word_1_10' title='bbox 643 359 811 389; x_wconf 75' lang='lat' dir='ltr'>HUMANA</span> <span class='ocrx_word' id='word_1_11' title='bbox 837 359 918 388; x_wconf 73' lang='lat' dir='ltr'>NON</span> <span class='ocrx_word' id='word_1_12' title='bbox 952 360 1152 389; x_wconf 72' lang='lat' dir='ltr'>CONSISTIT</span> <span class='ocrx_word' id='word_1_13' title='bbox 1177 359 1219 389; x_wconf 80' lang='lat' dir='ltr'>IN</span> <span class='ocrx_word' id='word_1_14' title='bbox 1244 359 1475 390; x_wconf 74' lang='lat' dir='ltr'>COGNI‘I&#39;IONE</span> 
     </span>
     <span class='ocr_line' id='line_1_4' title="bbox 616 418 1142 452; baseline -0.002 -5"><span class='ocrx_word' id='word_1_15' title='bbox 616 418 682 447; x_wconf 76' lang='lat' dir='ltr'>Dm</span> <span class='ocrx_word' id='word_1_16' title='bbox 709 418 796 452; x_wconf 83' lang='lat' dir='ltr'>QUAE</span> <span class='ocrx_word' id='word_1_17' title='bbox 819 418 890 447; x_wconf 85' lang='lat' dir='ltr'>EST</span> <span class='ocrx_word' id='word_1_18' title='bbox 913 418 987 447; x_wconf 85' lang='lat' dir='ltr'>PER</span> <span class='ocrx_word' id='word_1_19' title='bbox 1012 419 1142 448; x_wconf 74' lang='lat' dir='ltr'>Flnmt.</span> 
     </span>
    </p>
   </div>
   <div class='ocr_carea' id='block_1_4' title="bbox 73 526 1698 2774">
    <p class='ocr_par' dir='ltr' id='par_1_4' title="bbox 96 526 1692 669">
     <span class='ocr_line' id='line_1_5' title="bbox 119 526 1691 575; baseline 0.001 -11"><span class='ocrx_word' id='word_1_20' title='bbox 119 529 185 564; x_wconf 87' lang='lat' dir='ltr'>Est</span> <span class='ocrx_word' id='word_1_21' title='bbox 200 530 331 564; x_wconf 88' lang='lat' dir='ltr'>autem</span> <span class='ocrx_word' id='word_1_22' title='bbox 356 529 394 564; x_wconf 92' lang='lat' dir='ltr'>et</span> <span class='ocrx_word' id='word_1_23' title='bbox 413 526 490 563; x_wconf 88' lang='lat' dir='ltr'>alia</span> <span class='ocrx_word' id='word_1_24' title='bbox 515 526 582 562; x_wconf 92' lang='lat' dir='ltr'>Dei</span> <span class='ocrx_word' id='word_1_25' title='bbox 605 526 781 573; x_wconf 83' lang='lat' dir='ltr'>cognitio</span> <span class='ocrx_word' id='word_1_26' title='bbox 803 529 992 573; x_wconf 84' lang='lat' dir='ltr'>quantum</span> <span class='ocrx_word' id='word_1_27' title='bbox 1017 526 1062 563; x_wconf 84' lang='lat' dir='ltr'>ad</span> <span class='ocrx_word' id='word_1_28' title='bbox 1082 526 1231 574; x_wconf 76' lang='lat' dir='ltr'>aliquid</span> <span class='ocrx_word' id='word_1_29' title='bbox 1262 527 1444 573; x_wconf 77' lang='lat' dir='ltr'>superior</span> <span class='ocrx_word' id='word_1_30' title='bbox 1463 527 1691 575; x_wconf 70' lang='lat' dir='ltr'>cognitione</span> 
     </span>
     <span class='ocr_line' id='line_1_6' title="bbox 96 573 1692 622; baseline 0 -10"><span class='ocrx_word' id='word_1_31' title='bbox 96 573 270 619; x_wconf 82' lang='lat' dir='ltr'>raedicta,</span> <span class='ocrx_word' id='word_1_32' title='bbox 292 583 371 621; x_wconf 88' lang='lat' dir='ltr'>qua</span> <span class='ocrx_word' id='word_1_33' title='bbox 387 573 539 611; x_wconf 88' lang='lat' dir='ltr'>scilicet</span> <span class='ocrx_word' id='word_1_34' title='bbox 557 574 661 610; x_wconf 86' lang='lat' dir='ltr'>Deus</span> <span class='ocrx_word' id='word_1_35' title='bbox 681 573 730 610; x_wconf 84' lang='lat' dir='ltr'>ab</span> <span class='ocrx_word' id='word_1_36' title='bbox 754 573 942 610; x_wconf 90' lang='lat' dir='ltr'>omnibus</span> <span class='ocrx_word' id='word_1_37' title='bbox 964 583 1032 619; x_wconf 88' lang='lat' dir='ltr'>pcr</span> <span class='ocrx_word' id='word_1_38' title='bbox 1049 573 1163 610; x_wconf 84' lang='lat' dir='ltr'>fidem</span> <span class='ocrx_word' id='word_1_39' title='bbox 1185 574 1462 621; x_wconf 83' lang='lat' dir='ltr'>cognoscitur3</span> <span class='ocrx_word' id='word_1_40' title='bbox 1491 585 1580 622; x_wconf 85' lang='lat' dir='ltr'>quae</span> <span class='ocrx_word' id='word_1_41' title='bbox 1606 576 1692 622; x_wconf 83' lang='lat' dir='ltr'>qui-</span> 
     </span>
     <span class='ocr_line' id='line_1_7' title="bbox 98 620 1692 669; baseline 0.001 -10"><span class='ocrx_word' id='word_1_42' title='bbox 98 630 174 666; x_wconf 85' lang='lat' dir='ltr'>em,</span> <span class='ocrx_word' id='word_1_43' title='bbox 205 625 396 669; x_wconf 87' lang='lat' dir='ltr'>quantum</span> <span class='ocrx_word' id='word_1_44' title='bbox 425 620 475 658; x_wconf 87' lang='lat' dir='ltr'>ad</span> <span class='ocrx_word' id='word_1_45' title='bbox 504 620 593 658; x_wconf 88' lang='lat' dir='ltr'>hoc.</span> <span class='ocrx_word' id='word_1_46' title='bbox 616 620 887 660; x_wconf 73' lang='lat' dir='ltr'>cognitionem</span> <span class='ocrx_word' id='word_1_47' title='bbox 906 630 994 667; x_wconf 81' lang='lat' dir='ltr'>quae</span> <span class='ocrx_word' id='word_1_48' title='bbox 1027 620 1074 657; x_wconf 90' lang='lat' dir='ltr'>de</span> <span class='ocrx_word' id='word_1_49' title='bbox 1103 622 1181 658; x_wconf 92' lang='lat' dir='ltr'>Deo</span> <span class='ocrx_word' id='word_1_50' title='bbox 1208 630 1278 667; x_wconf 88' lang='lat' dir='ltr'>per</span> <span class='ocrx_word' id='word_1_51' title='bbox 1308 620 1692 660; x_wconf 81' lang='lat' dir='ltr'>demonstrationem</span> 
     </span>
    </p>

    <p class='ocr_par' dir='ltr' id='par_1_5' title="bbox 73 667 1695 856">
     <span class='ocr_line' id='line_1_8' title="bbox 73 667 1692 716; baseline 0 -9"><span class='ocrx_word' id='word_1_52' title='bbox 73 668 253 710; x_wconf 86' lang='lat' dir='ltr'>habetur,</span> <span class='ocrx_word' id='word_1_53' title='bbox 280 667 445 712; x_wconf 83' lang='lat' dir='ltr'>excedit,</span> <span class='ocrx_word' id='word_1_54' title='bbox 467 668 563 714; x_wconf 86' lang='lat' dir='ltr'>quia</span> <span class='ocrx_word' id='word_1_55' title='bbox 583 670 762 715; x_wconf 77' lang='lat' dir='ltr'>quaedam</span> <span class='ocrx_word' id='word_1_56' title='bbox 784 668 831 704; x_wconf 90' lang='lat' dir='ltr'>de</span> <span class='ocrx_word' id='word_1_57' title='bbox 861 669 941 704; x_wconf 91' lang='lat' dir='ltr'>Deo</span> <span class='ocrx_word' id='word_1_58' title='bbox 960 677 1030 713; x_wconf 86' lang='lat' dir='ltr'>per</span> <span class='ocrx_word' id='word_1_59' title='bbox 1058 667 1175 704; x_wconf 85' lang='lat' dir='ltr'>fidem</span> <span class='ocrx_word' id='word_1_60' title='bbox 1209 669 1493 714; x_wconf 81' lang='lat' dir='ltr'>cognoscimus</span> <span class='ocrx_word' id='word_1_61' title='bbox 1514 669 1560 706; x_wconf 85' lang='lat' dir='ltr'>ad</span> <span class='ocrx_word' id='word_1_62' title='bbox 1589 679 1692 716; x_wconf 83' lang='lat' dir='ltr'>qnae,</span> 
     </span>
     <span class='ocr_line' id='line_1_9' title="bbox 73 714 1692 763; baseline 0 -10"><span class='ocrx_word' id='word_1_63' title='bbox 73 719 233 763; x_wconf 86' lang='lat' dir='ltr'>propter</span> <span class='ocrx_word' id='word_1_64' title='bbox 249 716 312 753; x_wconf 91' lang='lat' dir='ltr'>sui</span> <span class='ocrx_word' id='word_1_65' title='bbox 330 715 601 758; x_wconf 83' lang='lat' dir='ltr'>eminentiam,</span> <span class='ocrx_word' id='word_1_66' title='bbox 621 715 722 752; x_wconf 84' lang='lat' dir='ltr'>ratio</span> <span class='ocrx_word' id='word_1_67' title='bbox 744 714 1024 751; x_wconf 89' lang='lat' dir='ltr'>demonstrans</span> <span class='ocrx_word' id='word_1_68' title='bbox 1042 714 1247 760; x_wconf 85' lang='lat' dir='ltr'>pervenire</span> <span class='ocrx_word' id='word_1_69' title='bbox 1267 724 1347 752; x_wconf 91' lang='lat' dir='ltr'>non</span> <span class='ocrx_word' id='word_1_70' title='bbox 1370 719 1512 761; x_wconf 89' lang='lat' dir='ltr'>potest,</span> <span class='ocrx_word' id='word_1_71' title='bbox 1534 716 1692 754; x_wconf 88' lang='lat' dir='ltr'>sicutin</span> 
     </span>
     <span class='ocr_line' id='line_1_10' title="bbox 73 761 1695 810; baseline 0 -10"><span class='ocrx_word' id='word_1_72' title='bbox 73 763 271 810; x_wconf 88' lang='lat' dir='ltr'>principio</span> <span class='ocrx_word' id='word_1_73' title='bbox 311 762 430 809; x_wconf 88' lang='lat' dir='ltr'>hujus</span> <span class='ocrx_word' id='word_1_74' title='bbox 460 762 594 808; x_wconf 88' lang='lat' dir='ltr'>operis</span> <span class='ocrx_word' id='word_1_75' title='bbox 633 762 779 798; x_wconf 87' lang='lat' dir='ltr'>dictum</span> <span class='ocrx_word' id='word_1_76' title='bbox 808 766 869 798; x_wconf 91' lang='lat' dir='ltr'>est</span> <span class='ocrx_word' id='word_1_77' title='bbox 889 761 929 808; x_wconf 90' lang='lat' dir='ltr'>(l.</span> <span class='ocrx_word' id='word_1_78' title='bbox 950 771 977 802; x_wconf 87' lang='lat'>1,</span> <span class='ocrx_word' id='word_1_79' title='bbox 995 771 1029 798; x_wconf 90' lang='lat' dir='ltr'>c.</span> <span class='ocrx_word' id='word_1_80' title='bbox 1050 761 1123 808; x_wconf 65' lang='lat'>44).</span> <span class='ocrx_word' id='word_1_81' title='bbox 1145 763 1232 799; x_wconf 89' lang='lat' dir='ltr'>Non</span> <span class='ocrx_word' id='word_1_82' title='bbox 1260 766 1321 799; x_wconf 90' lang='lat' dir='ltr'>est</span> <span class='ocrx_word' id='word_1_83' title='bbox 1343 765 1472 799; x_wconf 86' lang='lat' dir='ltr'>autem</span> <span class='ocrx_word' id='word_1_84' title='bbox 1503 764 1695 809; x_wconf 89' lang='lat' dir='ltr'>possibile</span> 
     </span>
     <span class='ocr_line' id='line_1_11' title="bbox 76 808 1598 856; baseline 0.001 -10"><span class='ocrx_word' id='word_1_85' title='bbox 76 819 205 856; x_wconf 84' lang='lat' dir='ltr'>neque</span> <span class='ocrx_word' id='word_1_86' title='bbox 226 810 267 846; x_wconf 93' lang='lat' dir='ltr'>in</span> <span class='ocrx_word' id='word_1_87' title='bbox 284 809 358 846; x_wconf 87' lang='lat' dir='ltr'>hac</span> <span class='ocrx_word' id='word_1_88' title='bbox 379 809 447 846; x_wconf 89' lang='lat' dir='ltr'>Dei</span> <span class='ocrx_word' id='word_1_89' title='bbox 470 809 699 856; x_wconf 83' lang='lat' dir='ltr'>cognitione</span> <span class='ocrx_word' id='word_1_90' title='bbox 719 809 898 846; x_wconf 88' lang='lat' dir='ltr'>ultimam</span> <span class='ocrx_word' id='word_1_91' title='bbox 919 809 1095 845; x_wconf 85' lang='lat' dir='ltr'>hominis</span> <span class='ocrx_word' id='word_1_92' title='bbox 1116 808 1340 846; x_wconf 77' lang='lat' dir='ltr'>felicitatem</span> <span class='ocrx_word' id='word_1_93' title='bbox 1364 810 1598 848; x_wconf 83' lang='lat' dir='ltr'>consistere.</span> 
     </span>
    </p>

    <p class='ocr_par' dir='ltr' id='par_1_6' title="bbox 74 855 1698 1082">
     <span class='ocr_line' id='line_1_12' title="bbox 125 855 1696 902; baseline 0.001 -9"><span class='ocrx_word' id='word_1_94' title='bbox 125 857 307 894; x_wconf 83' lang='lat' dir='ltr'>Felicitas</span> <span class='ocrx_word' id='word_1_95' title='bbox 327 856 432 893; x_wconf 91' lang='lat' dir='ltr'>enim</span> <span class='ocrx_word' id='word_1_96' title='bbox 452 860 514 894; x_wconf 90' lang='lat' dir='ltr'>est</span> <span class='ocrx_word' id='word_1_97' title='bbox 536 856 709 902; x_wconf 87' lang='lat' dir='ltr'>perfecta</span> <span class='ocrx_word' id='word_1_98' title='bbox 730 856 890 892; x_wconf 85' lang='lat' dir='ltr'>humani</span> <span class='ocrx_word' id='word_1_99' title='bbox 914 855 1140 892; x_wconf 87' lang='lat' dir='ltr'>intellectus</span> <span class='ocrx_word' id='word_1_100' title='bbox 1161 856 1352 902; x_wconf 83' lang='lat' dir='ltr'>operatio,</span> <span class='ocrx_word' id='word_1_101' title='bbox 1369 857 1473 894; x_wconf 89' lang='lat' dir='ltr'>sicut</span> <span class='ocrx_word' id='word_1_102' title='bbox 1498 867 1546 894; x_wconf 86' lang='lat' dir='ltr'>ex</span> <span class='ocrx_word' id='word_1_103' title='bbox 1578 857 1696 895; x_wconf 91' lang='lat' dir='ltr'>dictis</span> 
     </span>
     <span class='ocr_line' id='line_1_13' title="bbox 74 902 1695 951; baseline 0.001 -11"><span class='ocrx_word' id='word_1_104' title='bbox 74 908 193 951; x_wconf 89' lang='lat' dir='ltr'>patet.</span> <span class='ocrx_word' id='word_1_105' title='bbox 217 906 258 940; x_wconf 88' lang='lat' dir='ltr'>ln</span> <span class='ocrx_word' id='word_1_106' title='bbox 280 903 514 950; x_wconf 79' lang='lat' dir='ltr'>cognitione</span> <span class='ocrx_word' id='word_1_107' title='bbox 532 907 661 940; x_wconf 88' lang='lat' dir='ltr'>autem</span> <span class='ocrx_word' id='word_1_108' title='bbox 684 903 774 939; x_wconf 78' lang='lat' dir='ltr'>fidei</span> <span class='ocrx_word' id='word_1_109' title='bbox 802 902 1001 939; x_wconf 85' lang='lat' dir='ltr'>invenitur</span> <span class='ocrx_word' id='word_1_110' title='bbox 1036 904 1213 949; x_wconf 81' lang='lat' dir='ltr'>operatio</span> <span class='ocrx_word' id='word_1_111' title='bbox 1250 904 1491 949; x_wconf 84' lang='lat' dir='ltr'>intellectus,</span> <span class='ocrx_word' id='word_1_112' title='bbox 1512 905 1695 951; x_wconf 81' lang='lat' dir='ltr'>quamvis</span> 
     </span>
     <span class='ocr_line' id='line_1_14' title="bbox 75 949 1698 998; baseline 0 -10"><span class='ocrx_word' id='word_1_113' title='bbox 75 952 249 989; x_wconf 79' lang='lat' dir='ltr'>maxima</span> <span class='ocrx_word' id='word_1_114' title='bbox 269 950 456 997; x_wconf 78' lang='lat' dir='ltr'>perfectio</span> <span class='ocrx_word' id='word_1_115' title='bbox 475 950 700 987; x_wconf 86' lang='lat' dir='ltr'>inveniatur</span> <span class='ocrx_word' id='word_1_116' title='bbox 720 960 766 985; x_wconf 82' lang='lat' dir='ltr'>ex</span> <span class='ocrx_word' id='word_1_117' title='bbox 785 953 893 995; x_wconf 85' lang='lat' dir='ltr'>parte</span> <span class='ocrx_word' id='word_1_118' title='bbox 912 949 1054 995; x_wconf 86' lang='lat' dir='ltr'>objecti</span> <span class='ocrx_word' id='word_1_119' title='bbox 1074 962 1082 993; x_wconf 92' lang='lat'><em>;</em></span> <span class='ocrx_word' id='word_1_120' title='bbox 1103 959 1182 986; x_wconf 90' lang='lat' dir='ltr'>non</span> <span class='ocrx_word' id='word_1_121' title='bbox 1201 951 1308 987; x_wconf 88' lang='lat' dir='ltr'>enim</span> <span class='ocrx_word' id='word_1_122' title='bbox 1330 950 1557 988; x_wconf 88' lang='lat' dir='ltr'>intellectus</span> <span class='ocrx_word' id='word_1_123' title='bbox 1590 952 1698 998; x_wconf 86' lang='lat' dir='ltr'>capit</span> 
     </span>
     <span class='ocr_line' id='line_1_15' title="bbox 74 996 1692 1044; baseline 0 -9"><span class='ocrx_word' id='word_1_124' title='bbox 74 997 172 1035; x_wconf 84' lang='lat' dir='ltr'>illud</span> <span class='ocrx_word' id='word_1_125' title='bbox 193 998 257 1035; x_wconf 89' lang='lat' dir='ltr'>cui</span> <span class='ocrx_word' id='word_1_126' title='bbox 277 997 447 1034; x_wconf 84' lang='lat' dir='ltr'>assentit</span> <span class='ocrx_word' id='word_1_127' title='bbox 465 996 676 1033; x_wconf 89' lang='lat' dir='ltr'>credendo.</span> <span class='ocrx_word' id='word_1_128' title='bbox 698 999 783 1033; x_wconf 78' lang='lat' dir='ltr'>Non</span> <span class='ocrx_word' id='word_1_129' title='bbox 803 1000 863 1032; x_wconf 92' lang='lat' dir='ltr'>est</span> <span class='ocrx_word' id='word_1_130' title='bbox 890 997 1012 1042; x_wconf 88' lang='lat' dir='ltr'>igitur</span> <span class='ocrx_word' id='word_1_131' title='bbox 1031 1005 1160 1044; x_wconf 86' lang='lat' dir='ltr'>neque</span> <span class='ocrx_word' id='word_1_132' title='bbox 1181 997 1223 1034; x_wconf 90' lang='lat' dir='ltr'>in</span> <span class='ocrx_word' id='word_1_133' title='bbox 1256 997 1329 1039; x_wconf 76' lang='lat' dir='ltr'>bac</span> <span class='ocrx_word' id='word_1_134' title='bbox 1362 997 1430 1034; x_wconf 88' lang='lat' dir='ltr'>Dei</span> <span class='ocrx_word' id='word_1_135' title='bbox 1459 999 1692 1044; x_wconf 84' lang='lat' dir='ltr'>cognitione</span> 
     </span>
     <span class='ocr_line' id='line_1_16' title="bbox 75 1043 608 1082; baseline -0.002 -1"><span class='ocrx_word' id='word_1_136' title='bbox 75 1045 215 1082; x_wconf 80' lang='lat' dir='ltr'>ultima</span> <span class='ocrx_word' id='word_1_137' title='bbox 233 1043 409 1081; x_wconf 87' lang='lat' dir='ltr'>hominis</span> <span class='ocrx_word' id='word_1_138' title='bbox 425 1043 608 1080; x_wconf 85' lang='lat' dir='ltr'>felicitas.</span> 
     </span>
    </p>

    <p class='ocr_par' dir='ltr' id='par_1_7' title="bbox 74 1090 1698 1325">
     <span class='ocr_line' id='line_1_17' title="bbox 118 1090 1698 1137; baseline 0.001 -10"><span class='ocrx_word' id='word_1_139' title='bbox 118 1092 220 1132; x_wconf 82' lang='lat' dir='ltr'>Item,</span> <span class='ocrx_word' id='word_1_140' title='bbox 244 1095 451 1128; x_wconf 88' lang='lat' dir='ltr'>ostensum</span> <span class='ocrx_word' id='word_1_141' title='bbox 473 1094 534 1127; x_wconf 88' lang='lat' dir='ltr'>est</span> <span class='ocrx_word' id='word_1_142' title='bbox 554 1100 674 1137; x_wconf 86' lang='lat' dir='ltr'>supra</span> <span class='ocrx_word' id='word_1_143' title='bbox 694 1090 743 1136; x_wconf 89' lang='lat' dir='ltr'>(c.</span> <span class='ocrx_word' id='word_1_144' title='bbox 770 1093 816 1127; x_wconf 76' lang='lat'>24</span> <span class='ocrx_word' id='word_1_145' title='bbox 834 1094 872 1127; x_wconf 91' lang='lat' dir='ltr'>et</span> <span class='ocrx_word' id='word_1_146' title='bbox 891 1090 950 1137; x_wconf 80' lang='lat'>25)</span> <span class='ocrx_word' id='word_1_147' title='bbox 970 1091 1076 1137; x_wconf 80' lang='lat' dir='ltr'>quod</span> <span class='ocrx_word' id='word_1_148' title='bbox 1099 1091 1238 1128; x_wconf 83' lang='lat' dir='ltr'>ultima</span> <span class='ocrx_word' id='word_1_149' title='bbox 1257 1090 1428 1129; x_wconf 83' lang='lat' dir='ltr'>felicitas</span> <span class='ocrx_word' id='word_1_150' title='bbox 1455 1099 1536 1128; x_wconf 91' lang='lat' dir='ltr'>non</span> <span class='ocrx_word' id='word_1_151' title='bbox 1566 1092 1698 1135; x_wconf 79' lang='lat' dir='ltr'>consi·</span> 
     </span>
     <span class='ocr_line' id='line_1_18' title="bbox 75 1137 1695 1186; baseline 0 -11"><span class='ocrx_word' id='word_1_152' title='bbox 75 1138 145 1176; x_wconf 82' lang='lat' dir='ltr'>stit</span> <span class='ocrx_word' id='word_1_153' title='bbox 164 1138 435 1184; x_wconf 77' lang='lat' dir='ltr'>principaliter</span> <span class='ocrx_word' id='word_1_154' title='bbox 454 1138 495 1174; x_wconf 92' lang='lat' dir='ltr'>in</span> <span class='ocrx_word' id='word_1_155' title='bbox 515 1141 602 1174; x_wconf 84' lang='lat' dir='ltr'>actu</span> <span class='ocrx_word' id='word_1_156' title='bbox 625 1137 854 1174; x_wconf 86' lang='lat' dir='ltr'>voluntatis.</span> <span class='ocrx_word' id='word_1_157' title='bbox 876 1139 920 1174; x_wconf 92' lang='lat' dir='ltr'>In</span> <span class='ocrx_word' id='word_1_158' title='bbox 941 1137 1171 1184; x_wconf 84' lang='lat' dir='ltr'>cognitione</span> <span class='ocrx_word' id='word_1_159' title='bbox 1193 1141 1324 1175; x_wconf 86' lang='lat' dir='ltr'>autem</span> <span class='ocrx_word' id='word_1_160' title='bbox 1356 1137 1447 1175; x_wconf 84' lang='lat' dir='ltr'>fidei</span> <span class='ocrx_word' id='word_1_161' title='bbox 1464 1139 1695 1186; x_wconf 86' lang='lat' dir='ltr'>principali·</span> 
     </span>
     <span class='ocr_line' id='line_1_19' title="bbox 74 1184 1695 1232; baseline 0.001 -10"><span class='ocrx_word' id='word_1_162' title='bbox 74 1189 194 1223; x_wconf 87' lang='lat' dir='ltr'>tatem</span> <span class='ocrx_word' id='word_1_163' title='bbox 217 1185 336 1222; x_wconf 87' lang='lat' dir='ltr'>habet</span> <span class='ocrx_word' id='word_1_164' title='bbox 354 1184 565 1229; x_wconf 86' lang='lat' dir='ltr'>voluntas;</span> <span class='ocrx_word' id='word_1_165' title='bbox 589 1185 814 1222; x_wconf 89' lang='lat' dir='ltr'>intellectus</span> <span class='ocrx_word' id='word_1_166' title='bbox 835 1185 938 1221; x_wconf 87' lang='lat' dir='ltr'>enim</span> <span class='ocrx_word' id='word_1_167' title='bbox 963 1185 1130 1222; x_wconf 89' lang='lat' dir='ltr'>assentit</span> <span class='ocrx_word' id='word_1_168' title='bbox 1158 1194 1227 1231; x_wconf 84' lang='lat' dir='ltr'>per</span> <span class='ocrx_word' id='word_1_169' title='bbox 1258 1184 1374 1222; x_wconf 88' lang='lat' dir='ltr'>fidem</span> <span class='ocrx_word' id='word_1_170' title='bbox 1406 1185 1470 1222; x_wconf 91' lang='lat' dir='ltr'>his</span> <span class='ocrx_word' id='word_1_171' title='bbox 1498 1195 1585 1232; x_wconf 74' lang='lat' dir='ltr'>quae</span> <span class='ocrx_word' id='word_1_172' title='bbox 1618 1185 1695 1223; x_wconf 87' lang='lat' dir='ltr'>sibi</span> 
     </span>
     <span class='ocr_line' id='line_1_20' title="bbox 75 1232 1695 1280; baseline 0 -10"><span class='ocrx_word' id='word_1_173' title='bbox 75 1236 368 1280; x_wconf 85' lang='lat' dir='ltr'>proponuntur,</span> <span class='ocrx_word' id='word_1_174' title='bbox 388 1232 484 1279; x_wconf 81' lang='lat' dir='ltr'>quia</span> <span class='ocrx_word' id='word_1_175' title='bbox 502 1232 599 1276; x_wconf 86' lang='lat' dir='ltr'>vult,</span> <span class='ocrx_word' id='word_1_176' title='bbox 618 1240 699 1268; x_wconf 92' lang='lat' dir='ltr'>non</span> <span class='ocrx_word' id='word_1_177' title='bbox 729 1235 858 1268; x_wconf 88' lang='lat' dir='ltr'>autem</span> <span class='ocrx_word' id='word_1_178' title='bbox 879 1241 926 1268; x_wconf 85' lang='lat' dir='ltr'>ex</span> <span class='ocrx_word' id='word_1_179' title='bbox 946 1232 1034 1278; x_wconf 86' lang='lat' dir='ltr'>ipsa</span> <span class='ocrx_word' id='word_1_180' title='bbox 1052 1232 1230 1270; x_wconf 80' lang='lat' dir='ltr'>veritatis</span> <span class='ocrx_word' id='word_1_181' title='bbox 1250 1232 1447 1270; x_wconf 86' lang='lat' dir='ltr'>evidentia</span> <span class='ocrx_word' id='word_1_182' title='bbox 1467 1233 1695 1270; x_wconf 89' lang='lat' dir='ltr'>necessario</span> 
     </span>
     <span class='ocr_line' id='line_1_21' title="bbox 78 1279 1542 1325; baseline 0 -8"><span class='ocrx_word' id='word_1_183' title='bbox 78 1283 243 1317; x_wconf 86' lang='lat' dir='ltr'>tractus.</span> <span class='ocrx_word' id='word_1_184' title='bbox 266 1281 351 1317; x_wconf 85' lang='lat' dir='ltr'>Non</span> <span class='ocrx_word' id='word_1_185' title='bbox 374 1283 434 1316; x_wconf 89' lang='lat' dir='ltr'>est</span> <span class='ocrx_word' id='word_1_186' title='bbox 455 1279 578 1324; x_wconf 87' lang='lat' dir='ltr'>igitur</span> <span class='ocrx_word' id='word_1_187' title='bbox 596 1279 638 1315; x_wconf 86' lang='lat' dir='ltr'>in</span> <span class='ocrx_word' id='word_1_188' title='bbox 658 1279 731 1316; x_wconf 81' lang='lat' dir='ltr'>hac</span> <span class='ocrx_word' id='word_1_189' title='bbox 751 1279 980 1325; x_wconf 88' lang='lat' dir='ltr'>cognitione</span> <span class='ocrx_word' id='word_1_190' title='bbox 1001 1279 1140 1316; x_wconf 86' lang='lat' dir='ltr'>ultima</span> <span class='ocrx_word' id='word_1_191' title='bbox 1163 1279 1340 1317; x_wconf 87' lang='lat' dir='ltr'>hominis</span> <span class='ocrx_word' id='word_1_192' title='bbox 1358 1280 1542 1317; x_wconf 86' lang='lat' dir='ltr'>felicitas.</span> 
     </span>
    </p>

    <p class='ocr_par' dir='ltr' id='par_1_8' title="bbox 75 1325 1697 1797">
     <span class='ocr_line' id='line_1_22' title="bbox 124 1325 1696 1374; baseline 0 -10"><span class='ocrx_word' id='word_1_193' title='bbox 124 1326 272 1371; x_wconf 81' lang='lat' dir='ltr'>Adhuc,</span> <span class='ocrx_word' id='word_1_194' title='bbox 291 1326 359 1374; x_wconf 89' lang='lat' dir='ltr'>qui</span> <span class='ocrx_word' id='word_1_195' title='bbox 382 1326 736 1369; x_wconf 68' lang='lat' dir='ltr'>creditassensum</span> <span class='ocrx_word' id='word_1_196' title='bbox 756 1325 904 1372; x_wconf 81' lang='lat' dir='ltr'>praebet</span> <span class='ocrx_word' id='word_1_197' title='bbox 924 1326 988 1363; x_wconf 88' lang='lat' dir='ltr'>his</span> <span class='ocrx_word' id='word_1_198' title='bbox 1007 1336 1094 1373; x_wconf 81' lang='lat' dir='ltr'>quae</span> <span class='ocrx_word' id='word_1_199' title='bbox 1116 1326 1192 1364; x_wconf 91' lang='lat' dir='ltr'>sibi</span> <span class='ocrx_word' id='word_1_200' title='bbox 1212 1326 1262 1364; x_wconf 85' lang='lat' dir='ltr'>ab</span> <span class='ocrx_word' id='word_1_201' title='bbox 1297 1327 1376 1364; x_wconf 85' lang='lat' dir='ltr'>alio</span> <span class='ocrx_word' id='word_1_202' title='bbox 1405 1331 1696 1373; x_wconf 87' lang='lat' dir='ltr'>proponuntur,</span> 
     </span>
     <span class='ocr_line' id='line_1_23' title="bbox 76 1372 1695 1421; baseline -0.001 -10"><span class='ocrx_word' id='word_1_203' title='bbox 76 1383 164 1421; x_wconf 78' lang='lat' dir='ltr'>quae</span> <span class='ocrx_word' id='word_1_204' title='bbox 184 1374 269 1420; x_wconf 87' lang='lat' dir='ltr'>ipse</span> <span class='ocrx_word' id='word_1_205' title='bbox 290 1382 371 1411; x_wconf 90' lang='lat' dir='ltr'>non</span> <span class='ocrx_word' id='word_1_206' title='bbox 390 1373 520 1417; x_wconf 88' lang='lat' dir='ltr'>videt;</span> <span class='ocrx_word' id='word_1_207' title='bbox 544 1373 648 1410; x_wconf 89' lang='lat' dir='ltr'>unde</span> <span class='ocrx_word' id='word_1_208' title='bbox 675 1372 774 1410; x_wconf 89' lang='lat' dir='ltr'>fides</span> <span class='ocrx_word' id='word_1_209' title='bbox 805 1373 933 1419; x_wconf 86' lang='lat' dir='ltr'>magis</span> <span class='ocrx_word' id='word_1_210' title='bbox 962 1373 1079 1410; x_wconf 86' lang='lat' dir='ltr'>habet</span> <span class='ocrx_word' id='word_1_211' title='bbox 1108 1374 1380 1420; x_wconf 84' lang='lat' dir='ltr'>cognitionem</span> <span class='ocrx_word' id='word_1_212' title='bbox 1407 1375 1559 1411; x_wconf 86' lang='lat' dir='ltr'>auditui</span> <span class='ocrx_word' id='word_1_213' title='bbox 1584 1375 1695 1411; x_wconf 89' lang='lat' dir='ltr'>simi-</span> 
     </span>
     <span class='ocr_line' id='line_1_24' title="bbox 76 1420 1692 1468; baseline 0 -10"><span class='ocrx_word' id='word_1_214' title='bbox 76 1420 154 1458; x_wconf 85' lang='lat' dir='ltr'>lem</span> <span class='ocrx_word' id='word_1_215' title='bbox 175 1429 294 1468; x_wconf 85' lang='lat' dir='ltr'>quam</span> <span class='ocrx_word' id='word_1_216' title='bbox 322 1420 482 1458; x_wconf 86' lang='lat' dir='ltr'>visioni.</span> <span class='ocrx_word' id='word_1_217' title='bbox 502 1422 588 1457; x_wconf 91' lang='lat' dir='ltr'>Non</span> <span class='ocrx_word' id='word_1_218' title='bbox 619 1423 750 1457; x_wconf 89' lang='lat' dir='ltr'>autem</span> <span class='ocrx_word' id='word_1_219' title='bbox 769 1420 944 1457; x_wconf 80' lang='lat' dir='ltr'>crederet</span> <span class='ocrx_word' id='word_1_220' title='bbox 963 1420 1109 1467; x_wconf 86' lang='lat' dir='ltr'>aliquis</span> <span class='ocrx_word' id='word_1_221' title='bbox 1130 1429 1210 1458; x_wconf 89' lang='lat' dir='ltr'>non</span> <span class='ocrx_word' id='word_1_222' title='bbox 1229 1421 1343 1466; x_wconf 88' lang='lat' dir='ltr'>visis,</span> <span class='ocrx_word' id='word_1_223' title='bbox 1366 1420 1414 1458; x_wconf 81' lang='lat' dir='ltr'>ab</span> <span class='ocrx_word' id='word_1_224' title='bbox 1445 1422 1580 1468; x_wconf 84' lang='lat' dir='ltr'>aliquo</span> <span class='ocrx_word' id='word_1_225' title='bbox 1602 1430 1692 1467; x_wconf 89' lang='lat' dir='ltr'>pro-</span> 
     </span>
     <span class='ocr_line' id='line_1_25' title="bbox 75 1467 1695 1514; baseline 0 -9"><span class='ocrx_word' id='word_1_226' title='bbox 75 1467 234 1514; x_wconf 89' lang='lat' dir='ltr'>positis,</span> <span class='ocrx_word' id='word_1_227' title='bbox 257 1467 335 1505; x_wconf 90' lang='lat' dir='ltr'>nisi</span> <span class='ocrx_word' id='word_1_228' title='bbox 353 1467 569 1505; x_wconf 87' lang='lat' dir='ltr'>aestimaret</span> <span class='ocrx_word' id='word_1_229' title='bbox 588 1477 676 1503; x_wconf 90' lang='lat' dir='ltr'>eum</span> <span class='ocrx_word' id='word_1_230' title='bbox 697 1467 971 1512; x_wconf 81' lang='lat' dir='ltr'>perfectiorem</span> <span class='ocrx_word' id='word_1_231' title='bbox 996 1468 1266 1514; x_wconf 88' lang='lat' dir='ltr'>cognitionem</span> <span class='ocrx_word' id='word_1_232' title='bbox 1297 1467 1442 1504; x_wconf 87' lang='lat' dir='ltr'>habere</span> <span class='ocrx_word' id='word_1_233' title='bbox 1475 1467 1523 1504; x_wconf 91' lang='lat' dir='ltr'>de</span> <span class='ocrx_word' id='word_1_234' title='bbox 1551 1477 1695 1514; x_wconf 87' lang='lat' dir='ltr'>propo·</span> 
     </span>
     <span class='ocr_line' id='line_1_26' title="bbox 77 1514 1697 1562; baseline 0 -10"><span class='ocrx_word' id='word_1_235' title='bbox 77 1514 168 1552; x_wconf 88' lang='lat' dir='ltr'>sitis</span> <span class='ocrx_word' id='word_1_236' title='bbox 184 1523 302 1562; x_wconf 85' lang='lat' dir='ltr'>quam</span> <span class='ocrx_word' id='word_1_237' title='bbox 322 1514 410 1561; x_wconf 89' lang='lat' dir='ltr'>ipse</span> <span class='ocrx_word' id='word_1_238' title='bbox 431 1514 573 1551; x_wconf 83' lang='lat' dir='ltr'>habeat</span> <span class='ocrx_word' id='word_1_239' title='bbox 591 1515 658 1560; x_wconf 88' lang='lat' dir='ltr'>qui</span> <span class='ocrx_word' id='word_1_240' title='bbox 682 1523 760 1550; x_wconf 89' lang='lat' dir='ltr'>non</span> <span class='ocrx_word' id='word_1_241' title='bbox 793 1514 911 1550; x_wconf 80' lang='lat' dir='ltr'>videt.</span> <span class='ocrx_word' id='word_1_242' title='bbox 936 1517 1008 1550; x_wconf 84' lang='lat' dir='ltr'>Aut</span> <span class='ocrx_word' id='word_1_243' title='bbox 1028 1514 1151 1561; x_wconf 89' lang='lat' dir='ltr'>igitur</span> <span class='ocrx_word' id='word_1_244' title='bbox 1172 1515 1383 1552; x_wconf 79' lang='lat' dir='ltr'>aestimatio</span> <span class='ocrx_word' id='word_1_245' title='bbox 1404 1515 1602 1552; x_wconf 87' lang='lat' dir='ltr'>credentis</span> <span class='ocrx_word' id='word_1_246' title='bbox 1635 1518 1697 1552; x_wconf 90' lang='lat' dir='ltr'>est</span> 
     </span>
     <span class='ocr_line' id='line_1_27' title="bbox 76 1560 1696 1611; baseline 0 -12"><span class='ocrx_word' id='word_1_247' title='bbox 76 1561 192 1605; x_wconf 85' lang='lat' dir='ltr'>falsa,</span> <span class='ocrx_word' id='word_1_248' title='bbox 215 1565 282 1599; x_wconf 87' lang='lat' dir='ltr'>aut</span> <span class='ocrx_word' id='word_1_249' title='bbox 299 1564 454 1608; x_wconf 87' lang='lat' dir='ltr'>oportet</span> <span class='ocrx_word' id='word_1_250' title='bbox 472 1560 578 1608; x_wconf 86' lang='lat' dir='ltr'>quod</span> <span class='ocrx_word' id='word_1_251' title='bbox 598 1569 826 1611; x_wconf 76' lang='lat' dir='ltr'>proponens</span> <span class='ocrx_word' id='word_1_252' title='bbox 851 1561 991 1598; x_wconf 78' lang='lat' dir='ltr'>habeat</span> <span class='ocrx_word' id='word_1_253' title='bbox 1007 1561 1281 1607; x_wconf 83' lang='lat' dir='ltr'>perfectiorem</span> <span class='ocrx_word' id='word_1_254' title='bbox 1302 1562 1573 1608; x_wconf 74' lang='lat' dir='ltr'>cognitionem</span> <span class='ocrx_word' id='word_1_255' title='bbox 1605 1571 1696 1608; x_wconf 83' lang='lat' dir='ltr'>pro·</span> 
     </span>
     <span class='ocr_line' id='line_1_28' title="bbox 77 1608 1695 1656; baseline 0 -10"><span class='ocrx_word' id='word_1_256' title='bbox 77 1609 327 1655; x_wconf 83' lang='lat' dir='ltr'>positorum3</span> <span class='ocrx_word' id='word_1_257' title='bbox 347 1608 450 1656; x_wconf 88' lang='lat' dir='ltr'>quod</span> <span class='ocrx_word' id='word_1_258' title='bbox 473 1612 512 1644; x_wconf 85' lang='lat' dir='ltr'>et</span> <span class='ocrx_word' id='word_1_259' title='bbox 531 1608 565 1645; x_wconf 91' lang='lat' dir='ltr'>si</span> <span class='ocrx_word' id='word_1_260' title='bbox 586 1608 672 1653; x_wconf 88' lang='lat' dir='ltr'>ipse</span> <span class='ocrx_word' id='word_1_261' title='bbox 690 1617 769 1644; x_wconf 90' lang='lat' dir='ltr'>non</span> <span class='ocrx_word' id='word_1_262' title='bbox 791 1608 920 1645; x_wconf 90' lang='lat' dir='ltr'>solum</span> <span class='ocrx_word' id='word_1_263' title='bbox 943 1609 1153 1655; x_wconf 80' lang='lat' dir='ltr'>cognoscit</span> <span class='ocrx_word' id='word_1_264' title='bbox 1173 1618 1232 1652; x_wconf 87' lang='lat' dir='ltr'>ea,</span> <span class='ocrx_word' id='word_1_265' title='bbox 1256 1609 1325 1646; x_wconf 91' lang='lat' dir='ltr'>sed</span> <span class='ocrx_word' id='word_1_266' title='bbox 1342 1609 1457 1656; x_wconf 83' lang='lat' dir='ltr'>quasi</span> <span class='ocrx_word' id='word_1_267' title='bbox 1479 1609 1527 1646; x_wconf 88' lang='lat' dir='ltr'>ab</span> <span class='ocrx_word' id='word_1_268' title='bbox 1559 1608 1695 1656; x_wconf 86' lang='lat' dir='ltr'>aliquo</span> 
     </span>
     <span class='ocr_line' id='line_1_29' title="bbox 78 1654 1695 1701; baseline 0 -8"><span class='ocrx_word' id='word_1_269' title='bbox 78 1655 157 1693; x_wconf 81' lang='lat' dir='ltr'>alio</span> <span class='ocrx_word' id='word_1_270' title='bbox 184 1656 366 1700; x_wconf 88' lang='lat' dir='ltr'>audiens,</span> <span class='ocrx_word' id='word_1_271' title='bbox 387 1664 468 1692; x_wconf 91' lang='lat' dir='ltr'>non</span> <span class='ocrx_word' id='word_1_272' title='bbox 489 1659 619 1701; x_wconf 88' lang='lat' dir='ltr'>potest</span> <span class='ocrx_word' id='word_1_273' title='bbox 640 1655 773 1692; x_wconf 87' lang='lat' dir='ltr'>hocin</span> <span class='ocrx_word' id='word_1_274' title='bbox 794 1654 992 1692; x_wconf 83' lang='lat' dir='ltr'>infinitum</span> <span class='ocrx_word' id='word_1_275' title='bbox 1021 1656 1257 1701; x_wconf 82' lang='lat' dir='ltr'>procedere;</span> <span class='ocrx_word' id='word_1_276' title='bbox 1294 1660 1401 1693; x_wconf 87' lang='lat' dir='ltr'>esset</span> <span class='ocrx_word' id='word_1_277' title='bbox 1430 1656 1537 1693; x_wconf 87' lang='lat' dir='ltr'>enim</span> <span class='ocrx_word' id='word_1_278' title='bbox 1567 1666 1695 1694; x_wconf 76' lang='lat' dir='ltr'>vanus</span> 
     </span>
     <span class='ocr_line' id='line_1_30' title="bbox 78 1701 1692 1750; baseline -0.001 -10"><span class='ocrx_word' id='word_1_279' title='bbox 78 1703 228 1750; x_wconf 83' lang='lat' dir='ltr'>absque</span> <span class='ocrx_word' id='word_1_280' title='bbox 248 1702 482 1740; x_wconf 84' lang='lat' dir='ltr'>certitudine</span> <span class='ocrx_word' id='word_1_281' title='bbox 502 1701 591 1739; x_wconf 88' lang='lat' dir='ltr'>fidei</span> <span class='ocrx_word' id='word_1_282' title='bbox 610 1711 831 1744; x_wconf 85' lang='lat' dir='ltr'>assensus‚·</span> <span class='ocrx_word' id='word_1_283' title='bbox 854 1711 934 1738; x_wconf 90' lang='lat' dir='ltr'>non</span> <span class='ocrx_word' id='word_1_284' title='bbox 949 1702 1054 1739; x_wconf 90' lang='lat' dir='ltr'>enim</span> <span class='ocrx_word' id='word_1_285' title='bbox 1076 1703 1320 1740; x_wconf 86' lang='lat' dir='ltr'>inveniretur</span> <span class='ocrx_word' id='word_1_286' title='bbox 1352 1703 1488 1750; x_wconf 85' lang='lat' dir='ltr'>aliquo</span> <span class='ocrx_word' id='word_1_287' title='bbox 1522 1703 1692 1749; x_wconf 88' lang='lat' dir='ltr'>primum</span> 
     </span>
     <span class='ocr_line' id='line_1_31' title="bbox 77 1748 1694 1797; baseline -0.001 -10"><span class='ocrx_word' id='word_1_288' title='bbox 77 1759 125 1788; x_wconf 84' lang='lat' dir='ltr'>ex</span> <span class='ocrx_word' id='word_1_289' title='bbox 143 1759 187 1787; x_wconf 90' lang='lat' dir='ltr'>se</span> <span class='ocrx_word' id='word_1_290' title='bbox 207 1753 372 1793; x_wconf 89' lang='lat' dir='ltr'>certum,</span> <span class='ocrx_word' id='word_1_291' title='bbox 394 1748 500 1797; x_wconf 85' lang='lat' dir='ltr'>quod</span> <span class='ocrx_word' id='word_1_292' title='bbox 521 1749 797 1786; x_wconf 86' lang='lat' dir='ltr'>certitudinem</span> <span class='ocrx_word' id='word_1_293' title='bbox 818 1748 909 1786; x_wconf 88' lang='lat' dir='ltr'>fidei</span> <span class='ocrx_word' id='word_1_294' title='bbox 929 1749 1175 1787; x_wconf 88' lang='lat' dir='ltr'>credentium</span> <span class='ocrx_word' id='word_1_295' title='bbox 1195 1748 1352 1787; x_wconf 82' lang='lat' dir='ltr'>afferret</span> <span class='ocrx_word' id='word_1_296' title='bbox 1370 1762 1380 1795; x_wconf 88' lang='lat'>;</span> <span class='ocrx_word' id='word_1_297' title='bbox 1402 1759 1481 1787; x_wconf 93' lang='lat' dir='ltr'>non</span> <span class='ocrx_word' id='word_1_298' title='bbox 1503 1753 1565 1787; x_wconf 88' lang='lat' dir='ltr'>est</span> <span class='ocrx_word' id='word_1_299' title='bbox 1587 1751 1694 1787; x_wconf 89' lang='lat' dir='ltr'>enim</span> 
     </span>
    </p>

    <p class='ocr_par' dir='ltr' id='par_1_9' title="bbox 91 1795 1695 1891">
     <span class='ocr_line' id='line_1_32' title="bbox 130 1795 1695 1844; baseline 0 -10"><span class='ocrx_word' id='word_1_300' title='bbox 130 1796 268 1835; x_wconf 86' lang='lat' dir='ltr'>ssibile</span> <span class='ocrx_word' id='word_1_301' title='bbox 288 1795 379 1834; x_wconf 88' lang='lat' dir='ltr'>fidei</span> <span class='ocrx_word' id='word_1_302' title='bbox 399 1796 670 1843; x_wconf 84' lang='lat' dir='ltr'>cognitionem</span> <span class='ocrx_word' id='word_1_303' title='bbox 700 1805 790 1834; x_wconf 89' lang='lat' dir='ltr'>esse</span> <span class='ocrx_word' id='word_1_304' title='bbox 811 1796 952 1834; x_wconf 86' lang='lat' dir='ltr'>falsam</span> <span class='ocrx_word' id='word_1_305' title='bbox 984 1805 1114 1844; x_wconf 88' lang='lat' dir='ltr'>neque</span> <span class='ocrx_word' id='word_1_306' title='bbox 1133 1805 1290 1841; x_wconf 85' lang='lat' dir='ltr'>vanam,</span> <span class='ocrx_word' id='word_1_307' title='bbox 1315 1800 1355 1834; x_wconf 90' lang='lat' dir='ltr'>ut</span> <span class='ocrx_word' id='word_1_308' title='bbox 1372 1806 1420 1834; x_wconf 87' lang='lat' dir='ltr'>ex</span> <span class='ocrx_word' id='word_1_309' title='bbox 1437 1797 1556 1834; x_wconf 86' lang='lat' dir='ltr'>dictis</span> <span class='ocrx_word' id='word_1_310' title='bbox 1589 1800 1695 1843; x_wconf 85' lang='lat' dir='ltr'>patet</span> 
     </span>
     <span class='ocr_line' id='line_1_33' title="bbox 91 1843 1693 1891; baseline 0.001 -10"><span class='ocrx_word' id='word_1_311' title='bbox 91 1844 119 1881; x_wconf 87' lang='lat' dir='ltr'>l.</span> <span class='ocrx_word' id='word_1_312' title='bbox 153 1852 181 1889; x_wconf 92' lang='lat'>1,</span> <span class='ocrx_word' id='word_1_313' title='bbox 214 1854 250 1881; x_wconf 89' lang='lat' dir='ltr'>c.</span> <span class='ocrx_word' id='word_1_314' title='bbox 271 1844 333 1890; x_wconf 86' lang='grc'>6);</span> <span class='ocrx_word' id='word_1_315' title='bbox 355 1847 393 1881; x_wconf 92' lang='lat' dir='ltr'>et</span> <span class='ocrx_word' id='word_1_316' title='bbox 419 1847 568 1888; x_wconf 86' lang='lat' dir='ltr'>tamen,</span> <span class='ocrx_word' id='word_1_317' title='bbox 590 1843 623 1880; x_wconf 92' lang='lat' dir='ltr'>si</span> <span class='ocrx_word' id='word_1_318' title='bbox 645 1847 752 1880; x_wconf 91' lang='lat' dir='ltr'>esset</span> <span class='ocrx_word' id='word_1_319' title='bbox 785 1843 886 1880; x_wconf 86' lang='lat' dir='ltr'>falsa</span> <span class='ocrx_word' id='word_1_320' title='bbox 903 1847 944 1880; x_wconf 90' lang='lat' dir='ltr'>et</span> <span class='ocrx_word' id='word_1_321' title='bbox 963 1853 1077 1888; x_wconf 86' lang='lat' dir='ltr'>vana,</span> <span class='ocrx_word' id='word_1_322' title='bbox 1099 1843 1138 1880; x_wconf 93' lang='lat' dir='ltr'>in</span> <span class='ocrx_word' id='word_1_323' title='bbox 1157 1843 1226 1882; x_wconf 85' lang='lat' dir='ltr'>tali</span> <span class='ocrx_word' id='word_1_324' title='bbox 1259 1844 1490 1891; x_wconf 84' lang='lat' dir='ltr'>cognitione</span> <span class='ocrx_word' id='word_1_325' title='bbox 1522 1843 1693 1882; x_wconf 87' lang='lat' dir='ltr'>felicitas</span> 
     </span>
    </p>

    <p class='ocr_par' dir='ltr' id='par_1_10' title="bbox 74 1890 1697 2163">
     <span class='ocr_line' id='line_1_34' title="bbox 75 1890 1696 1938; baseline 0 -10"><span class='ocrx_word' id='word_1_326' title='bbox 75 1899 157 1928; x_wconf 89' lang='lat' dir='ltr'>non</span> <span class='ocrx_word' id='word_1_327' title='bbox 175 1895 314 1937; x_wconf 89' lang='lat' dir='ltr'>posset</span> <span class='ocrx_word' id='word_1_328' title='bbox 331 1891 565 1928; x_wconf 87' lang='lat' dir='ltr'>consistere.</span> <span class='ocrx_word' id='word_1_329' title='bbox 589 1892 655 1927; x_wconf 87' lang='lat' dir='ltr'>Est</span> <span class='ocrx_word' id='word_1_330' title='bbox 673 1890 796 1937; x_wconf 87' lang='lat' dir='ltr'>igitur</span> <span class='ocrx_word' id='word_1_331' title='bbox 813 1891 1141 1938; x_wconf 81' lang='lat' dir='ltr'>aliquahominis</span> <span class='ocrx_word' id='word_1_332' title='bbox 1170 1891 1348 1938; x_wconf 85' lang='lat' dir='ltr'>cognitio</span> <span class='ocrx_word' id='word_1_333' title='bbox 1380 1892 1428 1928; x_wconf 89' lang='lat' dir='ltr'>de</span> <span class='ocrx_word' id='word_1_334' title='bbox 1461 1893 1542 1928; x_wconf 90' lang='lat' dir='ltr'>Deo</span> <span class='ocrx_word' id='word_1_335' title='bbox 1577 1891 1696 1929; x_wconf 88' lang='lat' dir='ltr'>altior</span> 
     </span>
     <span class='ocr_line' id='line_1_35' title="bbox 76 1937 1697 1984; baseline 0 -9"><span class='ocrx_word' id='word_1_336' title='bbox 76 1939 306 1984; x_wconf 83' lang='lat' dir='ltr'>cognitione</span> <span class='ocrx_word' id='word_1_337' title='bbox 326 1937 431 1982; x_wconf 90' lang='lat' dir='ltr'>fidei,</span> <span class='ocrx_word' id='word_1_338' title='bbox 453 1938 538 1976; x_wconf 90' lang='lat' dir='ltr'>sive</span> <span class='ocrx_word' id='word_1_339' title='bbox 558 1937 644 1984; x_wconf 89' lang='lat' dir='ltr'>ipse</span> <span class='ocrx_word' id='word_1_340' title='bbox 669 1937 790 1974; x_wconf 91' lang='lat' dir='ltr'>homo</span> <span class='ocrx_word' id='word_1_341' title='bbox 808 1947 1036 1984; x_wconf 88' lang='lat' dir='ltr'>proponens</span> <span class='ocrx_word' id='word_1_342' title='bbox 1057 1938 1174 1975; x_wconf 87' lang='lat' dir='ltr'>fidem</span> <span class='ocrx_word' id='word_1_343' title='bbox 1192 1938 1419 1975; x_wconf 89' lang='lat' dir='ltr'>immediate</span> <span class='ocrx_word' id='word_1_344' title='bbox 1446 1938 1578 1976; x_wconf 85' lang='lat' dir='ltr'>videat</span> <span class='ocrx_word' id='word_1_345' title='bbox 1596 1939 1697 1975; x_wconf 83' lang='lat' dir='ltr'>ver-i-</span> 
     </span>
     <span class='ocr_line' id='line_1_36' title="bbox 74 1984 1696 2032; baseline 0 -10"><span class='ocrx_word' id='word_1_346' title='bbox 74 1988 210 2029; x_wconf 83' lang='lat' dir='ltr'>tatem,</span> <span class='ocrx_word' id='word_1_347' title='bbox 229 1985 336 2022; x_wconf 88' lang='lat' dir='ltr'>sicut</span> <span class='ocrx_word' id='word_1_348' title='bbox 354 1985 510 2023; x_wconf 86' lang='lat' dir='ltr'>Christo</span> <span class='ocrx_word' id='word_1_349' title='bbox 528 1984 742 2028; x_wconf 80' lang='lat' dir='ltr'>credimus,</span> <span class='ocrx_word' id='word_1_350' title='bbox 768 1984 851 2022; x_wconf 90' lang='lat' dir='ltr'>sive</span> <span class='ocrx_word' id='word_1_351' title='bbox 881 1995 903 2022; x_wconf 87' lang='lat' dir='ltr'>a</span> <span class='ocrx_word' id='word_1_352' title='bbox 934 1985 1092 2023; x_wconf 89' lang='lat' dir='ltr'>vidente</span> <span class='ocrx_word' id='word_1_353' title='bbox 1123 1986 1350 2024; x_wconf 89' lang='lat' dir='ltr'>immediate</span> <span class='ocrx_word' id='word_1_354' title='bbox 1384 1985 1565 2032; x_wconf 83' lang='lat' dir='ltr'>accipiat,</span> <span class='ocrx_word' id='word_1_355' title='bbox 1589 1985 1696 2023; x_wconf 90' lang='lat' dir='ltr'>sicut</span> 
     </span>
     <span class='ocr_line' id='line_1_37' title="bbox 75 2031 1695 2085; baseline 0 -15"><span class='ocrx_word' id='word_1_356' title='bbox 75 2031 275 2070; x_wconf 86' lang='lat' dir='ltr'>credimus</span> <span class='ocrx_word' id='word_1_357' title='bbox 293 2031 494 2078; x_wconf 81' lang='lat' dir='ltr'>Apostolis</span> <span class='ocrx_word' id='word_1_358' title='bbox 514 2035 554 2068; x_wconf 89' lang='lat' dir='ltr'>et</span> <span class='ocrx_word' id='word_1_359' title='bbox 576 2032 797 2078; x_wconf 83' lang='lat' dir='ltr'>Prophetis.</span> <span class='ocrx_word' id='word_1_360' title='bbox 820 2032 948 2077; x_wconf 84' lang='lat' dir='ltr'>Quum</span> <span class='ocrx_word' id='word_1_361' title='bbox 981 2032 1104 2080; x_wconf 88' lang='lat' dir='ltr'>igitur</span> <span class='ocrx_word' id='word_1_362' title='bbox 1119 2033 1161 2070; x_wconf 91' lang='lat' dir='ltr'>in</span> <span class='ocrx_word' id='word_1_363' title='bbox 1181 2041 1339 2070; x_wconf 86' lang='lat' dir='ltr'>summa</span> <span class='ocrx_word' id='word_1_364' title='bbox 1357 2033 1426 2070; x_wconf 89' lang='lat' dir='ltr'>Dei</span> <span class='ocrx_word' id='word_1_365' title='bbox 1462 2032 1695 2085; x_wconf 81' lang='lat' dir='ltr'>cognitione</span> 
     </span>
     <span class='ocr_line' id='line_1_38' title="bbox 76 2078 1696 2162; baseline 0.001 -47"><span class='ocrx_word' id='word_1_366' title='bbox 76 2079 248 2162; x_wconf 47' lang='lat' dir='ltr'>felicitas</span> <span class='ocrx_word' id='word_1_367' title='bbox 294 2078 475 2116; x_wconf 81' lang='lat' dir='ltr'>hominis</span> <span class='ocrx_word' id='word_1_368' title='bbox 519 2079 714 2116; x_wconf 88' lang='lat' dir='ltr'>consistat</span> <span class='ocrx_word' id='word_1_369' title='bbox 746 2079 995 2125; x_wconf 88' lang='lat' dir='ltr'>impossibile</span> <span class='ocrx_word' id='word_1_370' title='bbox 1032 2083 1094 2117; x_wconf 91' lang='lat' dir='ltr'>est</span> <span class='ocrx_word' id='word_1_371' title='bbox 1135 2080 1241 2128; x_wconf 90' lang='lat' dir='ltr'>quod</span> <span class='ocrx_word' id='word_1_372' title='bbox 1279 2081 1474 2118; x_wconf 85' lang='lat' dir='ltr'>consistat</span> <span class='ocrx_word' id='word_1_373' title='bbox 1517 2088 1561 2117; x_wconf 81' lang='lat' dir='ltr'>ln</span> <span class='ocrx_word' id='word_1_374' title='bbox 1606 2079 1696 2116; x_wconf 91' lang='lat' dir='ltr'>fidei</span> 
     </span>
     <span class='ocr_line' id='line_1_39' title="bbox 80 2134 326 2163; baseline -0.004 0"><span class='ocrx_word' id='word_1_375' title='bbox 80 2134 129 2163; x_wconf 92' lang='lat' dir='ltr'>co</span> <span class='ocrx_word' id='word_1_376' title='bbox 162 2134 200 2162; x_wconf 83' lang='lat' dir='ltr'>ni</span> <span class='ocrx_word' id='word_1_377' title='bbox 234 2134 326 2163; x_wconf 90' lang='lat' dir='ltr'>one.</span> 
     </span>
    </p>

    <p class='ocr_par' dir='ltr' id='par_1_11' title="bbox 76 2134 1698 2360">
     <span class='ocr_line' id='line_1_40' title="bbox 125 2134 1696 2220; baseline 0.001 -11"><span class='ocrx_word' id='word_1_378' title='bbox 125 2134 308 2218; x_wconf 40' lang='lat' dir='ltr'>anplius,</span> <span class='ocrx_word' id='word_1_379' title='bbox 330 2181 399 2218; x_wconf 85' lang='lat' dir='ltr'>per</span> <span class='ocrx_word' id='word_1_380' title='bbox 420 2172 662 2218; x_wconf 84' lang='lat' dir='ltr'>felicitatem,</span> <span class='ocrx_word' id='word_1_381' title='bbox 684 2182 805 2220; x_wconf 87' lang='lat' dir='ltr'>quum</span> <span class='ocrx_word' id='word_1_382' title='bbox 835 2174 887 2210; x_wconf 90' lang='lat' dir='ltr'>sit</span> <span class='ocrx_word' id='word_1_383' title='bbox 905 2173 1071 2211; x_wconf 89' lang='lat' dir='ltr'>ultimus</span> <span class='ocrx_word' id='word_1_384' title='bbox 1091 2173 1199 2219; x_wconf 90' lang='lat' dir='ltr'>finis,</span> <span class='ocrx_word' id='word_1_385' title='bbox 1235 2174 1416 2212; x_wconf 84' lang='lat' dir='ltr'>naturale</span> <span class='ocrx_word' id='word_1_386' title='bbox 1452 2173 1696 2211; x_wconf 88' lang='lat' dir='ltr'>desiderium</span> 
     </span>
     <span class='ocr_line' id='line_1_41' title="bbox 77 2218 1696 2267; baseline 0.001 -11"><span class='ocrx_word' id='word_1_387' title='bbox 77 2219 289 2267; x_wconf 84' lang='lat' dir='ltr'>quietatur.</span> <span class='ocrx_word' id='word_1_388' title='bbox 311 2219 493 2265; x_wconf 71' lang='lat' dir='ltr'>cognitio</span> <span class='ocrx_word' id='word_1_389' title='bbox 514 2223 644 2257; x_wconf 88' lang='lat' dir='ltr'>autem</span> <span class='ocrx_word' id='word_1_390' title='bbox 665 2218 756 2256; x_wconf 87' lang='lat' dir='ltr'>fidei</span> <span class='ocrx_word' id='word_1_391' title='bbox 776 2229 858 2256; x_wconf 89' lang='lat' dir='ltr'>non</span> <span class='ocrx_word' id='word_1_392' title='bbox 873 2220 1023 2267; x_wconf 87' lang='lat' dir='ltr'>quietat</span> <span class='ocrx_word' id='word_1_393' title='bbox 1044 2221 1302 2265; x_wconf 87' lang='lat' dir='ltr'>desiderium,</span> <span class='ocrx_word' id='word_1_394' title='bbox 1323 2221 1391 2259; x_wconf 89' lang='lat' dir='ltr'>sed</span> <span class='ocrx_word' id='word_1_395' title='bbox 1415 2221 1545 2267; x_wconf 85' lang='lat' dir='ltr'>magis</span> <span class='ocrx_word' id='word_1_396' title='bbox 1565 2221 1696 2266; x_wconf 88' lang='lat' dir='ltr'>ipsum</span> 
     </span>
     <span class='ocr_line' id='line_1_42' title="bbox 76 2266 1698 2315; baseline -0.001 -11"><span class='ocrx_word' id='word_1_397' title='bbox 76 2266 271 2310; x_wconf 81' lang='lat' dir='ltr'>accendit,</span> <span class='ocrx_word' id='word_1_398' title='bbox 293 2266 386 2312; x_wconf 84' lang='lat' dir='ltr'>quia</span> <span class='ocrx_word' id='word_1_399' title='bbox 413 2266 691 2314; x_wconf 84' lang='lat' dir='ltr'>unusquisque</span> <span class='ocrx_word' id='word_1_400' title='bbox 714 2266 912 2303; x_wconf 87' lang='lat' dir='ltr'>desiderat</span> <span class='ocrx_word' id='word_1_401' title='bbox 930 2267 1062 2304; x_wconf 89' lang='lat' dir='ltr'>videre</span> <span class='ocrx_word' id='word_1_402' title='bbox 1090 2268 1197 2315; x_wconf 85' lang='lat' dir='ltr'>quod</span> <span class='ocrx_word' id='word_1_403' title='bbox 1217 2268 1353 2305; x_wconf 89' lang='lat' dir='ltr'>credit.</span> <span class='ocrx_word' id='word_1_404' title='bbox 1383 2269 1470 2305; x_wconf 89' lang='lat' dir='ltr'>Non</span> <span class='ocrx_word' id='word_1_405' title='bbox 1497 2271 1559 2304; x_wconf 87' lang='lat' dir='ltr'>est</span> <span class='ocrx_word' id='word_1_406' title='bbox 1577 2268 1698 2314; x_wconf 88' lang='lat' dir='ltr'>igitur</span> 
     </span>
     <span class='ocr_line' id='line_1_43' title="bbox 76 2312 1048 2360; baseline 0.001 -10"><span class='ocrx_word' id='word_1_407' title='bbox 76 2313 118 2350; x_wconf 90' lang='lat' dir='ltr'>in</span> <span class='ocrx_word' id='word_1_408' title='bbox 135 2313 367 2360; x_wconf 85' lang='lat' dir='ltr'>cognitione</span> <span class='ocrx_word' id='word_1_409' title='bbox 386 2312 478 2350; x_wconf 89' lang='lat' dir='ltr'>fidei</span> <span class='ocrx_word' id='word_1_410' title='bbox 498 2313 640 2350; x_wconf 85' lang='lat' dir='ltr'>ultima</span> <span class='ocrx_word' id='word_1_411' title='bbox 658 2313 836 2351; x_wconf 90' lang='lat' dir='ltr'>hominis</span> <span class='ocrx_word' id='word_1_412' title='bbox 860 2314 1048 2351; x_wconf 87' lang='lat' dir='ltr'>felicitas.</span> 
     </span>
    </p>

    <p class='ocr_par' dir='ltr' id='par_1_12' title="bbox 75 2360 1698 2774">
     <span class='ocr_line' id='line_1_44' title="bbox 123 2360 1693 2408; baseline 0.001 -12"><span class='ocrx_word' id='word_1_413' title='bbox 123 2361 314 2404; x_wconf 69' lang='lat' dir='ltr'>Praeterea,</span> <span class='ocrx_word' id='word_1_414' title='bbox 329 2360 506 2406; x_wconf 86' lang='lat' dir='ltr'>cognitio</span> <span class='ocrx_word' id='word_1_415' title='bbox 531 2360 579 2397; x_wconf 91' lang='lat' dir='ltr'>de</span> <span class='ocrx_word' id='word_1_416' title='bbox 597 2362 676 2397; x_wconf 92' lang='lat' dir='ltr'>Deo</span> <span class='ocrx_word' id='word_1_417' title='bbox 699 2360 804 2398; x_wconf 84' lang='lat' dir='ltr'>dicta</span> <span class='ocrx_word' id='word_1_418' title='bbox 822 2364 884 2398; x_wconf 88' lang='lat' dir='ltr'>est</span> <span class='ocrx_word' id='word_1_419' title='bbox 902 2360 1009 2404; x_wconf 87' lang='lat' dir='ltr'>finis,</span> <span class='ocrx_word' id='word_1_420' title='bbox 1030 2361 1071 2397; x_wconf 93' lang='lat' dir='ltr'>in</span> <span class='ocrx_word' id='word_1_421' title='bbox 1092 2365 1284 2408; x_wconf 83' lang='lat' dir='ltr'>quantum</span> <span class='ocrx_word' id='word_1_422' title='bbox 1305 2361 1444 2398; x_wconf 87' lang='lat' dir='ltr'>ultimo</span> <span class='ocrx_word' id='word_1_423' title='bbox 1457 2360 1526 2398; x_wconf 89' lang='lat' dir='ltr'>fini</span> <span class='ocrx_word' id='word_1_424' title='bbox 1547 2369 1693 2406; x_wconf 86' lang='lat' dir='ltr'>rerum,</span> 
     </span>
     <span class='ocr_line' id='line_1_45' title="bbox 75 2407 1696 2454; baseline -0.001 -9"><span class='ocrx_word' id='word_1_425' title='bbox 75 2407 231 2446; x_wconf 81' lang='lat' dir='ltr'>scilicet</span> <span class='ocrx_word' id='word_1_426' title='bbox 248 2408 343 2450; x_wconf 88' lang='lat' dir='ltr'>Deo,</span> <span class='ocrx_word' id='word_1_427' title='bbox 361 2407 581 2454; x_wconf 89' lang='lat' dir='ltr'>conjungit.</span> <span class='ocrx_word' id='word_1_428' title='bbox 601 2409 673 2443; x_wconf 87' lang='lat' dir='ltr'>Per</span> <span class='ocrx_word' id='word_1_429' title='bbox 693 2407 961 2454; x_wconf 88' lang='lat' dir='ltr'>cognitionem</span> <span class='ocrx_word' id='word_1_430' title='bbox 995 2411 1126 2445; x_wconf 88' lang='lat' dir='ltr'>autem</span> <span class='ocrx_word' id='word_1_431' title='bbox 1146 2407 1238 2445; x_wconf 89' lang='lat' dir='ltr'>fidei</span> <span class='ocrx_word' id='word_1_432' title='bbox 1269 2416 1348 2445; x_wconf 91' lang='lat' dir='ltr'>non</span> <span class='ocrx_word' id='word_1_433' title='bbox 1378 2407 1422 2444; x_wconf 85' lang='lat' dir='ltr'>fit</span> <span class='ocrx_word' id='word_1_434' title='bbox 1449 2416 1514 2445; x_wconf 90' lang='lat' dir='ltr'>res</span> <span class='ocrx_word' id='word_1_435' title='bbox 1546 2408 1696 2445; x_wconf 86' lang='lat' dir='ltr'>credita</span> 
     </span>
     <span class='ocr_line' id='line_1_46' title="bbox 76 2453 1694 2501; baseline 0 -9"><span class='ocrx_word' id='word_1_436' title='bbox 76 2454 295 2492; x_wconf 87' lang='lat' dir='ltr'>intellectui</span> <span class='ocrx_word' id='word_1_437' title='bbox 313 2463 491 2500; x_wconf 83' lang='lat' dir='ltr'>praesens</span> <span class='ocrx_word' id='word_1_438' title='bbox 510 2454 693 2499; x_wconf 85' lang='lat' dir='ltr'>perfecte,</span> <span class='ocrx_word' id='word_1_439' title='bbox 716 2454 810 2501; x_wconf 87' lang='lat' dir='ltr'>quia</span> <span class='ocrx_word' id='word_1_440' title='bbox 828 2453 927 2491; x_wconf 87' lang='lat' dir='ltr'>fides</span> <span class='ocrx_word' id='word_1_441' title='bbox 946 2454 994 2491; x_wconf 89' lang='lat' dir='ltr'>de</span> <span class='ocrx_word' id='word_1_442' title='bbox 1017 2455 1251 2492; x_wconf 80' lang='lat' dir='ltr'>absentibus</span> <span class='ocrx_word' id='word_1_443' title='bbox 1271 2458 1345 2499; x_wconf 88' lang='lat' dir='ltr'>est,</span> <span class='ocrx_word' id='word_1_444' title='bbox 1362 2463 1443 2491; x_wconf 90' lang='lat' dir='ltr'>non</span> <span class='ocrx_word' id='word_1_445' title='bbox 1459 2453 1507 2491; x_wconf 90' lang='lat' dir='ltr'>de</span> <span class='ocrx_word' id='word_1_446' title='bbox 1521 2463 1694 2500; x_wconf 84' lang='lat' dir='ltr'>praesen—</span> 
     </span>
     <span class='ocr_line' id='line_1_47' title="bbox 75 2500 1695 2548; baseline -0.001 -9"><span class='ocrx_word' id='word_1_447' title='bbox 75 2501 206 2546; x_wconf 82' lang='lat' dir='ltr'>tibus3</span> <span class='ocrx_word' id='word_1_448' title='bbox 229 2501 332 2539; x_wconf 88' lang='lat' dir='ltr'>unde</span> <span class='ocrx_word' id='word_1_449' title='bbox 353 2505 390 2538; x_wconf 88' lang='lat' dir='ltr'>et</span> <span class='ocrx_word' id='word_1_450' title='bbox 406 2501 622 2547; x_wconf 89' lang='lat' dir='ltr'>Apostolus</span> <span class='ocrx_word' id='word_1_451' title='bbox 641 2500 738 2537; x_wconf 89' lang='lat' dir='ltr'>dicit</span> <span class='ocrx_word' id='word_1_452' title='bbox 758 2500 879 2547; x_wconf 86' lang='lat' dir='ltr'>quod,</span> <span class='ocrx_word' id='word_1_453' title='bbox 901 2501 1077 2547; x_wconf 81' lang='lat' dir='ltr'>quamdiu</span> <span class='ocrx_word' id='word_1_454' title='bbox 1099 2511 1168 2547; x_wconf 80' lang='lat' dir='ltr'>per</span> <span class='ocrx_word' id='word_1_455' title='bbox 1187 2501 1294 2547; x_wconf 79' lang='lat' dir='ltr'>fidem</span> <span class='ocrx_word' id='word_1_456' title='bbox 1325 2502 1566 2547; x_wconf 82' lang='lat' dir='ltr'>ambulamus,</span> <span class='ocrx_word' id='word_1_457' title='bbox 1592 2512 1695 2548; x_wconf 75' lang='lat' dir='ltr'>pere-</span> 
     </span>
     <span class='ocr_line' id='line_1_48' title="bbox 75 2546 1696 2594; baseline 0.001 -10"><span class='ocrx_word' id='word_1_458' title='bbox 75 2550 268 2593; x_wconf 69' lang='lat' dir='ltr'>qrinamur</span> <span class='ocrx_word' id='word_1_459' title='bbox 287 2559 309 2584; x_wconf 89' lang='lat' dir='ltr'>a</span> <span class='ocrx_word' id='word_1_460' title='bbox 325 2550 478 2585; x_wconf 77' lang='lat' dir='ltr'>Domino</span> <span class='ocrx_word' id='word_1_461' title='bbox 498 2547 550 2594; x_wconf 88' lang='grc' dir='ltr'>(ΙΙ</span> <span class='ocrx_word' id='word_1_462' title='bbox 565 2548 660 2591; x_wconf 66' lang='lat' dir='ltr'>Cor„</span> <span class='ocrx_word' id='word_1_463' title='bbox 680 2555 722 2591; x_wconf 81' lang='lat' dir='ltr'>v,</span> <span class='ocrx_word' id='word_1_464' title='bbox 742 2547 778 2594; x_wconf 83' lang='lat'>6)</span> <span class='ocrx_word' id='word_1_465' title='bbox 794 2558 803 2590; x_wconf 90' lang='lat'>;</span> <span class='ocrx_word' id='word_1_466' title='bbox 823 2547 866 2583; x_wconf 91' lang='lat' dir='ltr'>fit</span> <span class='ocrx_word' id='word_1_467' title='bbox 884 2550 1016 2584; x_wconf 83' lang='lat' dir='ltr'>tamen</span> <span class='ocrx_word' id='word_1_468' title='bbox 1036 2556 1106 2592; x_wconf 87' lang='lat' dir='ltr'>per</span> <span class='ocrx_word' id='word_1_469' title='bbox 1124 2546 1241 2585; x_wconf 89' lang='lat' dir='ltr'>fidem</span> <span class='ocrx_word' id='word_1_470' title='bbox 1258 2549 1362 2585; x_wconf 89' lang='lat' dir='ltr'>Deus</span> <span class='ocrx_word' id='word_1_471' title='bbox 1381 2557 1558 2594; x_wconf 87' lang='lat' dir='ltr'>praesens</span> <span class='ocrx_word' id='word_1_472' title='bbox 1581 2547 1696 2586; x_wconf 80' lang='lat' dir='ltr'>affec-</span> 
     </span>
     <span class='ocr_line' id='line_1_49' title="bbox 78 2594 1694 2643; baseline 0.001 -12"><span class='ocrx_word' id='word_1_473' title='bbox 78 2595 150 2639; x_wconf 86' lang='lat' dir='ltr'>tui,</span> <span class='ocrx_word' id='word_1_474' title='bbox 187 2604 309 2643; x_wconf 87' lang='lat' dir='ltr'>quum</span> <span class='ocrx_word' id='word_1_475' title='bbox 340 2594 562 2632; x_wconf 87' lang='lat' dir='ltr'>voluntarie</span> <span class='ocrx_word' id='word_1_476' title='bbox 594 2594 760 2632; x_wconf 88' lang='lat' dir='ltr'>credens</span> <span class='ocrx_word' id='word_1_477' title='bbox 790 2595 872 2630; x_wconf 92' lang='lat' dir='ltr'>Deo</span> <span class='ocrx_word' id='word_1_478' title='bbox 904 2595 1113 2639; x_wconf 86' lang='lat' dir='ltr'>assentiat,</span> <span class='ocrx_word' id='word_1_479' title='bbox 1146 2594 1367 2632; x_wconf 86' lang='lat' dir='ltr'>secundum</span> <span class='ocrx_word' id='word_1_480' title='bbox 1387 2595 1493 2643; x_wconf 89' lang='lat' dir='ltr'>quod</span> <span class='ocrx_word' id='word_1_481' title='bbox 1519 2595 1694 2633; x_wconf 89' lang='lat' dir='ltr'>dicitur:</span> 
     </span>
     <span class='ocr_line' id='line_1_50' title="bbox 77 2641 1697 2689; baseline 0 -11"><span class='ocrx_word' id='word_1_482' title='bbox 77 2642 255 2679; x_wconf 77' lang='lat' dir='ltr'>Habitare</span> <span class='ocrx_word' id='word_1_483' title='bbox 274 2643 457 2680; x_wconf 73' lang='lat' dir='ltr'>christum</span> <span class='ocrx_word' id='word_1_484' title='bbox 470 2652 539 2688; x_wconf 78' lang='lat' dir='ltr'>per</span> <span class='ocrx_word' id='word_1_485' title='bbox 557 2642 663 2687; x_wconf 76' lang='lat' dir='ltr'>fidem</span> <span class='ocrx_word' id='word_1_486' title='bbox 683 2642 724 2676; x_wconf 72' lang='lat' dir='ltr'>in</span> <span class='ocrx_word' id='word_1_487' title='bbox 751 2641 918 2677; x_wconf 78' lang='lat' dir='ltr'>cordibus</span> <span class='ocrx_word' id='word_1_488' title='bbox 953 2643 1087 2677; x_wconf 77' lang='lat' dir='ltr'>nostris</span> <span class='ocrx_word' id='word_1_489' title='bbox 1122 2641 1283 2688; x_wconf 77' lang='lat' dir='ltr'>(Ephes.,</span> <span class='ocrx_word' id='word_1_490' title='bbox 1316 2651 1374 2686; x_wconf 90' lang='lat'>111,</span> <span class='ocrx_word' id='word_1_491' title='bbox 1409 2642 1482 2689; x_wconf 74' lang='lat'>17).</span> <span class='ocrx_word' id='word_1_492' title='bbox 1513 2644 1598 2680; x_wconf 92' lang='lat' dir='ltr'>Non</span> <span class='ocrx_word' id='word_1_493' title='bbox 1638 2647 1697 2680; x_wconf 87' lang='lat' dir='ltr'>est</span> 
     </span>
     <span class='ocr_line' id='line_1_51' title="bbox 76 2687 1698 2772; baseline -0.001 -46"><span class='ocrx_word' id='word_1_494' title='bbox 76 2688 200 2742; x_wconf 80' lang='lat' dir='ltr'>igitur</span> <span class='ocrx_word' id='word_1_495' title='bbox 221 2688 434 2772; x_wconf 78' lang='lat' dir='ltr'>tpossibile</span> <span class='ocrx_word' id='word_1_496' title='bbox 478 2688 585 2736; x_wconf 89' lang='lat' dir='ltr'>quod</span> <span class='ocrx_word' id='word_1_497' title='bbox 635 2688 678 2724; x_wconf 89' lang='lat' dir='ltr'>in</span> <span class='ocrx_word' id='word_1_498' title='bbox 727 2687 957 2735; x_wconf 86' lang='lat' dir='ltr'>cognitione</span> <span class='ocrx_word' id='word_1_499' title='bbox 990 2687 1082 2725; x_wconf 89' lang='lat' dir='ltr'>fidei</span> <span class='ocrx_word' id='word_1_500' title='bbox 1132 2688 1274 2727; x_wconf 85' lang='lat' dir='ltr'>ultima</span> <span class='ocrx_word' id='word_1_501' title='bbox 1309 2689 1479 2727; x_wconf 89' lang='lat' dir='ltr'>felicitas</span> <span class='ocrx_word' id='word_1_502' title='bbox 1521 2689 1698 2727; x_wconf 85' lang='lat' dir='ltr'>humana</span> 
     </span>
     <span class='ocr_line' id='line_1_52' title="bbox 80 2740 288 2774; baseline 0.01 -2"><span class='ocrx_word' id='word_1_503' title='bbox 80 2743 216 2773; x_wconf 76' lang='lat' dir='ltr'>censis</span> <span class='ocrx_word' id='word_1_504' title='bbox 235 2740 288 2774; x_wconf 86' lang='lat' dir='ltr'>at.</span> 
     </span>
    </p>
   </div>
  </div>
 </body>
</html>
