1894 3223
617 94 705 129 LlB.
732 93 779 136 ΙΙ,
805 93 908 130 CAP.
937 92 1144 129 LXXXVIII.
1618 97 1687 132 235

66 178 133 212 tur
150 173 259 221 quod
277 172 412 211 anima
450 173 643 211 sensitiva
674 173 850 211 hominis
885 173 938 212 sit
956 173 1135 220 ejusdem
1167 173 1327 221 generis
1356 181 1447 211 cum
1476 173 1687 213 animabus

65 221 239 259 aliorum
273 219 522 258 animalium.
556 221 651 265 Quae
677 224 809 257 autem
838 225 934 257 sunt
959 221 1080 258 unius
1113 221 1272 273 generis
1305 220 1488 258 eumdem
1523 221 1686 260 modum

66 268 217 306 habent
235 266 476 314 procedendi
499 267 540 304 in
559 272 663 305 esse.
683 267 824 304 Anima
843 267 965 315 igitur
983 268 1174 306 sensitiva
1193 267 1385 314 hominis,
1407 268 1511 306 sicut
1531 271 1568 304 et
1588 268 1686 307 alio-

66 324 154 353 rum
199 314 448 359 animalium,
468 323 538 361 per
568 315 752 351 virtulem
785 324 874 361 quae
904 315 1023 352 estin
1051 315 1204 352 semine
1238 315 1280 352 in
1301 323 1390 354 esse
1411 315 1600 363 procedit.
1622 318 1687 356 Est

69 366 202 400 autem
235 363 340 400 idem
382 361 601 399 secundum
637 361 901 399 substantiam
931 362 1064 399 anima
1089 362 1329 400 intellectiva
1350 365 1390 400 et
1422 363 1614 401 sensitiva
1644 364 1686 402 in

67 409 245 453 homine,
267 412 312 447 ut
332 417 453 455 supra
474 408 524 455 (c.
546 409 605 456 58)
624 413 831 446 ostensum
863 413 936 445 cst.
958 409 1118 446 Videtur
1136 410 1257 456 igitur
1275 410 1382 457 quod
1414 410 1533 448 etiam
1553 411 1687 449 anima

67 456 312 494 intellectiva
328 465 399 503 per
416 456 601 493 virtutem
617 456 784 493 seminis
805 456 1057 502 producatur.

113 505 305 548 Praeterea,
328 503 434 541 sicut
460 503 576 540 docet
605 503 836 541 Aristoteles
867 503 931 550 (De
963 506 1123 548 qenerat.
1152 506 1281 547 anim„
1303 503 1330 541 l.
1361 514 1461 551 nse.
1492 506 1541 553 3),
1575 506 1686 551 prius

65 553 245 598 tempore
265 551 458 588 estsoetus
473 550 622 588 animal
636 560 753 598 quam
772 551 906 588 homo.
923 551 997 587 Sed
1011 559 1130 598 quum
1151 556 1209 588 est
1224 552 1371 589 animal
1391 556 1428 589 et
1449 562 1529 590 nou
1550 553 1684 597 homo,

66 597 185 635 habet
207 598 381 635 animam
403 598 636 635 sensitivam
657 594 695 635 et
711 607 791 635 non
808 598 1086 635 intellectivam
1106 610 1115 642 ;
1137 607 1254 643 quam
1270 599 1428 647 quiden]
1449 600 1684 637 sensitivam

66 653 148 682 non
186 649 248 682 est
283 645 446 682 dubium
469 655 517 682 ex
535 646 678 682 virtute
716 645 842 682 activa
862 646 1030 683 seminis
1065 645 1244 691 produci,
1264 646 1365 683 sicut
1395 647 1492 683 etin
1532 647 1685 684 cieteris

66 692 309 730 animalibus
328 693 549 740 contingit3
572 693 641 729 illa
667 697 798 730 autem
827 697 905 730 met
925 693 1059 729 anima
1081 692 1273 729 sensitiva
1294 696 1355 730 est
1374 692 1415 730 in
1435 695 1613 738 potentia
1644 698 1687 731 ut

65 739 118 777 sit
138 739 391 784 intellectiva,
412 741 517 777 sicut
537 740 633 777 illud
657 740 805 777 animal
826 743 887 777 cst
906 740 946 776 in
969 739 1144 785 potentia
1163 743 1206 775 ut
1225 740 1278 776 sit
1301 740 1448 777 animal
1471 740 1683 785 rationale3

64 786 145 824 nisi
166 786 267 825 forte
284 787 438 824 dicatur
452 787 557 834 quod
576 787 709 824 anima
728 787 968 824 intellectiva
983 787 1269 832 superveniens
1282 787 1335 824 sit
1352 787 1430 824 alia
1445 788 1684 832 substantia,

66 834 173 880 quod
193 843 316 881 supra
335 836 383 879 (c.
407 835 465 881 58)
488 835 752 880 improbatum
774 838 846 871 est.
869 833 1029 870 Videtur
1057 841 1152 880 ergo
1173 834 1280 880 quod
1300 834 1525 872 substantia
1541 834 1684 873 animae

66 881 318 918 intellectivae
340 882 392 918 sit
410 891 458 918 ex
477 882 620 918 virtute
641 891 728 928 quae
750 884 810 918 est
831 881 870 917 in
892 882 1058 918 semine.

112 929 213 970 Item,
239 929 387 973 anima,
408 938 529 975 quum
553 929 605 966 sit
626 930 752 966 forma
770 928 964 975 corporis,
985 929 1119 967 unitur
1139 928 1296 975 corpori
1323 929 1543 967 secundum
1566 937 1684 966 suum

65 983 170 1013 esse.
188 976 261 1013 Sed
298 976 347 1012 ad
378 985 426 1012 ea
456 985 543 1022 quae
564 979 659 1013 sunt
697 984 821 1013 unum
857 975 1077 1014 secundum
1099 984 1188 1014 esse
1220 977 1456 1014 terminatur
1476 985 1556 1013 una
1580 976 1684 1014 actio

65 1023 187 1060 unius
206 1023 383 1070 agentis;
408 1022 443 1060 si
463 1023 569 1059 enim
608 1026 700 1060 sunt
719 1022 876 1060 diversa
901 1023 1060 1068 agentia
1077 1027 1115 1060 et
1154 1032 1224 1069 per
1244 1032 1496 1071 consequens
1519 1023 1685 1060 diversae

66 1070 262 1114 actiones,
280 1072 470 1117 sequetur
497 1069 603 1116 quod
641 1070 721 1107 sint
741 1070 844 1107 sacta
863 1069 1019 1108 diversa
1045 1070 1266 1108 secundum
1287 1079 1390 1108 esse.
1413 1071 1570 1116 Oportet
1591 1079 1684 1117 ergo

65 1117 189 1154 unius
207 1117 364 1163 agentis
383 1125 503 1154 unam
525 1117 722 1154 actionem
743 1116 946 1154 terminari
967 1117 1016 1154 ad
1034 1126 1124 1156 esse
1141 1118 1284 1155 animae
1305 1122 1344 1154 et
1363 1118 1554 1164 corporis.
1567 1119 1687 1155 Cons-

64 1167 122 1201 tat
141 1167 271 1201 autem
292 1163 399 1211 quod
430 1173 575 1210 corpus
594 1163 638 1201 fit
656 1173 726 1211 per
746 1164 943 1201 actionem
972 1165 1130 1203 virtutis
1151 1174 1238 1212 quae
1259 1169 1320 1202 est
1337 1165 1378 1202 in
1395 1165 1561 1203 semine.
1584 1166 1685 1211 Ergo

65 1214 105 1249 et
118 1211 167 1249 ab
187 1211 322 1248 eadem
341 1215 401 1248 est
420 1212 553 1248 anima
568 1221 655 1258 quae
676 1214 737 1249 est
757 1211 842 1259 ejus
863 1212 990 1249 forma
1011 1216 1047 1249 et
1065 1221 1146 1250 non
1165 1212 1213 1249 ab
1235 1216 1376 1259 agente
1402 1216 1597 1259 separato.

111 1258 295 1311 Amplius,
317 1259 438 1296 homo
456 1263 619 1312 generat
634 1258 710 1296 sibi
732 1259 863 1296 simile
879 1260 1096 1297 secundum
1113 1259 1287 1306 speciem
1308 1269 1378 1306 per
1396 1260 1586 1312 virtutem
1599 1268 1686 1306 quae

66 1309 130 1343 est
159 1314 202 1342 in
234 1306 388 1343 semine
410 1305 701 1344 dectso.0n1ne
731 1310 862 1343 autem
893 1316 1016 1354 agens
1038 1308 1252 1344 univocum
1273 1311 1437 1355 generat
1457 1307 1533 1344 sibi
1555 1307 1686 1344 simile

67 1352 108 1390 in
128 1352 262 1399 specie
279 1362 348 1400 per
372 1353 448 1391 hoc
469 1353 577 1401 quod
605 1357 745 1391 causat
764 1353 931 1391 formam
950 1355 1141 1402 generati,
1160 1364 1183 1391 a
1202 1363 1281 1402 qua
1315 1358 1377 1393 est
1408 1354 1494 1401 ejus
1515 1354 1684 1401 species.

67 1399 209 1437 Anima
229 1400 351 1452 igitur
379 1401 567 1446 humana,
589 1410 612 1438 a
631 1410 711 1448 qua
730 1405 791 1438 est
821 1401 977 1447 species
1014 1402 1205 1444 hominis,
1227 1401 1459 1448 producitur
1479 1411 1527 1439 ex
1543 1401 1686 1439 virtute

68 1455 158 1494 quae
178 1450 237 1484 est
259 1456 300 1484 iu
318 1448 486 1485 semine.

114 1495 215 1539 Item,
237 1494 503 1541 Appollinaris
533 1496 592 1532 sic
623 1498 950 1542 argumentatur:
974 1496 1222 1544 Quicumque
1253 1496 1321 1534 dat
1351 1496 1685 1542 complementum

68 1541 179 1588 operi
200 1545 436 1588 cooperatur
456 1543 587 1589 agenti
604 1554 613 1587 3
636 1543 706 1580 sed
726 1543 760 1580 si
782 1543 926 1580 animae
954 1546 1139 1580 creantur
1159 1553 1182 1581 a
1200 1546 1295 1588 Deo,
1314 1543 1400 1589 ipse
1420 1543 1486 1580 dat
1517 1543 1688 1589 comple·

69 1591 249 1626 mentum
278 1589 526 1636 generationi
551 1599 765 1635 puerorum
803 1590 871 1637 qui
901 1590 1139 1636 quandoque
1160 1600 1208 1628 ex
1231 1590 1423 1628 adulteris
1444 1595 1684 1634 nascuntur;

68 1644 164 1681 ergo
186 1637 290 1673 Deus
313 1640 501 1682 cooperat
521 1637 712 1674 adulteris
729 1648 737 1681 ;
757 1637 864 1684 quod
884 1637 961 1674 sibi
976 1637 1264 1676 inconveniens
1281 1638 1447 1674 videtur.

115 1683 376 1721 Inveniuntur
408 1687 554 1727 autem,
576 1683 616 1720 in
644 1684 745 1721 libro
781 1684 848 1732 qui
872 1684 1061 1730 Gregorio
1096 1686 1278 1732 Nysseno
1310 1685 1563 1731 adscribitur,
1579 1694 1684 1732 quee-

68 1728 157 1767 dam
180 1730 356 1768 rationes
375 1731 424 1768 ad
444 1731 521 1768 hoc
540 1730 644 1768 idem
660 1731 922 1777 probandum.
943 1735 1250 1778 Argumentatur
1264 1736 1395 1770 autem
1417 1733 1475 1769 sic
1494 1744 1503 1770 :

115 1778 169 1814 Ex
188 1777 324 1815 anima
359 1782 396 1814 et
416 1786 582 1824 corpore
607 1777 650 1814 fit
680 1787 817 1824 unum,
839 1778 946 1825 quod
966 1783 1026 1816 est
1047 1779 1168 1817 homo
1192 1789 1318 1824 unus;
1340 1779 1375 1817 si
1412 1779 1534 1826 igitur
1554 1780 1687 1817 anima

69 1821 140 1861 fiat
159 1824 271 1870 prius
291 1833 410 1873 quam
436 1833 583 1872 corpus
601 1829 670 1863 aut
687 1834 832 1872 corpus
854 1826 964 1872 prius
983 1835 1102 1873 quam
1133 1826 1282 1871 anima,
1301 1826 1405 1864 idem
1424 1827 1497 1864 erit
1518 1828 1629 1873 prius
1650 1834 1688 1866 et

66 1871 268 1917 posterius
304 1871 454 1919 seipso,
477 1872 584 1920 quod
617 1872 772 1910 videtur
806 1873 1076 1919 impossibile3
1098 1873 1218 1912 simul
1253 1873 1376 1922 igitur
1405 1873 1450 1912 fit
1483 1885 1629 1922 corpus
1651 1881 1688 1914 et

67 1918 216 1971 anima.
235 1919 312 1957 Sed
334 1928 500 1973 corpus·
516 1919 657 1966 incipit
675 1919 760 1958 fieri
793 1920 835 1957 in
870 1921 1075 1960 decisione
1095 1921 1277 1961 seminis.
1297 1923 1399 1969 Ergo
1433 1925 1472 1960 et
1490 1932 1560 1969 per
1583 1922 1686 1962 deci-

67 1973 228 2003 sionem
249 1966 418 2004 seminis
436 1975 571 2004 anima
588 1967 631 2004 in
651 1975 741 2005 esse
762 1967 1006 2014 producitur.

113 2012 258 2056 Adhuc,
277 2013 508 2060 imperfecta
537 2013 693 2052 videtur
722 2024 812 2053 csse
833 2015 1011 2061 operatio
1031 2015 1188 2064 agentis
1214 2016 1282 2061 qui
1303 2025 1384 2054 non
1402 2019 1524 2055 totam
1542 2028 1624 2056 rem
1645 2019 1688 2057 in

68 2067 158 2097 esse
174 2060 370 2107 producit,
384 2060 454 2099 sed
489 2061 622 2099 solum
642 2061 729 2110 eJ'us
748 2062 912 2101 alteram
930 2065 1096 2110 partem.
1113 2063 1152 2101 Si
1184 2063 1308 2110 igitur
1325 2065 1432 2102 Deus
1452 2066 1625 2104 animam
1645 2067 1687 2105 in

67 2114 158 2145 esse
175 2108 426 2155 produceret,
446 2116 594 2155 corpus
630 2119 723 2147 vero
749 2109 893 2147 virtute
916 2110 1085 2148 seminis
1117 2111 1367 2157 formaretur,
1384 2121 1474 2160 quae
1493 2113 1573 2151 duo
1594 2119 1688 2152 sunt

66 2157 200 2207 partes
228 2155 542 2208 unius-scilicet
576 2156 767 2201 hominis,
790 2157 997 2205 utriusque
1017 2158 1209 2204 operatio,
1232 2158 1386 2196 scilicet
1424 2160 1492 2197 Dei
1513 2163 1552 2198 et
1571 2162 1688 2199 semi-

67 2203 415 2256 nativae-virtutis,
435 2203 668 2250 imperfecta
697 2204 914 2249 videretur;
936 2205 1043 2252 quod
1071 2208 1176 2252 patet
1195 2214 1285 2243 esse
1306 2206 1608 2245 inconveniens.
1631 2208 1686 2246 Ab

67 2256 150 2286 una
176 2252 301 2296 lgitur
319 2253 358 2288 et
376 2250 515 2288 eadem
535 2259 658 2289 causa
673 2251 907 2298 producitur
924 2252 1059 2290 anima
1083 2257 1122 2290 et
1141 2262 1288 2300 corpus
1309 2253 1501 2293 hominis.
1525 2255 1688 2293 Constat

67 2297 200 2332 autem
219 2305 366 2349 cprpus
385 2297 563 2337 hominis
581 2299 748 2345 produci
768 2299 911 2336 virtute
929 2298 1111 2337 seminis.
1131 2302 1233 2347 Ergo
1252 2304 1290 2337 et
1311 2301 1459 2339 anima.

115 2342 216 2394 Item,
245 2351 286 2380 in
313 2343 501 2382 omnibus
530 2354 619 2392 quae
646 2349 889 2392 generantur
909 2356 958 2383 ex
982 2347 1151 2390 semine,
1172 2355 1313 2385 omnes
1332 2350 1465 2394 partes
1489 2348 1547 2386 rei
1568 2358 1687 2396 gene-

68 2391 164 2441 ratae
181 2389 302 2443 simul
318 2391 711 2443 comprehenduntur
728 2392 873 2430 virtute
887 2393 929 2430 in
945 2393 1113 2439 semine,
1130 2393 1223 2431 licet
1241 2397 1332 2431 actu
1352 2403 1433 2432 non
1449 2400 1685 2443 appareant3

66 2438 175 2474 sicut
192 2436 390 2490 videmus,
407 2445 451 2474 in
469 2437 603 2490 tritico
621 2442 690 2476 aut
706 2439 748 2476 in
767 2439 947 2487 quolibet
968 2440 1047 2478 alio
1068 2440 1235 2485 semine,
1257 2441 1363 2488 quod
1384 2441 1521 2488 herba,
1545 2446 1584 2480 et
1603 2443 1686 2482 cul-

67 2491 174 2535 muS,
210 2487 250 2522 et
278 2483 520 2529 internodia,
551 2488 592 2522 et
624 2485 791 2528 fructus,
825 2489 864 2523 et
882 2486 1028 2530 aristae,
1059 2487 1202 2525 virtute
1228 2488 1619 2534 comprehenduntur
1640 2490 1682 2529 in

65 2538 198 2577 primo
230 2530 398 2576 semine,
431 2534 470 2568 et
487 2534 628 2577 postea
649 2532 899 2578 protenditur
923 2542 1062 2571 semen
1090 2536 1128 2572 et
1146 2533 1334 2572 dilatatur
1350 2535 1520 2582 quadam
1543 2546 1683 2575 conse-

67 2577 232 2623 quentia
261 2578 434 2616 naturali
466 2577 516 2631 ad
545 2579 841 2625 perfectionem,
869 2588 953 2617 non
985 2589 1199 2619 assumens
1229 2581 1379 2629 aliquid
1401 2582 1682 2624 extrinsecum.

67 2625 232 2663 Constat
263 2628 396 2663 autem
428 2633 602 2663 animam
624 2635 714 2663 esse
731 2630 881 2672 partem
903 2627 1095 2666 hominis.
1114 2630 1158 2666 ln
1177 2629 1331 2666 semine
1349 2629 1473 2677 igitur
1493 2630 1682 2677 hominis,

66 2670 212 2725 virtute
228 2672 463 2757 ‘continetutr
487 2673 623 2710 anima
647 2672 822 2711 humana
839 2685 851 2719 ;
871 2682 954 2711 non
983 2677 1115 2713 autem
1135 2685 1182 2714 ex
1206 2675 1340 2724 aliqua
1356 2676 1540 2716 exteriori
1562 2688 1685 2718 causa

67 2725 308 2766 principium
321 2728 428 2758 sumi
449 2747 459 2758 .

115 2764 298 2811 Amplius,
326 2775 465 2804 eorum
491 2776 660 2815 quorum
684 2767 885 2805 invenitur
911 2768 1016 2806 idem
1035 2777 1250 2816 processus
1269 2773 1309 2808 et
1330 2772 1541 2817 terminus,
1566 2782 1682 2820 opor-

68 2811 127 2847 tet
146 2820 236 2849 esse
254 2813 360 2851 idem
380 2814 551 2867 originis
572 2815 826 2862 principium.
847 2815 924 2853 Sed
944 2815 984 2853 in
1003 2817 1259 2863 generatione
1280 2818 1457 2857 hominis
1477 2820 1582 2857 idem
1597 2830 1684 2867 pro·

67 2864 211 2897 cessus
238 2868 418 2908 corporls
449 2864 490 2899 et
520 2863 662 2900 animae
681 2866 721 2900 et
739 2862 845 2901 idem
867 2863 1063 2902 terminus
1082 2864 1309 2911 invenitur3
1330 2867 1552 2905 secundum
1575 2868 1680 2905 enim
