1894 3223
114 92 157 128 13
737 84 824 118 Lm.
854 83 882 125 ι,
910 82 1012 117 car.
1038 82 1108 118 xv,

114 169 244 216 magis
263 169 310 206 ad
332 167 566 213 completam
589 163 906 210 designationem
926 162 982 199 rei
1003 161 1305 208 appropinquat,
1329 162 1549 200 secundum
1575 160 1683 208 quod
1708 170 1733 198 a

113 217 294 264 pluribus
311 214 468 252 differre
490 213 595 255 tacit,
616 212 669 247 ita
690 219 768 246 una
786 208 1006 248 differentia
1032 208 1215 254 negativa
1234 218 1302 254 per
1327 209 1445 245 aliam
1470 208 1730 251 contrahitur,

115 274 202 311 quae
219 272 242 299 a
258 262 440 308 pluribus
458 258 614 297 differre
633 257 746 301 facit3
769 256 885 299 sicut,
907 256 942 293 si
962 255 1142 293 dicamus
1172 257 1295 292 Deum
1323 264 1404 292 non
1429 265 1519 292 csse
1546 255 1732 292 accidens

115 319 187 357 per
203 311 278 346 hoc
298 307 403 355 quod
425 307 473 344 ab
494 304 682 342 omnibus
704 303 976 341 accidentibus
1000 302 1272 349 distinguitur.
1296 301 1459 345 Deinde,
1480 302 1514 339 si
1538 302 1731 339 addamus

115 359 245 403 ipsum
269 364 348 392 non
369 363 456 391 esse
476 360 634 396 corpus
656 350 950 397 distinguemus
970 350 1101 396 ipsum
1122 349 1238 386 etiam
1257 349 1305 386 ab
1326 348 1529 395 aliquibus
1549 348 1735 386 substan-

115 405 204 448 tiis3
224 407 262 440 ct
281 402 339 439 sic
360 410 428 446 per
447 399 641 441 ordinem,
663 397 712 434 ab
732 397 840 434 omni
861 406 908 436 eo
940 397 1045 443 quod
1077 401 1137 433 est
1169 400 1310 442 praeter
1339 395 1485 448 ipsum,
1512 405 1582 441 per
1613 404 1733 447 nega·

114 451 246 488 tiones
266 445 508 494 hujusmodi,
532 445 821 491 distinguetur3
846 448 885 482 et
912 447 1007 482 tunc
1032 444 1079 480 de
1100 443 1326 480 substantia
1359 451 1446 488 ejus
1469 443 1544 479 erit
1574 451 1736 488 propria

116 495 396 538 consideratio,
430 501 552 539 quum
584 494 849 537 cognoscetur
879 494 923 528 ut
954 490 1002 528 ab
1033 490 1222 528 omnibus
1242 489 1470 527 distinctus.
1493 491 1582 527 Non
1601 492 1735 526 tamen

116 544 190 581 erit
208 542 381 588 perfecta
395 539 585 585 cognitio,
607 538 702 585 quia
720 546 802 574 non
818 541 1084 584 cognoscetur
1105 537 1200 584 quid
1216 537 1258 574 in
1279 545 1323 574 se
1344 536 1409 573 sit.

162 590 217 627 Ad
238 587 529 634 procedendum
549 585 670 632 igitur
702 585 807 622 circa
840 584 909 621 Dei
938 585 1208 630 cognitionem
1239 593 1309 630 per
1341 584 1445 621 viam
1483 582 1734 628 remotionis,

116 636 358 681 accipiamus
375 632 615 681 principium
635 631 689 676 id,
711 631 817 678 quod
837 641 884 668 ex
904 631 1180 676 superioribus
1193 630 1275 677 jam
1287 634 1550 669 monstratum
1567 634 1641 675 est,
1662 629 1737 667 sci·

117 684 207 719 licet
251 681 356 728 quod
394 682 497 717 Deus
528 680 580 717 sit
611 679 775 716 omnino
807 678 1044 722 immobilis;
1070 678 1176 724 quod
1203 678 1321 715 etiam
1352 677 1567 714 auctoritas
1600 685 1724 714 sacrae

118 730 327 775 Scriptura}
346 727 566 765 confirmat.
585 726 735 763 Dicitur
755 726 861 763 enim
884 737 892 762 :
922 727 998 770 1390
1025 726 1213 766 Dominus,
1241 727 1276 761 et
1301 733 1374 761 non
1403 726 1522 761 mutor
1540 723 1735 769 (Malach.,

117 785 175 821 111,
199 776 249 823 6);
268 775 382 821 Apud
400 784 503 820 quem
521 776 662 810 nonest
681 774 936 810 transmutatio
965 771 1128 819 (Jacob,
1153 770 1282 819 ·1‚17),·
1310 772 1392 811 Non
1423 774 1478 808 est
1507 773 1602 808 Deus
1629 771 1739 817 quasi

119 824 233 869 homo,
251 826 292 859 ut
306 825 464 860 mutetur
482 821 628 869 (Num.,
648 828 763 867 xxm,
786 820 856 868 19).

791 968 959 1009 CAPUT
986 967 1069 1008 XV.

657 1083 758 1117 QUOD
782 1083 881 1112 DEUS
903 1083 975 1112 EST
998 1083 1197 1113 AETERNUS.

169 1197 223 1234 Ex
242 1196 318 1234 hoc
339 1197 470 1232 autem
492 1197 652 1241 apparet
670 1193 838 1231 ulterius
858 1195 980 1230 Deum
1005 1203 1094 1231 esse
1109 1197 1313 1231 aeternum.

167 1245 266 1281 Nam
286 1251 403 1280 omne
424 1242 529 1289 quod
547 1241 686 1287 incipit
702 1249 790 1278 esse
810 1241 870 1277 vel
889 1241 1049 1283 desinit,
1065 1251 1134 1287 per
1151 1245 1300 1278 motum
1315 1239 1375 1279 vel
1389 1238 1650 1279 mutationem
1660 1238 1739 1278 hoc

122 1291 281 1337 patitur.
302 1291 515 1326 ostensum
535 1292 666 1325 autem
686 1292 746 1325 est
764 1289 885 1325 Deum
907 1297 996 1326 esse
1017 1288 1180 1325 omnino
1208 1287 1514 1332 immutabilem;
1535 1290 1596 1324 est
1616 1286 1740 1335 igitur

122 1341 307 1380 aeternus,
328 1345 468 1373 carens
487 1335 682 1381 principio
702 1338 739 1371 et
752 1334 843 1371 fine.

167 1386 268 1428 Item,
290 1384 359 1420 illa
376 1383 464 1420 sola
484 1388 658 1428 tempore
679 1385 960 1419 mensurantur
977 1391 1064 1429 quae
1078 1386 1298 1426 moventur,
1318 1391 1365 1420 eo
1385 1381 1491 1429 quod
1505 1385 1662 1428 tempus
1677 1383 1740 1418 est

123 1440 314 1468 numerus
334 1434 481 1474 motus,
496 1433 661 1475 utpatet
678 1429 718 1466 in
740 1432 879 1481 quarto
898 1429 1161 1476 Physic.(text.
1184 1438 1327 1467 comm.
1352 1429 1446 1476 101).
1468 1430 1572 1466 Deus
1606 1431 1738 1466 autem

123 1482 184 1516 est
203 1478 368 1515 omnino
388 1477 537 1523 absque
551 1480 675 1520 motu,
694 1479 736 1513 ut
751 1485 833 1522 Jam
852 1476 1061 1522 probatum
1073 1480 1133 1513 est
1153 1475 1201 1523 (c.
1225 1476 1295 1523 13);
1317 1480 1493 1522 tempore
1513 1475 1637 1522 igitur
1655 1482 1740 1512 non

123 1528 389 1563 mensuratur.
410 1524 532 1570 Igitur
550 1524 591 1560 in
609 1523 698 1570 ipso
719 1532 800 1560 non
822 1527 883 1560 est
901 1523 1012 1569 prius
1034 1523 1094 1560 vel
1108 1523 1310 1569 posterius
1329 1524 1528 1569 acciperc;
1546 1530 1627 1559 non
1643 1529 1738 1568 ergo

124 1572 242 1610 habet
261 1581 349 1609 esse
369 1575 459 1617 post
472 1579 553 1608 non
568 1579 754 1615 esse‚nec
769 1579 847 1607 non
861 1579 951 1607 esse
969 1574 1060 1616 post
1077 1579 1166 1608 esse
1187 1574 1318 1616 potest
1331 1570 1490 1615 habere,
1512 1578 1585 1607 nec
1604 1568 1655 1606 ali
1688 1577 1742 1606 ua

124 1619 328 1657 successio
347 1619 388 1655 in
406 1627 495 1655 esse
512 1617 641 1664 ipsius
661 1617 828 1654 inveniri
850 1621 992 1663 potest,
1015 1617 1109 1664 quia
1126 1617 1211 1655 haec
1244 1617 1332 1655 sine
1357 1621 1535 1663 tempore
1565 1615 1664 1654 intel
1682 1615 1740 1662 igi

124 1675 205 1704 uon
221 1669 402 1712 possunt.
420 1667 486 1702 Est
505 1665 627 1711 igitur
644 1673 784 1701 carens
804 1665 1000 1710 principio
1020 1669 1059 1701 et
1080 1664 1173 1710 fine,
1196 1667 1323 1704 totum
1353 1673 1443 1702 esse
1470 1672 1589 1701 suum
1616 1661 1739 1703 simul

124 1713 296 1757 habens;
317 1713 359 1748 in
380 1721 459 1758 quo
475 1712 577 1748 ratio
597 1711 829 1748 aeternitatis
849 1711 1046 1748 consistit.

170 1760 315 1800 Adhuc,
345 1759 379 1796 si
400 1761 504 1796 Deus
524 1758 738 1805 aliquando
759 1767 840 1794 non
857 1758 932 1795 fuit
950 1762 988 1795 et
1004 1758 1258 1804 postmodum
1282 1758 1369 1804 fuit,
1389 1758 1438 1795 ab
1473 1757 1608 1804 aliquo
1639 1757 1736 1794 edu·

126 1811 213 1845 ctus
234 1810 294 1843 est
312 1806 359 1842 de
380 1814 461 1842 nou
481 1814 570 1842 esse
589 1806 631 1841 in
653 1814 762 1849 esse;
785 1814 866 1842 non
888 1808 1018 1842 autem
1040 1815 1062 1842 a
1083 1806 1230 1851 seipso,
1246 1806 1340 1852 quia
1359 1804 1463 1852 quod
1479 1814 1560 1841 non
1578 1808 1736 1841 estnon
1754 1837 1765 1844 .

125 1858 256 1900 potest
276 1852 427 1899 aliquid
447 1862 577 1899 agere.
600 1852 637 1888 Si
655 1855 785 1888 autem
808 1851 855 1888 ab
877 1852 971 1896 alio,
993 1852 1091 1889 illud
1113 1857 1173 1889 est
1202 1853 1313 1899 prius
1345 1861 1407 1889 eo.
1432 1854 1647 1889 ostensum
1676 1854 1740 1888 est

126 1904 257 1938 autem
278 1901 400 1936 Deum
420 1908 509 1936 esse
528 1899 695 1945 primam
726 1907 907 1943 causam3
938 1907 1019 1935 non
1053 1899 1174 1945 igitur
1209 1909 1298 1937 esse
1328 1899 1496 1945 incepit;
1529 1898 1634 1936 unde
1663 1907 1739 1935 nec

126 1957 216 1985 esse
233 1946 400 1991 desinet,
421 1946 515 1993 quia
535 1945 641 1993 quod
658 1954 815 1992 semper
831 1946 906 1983 suit
924 1945 1043 1983 habet
1069 1946 1253 1984 virtutem
1287 1955 1444 1993 semper
1473 1945 1649 1983 essendi.
1670 1946 1741 1983 Est

127 1995 250 2031 icitur
269 1998 454 2031 aeternus.

144 2023 355 2087 &Amplius
376 2040 556 2078 videmus
576 2040 617 2076 in
637 2039 786 2078 mundo
806 2040 984 2088 quaedam
1005 2050 1093 2088 quae
1113 2044 1208 2080 sunt
1237 2040 1448 2087 possibilia
1474 2049 1563 2078 csse
1590 2043 1630 2076 et
1656 2048 1739 2076 non

127 2097 231 2133 csse,
250 2088 401 2125 scilicet
422 2087 666 2134 generabilia
684 2091 723 2124 et
742 2088 1027 2134 corruptibilia.
1044 2089 1167 2125 Omne
1189 2092 1319 2125 autem
1341 2087 1447 2134 quod
1466 2092 1527 2125 est
1545 2087 1740 2134 possibile

127 2144 230 2176 esse,
253 2143 415 2172 causam
434 2134 574 2180 habet3
594 2135 699 2181 quia,
722 2144 843 2181 quum
864 2135 911 2172 de
930 2144 973 2172 se
999 2135 1204 2182 aequaliter
1224 2144 1267 2174 se
1287 2135 1430 2172 habeat
1448 2134 1497 2171 ad
1515 2134 1609 2180 duo,
1630 2133 1739 2172 scili-

128 2187 190 2220 cet
211 2191 300 2220 esse
321 2186 359 2219 et
377 2191 458 2219 non
479 2190 581 2223 esse,
604 2186 770 2227 oportet,
793 2182 828 2219 si
858 2182 893 2219 ei
927 2183 1201 2228 approprietur
1233 2191 1337 2226 esse,
1359 2181 1464 2229 quod
1496 2181 1574 2219 hoc
1606 2181 1660 2218 sit
1690 2190 1742 2218 ex

127 2229 263 2277 aliqua
278 2238 413 2267 causa.
434 2229 509 2266 Sed
526 2229 568 2265 in
585 2229 719 2266 causis
739 2237 821 2266 non
839 2232 899 2266 est
917 2229 1130 2275 procedere
1163 2229 1204 2266 in
1236 2229 1451 2273 infinitum,
1469 2231 1514 2265 ut
1545 2237 1668 2274 supra
1685 2226 1738 2275 (c.

128 2276 186 2324 13)
203 2276 410 2323 probatum
431 2280 505 2322 est,
526 2285 595 2322 per
614 2276 810 2313 rationem
827 2276 1074 2320 Aristotelis;
1097 2285 1191 2323 ergo
1215 2279 1371 2322 oportet
1401 2284 1550 2322 ponere
1587 2274 1741 2322 aliquid

128 2323 235 2370 quod
255 2323 308 2360 sit
324 2331 488 2369 necesse
508 2332 610 2360 esse.
633 2324 757 2360 Omne
777 2327 909 2360 autem
932 2323 1202 2360 necessarium
1223 2323 1286 2360 vel
1307 2323 1426 2361 habet
1459 2331 1623 2360 causam
1655 2330 1740 2360 suae

128 2370 380 2408 necessitatis
400 2369 575 2416 aliunde,
593 2369 656 2406 vel
673 2379 768 2415 non,
787 2369 857 2408 sed
877 2373 937 2408 est
957 2379 1025 2416 per
1044 2370 1221 2416 seipsum
1250 2369 1536 2408 necessarium.
1558 2370 1647 2407 Non
1676 2372 1740 2407 est

128 2421 260 2455 autem
280 2417 491 2464 procedere
511 2417 553 2454 in
583 2416 783 2454 infinitum
815 2417 857 2454 in
889 2417 1128 2455 necessariis
1160 2427 1247 2464 quae
1277 2417 1423 2455 habent
1452 2425 1616 2455 causam
1653 2424 1739 2455 suae

128 2465 381 2502 necessitatis
401 2463 585 2509 aliunde;
607 2473 702 2511 ergo
724 2467 879 2510 oportet
897 2473 1045 2511 ponere
1066 2464 1227 2513 aliquod
1247 2465 1419 2510 primum
1448 2462 1737 2508 necessarium,

129 2511 235 2557 quod
253 2515 313 2549 est
339 2521 410 2558 per
437 2512 614 2558 seipsum
645 2511 936 2556 necessarium
969 2514 1008 2548 et
1037 2511 1114 2548 hoc
1148 2515 1207 2549 est
1231 2513 1350 2556 Deus,
1372 2520 1494 2558 quum
1527 2510 1581 2550 sit
1609 2509 1740 2556 prima

129 2566 264 2610 causa,
285 2561 329 2595 ut
346 2558 494 2610 dictum
515 2562 575 2595 cst
592 2558 641 2605 (c.
661 2559 733 2605 13).
757 2559 880 2606 Igitur
893 2560 998 2596 Deus
1017 2562 1189 2596 aeternus
1210 2562 1285 2604 est,
1306 2567 1429 2606 quum
1449 2565 1568 2595 omne
1598 2564 1738 2596 neces-

129 2612 281 2642 sarium
301 2614 371 2650 per
389 2614 433 2642 se
451 2609 502 2641 sit
521 2609 726 2642 aeternum.

176 2651 356 2688 Ostendit
375 2651 751 2703 etiam-Aristoteles,
766 2662 815 2689 ex
831 2653 1142 2700 sempiternitate
1162 2653 1368 2700 temporis,
1383 2650 1737 2697 sempiternitatem

129 2702 282 2743 motus;
305 2708 352 2735 ex
384 2707 462 2744 quo
493 2702 634 2735 iterum
667 2699 841 2736 ostendit
869 2701 1222 2747 sempiternitatem
1257 2698 1490 2737 substantiae
1525 2698 1734 2736 moventis.

129 2745 262 2782 Prima
292 2749 423 2782 autem
452 2744 675 2782 substantia
704 2754 869 2784 movens
901 2749 1007 2786 Deus
1037 2748 1158 2785 etiam
1188 2749 1269 2792 est;
1299 2746 1421 2793 igitur
1454 2746 1735 2791 sempiternus.

129 2793 278 2838 Negata
296 2792 401 2828 enim
423 2792 735 2838 sempiternitate
753 2794 944 2840 temporis
963 2798 1002 2832 et
1021 2799 1167 2840 motus,
1188 2793 1318 2831 adhuc
1343 2795 1522 2830 remanet
1553 2792 1654 2829 ratio
1688 2791 1738 2829 ad

130 2838 482 2886 sempiternitatem
516 2838 769 2885 substantiae;
803 2848 909 2886 nam,
942 2841 977 2879 si
1004 2845 1138 2879 motus
1169 2839 1329 2886 incepit,
1360 2842 1516 2884 oportet
1547 2838 1654 2886 quod
1689 2838 1740 2879 ab
