1894 3223
709 134 797 170 ΗΒ.
825 134 853 177 1,
882 134 982 170 CAP.
1012 135 1160 171 XXXIII.
1704 139 1748 173 39

172 217 355 262 Amplius,
383 224 499 253 omne
519 215 624 262 quod
646 215 692 251 de
715 215 895 261 pluribus
917 216 1152 261 praidicatur
1175 215 1338 254 univoce
1372 216 1591 253 secundum
1627 217 1746 262 parti-

123 264 378 311 cipationem,
401 262 562 299 cullibet
583 270 718 298 corum
741 262 925 298 convenit
946 263 1088 309 dequo
1112 263 1358 308 priedicatur.
1375 265 1469 300 Nam
1488 264 1640 309 species
1659 273 1748 309 par-

126 312 288 357 ticipare
306 310 450 346 dieitur
469 318 608 355 genus,
632 313 667 344 et
688 309 933 345 individuum
955 310 1140 354 speeiem.
1167 312 1216 346 De
1241 313 1318 346 Deo
1349 314 1479 346 autem
1516 311 1612 346 niliil
1648 311 1746 347 dici-

131 364 191 395 tur
213 367 280 404 per
306 356 658 403 participationem,
695 365 782 392 nani
818 365 934 392 omne
967 357 1070 401 quod
1108 357 1360 403 participatur
1391 358 1675 394 determinatur
1701 359 1748 394 ad

129 405 288 442 modum
326 403 559 449 participati,
583 403 697 439 etsie
730 403 948 448 partialiter
982 404 1200 448 baberi-tur,
1232 409 1268 440 et
1298 413 1376 441 non
1408 404 1627 441 secuudum
1663 414 1748 441 oin-

127 461 218 489 nem
240 451 493 497 perfectionis
520 450 694 486 modum.
718 454 876 496 Oportet
897 450 1016 496 igitur
1038 451 1134 486 iiiliil
1157 451 1202 487 de
1225 454 1303 488 Deo
1328 458 1365 487 et
1386 451 1502 488 rebus
1533 451 1622 488 aliis
1658 452 1748 488 uni-

129 509 222 536 voce
245 497 463 544 praedicari.
1570 526 1574 528 ,

175 546 320 585 Adhuc,
344 543 532 591 quicquid
559 544 860 590 praedicaturae
883 544 1083 590 aliquibus
1105 545 1323 581 secundum
1347 545 1456 590 prius
1477 550 1513 581 et
1533 545 1746 590 posterius,

128 598 277 630 certum
299 597 357 628 cst
381 592 544 628 univoce
568 600 644 628 non
671 592 886 636 pra-dicari.
911 593 1003 627 Nam
1034 592 1142 637 prius
1174 592 1211 627 in
1248 591 1476 628 definitione
1513 593 1746 637 posterioris

128 640 356 681 includitur,
375 639 478 676 sicut
501 638 723 675 substantia
746 639 781 673 in
804 638 1033 674 delinitione
1063 638 1293 682 accidentis,
1316 640 1536 676 secundum
1559 639 1663 686 quod
1685 644 1745 675 est

127 696 213 724 ens.
234 687 270 724 Si
292 686 413 723 initui·
432 686 628 722 diceretur
647 686 811 722 univoce
834 695 904 722 ens
927 685 972 722 de
995 685 1217 722 substantia
1238 689 1275 721 et
1294 686 1510 729 accidente,
1545 690 1745 731 oporteret

127 733 233 783 quod
258 715 481 770 substantia
501 733 618 769 etiam
642 737 851 778 poneretur
884 734 921 769 in
955 729 1308 769 delinitione‘entis
1328 733 1547 768 secundum
1570 733 1675 779 quod
1699 733 1746 771 de

128 781 351 819 substantia
372 780 618 825 praedicatur,
641 780 745 826 quod
772 783 874 825 patet
903 789 991 816 esse
1024 778 1286 824 impossibile.
1309 779 1414 815 Niliil
1444 784 1573 815 autem
1597 780 1643 816 de
1667 781 1743 818 Deo

128 832 163 866 et
184 829 300 864 rebus
322 827 412 865 aliis
434 827 668 874 praedicatur
688 827 825 864 eodem
842 826 993 869 ordine,
1011 826 1080 862 sed
1099 826 1319 863 secundum
1340 826 1449 871 prius
1472 831 1507 862 et
1529 827 1744 872 posterius,

129 884 250 923 quum
267 875 313 912 de
332 876 409 911 Deo
427 875 563 911 omnia
583 873 1136 920 praedicenturessentialiter.
1156 872 1305 909 Dicitur
1319 872 1423 909 enim
1444 882 1514 910 ens
1531 874 1643 920 quasi
1663 874 1747 919 ipsa

127 922 317 965 essentia,
340 925 375 958 et
397 922 525 958 bonus
546 921 659 968 quasi
683 921 768 967 ipsa
788 920 960 957 bonitas.
984 921 1035 955 De
1057 919 1147 956 aliis
1169 924 1299 956 autem
1321 919 1624 966 praedicatioiies
1646 920 1742 957 siunt

127 978 196 1015 per
213 969 565 1014 participationem,
588 968 691 1004 sicut
708 969 887 1004 Socrates
908 967 1052 1004 dicitur
1074 966 1206 1010 bomo,
1231 976 1309 1003 non
1344 967 1448 1013 quod
1477 967 1527 1003 sit
1561 967 1648 1013 ipsa
1673 967 1742 1004 bu-

127 1016 312 1060 manitas,
336 1015 406 1052 scd
428 1014 712 1052 humanitatem
743 1014 906 1051 liabens.
931 1013 1180 1058 impossibile
1202 1017 1262 1050 est
1285 1014 1406 1060 igitur
1427 1013 1577 1061 aliquid
1597 1014 1643 1051 de
1665 1016 1744 1051 Deo

125 1067 165 1100 et
188 1062 304 1100 rebus
323 1062 413 1100 aliis
435 1062 601 1099 univoce
623 1061 716 1098 dici.
739 1061 766 1108 (1
788 1065 902 1107 part„
924 1071 961 1108 q.
983 1070 1068 1104 xiii,
1090 1064 1160 1097 art.
1184 1060 1233 1106 5.)

751 1196 917 1237 CAPUT
945 1196 1126 1237 XXXIII.

161 1311 263 1345 QUOD
278 1311 356 1341 NON
376 1311 500 1341 OMNiA
519 1312 671 1342 NOMINA
689 1312 881 1341 DlCUNTUR
901 1312 952 1340 DE.
972 1311 1047 1341 ΒΕΘ
1066 1311 1114 1340 ΕΤ
1133 1311 1346 1342 CREATURis
1365 1311 1465 1340 PURE
1485 1310 1696 1344 AEQUWOCE

169 1439 222 1475 Ex
242 1436 462 1484 praemissis
475 1436 594 1474 etiam
613 1439 719 1482 patet
735 1436 840 1489 quod
862 1446 944 1489 non
964 1437 1153 1484 quicquid
1174 1438 1221 1475 de
1245 1439 1325 1476 Deo
1344 1443 1382 1475 et
1401 1439 1519 1475 rebus
1536 1439 1627 1476 aliis
1642 1448 1740 1484 prae-

120 1484 291 1529 dicatur,
312 1484 533 1522 secundum
556 1493 692 1529 puram
714 1488 1068 1531 aequivocationem
1089 1485 1246 1528 dicitur,
1269 1486 1371 1522 sicut
1405 1495 1450 1521 ea
1477 1491 1563 1532 quae
1596 1490 1690 1522 sunt
1718 1495 1741 1524 a

120 1540 218 1569 casu
240 1531 457 1578 aequivoca.
479 1532 575 1568 Nam
594 1531 635 1567 in
657 1531 719 1568 liis
740 1541 826 1577 quae
846 1536 939 1568 sunt
959 1541 982 1568 a
1016 1541 1111 1568 casu
1141 1533 1358 1578 aequivoca,
1381 1533 1517 1569 nullus
1546 1533 1643 1569 ordo
1674 1536 1742 1574 aut

123 1582 327 1625 respectus
348 1577 563 1615 attenditur
583 1577 702 1614 unius
720 1578 767 1614 ad
790 1578 971 1621 alterum,
995 1578 1064 1615 sed
1083 1579 1247 1615 omnino
1271 1589 1339 1624 par
1359 1579 1544 1616 accidens
1560 1577 1739 1625 estquod

125 1634 247 1663 unum
265 1633 410 1662 nomen
429 1624 597 1662 diversis
618 1624 735 1661 rebus
754 1625 1002 1661 attribuatur.
1023 1627 1107 1661 Non
1128 1626 1233 1662 enim
1256 1626 1640 1671 iioinenimposituin
1657 1627 1737 1669 uni,

123 1673 258 1720 signat
274 1671 406 1718 ipsum
428 1671 571 1708 habere
592 1671 770 1708 ordinem
792 1671 838 1708 ad
860 1672 982 1708 aliud.
1006 1673 1067 1709 Sic
1086 1677 1214 1709 autem
1237 1682 1315 1709 non
1337 1677 1396 1709 est
1426 1674 1473 1709 de
1510 1674 1740 1711 nominibus

123 1719 192 1767 qui
207 1718 254 1756 de
273 1720 352 1755 Deo
368 1719 554 1755 dicuntur
569 1722 606 1754 et
625 1718 831 1756 creaturis.
853 1718 1134 1755 consideratur
1153 1720 1257 1756 enim
1285 1720 1325 1756 in
1354 1719 1582 1766 hujusmodi
1614 1721 1740 1757 nomi-

122 1775 219 1804 num
239 1765 522 1802 communitate
543 1765 640 1802 ordo
661 1774 793 1802 causae
817 1769 853 1801 et
875 1766 1041 1806 causati,
1067 1770 1106 1802 ut
1127 1776 1173 1803 ex
1194 1766 1311 1803 dictis
1336 1766 1434 1812 (cap.
1455 1770 1498 1803 29
1520 1771 1561 1803 et
1584 1767 1641 1812 32)
1673 1777 1740 1812 pa-

123 1815 190 1897 tefit,
213 1814 298 1850 Non
312 1812 442 1896 (igitur
462 1811 683 1849 secundum
702 1821 841 1860 puram
863 1813 1217 1859 aequivocationem
1239 1814 1389 1861 aliquid
1410 1814 1455 1850 de
1472 1816 1551 1851 Deo
1572 1817 1608 1851 et
1621 1813 1740 1851 rebus

121 1868 148 1899 a
163 1869 215 1898 iis
229 1869 307 1906 prae
339 1863 478 1897 icatur.

168 1907 354 1952 Amplius,
370 1906 436 1944 ubi
458 1910 518 1944 est
534 1916 634 1952 pura
653 1906 913 1953 aequivocatio
936 1907 1046 1944 nulla
1066 1907 1287 1945 similitudo
1310 1908 1350 1944 in
1372 1907 1490 1945 rebus
1510 1907 1739 1953 attenditur,

123 1953 193 1992 sed
215 1954 345 1991 solum
369 1953 502 1991 unitas
533 1954 741 1990 nominis:
764 1963 896 1991 rerum
923 1958 1053 1991 autem
1087 1955 1136 1991 ad
1168 1957 1290 1992 Deum
1324 1959 1384 1992 est
1418 1955 1563 2002 aliquis
1596 1956 1739 1992 modus

123 2001 415 2044 similitudinis,
438 2004 481 2038 ut
500 2010 546 2038 ex
566 2001 765 2047 praedictis
785 2001 884 2047 (cap.
906 2002 965 2048 29)
985 2006 1101 2048 patet.
1125 2002 1374 2049 Relinquitur
1393 2002 1516 2050 igitur
1532 2003 1639 2050 quod
1658 2011 1739 2040 non

123 2048 306 2088 dicantur
321 2048 368 2085 de
386 2049 466 2084 Deo
481 2048 701 2085 secundum
721 2058 857 2093 puram
881 2049 1251 2095 aequivocationem.

169 2096 271 2140 Item,
287 2094 446 2143 quando
466 2104 592 2133 unum
612 2095 658 2132 de
679 2095 860 2140 pluribus
881 2096 1101 2133 secundum
1119 2106 1257 2144 puram
1278 2095 1634 2143 aequivocationem
1648 2106 1742 2144 prae-

125 2141 292 2186 dicatur,
314 2151 363 2178 ex
383 2151 463 2178 uno
485 2151 622 2179 eorum
645 2151 723 2179 non
744 2152 960 2188 possumus
981 2143 1070 2179 duci
1094 2143 1134 2179 in
1167 2143 1413 2189 agnitionem
1446 2144 1624 2181 alterius.
1643 2146 1738 2181 Nam

125 2188 301 2235 cognitio
321 2198 453 2225 rerum
475 2198 556 2225 non
577 2189 772 2234 dependet
791 2200 836 2226 ex
865 2190 1045 2233 vocibus,
1069 2190 1139 2227 sed
1178 2200 1224 2227 ex
1256 2191 1464 2227 nominum
1497 2191 1663 2227 ratione.
1687 2193 1740 2227 Ex

124 2235 189 2273 his
218 2239 349 2272 autem
377 2245 464 2282 quae
498 2236 541 2272 in
572 2236 692 2273 rebus
722 2236 813 2273 aliis
845 2237 1102 2274 inveniuntur
1144 2237 1185 2273 in
1219 2236 1444 2274 divinorum
1469 2238 1738 2283 cognitionem

124 2282 392 2329 pervenimus,
409 2287 450 2319 ut
470 2293 517 2319 ex
537 2282 654 2320 dictis
676 2282 777 2329 (cap.
799 2286 844 2320 30
858 2288 894 2320 et
909 2284 967 2330 31)
989 2286 1204 2329 patet.Noii
1227 2284 1349 2327 igitur
1368 2285 1738 2330 secundunipuram

127 2329 482 2376 aequivocationem
504 2330 691 2366 dicuntur
712 2330 940 2376 hujusmodi
960 2331 1006 2367 de
1029 2333 1107 2368 Deo
1130 2335 1168 2367 et
1188 2331 1279 2368 aliis
1301 2332 1432 2368 rebus.

129 2421 137 2429 ·
171 2376 317 2427 adhuc,
344 2377 604 2423 aequivocatio
642 2377 820 2414 nominis
853 2387 1087 2424 processum
1126 2379 1485 2424 argumentationis
1514 2378 1677 2423 inpedit.
1699 2379 1738 2415 Si

125 2426 249 2469 igitur
284 2423 385 2459 nibil
404 2423 600 2461 diceretur
631 2424 677 2460 de
706 2426 801 2469 Deo,
835 2429 871 2461 et
897 2426 1103 2468 creaturis,
1140 2425 1215 2461 nisi
1248 2434 1345 2470 pure
1375 2425 1589 2471 aequivoce,
1631 2425 1741 2463 nulla

124 2469 416 2522 argumentatio
451 2469 536 2507 fieri
574 2474 710 2516 posset
741 2471 993 2518 procedendo
1027 2471 1074 2508 de
1114 2471 1306 2508 creaturis
1345 2471 1395 2511 ad
1438 2473 1560 2509 Deum
1578 2484 1587 2517 ;
1626 2472 1740 2520 cujus

127 2519 370 2556 contrarium
394 2519 498 2562 patet
517 2526 564 2554 ex
584 2517 772 2555 omnibus
792 2518 1048 2564 loquentibus
1068 2518 1115 2554 de
1134 2517 1295 2558 divinis.

171 2563 358 2615 Amplius,
377 2563 522 2600 frustra
541 2563 702 2616 aliquod
721 2573 867 2602 nomen
887 2565 933 2601 de
955 2565 1088 2611 aliquo
1107 2564 1355 2609 praedicatur,
1369 2564 1448 2602 nisi
1466 2575 1534 2612 per
1553 2565 1653 2604 illud
1673 2575 1740 2604 no-

125 2618 216 2650 men
236 2609 386 2657 aliquid
415 2610 461 2646 de
483 2618 529 2646 eo
551 2611 836 2658 intelligamus.
865 2611 940 2648 Sed
957 2612 989 2648 si
1013 2611 1176 2648 nomina
1208 2611 1394 2649 dicuntur
1411 2612 1458 2649 de
1478 2614 1558 2650 Deo
1578 2616 1615 2650 et
1632 2622 1739 2651 crea-

122 2656 227 2696 turis
265 2657 429 2698 omniuo
450 2657 664 2703 aequivoce,
681 2658 781 2695 nihil
801 2667 870 2703 per
889 2658 958 2694 illa
979 2658 1141 2695 nomina
1170 2658 1334 2696 omnino
1353 2658 1401 2695 de
1437 2661 1517 2696 Deo
1553 2660 1739 2707 intelligi-

120 2712 240 2748 ,mus;
256 2713 379 2750 quum
400 2703 718 2751 significationes
756 2704 916 2741 illorum
954 2704 1162 2742 nominum
1199 2709 1303 2745 notae
1338 2706 1419 2743 sint
1453 2706 1570 2743 nobis
1608 2708 1739 2745 solum

127 2751 348 2790 secundum
374 2751 480 2798 quod
507 2751 554 2788 de
575 2751 718 2788 creatis
739 2750 936 2788 dicuntur.
960 2752 1119 2790 Frustra
1141 2751 1262 2799 igitur
1280 2752 1489 2797 diceretur,
1512 2757 1579 2790 aut
1598 2755 1740 2800 proba-

123 2801 234 2845 retur
252 2797 299 2836 de
313 2799 393 2835 Deo
411 2798 517 2846 quod
537 2800 642 2836 Deus
671 2801 731 2835 est
751 2807 823 2835 ens
842 2798 986 2842 bonus,
1002 2799 1062 2836 vel
1077 2799 1111 2836 si
1130 2799 1224 2846 quid
1240 2799 1347 2837 aliud
1365 2800 1594 2846 hujusmodi
1618 2805 1690 2838 est.

123 2887 126 2890 Α
153 2845 211 2897 ‚Si
229 2848 360 2883 autem
380 2845 535 2883 dicatur
566 2845 672 2894 quod
689 2854 757 2890 per
776 2844 1005 2892 hujusmodi
1042 2846 1206 2885 nomina
1227 2846 1359 2883 solum
1388 2847 1436 2884 de
1456 2849 1536 2884 Deo
1568 2856 1738 2894 cognos-

121 2900 255 2932 cimus
275 2892 382 2940 quod
399 2901 481 2930 non
501 2895 574 2938 est,
597 2895 640 2930 ut
657 2892 812 2929 scilicet
830 2902 878 2930 ea
896 2892 1050 2930 ratione
1067 2893 1222 2931 dicatur
1239 2892 1391 2939 vivens,
1412 2893 1506 2941 quia
1520 2903 1601 2932 non
1613 2897 1671 2931 est
1691 2894 1740 2932 de
