1894 3223
664 120 752 156 LIB.
780 120 845 163 111,
873 119 973 156 CAP.
1001 118 1099 155 XXV.
1623 120 1693 155 289

61 210 154 241 nam
174 200 268 240 finis
287 209 424 238 earum
440 204 502 238 est
515 200 646 246 ipsum
673 200 774 237 scire
792 212 800 244 ;
827 209 899 237 nec
920 200 1119 238 invenitur
1138 200 1273 248 aliqua
1292 199 1394 238 actio
1417 199 1458 237 in
1478 199 1596 237 rebus
1618 200 1689 238 hu-

63 248 195 288 manis
216 257 304 296 quae
325 256 407 285 non
428 247 633 285 ordinetur
653 247 698 284 ad
722 247 842 284 alium
864 247 997 291 finem,
1026 247 1104 284 nisi
1126 247 1393 285 consideratio
1414 246 1685 293 speculativa;

59 304 154 336 nam
175 296 293 333 etiam
310 294 408 342 ipsae
427 295 606 332 actiones
637 293 813 337 ludicrae,
833 304 920 341 quae
951 295 1134 331 videntur
1153 295 1302 341 absque
1321 294 1398 331 fine
1418 293 1517 338 fieri,
1538 293 1686 331 habent

59 342 236 390 aliquem
256 341 377 380 finem
399 341 588 385 debitum,
607 341 761 379 scilicet
782 345 837 386 ut,
859 351 927 387 per
947 351 1015 378 eas
1031 341 1325 388 quodammodo
1350 345 1479 378 mente
1508 341 1684 382 relevati,

59 390 192 437 magis
212 389 340 427 simus
398 388 625 426 ostmodum
654 391 835 435 potentes
857 388 905 425 ad
935 389 1136 426 studiosas
1158 389 1434 435 operationes;
1457 388 1557 426 alias
1579 391 1688 426 esset

61 445 220 484 semper
239 436 359 474 luden
391 445 470 481 um,
486 436 520 474 si
537 435 654 473 ludus
670 439 828 481 propter
845 444 888 473 se
907 439 1161 483 qurereretur‚
1184 435 1289 483 quod
1304 439 1362 473 est
1382 435 1684 473 inconveniens.

62 484 305 523 ordinantur
340 483 463 531 igitur
497 486 603 521 artes
640 483 822 529 practicae
861 482 910 519 ad
949 483 1227 529 speculativas,
1262 486 1300 519 et
1329 483 1513 519 similiter
1553 482 1686 520 omnis

61 531 238 570 humana
257 530 434 577 operatio
456 530 505 582 ad
525 530 840 577 speculationem
862 529 1100 574 intellectus,
1124 530 1227 567 sicut
1245 529 1294 566 ad
1315 528 1448 567 finem.
1484 532 1527 566 In
1560 529 1690 566 omni-

60 578 138 616 bus
170 582 302 616 autem
335 577 517 616 scientiis
554 581 592 614 et
623 577 775 615 artibus
811 577 1029 621 ordinatis,
1072 576 1120 614 ad
1153 577 1262 613 illam
1297 576 1452 613 videtur
1491 576 1690 623 pertinere

61 625 228 663 ultimus
265 624 358 663 finis
390 633 479 672 quae
512 628 573 662 est
599 624 832 671 praeceptiva
866 628 903 661 et
923 623 1232 661 architectonica
1260 622 1456 667 aliarum3
1485 624 1590 660 sicut
1620 631 1689 661 ars

64 672 361 720 gubernatoria,
400 672 449 709 ad
488 681 606 719 quam
630 672 800 717 pertinet
831 670 923 708 finis
955 671 1080 714 navis,
1119 670 1186 717 qui
1226 673 1287 707 est
1318 679 1417 707 usus
1454 669 1596 716 ipsius,
1630 672 1692 707 est

63 719 373 757 architectonica
393 723 429 756 et
460 720 693 765 praeceptiva
731 722 910 764 respectu
942 717 1201 755 navifactivae.
1235 718 1314 754 Hoc
1335 721 1466 754 autem
1489 717 1607 754 modo
1647 726 1691 754 se

64 766 184 805 habet
208 766 469 812 Philosophia
501 766 629 813 prima
661 765 710 803 ad
740 765 839 803 alias
855 765 1044 802 scientias
1073 764 1365 810 speculativas3
1399 773 1491 800 nam
1519 763 1567 800 ab
1604 763 1692 809 ipsa

65 822 206 851 omnes
226 813 314 851 aliae
335 812 570 860 dependent,
603 816 738 860 utpote
759 813 806 849 ab
828 813 914 858 ipsa
942 811 1182 857 accipientes
1209 820 1283 848 sua
1315 811 1510 857 principia
1531 814 1568 847 et
1589 810 1692 847 dire-

62 861 239 898 ctionem
275 863 415 898 contra
449 863 642 907 negant-es
682 860 901 906 principia;
936 858 1100 906 ipsaque
1135 858 1263 904 prima
1313 857 1574 903 Philosophia
1610 861 1741 909 tota*-xx

68 907 275 946 ordinatur
294 907 343 944 ad
363 907 431 944 Dei
457 907 728 954 cognitionem
757 907 859 943 sicut
879 906 926 943 ad
951 906 1131 942 ultimum
1163 905 1278 942 finem
1299 917 1308 949 ;
1330 905 1434 942 unde
1465 908 1501 942 et
1522 904 1692 942 scientia

65 954 201 992 divina
221 954 462 992 nominatur.
487 956 554 991 Est
573 963 670 999 ergo
691 953 867 1001 cognitio
901 952 1035 990 divina
1055 952 1147 990 finis
1167 953 1332 989 ultimus
1353 952 1484 989 omnis
1506 951 1691 989 humanae

69 1001 317 1048 cognitionis
335 1005 374 1038 et
390 1000 647 1047 operationis.

113 1048 257 1088 Adhuc,
271 1048 313 1084 in
333 1048 521 1085 omnibus
537 1046 747 1094 agentibus
762 1050 799 1083 et
822 1046 1072 1084 moventibus
1086 1046 1293 1088 ordinatis,
1308 1050 1461 1091 oportet
1481 1047 1587 1093 quod
1601 1046 1694 1084 finis

67 1095 186 1142 primi
218 1094 375 1141 agentis
407 1098 445 1131 et
482 1093 650 1131 motoris
675 1093 726 1131 sit
755 1093 919 1131 ultimus
958 1093 1050 1130 finis
1089 1093 1282 1137 omnium,
1317 1094 1421 1130 sicut
1451 1092 1543 1130 finis
1582 1093 1695 1131 ducis

64 1141 265 1180 exercitus
285 1144 347 1179 est
366 1140 458 1178 finis
479 1141 657 1179 omnium
679 1140 754 1178 sub
778 1149 825 1178 eo
845 1140 1115 1177 militantium.
1133 1142 1237 1177 Inter
1256 1148 1396 1177 omnes
1417 1144 1548 1177 autem
1564 1140 1694 1178 homi-

68 1189 133 1227 nis
151 1192 283 1235 partes
315 1188 540 1226 intellectus
569 1188 770 1225 invenitur
800 1187 982 1233 superior
1009 1191 1162 1232 motor;
1186 1196 1277 1224 nam
1307 1187 1533 1225 intellectus
1563 1191 1696 1224 movet

69 1236 300 1282 appetitum,
318 1235 577 1282 proponendo
597 1235 633 1273 ei
655 1244 772 1273 suum
799 1235 1011 1282 objectum.
1035 1234 1240 1282 Appetitus
1261 1237 1394 1272 autem
1412 1234 1693 1279 intellectivus,

65 1284 137 1330 -qui
167 1287 228 1320 est
244 1282 445 1328 voluntas,
467 1285 599 1320 movet
627 1282 824 1328 appetitus
845 1282 1075 1327 sensitivos‚
1109 1281 1177 1329 qui
1197 1284 1291 1319 sunt
1312 1281 1528 1319 irascibilis
1549 1285 1587 1318 et
1604 1291 1697 1319 con-

69 1330 317 1377 cupiscibilis
336 1341 344 1374 ;
384 1329 488 1367 unde
533 1333 572 1367 et
605 1329 940 1376 concupiscentiae
989 1338 1068 1366 non
1117 1329 1326 1366 obedimus
1365 1329 1444 1366 nisi
1477 1329 1695 1366 voluntatis

70 1377 280 1423 imperium
300 1377 416 1415 adsit.
434 1377 638 1424 Appetitus
668 1381 800 1414 autern
830 1376 1047 1414 sensitivus
1076 1376 1310 1414 adveniente
1330 1385 1534 1414 consensu
1554 1376 1693 1413 volun-

70 1425 164 1461 tatis
181 1424 403 1470 movetjam
422 1433 582 1470 corpus.
599 1424 706 1461 Finis
724 1423 846 1470 igitur
860 1423 1085 1460 intellectus
1102 1427 1162 1461 est
1182 1422 1274 1461 finis
1290 1423 1471 1460 omniurn
1490 1422 1694 1460 actionum

73 1472 349 1509 humanarum.
373 1471 480 1508 Finis
502 1474 631 1508 autem
654 1474 692 1507 et
722 1470 871 1507 bonum
896 1470 1121 1508 intellectus
1153 1473 1213 1507 est
1240 1479 1390 1514 verum,
1411 1473 1448 1506 et
1468 1479 1537 1515 per
1554 1479 1694 1506 conse-

68 1527 200 1565 quens
221 1518 386 1555 ultimus
406 1517 498 1554 finis
519 1518 690 1563 primum
720 1526 870 1554 verum.
897 1519 962 1554 Est
983 1517 1103 1563 igitur
1125 1517 1288 1554 ultimus
1309 1516 1402 1554 finis
1423 1518 1545 1554 totius
1568 1516 1696 1553 homi-

72 1565 137 1603 nis
158 1568 195 1602 et
227 1564 407 1602 omnium
446 1565 722 1611 operationum
744 1568 782 1601 et
802 1564 1090 1601 desideriorum
1128 1564 1214 1610 ejus
1249 1572 1494 1610 cognoscere
1524 1564 1694 1610 primum

72 1621 224 1655 verum,
244 1611 350 1658 quod
370 1615 431 1649 est
446 1612 566 1649 Deus.
705 1623 715 1632 ·

120 1659 304 1704 Amplius,
343 1657 894 1696 naturaliterinestomnibus
916 1657 1147 1694 hominibus
1169 1657 1409 1694 desiderium
1427 1656 1699 1704 cognoscendi

71 1714 217 1744 causas
232 1713 369 1743 eorum
390 1715 476 1752 quae
488 1705 670 1743 videntur
684 1717 692 1749 ;
706 1704 824 1750 unde,
838 1709 996 1750 propter
1011 1705 1313 1741 admirationem
1332 1713 1470 1741 eorum
1490 1714 1577 1750 quae
1593 1704 1700 1741 vide-

73 1753 230 1794 bantur,
270 1761 439 1800 quorum
468 1761 599 1790 causae
620 1752 807 1797 latebant,
829 1752 1013 1789 homines
1031 1752 1157 1796 primo
1179 1751 1453 1797 philosophari
1472 1754 1701 1797 coeperunt3

73 1799 324 1838 invenientes
356 1803 485 1836 autem
516 1808 679 1837 causam
716 1799 986 1846 quiescebant.
1014 1801 1090 1834 Nec
1123 1798 1228 1835 sistit
1261 1798 1468 1844 inquisitio
1490 1806 1701 1844 quousque

73 1846 326 1894 perveniatur
357 1847 405 1883 ad
434 1847 602 1892 primam
633 1855 816 1889 causam3
838 1849 876 1882 et
905 1850 999 1882 tunc
1021 1845 1189 1891 perfecte
1222 1853 1297 1882 nos
1325 1845 1427 1881 scire
1463 1845 1701 1882 arbitramur

70 1893 234 1942 quando
259 1893 425 1939 primam
447 1902 609 1931 causam
631 1893 928 1940 cognoscimus.
957 1892 1161 1929 Desiderat
1181 1892 1302 1938 igitur
1320 1892 1441 1928 homo
1464 1891 1701 1929 naturaliter

73 1949 320 1988 cognoscere
339 1941 506 1987 primam
528 1949 690 1978 causam
711 1940 826 1987 quasi
852 1939 1035 1976 ultimum
1056 1938 1189 1976 finem.
1213 1939 1344 1976 Prima
1366 1942 1497 1976 autem
1519 1939 1701 1976 omnium

73 1996 200 2027 causa
217 1989 322 2026 Deus
339 1991 412 2026 est.
433 1989 502 2025 Est
520 1987 642 2035 igitur
659 1988 823 2025 ultimus
843 1986 935 2023 finis
956 1986 1132 2023 hominis
1153 1995 1396 2033 cognoscere
1417 1987 1556 2024 Deum.

121 2036 312 2076 Praeterea‚
352 2034 566 2081 cujuslibet
603 2033 767 2072 effectus
789 2034 938 2081 cogniti
971 2033 1204 2070 naturaliter
1239 2034 1359 2070 homo
1398 2042 1561 2071 causam
1594 2033 1700 2070 scire

75 2081 288 2119 desiderat.
313 2081 542 2119 Intellectus
562 2084 693 2119 autem
712 2081 912 2119 humanus
930 2081 1139 2127 cognoscit
1154 2089 1226 2118 ens
1239 2080 1479 2117 universale.
1495 2080 1702 2117 Desiderat

77 2128 200 2175 igitur
229 2127 463 2166 naturaliter
497 2136 741 2175 cognoscere
778 2136 941 2165 causam
978 2127 1078 2174 ejus,
1113 2137 1200 2174 quae
1237 2128 1368 2164 solum
1403 2129 1507 2164 Deus
1549 2130 1621 2171 est,
1659 2129 1704 2164 ut

77 2174 288 2222 probatum
309 2178 370 2212 est
390 2174 430 2221 (l.
448 2183 492 2220 11,
507 2185 541 2212 c.
559 2175 631 2221 15).
652 2177 738 2212 Non
758 2178 818 2212 est
831 2178 962 2212 autem
979 2174 1125 2221 aliquis
1146 2177 1355 2211 assecutus
1373 2173 1490 2211 finem
1514 2173 1699 2211 ultimum

76 2230 288 2269 quousque
309 2221 487 2258 naturale
502 2221 744 2259 desiderium
758 2221 950 2269 quiescat.
972 2223 1059 2259 Non
1080 2220 1228 2259 sufficit
1245 2221 1379 2268 igitur,
1402 2220 1451 2258 ad
1473 2220 1701 2258 felicitatem

77 2268 310 2313 humanam,
331 2277 418 2315 quae
450 2271 511 2305 est
544 2268 709 2306 ultimus
736 2268 844 2313 finis,
877 2268 1181 2315 qualiscumque
1211 2267 1476 2314 intelligibilis
1508 2267 1702 2313 cognitio,

78 2315 159 2353 nisi
181 2315 315 2352 divina
335 2315 511 2361 cognitio
527 2315 644 2359 adsit,
665 2325 753 2362 quae
780 2315 959 2352 naturale
980 2315 1222 2352 desiderium
1245 2315 1396 2360 quietet
1416 2314 1520 2351 sicut
1538 2314 1703 2350 ultimus

80 2361 188 2400 finis.
210 2363 277 2399 Est
295 2361 417 2409 igitur
436 2362 601 2400 ultimus
618 2362 711 2399 finis
726 2362 902 2400 hominis
922 2362 1009 2408 ipsa
1025 2362 1093 2398 Dei
1115 2361 1306 2407 cognitio.

126 2409 310 2455 Amplius,
332 2417 478 2454 corpus
508 2408 614 2456 quod
638 2409 808 2447 naturali
830 2409 1004 2455 appetitu
1024 2408 1150 2445 tendit
1169 2409 1210 2444 in
1231 2416 1349 2444 suum
1365 2407 1439 2448 ubi,
1461 2409 1570 2443 tanto
1589 2405 1704 2442 vehe-

79 2456 254 2494 mentius
275 2458 313 2492 et
349 2455 531 2492 volocius
564 2458 757 2499 movetur,
793 2459 942 2502 quanto
981 2455 1110 2502 magis
1140 2454 1429 2500 appropinquat
1467 2453 1563 2497 fini;
1598 2452 1704 2490 unde

79 2501 221 2550 probat
252 2501 484 2540 Aristoteles
505 2502 572 2549 (De
593 2501 708 2547 coelo,
740 2511 769 2547 1,
801 2505 897 2540 text.
931 2510 1075 2539 comm.
1108 2501 1167 2547 44)
1205 2500 1312 2548 quod
1345 2503 1479 2538 motus
1511 2499 1704 2537 naturalis

79 2552 213 2587 rectus
231 2557 313 2586 non
332 2553 571 2595 potestesse
596 2549 645 2586 ad
673 2547 888 2592 infinitum,
923 2549 1017 2595 quia
1037 2557 1118 2584 non
1149 2548 1278 2593 magis
1307 2551 1539 2584 moveretur
1563 2549 1704 2593 postea

80 2605 201 2643 quam
233 2596 357 2642 prius.
395 2596 508 2640 Quod
538 2596 660 2642 igitur
694 2595 970 2632 vehementius
1007 2595 1049 2631 in
1084 2594 1234 2641 aliquid
1261 2594 1388 2631 tendit
1425 2597 1703 2641 posteaquam

80 2643 208 2690 prius,
229 2651 311 2680 non
329 2646 510 2680 movetur
523 2643 572 2680 ad
587 2641 801 2687 infinitum,
817 2641 887 2679 sed
905 2642 954 2678 ad
975 2641 1125 2688 aliquid
1141 2641 1445 2678 determinatum
1460 2640 1599 2678 tendit.
1622 2642 1705 2677 Hoc

82 2693 215 2728 mitem
234 2690 460 2727 invenimus
492 2690 534 2726 in
563 2689 762 2726 desiderio
792 2688 968 2732 sciendi;
997 2691 1145 2735 quanto
1175 2688 1280 2724 enim
1302 2688 1447 2735 aliquis
1479 2688 1594 2734 plura
1614 2688 1704 2731 scit,

80 2738 193 2774 tanto
214 2736 354 2783 majori
382 2736 580 2774 desiderio
611 2735 768 2773 affectat
799 2735 915 2772 scire.
946 2735 1085 2771 Tendit
1103 2734 1225 2782 igitur
1245 2734 1487 2772 desiderium
1524 2734 1704 2772 naturale

82 2782 260 2820 hominis
279 2784 322 2820 in
359 2784 524 2821 sciendo
545 2783 594 2821 ad
631 2783 804 2829 aliquem
843 2782 1146 2820 determinatum
1182 2781 1315 2819 finem.
1338 2783 1418 2818 Hoc
1449 2785 1580 2819 autern
1623 2789 1704 2817 non

81 2832 216 2881 potest
234 2839 323 2867 esse
357 2831 466 2868 aliud
497 2840 615 2878 quam
649 2828 946 2866 nobilissimum
978 2829 1132 2873 scibile,
1153 2828 1258 2875 quod
1280 2830 1385 2865 Deus
1404 2833 1477 2866 est.
1499 2831 1563 2865 Est
1584 2828 1706 2873 igitur

84 2875 262 2922 cognitio
286 2877 420 2915 divina
448 2877 542 2915 finis
571 2877 737 2915 ultimus
771 2876 962 2914 hominis.
1000 2875 1169 2913 Ultimus
1202 2878 1334 2913 autem
1355 2875 1446 2913 finis
1469 2874 1644 2912 hominis
1669 2876 1706 2909 et

1545 2952 1581 2981 t9
