1894 3223
106 98 152 134 50
708 95 796 130 LIB.
825 95 854 137 1,
882 94 982 130 CAP.
1009 94 1126 131 XLIV.

106 178 332 226 procedere,
364 176 433 214 sed
461 180 615 223 oportet
646 175 811 212 mobilia
840 175 975 211 omnia
1004 175 1203 219 reducere,
1231 178 1273 212 ut
1298 175 1507 221 probatum
1535 179 1597 213 est
1619 177 1722 224 (cap.

111 225 168 271 13)
188 225 229 261 111
266 233 388 260 unum
409 224 580 270 primum
601 230 767 259 movens
787 222 977 267 seipsum.
993 223 1152 258 Movens
1172 224 1308 259 autem·
1319 223 1510 268 seipsum,
1528 232 1570 260 se
1593 228 1726 261 movet

107 281 176 319 per
213 272 428 317 appetitum
470 274 506 306 et
539 268 910 315 apprehensionem.
933 269 1026 305 Sola
1060 269 1163 305 enim
1203 269 1430 315 hujusmodi
1467 270 1724 308 inveniuntur

108 319 241 364 seipsa
277 327 448 361 movere,
470 320 604 362 utpote
626 316 667 351 in
689 315 834 362 quibus
855 318 913 352 est
943 324 1114 360 movere,
1136 319 1174 352 et
1194 325 1273 353 non
1292 317 1455 353 moveri.
1477 318 1571 353 Pars
1601 318 1724 364 igitur

107 374 286 405 movens,
309 365 349 400 in
370 364 497 409 primo
526 366 709 399 movente
737 363 928 407 seipsum,
951 366 1105 408 oportet
1124 363 1229 408 quod
1252 363 1303 399 sit
1326 367 1514 409 appetens
1529 368 1566 400 et
1586 373 1723 409 appre-

108 412 300 449 hendens.
324 413 367 446 In
390 413 499 446 motu
517 413 648 446 antem
670 409 737 456 qui
753 413 812 445 est
830 419 899 454 per
919 409 1132 455 appetitum
1154 413 1191 446 et
1211 410 1582 455 apprehensionem,
1606 421 1722 456 appe·

110 463 196 496 tens
218 462 256 494 et
275 456 576 502 apprehendens
597 460 656 493 est
673 465 838 492 movens
867 460 1033 492 motum.
1048 456 1373 502 Apprehensibile
1389 461 1518 493 autem
1534 461 1569 493 et
1586 467 1723 503 appre-

108 506 276 543 hensum
299 507 359 540 est
373 512 538 541 movens
554 513 635 541 non
656 507 821 539 motum.
845 503 939 538 Cum
960 503 1081 549 igitur
1100 503 1138 539 id
1153 504 1256 549 quod
1278 508 1338 540 est
1358 505 1536 540 omnium
1552 505 1722 550 primum

107 560 286 594 movens,
309 550 414 596 quod
453 552 574 587 Deum
609 550 793 593 dicimus,
816 549 868 586 sit
904 558 1068 586 movens
1089 550 1252 587 omnino
1280 560 1361 587 non
1382 555 1546 595 motum,
1569 555 1725 597 oportet

107 598 213 645 quod
249 601 500 643 comparetur
539 597 585 634 ad
618 601 826 641 motorem,
848 596 914 642 qui
954 600 1013 632 est
1047 596 1198 641 primus
1219 606 1382 634 movens
1405 599 1596 643 seipsum,
1620 599 1723 635 sicut

108 644 319 691 appetibile
341 644 389 680 ad
411 648 671 690 appetentem,
696 652 776 680 non
810 647 941 679 autem
972 643 1075 680 sicut
1094 644 1303 688 appetibile
1325 646 1501 681 sensuali
1533 646 1722 691 appetitu.

106 694 203 729 Nam
241 692 436 737 appetitus
465 691 666 728 sensualis
699 700 779 727 non
811 694 868 726 est
889 690 983 726 boni
1006 690 1250 735 simpliciter,
1281 691 1350 727 sed
1389 692 1506 737 hujus
1545 692 1722 737 praedicti

107 739 218 783 boni,
241 748 330 774 cum
352 742 389 775 et
408 738 673 784 apprehensio
693 746 840 774 sensus
861 746 941 773 non
963 737 1014 773 sit
1033 736 1111 773 nisi
1132 737 1395 782 particularis.
1409 739 1450 775 Id
1467 742 1597 775 autem
1618 739 1724 785 quod

109 789 169 822 est
189 785 336 822 bonum
354 789 392 821 et
411 785 621 831 appetibile
643 785 889 830 simpliciter,
913 788 972 820 est
986 784 1097 829 prius
1118 793 1164 820 eo
1183 784 1287 830 quod
1307 788 1365 821 est
1385 785 1534 821 bonum
1551 789 1587 821 et
1605 795 1722 831 appe-

109 833 221 869 tibile
257 836 300 868 ut
322 833 385 868 1110
406 836 444 868 01
476 841 595 869 1111110.
621 833 781 877 Oportet
801 831 921 877 igitur
943 832 1113 876 primum
1137 840 1300 868 movens
1334 841 1422 868 esse
1441 832 1665 877 appetibile,
1682 835 1724 869 ut

108 879 351 916 intellectum
372 891 380 923 ;
404 883 440 915 01
464 879 518 916 ita
547 883 701 925 oportet
719 887 882 915 movens
908 878 1012 924 quod
1034 878 1338 924 appetitipsum,
1359 887 1447 915 esse
1480 879 1722 925 intelligens.

106 926 227 964 Multo
248 927 369 971 igitur
390 927 519 973 magis
541 930 576 962 et
604 927 734 971 ipsum
766 925 934 971 primum
956 925 1164 970 appetibile
1183 926 1257 962 erit
1273 925 1514 971 intelligens.
1538 926 1638 969 Quia
1656 935 1724 972 ap-

106 977 245 1020 petens
264 974 396 1018 ipsum
417 972 460 1009 fit
497 973 726 1019 intelligens
752 976 841 1009 actu
858 982 927 1018 per
947 972 1035 1016 hoc,
1056 972 1161 1018 quod
1194 972 1229 1008 ei
1262 976 1449 1019 tanquam
1472 973 1724 1020 intelligibile

105 1020 254 1058 unitur.
279 1022 438 1066 Oportet
465 1020 587 1067 igitur
611 1022 733 1056 Deum
764 1028 852 1056 esse
873 1020 1175 1065 intelligentem,
1196 1020 1298 1056 sacta
1318 1020 1594 1065 suppositione
1617 1020 1724 1066 quod

104 1067 275 1114 primum
309 1071 459 1103 motum
499 1070 654 1104 moveat
691 1067 881 1112 seipsum,
904 1070 946 1102 ut
964 1066 1192 1112 philosophi
1214 1066 1497 1114 (Metaphysic.‚
1529 1075 1600 1112 XII,
1627 1071 1721 1104 text.

107 1123 250 1152 comm.
272 1114 328 1158 36)
344 1115 568 1150 voluerunt.

155 1161 299 1202 Adhuc,
323 1161 426 1197 idem
445 1170 610 1198 necesse
632 1164 692 1198 est
711 1161 824 1207 sequi
846 1160 880 1197 si
899 1159 966 1196 fiat
984 1160 1161 1197 reductio
1183 1160 1390 1197 mobilium
1406 1161 1541 1197 nonin
1560 1161 1723 1207 aliquod

106 1209 277 1254 primum
299 1217 463 1244 movens
484 1208 675 1254 seipsum,
696 1208 766 1245 sed
787 1208 825 1243 in
842 1216 1006 1244 movens
1021 1207 1415 1244 01111111101111111011110.
1438 1210 1532 1244 Nam
1551 1209 1723 1253 primum

106 1263 274 1292 movens
311 1258 371 1292 est
407 1254 631 1292 universale
660 1255 896 1301 principium
932 1258 1078 1291 motus.
1114 1255 1274 1299 Oportet
1304 1254 1426 1300 igitur
1462 1255 1565 1301 quod
1605 1264 1723 1291 omne

105 1311 272 1339 movens
293 1305 449 1338 moveat
468 1311 537 1348 per
557 1302 731 1349 aliquam
753 1302 916 1338 formam
950 1310 1067 1347 quam
1105 1301 1273 1337 intendit
1303 1301 1345 1337 in
1376 1302 1585 1346 movendo,
1617 1302 1724 1348 quod

106 1349 234 1386 forma
253 1358 323 1394 per
343 1358 459 1396 quam
482 1353 612 1385 movet
632 1350 802 1394 primum
823 1357 987 1385 movens
1012 1349 1064 1384 sit
1083 1347 1322 1385 universalis
1348 1348 1474 1385 forma
1494 1353 1531 1384 et
1566 1350 1723 1385 univer-

106 1396 188 1433 sale
206 1396 369 1432 bonum.
394 1398 534 1432 Forma
554 1399 683 1432 autem
706 1405 774 1441 per
789 1396 951 1431 modurn
972 1395 1236 1431 universalem
1263 1404 1343 1432 non
1365 1395 1564 1432 invenitur
1582 1397 1659 1433 nisi
1681 1396 1723 1432 in

104 1442 323 1480 intellectu.
347 1445 505 1488 Oportet
526 1443 646 1489 igitur
666 1444 835 1488 primum
858 1451 1022 1479 movens
1043 1442 1147 1488 quod
1167 1444 1271 1479 Deus
1290 1446 1350 1479 est
1366 1452 1454 1479 esse
1474 1443 1722 1489 intelligens.

154 1490 337 1534 Amplius,
361 1490 400 1525 in
423 1490 532 1526 nullo
551 1490 688 1526 ordine
714 1490 955 1526 moventium
979 1489 1191 1533 invenitur,
1214 1489 1319 1536 quod
1338 1499 1502 1527 movens
1522 1499 1592 1536 per
1612 1490 1724 1527 intel-

104 1537 250 1576 lectum
273 1537 324 1573 sit
344 1537 651 1573 instrumentum
673 1537 758 1583 ejus
779 1537 884 1583 quod
905 1540 1036 1573 movet
1059 1536 1208 1583 absque
1237 1537 1454 1581 intellectu,
1490 1537 1560 1573 sed
1592 1537 1722 1583 magis

103 1593 126 1621 0
145 1592 351 1620 converso.
376 1583 517 1620 Omnia
537 1588 667 1620 autem
695 1584 893 1620 moventia
925 1593 1011 1630 quae
1045 1587 1138 1620 sunt
1169 1584 1209 1619 in
1241 1584 1404 1626 mundo,
1441 1588 1725 1629 comparantur

105 1630 151 1668 ad
173 1631 341 1676 primum
364 1640 527 1667 movens
543 1631 646 1677 quod
669 1633 772 1668 Deus
788 1635 860 1672 est,
878 1630 982 1667 sicut
997 1631 1261 1667 instrumenta
1279 1631 1327 1667 ad
1342 1640 1465 1677 agens
1488 1631 1720 1677 principale.

105 1678 201 1715 Cum
222 1678 344 1723 igitur
363 1678 402 1714 in
424 1678 573 1714 mundo
595 1678 848 1714 inveniantur
874 1678 998 1714 multa
1030 1678 1228 1714 moventia
1260 1687 1329 1723 per
1357 1678 1618 1723 intellectum,
1653 1678 1725 1715 im-

103 1725 296 1770 possibile
318 1728 377 1760 est
410 1725 514 1771 quod
536 1725 706 1770 primum
740 1734 904 1762 movens
936 1728 1092 1761 moveat
1121 1724 1270 1771 absque
1303 1725 1520 1761 intellectu.
1550 1727 1724 1762 Necesse

104 1775 166 1808 est
185 1771 306 1816 igitur
330 1772 450 1807 Deum
474 1780 562 1808 esse
583 1772 883 1818 intelligentem.

150 1819 251 1857 Item,
272 1827 319 1853 ex
340 1818 414 1854 hoc
436 1818 570 1864 aliqua
601 1827 664 1855 res
699 1822 759 1855 est
787 1819 1030 1864 intelligens,
1063 1817 1169 1863 quod
1200 1818 1368 1855 estsine
1390 1819 1567 1862 materia,
1603 1821 1718 1865 cujus

69 1907 73 1909 ,
104 1863 265 1910 Signum
299 1868 357 1901 est
389 1865 494 1911 quod
525 1866 661 1901 formae
694 1865 794 1901 fiunt
825 1866 1034 1901 intellectae
1067 1865 1108 1901 in
1141 1868 1230 1901 actu
1259 1875 1330 1911 per
1359 1866 1666 1902 abstractionem
1700 1875 1724 1903 a

103 1911 283 1955 materia,
305 1911 410 1947 unde
431 1915 468 1947 et
488 1912 712 1949 intellectus
733 1916 792 1948 est
812 1912 1111 1955 universalium,
1131 1916 1169 1948 et
1199 1921 1280 1948 11011
1318 1913 1596 1959 singularium,
1629 1913 1723 1960 quia

102 1958 270 1994 materia
291 1962 350 1994 est
370 1958 698 1996 individuationis
719 1959 972 2004 principium.
996 1961 1144 1995 Formae
1168 1963 1298 1995 autem
1321 1960 1530 1996 intellectae
1551 1961 1593 1995 in
1615 1964 1719 2004 actu,

103 2004 204 2042 fiunt
222 2014 344 2041 unum
371 2015 459 2041 cum
482 2006 683 2042 intellectu
703 2011 791 2043 actu
809 2007 1069 2052 intelligente.
1093 2005 1199 2042 Unde
1219 2006 1252 2043 si
1285 2016 1332 2042 ex
1352 2007 1428 2043 1100
1460 2011 1553 2044 511111
1582 2007 1721 2044 formae

102 2051 312 2089 intellectae
334 2052 373 2087 in
393 2056 495 2095 actu,
518 2053 620 2099 quod
645 2057 737 2090 sunt
759 2054 845 2090 sine
866 2053 1044 2097 materia,
1067 2057 1221 2098 oportet
1240 2063 1321 2089 rem
1359 2054 1532 2100 aliquam
1564 2063 1611 2090 ex
1644 2054 1721 2091 hoc

103 2107 193 2135 esse
213 2099 514 2144 intelligentem,
536 2100 641 2146 quod
671 2104 730 2137 est
763 2101 849 2137 sine
882 2101 1059 2136 materia.
1095 2101 1307 2137 Ostensum
1341 2104 1400 2137 est
1433 2105 1563 2138 autem
1600 2109 1722 2147 supra.

103 2145 203 2193 (cap.
229 2148 271 2182 16
289 2149 327 2182 01
345 2146 403 2192 20)
438 2148 559 2183 Deum
581 2156 669 2184 esse
691 2148 855 2184 omnino
883 2147 1197 2184 immaterialem.
1227 2149 1294 2184 Est
1322 2147 1443 2194 igitur
1473 2147 1723 2194 intelligens.

148 2193 293 2234 Adhuc,
316 2194 395 2229 Deo
414 2193 523 2230 nulla
542 2194 731 2240 perfectio
757 2195 879 2235 deest,
901 2204 987 2241 quae
1008 2195 1048 2230 in
1078 2195 1211 2241 aliquo
1241 2204 1385 2241 genere
1421 2195 1569 2231 entium
1608 2196 1718 2231 inve·

101 2238 246 2283 niatur,
267 2243 446 2285 utsupra
467 2240 565 2287 (cap.
581 2241 640 2287 28)
663 2245 868 2278 ostensum
890 2245 963 2286 est,
984 2250 1057 2277 nec
1077 2251 1124 2277 ex
1149 2242 1224 2278 hoc
1245 2242 1378 2288 aliqua
1408 2241 1647 2287 compositio
1676 2242 1720 2279 in

103 2296 150 2324 eo
183 2287 453 2333 consequitur,
486 2292 529 2323 ut
559 2288 675 2324 etiam
704 2298 750 2324 ex
781 2288 1055 2334 superioribus
1089 2288 1188 2334 (cap.
1222 2289 1278 2334 18)
1313 2292 1431 2334 patet.
1459 2290 1564 2324 Inter
1594 2288 1721 2334 perfe-

101 2334 255 2370 ctiones
271 2338 399 2370 autem
420 2343 548 2370 rerum
566 2335 775 2380 potissima
790 2335 972 2382 estquod
994 2335 1144 2381 aliquid
1159 2335 1211 2372 sit
1227 2335 1525 2372 intellectivum.
1539 2337 1636 2371 Nam
1652 2344 1723 2381 per

102 2380 177 2417 hoc
199 2381 328 2426 ipsum
351 2384 410 2418 est
439 2381 734 2427 quodammodo
765 2382 914 2423 omnia,
937 2382 1088 2418 habens
1108 2382 1150 2418 in
1169 2390 1212 2419 se
1239 2382 1418 2419 omnium
1437 2383 1718 2429 perfectiones.

102 2428 206 2464 Deus
227 2428 348 2474 igitur
370 2431 431 2465 est
447 2428 690 2475 intelligens.

144 2475 248 2525 item,
268 2484 385 2511 omne
397 2475 501 2521 quod
521 2476 647 2512 tendit
668 2475 925 2513 determinate
945 2476 987 2512 in
1008 2475 1180 2522 aliquem
1202 2475 1336 2520 finem,
1357 2479 1425 2513 aut
1453 2476 1584 2522 ipsum
1619 2485 1719 2522 prae·

102 2522 229 2557 stituit
256 2522 330 2558 sibi
354 2521 487 2566 finem,
512 2527 578 2559 aut
595 2523 855 2568 praestituitur
874 2523 908 2559 ei
937 2522 1029 2559 finis
1062 2523 1109 2559 ab
1143 2523 1235 2560 alio.
1269 2523 1376 2560 Alias
1408 2532 1487 2560 non
1517 2523 1646 2569 magis
1677 2522 1720 2560 in

102 2566 209 2603 hunc
233 2577 349 2619 quam
372 2569 412 2604 iu
432 2569 543 2605 illum
561 2569 679 2607 finem
701 2570 934 2607 intenderet.
957 2570 1160 2615 Naturalia
1188 2573 1318 2607 autem
1350 2570 1516 2606 tendunt
1548 2569 1589 2605 in
1617 2568 1720 2607 fines

101 2614 399 2665 determinatos.
424 2617 508 2652 Non
530 2616 635 2653 enim
665 2626 688 2654 a
722 2626 817 2654 casu
849 2617 1052 2654 naturales
1082 2617 1271 2654 utilitates
1304 2620 1618 2662 consequuntur.
1652 2616 1716 2653 Sic

100 2668 206 2697 enim
229 2670 307 2697 non
327 2665 461 2698 essent
477 2671 633 2709 semper
653 2664 775 2700 autin
790 2664 985 2711 pluribus,
1008 2664 1078 2701 sed
1098 2673 1200 2701 raro.
1218 2665 1364 2700 Horum
1386 2664 1492 2699 enim
1507 2666 1567 2700 est
1580 2671 1715 2700 casus.

102 2708 196 2744 Cum
215 2717 309 2754 ergo
330 2708 417 2754 ipsa
437 2718 516 2745 non
538 2710 786 2754 praestituant
806 2712 882 2748 sibi
904 2711 1037 2756 finem,
1059 2712 1151 2758 quia
1184 2711 1376 2747 rationem
1407 2709 1500 2746 finis
1532 2718 1612 2746 non
1647 2718 1713 2746 co·

100 2758 486 2807 gnoscunnoportet
502 2756 606 2802 quod
628 2757 686 2793 eis
707 2759 975 2802 praestituatur
989 2758 1081 2795 finis
1103 2758 1150 2794 ab
1165 2757 1257 2801 alio,
1279 2757 1345 2803 qui
1369 2756 1422 2793 sit
1449 2760 1599 2793 naturae
1632 2756 1716 2794 ins·

102 2805 253 2838 tltutor.
284 2803 353 2838 Η10
391 2805 522 2839 autem
561 2806 622 2840 est
655 2804 721 2850 qui
755 2805 902 2850 praebet
933 2805 1120 2842 omnibus
1151 2813 1254 2847 esse,
1276 2807 1314 2839 et
1340 2806 1401 2840 est
1432 2813 1501 2849 per
1541 2804 1721 2849 seipsum

101 2856 266 2887 necesse
287 2857 390 2895 esse,
412 2858 528 2897 (1110111
548 2851 671 2887 Deum
690 2851 874 2898 dicimus,
896 2856 938 2890 ut
956 2861 1004 2889 ex
1031 2851 1269 2898 supradictis
1285 2850 1384 2897 (cap.
1402 2853 1445 2888 13
1463 2854 1499 2888 et
1522 2850 1579 2898 37)
1594 2853 1714 2898 patet.
