1894 3223
677 32 768 70 Lm.
794 31 860 77 111,
888 31 988 68 CAP.
1014 31 1120 68 xm.
1641 33 1709 68 307

86 115 131 154 in
150 113 328 160 potentia
348 113 467 151 saciet
483 113 524 150 in
541 116 631 150 actu
654 113 772 160 (quod
805 117 866 150 est
898 114 1232 158 complementum
1264 113 1400 159 primoe
1432 113 1707 160 operationis),

88 166 127 200 et
146 171 216 207 per
235 161 311 198 hoc
329 160 434 208 quod
457 160 650 207 intelliget
671 160 806 196 omnia
824 160 1092 206 intelligibilia
1106 163 1288 206 separata
1307 164 1343 196 et
1365 169 1445 197 non
1466 164 1659 206 separata.

137 209 267 253 Quum
287 211 419 245 autem
444 206 672 244 intellectus
701 207 910 259 possibilis
938 216 1016 243 non
1050 208 1178 252 possit
1209 207 1431 252 intelligere
1463 208 1709 244 substantias

90 259 295 302 separatas
314 254 411 301 jam,
433 253 652 291 secundum
675 263 761 300 ejus
791 254 1034 299 opinionem,
1068 258 1108 290 ut
1128 254 1276 291 dictum
1309 258 1382 295 est,
1414 255 1583 291 intendit
1603 254 1707 301 quod

88 303 362 349 intelllgemus
380 310 450 348 per
469 300 714 338 intellectum
749 301 789 337 in
824 300 958 337 habitu
996 300 1241 337 substantias
1263 306 1481 347 separatas,
1518 302 1558 338 in
1590 311 1712 348 quan-

88 353 174 387 tum
195 349 422 386 intellectus
444 357 582 395 agens,
604 348 670 395 qui
692 347 740 385 ab
762 348 849 394 ipso
870 348 1030 393 ponitur
1051 348 1273 385 substantia
1289 354 1482 394 separata,
1503 348 1568 385 siet
1585 350 1713 386 forma

89 396 315 434 intellectus
336 396 377 432 in
398 395 533 432 habitu
556 399 594 431 et
625 395 665 431 in
688 395 806 432 nobis
834 395 954 441 ipsis;
978 395 1031 431 ita
1060 395 1166 441 quod
1200 405 1269 441 per
1299 405 1389 432 eum
1423 396 1710 442 intelligemus,

91 444 197 482 sicut
216 452 322 480 nunc
342 442 605 489 intelligimus
626 451 695 488 per
714 442 956 479 intellectum
988 442 1234 487 possibilem.
1271 444 1312 478 Et
1344 452 1464 489 quum
1496 443 1542 480 de
1569 443 1712 479 virtute

90 490 320 528 intellectus
339 489 495 537 agentis
517 490 569 527 sit
590 490 717 526 facere
739 490 875 526 omnia
895 490 1095 525 intellecta
1118 490 1157 525 in
1178 493 1266 526 actu
1287 499 1374 535 quae
1408 494 1502 527 sunt
1521 490 1710 535 intelligi-

89 536 190 577 bilia
205 537 246 574 in
266 537 444 584 potentia
464 540 501 573 et
521 536 638 573 etiam
659 537 878 582 intelligere
904 537 1150 573 substantias
1172 540 1375 582 separatas
1397 564 1405 580 ,
1431 537 1469 573 in
1505 541 1608 574 statu
1642 536 1712 574 illo

90 584 364 631 intelligemus
385 593 525 621 omnes
547 584 793 621 substantias
812 588 1014 630 separatas
1032 587 1070 619 ct
1089 584 1226 620 omnia
1244 583 1511 629 intelligibilia
1542 593 1620 621 non
1650 592 1712 621 se-

121 635 242 670 arata.
260 633 316 676 Et,
341 640 434 669 secu
452 631 560 668 ¹dum
584 631 672 675 hoc,
694 640 763 677 per
784 631 859 667 hoc
876 630 1144 677 cognitionem
1170 639 1257 677 quae
1277 634 1336 666 est
1357 640 1401 666 ex
1415 631 1713 676 ‘phantasmati-

121 688 184 724 us,
207 679 462 725 pervenimus
483 678 811 724 incognitionem
847 678 1078 715 substantiae
1110 681 1322 722 separatae;
1360 686 1440 714 non
1476 678 1581 724 quod
1626 678 1715 724 ipsa

91 726 373 774 phantasmata
403 725 615 769 intellecta,
639 735 707 771 per
739 735 797 768 ea,
821 726 901 762 sint
934 724 1106 760 medium
1137 724 1298 771 aliquod
1332 724 1379 760 ad
1410 725 1713 771 cognoscendas

95 773 343 812 substantias
364 776 581 819 separatas,
603 776 721 819 prout
740 772 883 808 accidit
904 772 943 808 in
966 771 1145 808 scientiis
1164 771 1433 817 speculativis,
1456 772 1560 808 sicut
1579 772 1715 818 posuit

95 820 234 866 opinio
255 820 450 866 superior,
473 820 541 856 sed
563 820 602 855 in
653 823 814 856 uantum
835 819 988 864 species
1009 818 1281 864 intelligibiles
1301 821 1395 855 sunt
1425 819 1605 865 quaedam
1638 819 1716 856 dis-

95 867 319 915 positiones
340 867 379 904 in
402 866 519 903 nobis
538 866 584 903 ad
601 873 638 902 ta
657 876 717 902 em
739 867 905 902 sormam
927 875 1014 912 quae
1046 869 1108 902 est
1135 866 1360 902 intellectus
1392 875 1530 913 agens.
1562 868 1605 903 Et
1638 866 1714 904 1100

96 918 158 953 081
176 914 348 960 primum
370 914 411 950 in
432 922 511 960 quo
529 912 716 950 differunt
736 913 795 950 hae
814 913 900 950 duae
921 912 1146 958 opiniones.

145 961 267 1006 Unde,
306 960 465 1008 quando
504 960 728 997 intellectus
760 960 798 996 in
832 960 965 996 babitu
1001 960 1118 996 suerit
1146 960 1344 1006 perfectus
1376 969 1446 1007 per
1483 960 1713 1007 huJ'usmodi

97 1008 253 1055 species
273 1006 546 1054 intelligibiles
570 1008 609 1042 in
631 1007 748 1043 nobis
775 1007 898 1043 factas
923 1006 970 1043 ab
989 1007 1191 1043 intellectu
1226 1012 1380 1053 agente,
1401 1007 1468 1043 fiet
1493 1009 1577 1053 ipse
1599 1009 1714 1044 intel-

97 1055 224 1092 lectus
245 1063 368 1101 agens
387 1053 505 1091 nobis
527 1054 666 1098 forma,
688 1057 730 1090 ut
759 1053 904 1090 dictum
927 1058 1009 1097 cst;
1033 1057 1070 1090 et
1102 1054 1280 1090 nominat
1307 1054 1436 1099 ipsum
1469 1054 1713 1091 intellectum

96 1101 296 1147 adeptum,
316 1101 363 1138 de
391 1110 470 1148 quo
500 1100 636 1137 dicunt
655 1100 903 1137 Aristotelem
937 1100 1067 1136 dicere
1094 1099 1159 1146 (De
1189 1104 1348 1145 generat,
1384 1103 1511 1145 anim„
1545 1111 1588 1145 11,
1610 1112 1644 1138 c.
1677 1102 1713 1148 3>

125 1148 204 1186 uod
221 1149 274 1186 sit
292 1147 341 1185 ab
362 1147 599 1185 extrinseco.
621 1149 665 1184 Et
685 1147 756 1191 sic,
780 1147 870 1184 licet
891 1148 929 1183 in
961 1147 1140 1184 scientiis
1174 1147 1430 1193 speculativis
1452 1157 1531 1185 11011
1554 1150 1605 1186 811
1626 1158 1714 1194 per-

97 1158 218 1233 {lectio
253 1195 394 1232 ultima
429 1195 617 1237 humana,
652 1195 755 1231 sicut
784 1195 967 1240 superior
997 1194 1168 1240 ponebat
1204 1195 1354 1240 opinio,
1378 1205 1446 1240 per
1481 1205 1548 1232 eas
1582 1200 1715 1232 tamen

97 1242 220 1281 homo
251 1242 476 1289 disponitur
504 1241 552 1279 ad
585 1242 764 1278 ultimam
796 1242 1078 1288 perfectionem
1112 1242 1448 1288 consequendam.
1478 1244 1521 1279 Et
1552 1243 1627 1280 hoc
1657 1246 1717 1280 est

98 1289 319 1328 secundum
339 1290 380 1326 in
401 1297 481 1336 quo
499 1288 630 1325 differt
649 1288 826 1326 secunda
851 1289 987 1334 opinio
1005 1299 1027 1326 a
1045 1289 1185 1335 prima.

145 1337 275 1375 Tertio
295 1341 424 1374 autem
447 1335 578 1373 differt
597 1345 666 1382 per
685 1336 761 1373 1100
793 1337 912 1383 quod,
938 1336 1157 1373 secundum
1191 1336 1357 1382 primam
1390 1338 1635 1383 opinionem,
1655 1338 1715 1375 in-

98 1384 280 1431 telligere
316 1383 559 1420 intellectum
602 1387 785 1430 agentem
813 1387 873 1420 est
902 1392 1023 1420 causa
1061 1383 1168 1430 quod
1196 1384 1451 1421 continuetur
1483 1385 1712 1428 nobiscum;

100 1430 320 1468 secundum
340 1439 432 1467 vero
454 1430 556 1467 hanc
571 1430 786 1467 secundam
808 1430 1052 1476 opinionem,
1075 1435 1135 1467 est
1155 1440 1175 1466 e
1196 1439 1410 1475 converso;
1433 1441 1540 1476 nam,
1556 1437 1716 1478 propter

100 1478 178 1515 1100
195 1477 300 1524 quod
322 1477 531 1515 nobiscum
546 1477 802 1514 continuatur
833 1481 875 1514 ut
908 1477 1047 1521 forma,
1082 1477 1345 1524 intelligimus
1374 1478 1505 1524 ipsum
1539 1484 1576 1515 et
1614 1479 1714 1516 alias

100 1524 347 1562 substantias
367 1528 582 1570 separatas.

148 1573 238 1608 Haec
258 1575 388 1608 autem
409 1570 733 1615 irrationabiliter
759 1570 956 1607 dicuntur.
1314 1606 1323 1609 Α

147 1618 375 1656 Intellectus
412 1618 517 1654 enim
554 1618 594 1654 in
635 1618 786 1662 habitu,
823 1618 926 1655 810111
957 1618 1181 1655 intellectus
1208 1619 1429 1664 possibilis,
1463 1620 1624 1666 ponitur
1663 1622 1711 1658 ab

98 1665 320 1703 Alexandro
341 1674 430 1702 esse
445 1665 684 1711 generabilis
705 1670 741 1702 et
770 1665 1053 1711 corruptibilis.
1089 1668 1289 1702 AEternum
1320 1670 1451 1703 autem
1484 1676 1564 1704 non
1584 1671 1716 1714 potest

98 1712 184 1750 fieri
219 1713 347 1749 forma
386 1711 626 1758 generabilis
663 1715 701 1748 et
737 1712 1021 1757 corruptibilis,
1043 1713 1262 1749 secundum
1302 1723 1418 1758 eum;
1448 1718 1608 1760 propter
1639 1715 1715 1752 1100

98 1760 203 1797 0111111
233 1759 342 1806 ponit
365 1758 609 1796 intellectum
636 1758 884 1805 possibilem,
907 1759 973 1805 qui
1006 1760 1142 1796 unitur
1162 1759 1278 1798 nobis
1298 1764 1342 1797 ut
1370 1760 1510 1805 forma,
1533 1770 1622 1798 esse
1654 1771 1717 1808 gc-

97 1806 314 1843 nerabilem
335 1809 374 1843 et
392 1805 715 1852 corruptibilem;
737 1806 980 1842 intellectum
1001 1815 1092 1843 vero
1112 1812 1308 1853 agentem,
1331 1808 1397 1853 qui
1431 1812 1491 1844 est
1508 1808 1715 1855 incorrup-

95 1853 236 1895 tibilis,
252 1862 341 1891 esse
361 1853 626 1890 substantiam
642 1857 876 1898 separatam.
894 1854 1020 1897 Quum
1043 1854 1164 1900 igitur
1184 1854 1408 1891 intellectus
1423 1865 1560 1902 agens,
1578 1865 1717 1892 secun-

97 1900 191 1938 dum
222 1900 501 1944 Alexandrum,
536 1903 708 1946 ponatur
740 1909 828 1937 esse
863 1901 1041 1947 quaedam
1078 1901 1301 1938 substantia
1335 1906 1517 1948 separata
1554 1907 1713 1946 aeterna,

95 1947 345 1993 impossibile
365 1947 439 1983 erit
458 1947 564 1994 quod
584 1947 810 1984 intellectus
831 1957 954 1994 agens
975 1948 1042 1985 fiat
1058 1948 1184 1985 forma
1204 1948 1431 1986 intellectus
1451 1950 1491 1985 in
1514 1950 1665 1986 habitu.

141 1996 331 2039 Praeterea,
350 1994 477 2031 forma
495 1994 735 2038 intellectus,
753 1995 792 2031 in
814 1999 1005 2042 quantum
1029 1998 1089 2032 est
1108 1995 1348 2040 intellectus,
1371 1999 1431 2033 est
1446 1996 1713 2043 intelligibile,

97 2041 202 2078 sicut
221 2041 348 2078 forma
368 2049 512 2078 sensus
533 2044 593 2079 est
626 2041 843 2085 sensibile;
866 2051 946 2078 non
980 2042 1085 2079 enim
1118 2042 1256 2088 recipit
1290 2043 1516 2081 intellectus
1549 2044 1713 2090 aliquid,

95 2097 165 2134 per
183 2092 225 2125 80
242 2087 456 2134 loquendo,
478 2088 556 2125 nisi
578 2088 894 2135 intelligibiliter,
917 2090 1020 2126 sicut
1046 2099 1118 2126 nec
1155 2098 1300 2127 sensus
1338 2090 1418 2127 nisi
1454 2091 1712 2128 sensibiliter.

95 2135 132 2172 Si
154 2134 276 2181 igitur
295 2143 375 2171 non
395 2138 525 2180 potest
545 2134 770 2172 intellectus
790 2145 914 2182 agens
935 2145 1023 2173 esse
1044 2136 1295 2183 intelligibile
1319 2146 1388 2183 per
1404 2137 1650 2175 intellectum
1671 2138 1712 2174 in

95 2181 248 2226 habitu,
269 2181 519 2228 impossibile
539 2181 614 2218 erit
633 2182 739 2229 quod
761 2182 812 2219 sit
830 2182 956 2220 forma
974 2183 1073 2229 ejus.

142 2230 243 2269 Item,
265 2228 486 2276 intelligere
504 2228 665 2275 aliquod
685 2229 891 2275 tripliciter
910 2229 1079 2267 dicimur
1100 2242 1109 2267 ε
1133 2232 1216 2267 Uno
1250 2231 1383 2275 modo,
1405 2231 1509 2268 sicut
1532 2232 1715 2277 intelligi-

95 2284 186 2314 mus
206 2274 422 2319 intellectu,
442 2275 508 2322 qui
529 2280 590 2312 est
608 2276 734 2313 virtus
754 2286 777 2313 a
797 2286 874 2323 qua
894 2277 1094 2322 egreditur
1113 2277 1203 2314 talis
1221 2279 1420 2323 operatio;
1444 2278 1547 2315 unde
1570 2282 1606 2314 et
1628 2278 1712 2322 ipse

94 2322 321 2359 intellectus
342 2322 563 2374 intelligere
584 2322 740 2368 dicitur,
762 2326 800 2360 et
830 2323 960 2369 ipsum
982 2324 1203 2370 intelligere
1234 2325 1459 2362 intellectus
1492 2324 1536 2360 fit
1567 2324 1712 2361 intelli-

94 2378 187 2422 gere
205 2372 410 2413 nostrum;
433 2369 513 2406 alio
532 2369 665 2413 modo,
688 2370 792 2406 sicut
811 2371 942 2415 specie
963 2371 1221 2416 intelligibili,
1243 2381 1322 2416 qua
1351 2371 1511 2417 quidem
1544 2371 1714 2408 dicimur

93 2416 331 2462 intelligere,
347 2424 428 2453 non
448 2416 562 2463 quasi
584 2416 670 2462 ipsa
687 2417 896 2463 intelligat,
921 2417 989 2454 sed
1024 2418 1117 2464 quia
1147 2418 1208 2454 vis
1240 2418 1481 2454 intellectiva
1512 2418 1714 2464 perficitur

93 2472 164 2509 per
180 2472 266 2500 eam
289 2463 329 2500 in
347 2466 451 2507 actu,
474 2463 578 2500 sicut
596 2463 657 2500 vis
677 2463 802 2500 visiva
823 2473 891 2509 per
911 2464 1084 2509 speciem
1111 2464 1282 2508 coloris;
1303 2464 1419 2502 tertio
1453 2465 1586 2506 niodo,
1610 2465 1713 2502 sicut

95 2510 240 2551 medio,
262 2519 332 2557 per
351 2509 465 2556 cujus
486 2509 755 2556 cognitionem
775 2510 1007 2547 devenimus
1027 2511 1069 2546 in
1089 2511 1359 2556 cognitionem
1377 2512 1554 2549 alterius.
1578 2512 1614 2549 Si
1638 2512 1713 2558 igi-

96 2560 157 2594 tur
176 2557 297 2594 homo
316 2556 554 2604 quandoque
576 2566 644 2602 per
662 2557 906 2594 intellectum
925 2560 1106 2603 agentem
1127 2558 1321 2604 intelligat
1339 2558 1584 2596 substantias
1603 2568 1714 2604 sepa-

95 2607 212 2645 ratas,
235 2607 391 2650 oportet
410 2603 544 2650 aliquo
567 2604 776 2640 modorum
798 2604 992 2640 dictorum
1014 2604 1090 2640 hoc
1110 2603 1200 2640 dici.
1222 2606 1306 2641 Non
1329 2609 1459 2642 autem
1479 2606 1712 2644 diciturhoc

94 2651 213 2688 modo
234 2650 364 2696 tertio,
387 2651 481 2698 quia
516 2659 599 2687 non
637 2650 819 2687 concedit
851 2650 1070 2687 Alexander
1099 2651 1205 2698 quod
1237 2651 1433 2699 intelligat
1467 2653 1712 2690 intellectum

93 2701 277 2743 agentem
296 2698 357 2735 vel
378 2698 603 2734 intellectus
625 2697 832 2743 possibilis
851 2697 912 2733 vel
935 2697 1159 2735 intellectus
1179 2699 1219 2734 in
1240 2699 1390 2737 habitu.
1411 2702 1488 2737 Nec
1515 2701 1632 2737 etiam
1655 2710 1713 2737 se·

95 2744 224 2781 cundo
244 2745 378 2789 modo,
400 2745 494 2791 quia
513 2744 735 2791 intelligere
750 2753 819 2790 per
837 2744 1007 2789 speciem
1025 2744 1314 2792 intelligibilem
1336 2746 1562 2783 attribuitur
1577 2748 1710 2783 virtuti

97 2789 358 2837 intellectivae,
380 2791 495 2838 cujus
514 2791 582 2829 illa
604 2791 758 2837 species
775 2791 1040 2838 intelligibilis
1062 2796 1122 2829 est
1141 2792 1268 2830 forma
1287 2804 1296 2838 ;
1318 2802 1391 2831 1100
1423 2798 1553 2832 autem
1574 2803 1712 2831 conce-
