1894 3223
139 91 209 127 278
745 80 834 117 LIB.
862 79 925 118 111,
954 78 1057 114 CAP.
1082 78 1152 114 XX.

141 169 347 216 largiatur,
368 166 461 212 quia
481 172 562 201 non
579 166 641 200 est
659 161 701 197 in
719 159 896 206 potentia
912 161 955 196 ut
983 157 1132 205 aliquid
1150 157 1354 204 acquirere
1374 155 1516 202 possit,
1537 154 1608 208 sed
1635 154 1765 207 solum

143 219 233 254 actu
264 213 437 260 perfecto
457 221 504 247 ex
524 218 602 257 quo
622 210 754 254 potest
775 205 925 253 aliquid
942 205 1115 252 elargiri.
1137 205 1213 242 Res
1232 204 1355 251 igitur
1371 212 1453 241 non
1473 201 1707 255 ordinantur
1725 210 1768 238 in

143 263 187 301 in
212 264 333 298 Deum
368 258 473 295 sicut
503 257 545 293 in
566 256 684 292 finem
705 253 768 291 cui
788 252 937 300 aliquid
957 252 1199 304 acquiratur,
1218 251 1289 289 sed
1312 254 1353 289 ut
1372 250 1421 288 ab
1443 250 1532 297 ipso
1553 251 1771 296 ipsummet

144 317 219 348 suo
239 306 357 344 modo
378 305 688 350 consequantur,
709 310 832 349 quum
850 301 1018 347 ipsemet
1038 299 1091 337 sit
1109 298 1215 336 finis.

806 446 975 489 CAPUT
1001 446 1108 488 XIX.

535 567 635 601 QUOD
662 565 788 596 0MN1A
808 564 1030 595 INTENDUNT
1053 563 1278 594 ASSDHLARI
1292 563 1382 595 ΠΕΟ.

198 679 252 715 Ex
268 677 343 714 hoc
373 679 504 713 autem
534 674 640 723 quod
670 672 883 721 acquirunt
911 672 1086 710 divinam
1105 672 1324 711 bonitatem
1344 682 1409 711 nes
1435 675 1590 717 creatae‚
1616 671 1772 709 similes

148 726 229 764 Deo
247 723 558 762 constituuntur.

196 771 236 810 Si
257 771 378 818 igitur
397 778 462 808 res
493 777 633 807 omnes
652 768 695 806 in
714 769 837 805 Deum
857 767 962 804 sicut
980 767 1023 803 in
1043 767 1228 804 ultimum
1248 766 1369 804 finem
1385 766 1553 804 tendunt
1578 769 1624 802 ut
1642 765 1771 812 ipsius

147 818 367 857 bonitatem
387 819 696 865 consequantur,
716 815 896 862 sequitur
914 814 1021 862 quod
1040 814 1206 851 ultimus
1227 823 1358 851 rerum
1380 812 1473 850 finis
1493 813 1548 850 sit
1570 813 1650 850 Deo
1672 812 1773 850 assi-

148 865 295 904 milari.

195 913 379 957 Amplius,
400 919 526 957 agens
545 909 690 947 dicitur
709 918 799 947 esse
833 908 927 945 finis
961 907 1144 952 effectus,
1163 907 1206 944 in
1236 911 1430 956 quantum
1463 906 1628 945 effectus
1648 905 1775 944 tendit

150 961 194 998 in
227 958 530 997 similitudinem
561 956 742 1003 agentis3
765 955 871 993 unde
902 955 1031 993 forma
1060 955 1237 1002 generati
1276 958 1338 993 est
1364 954 1458 993 finis
1484 953 1772 1002 generationis.

151 1006 227 1045 Sed
247 1008 352 1044 Deus
372 1005 427 1042 ita
446 1008 506 1042 est
525 1003 618 1041 finis
637 1012 770 1040 rerum
792 1002 899 1050 quod
921 1006 981 1039 est
997 1002 1117 1039 etiam
1137 1002 1309 1048 primum
1324 1010 1448 1048 agens
1463 1011 1614 1039 earum.
1633 1000 1776 1038 omnia

150 1054 273 1102 igitur
291 1052 471 1096 tendunt,
494 1051 597 1088 sicut
615 1050 665 1087 ad
684 1050 869 1088 ultimum
887 1049 1022 1090 finem,
1042 1051 1120 1087 Deo
1143 1049 1375 1087 assimilari.

197 1102 298 1142 Item,
317 1100 359 1137 in
381 1099 569 1137 omnibus
599 1097 718 1135 rebus
750 1097 952 1135 evidenter
982 1100 1143 1143 apparet
1171 1096 1279 1143 quod
1298 1105 1390 1134 esse
1409 1099 1599 1143 appetunt
1615 1099 1775 1133 natura-

151 1147 266 1192 liter;
286 1147 404 1187 unde,
446 1149 484 1183 et
514 1145 548 1182 si
584 1154 663 1192 qua
697 1144 897 1190 corrumpi
939 1147 1123 1190 possunt,
1156 1143 1390 1181 naturaliter
1424 1142 1774 1189 corrumpentibus

152 1195 358 1235 resistunt,
380 1197 419 1230 et
448 1192 618 1229 tendunt
647 1191 743 1229 illuc
765 1191 833 1228 ubi
856 1194 1156 1235 conserventur,
1177 1190 1284 1228 sicut
1302 1190 1410 1238 ignis
1432 1199 1594 1228 sursum
1613 1193 1651 1226 et
1669 1193 1775 1226 terra

153 1242 355 1279 deorsum.
378 1239 601 1278 Secundum
623 1238 699 1277 hoc
720 1241 850 1276 autem
872 1247 961 1276 esse
979 1237 1126 1275 habent
1154 1237 1290 1276 omnia
1320 1237 1427 1284 quod
1447 1239 1527 1275 Deo
1548 1236 1774 1274 assimilan-

151 1293 229 1330 tur,
252 1288 319 1335 qui
339 1291 399 1325 est
419 1287 551 1334 ipsum
572 1294 672 1337 ⁴esse
709 1285 949 1329 subsistens,
972 1294 1093 1333 quum
1124 1285 1260 1337 omnia
1291 1284 1374 1322 sint
1392 1284 1525 1322 solum
1548 1284 1664 1330 quasi
1685 1292 1775 1336 esse

152 1334 443 1418 participantia.
466 1334 608 1371 Omnia
638 1332 761 1380 igitur
793 1336 996 1379 appetunt,
1031 1340 1147 1380 quasi
1180 1332 1366 1370 ultimum
1400 1330 1536 1377 finem,
1560 1333 1640 1370 Deo
1673 1339 1775 1368 assi-

136 1392 207 1420 '1111
229 1392 299 1418 al'l.

199 1431 390 1469 Praeterea,
412 1437 477 1465 res
497 1435 638 1465 omnes
658 1430 798 1464 creatae
819 1428 916 1478 sunt
932 1425 1113 1472 quaedam
1139 1425 1337 1472 imagines
1356 1425 1475 1471 primi
1506 1425 1676 1478 agentis,
1699 1425 1777 1463 sci-

154 1475 350 1519 licetDei3
373 1483 497 1521 agens
531 1474 636 1511 enim
671 1473 753 1519 agit
785 1472 861 1510 sibi
883 1472 1040 1517 simile;
1060 1473 1250 1519 perfectio
1285 1471 1393 1510 enim
1424 1472 1614 1518 imaginis
1640 1476 1702 1510 est
1735 1476 1778 1509 ut

154 1526 409 1569 repraesentet
438 1531 556 1559 suum
590 1520 790 1567 exemplar
820 1529 890 1565 per
918 1519 1221 1557 similitudinem
1251 1519 1299 1557 ad
1320 1519 1481 1567 ipsum:
1503 1519 1552 1557 ad
1572 1519 1649 1557 hoc
1668 1519 1775 1556 enim

153 1571 288 1617 imago
309 1568 578 1607 constituitur.
601 1569 701 1605 Sunt
728 1567 851 1613 igitur
883 1576 947 1604 res
979 1575 1120 1604 omnes
1156 1570 1317 1614 propter
1347 1566 1523 1605 divinam
1549 1566 1777 1604 similitudi-

154 1626 244 1655 nem
264 1615 586 1662 consequendam
607 1615 711 1652 sicut
731 1618 890 1660 propter
910 1614 1093 1651 ultimum
1115 1613 1249 1650 finem.

201 1664 345 1705 Adhuc,
368 1663 500 1700 omnis
522 1671 585 1700 res
604 1671 674 1708 per
695 1670 812 1698 suum
834 1665 986 1698 motum
1006 1661 1067 1698 vel
1096 1662 1292 1698 actionem
1313 1660 1438 1698 tendit
1459 1661 1501 1697 in
1524 1660 1688 1707 aliquod
1707 1661 1778 1698 bo-

155 1721 250 1748 num
269 1711 373 1748 sicut
393 1710 435 1747 in
454 1709 588 1754 finem,
610 1712 654 1746 ut
686 1717 806 1755 supra
838 1712 1045 1746 ostensum
1063 1712 1123 1746 est
1145 1708 1193 1754 (o.
1218 1709 1290 1755 16).
1313 1710 1356 1745 In
1380 1712 1535 1745 tantum
1555 1712 1687 1744 autem
1708 1708 1782 1745 ali-

155 1758 250 1804 quid
285 1758 332 1795 de
367 1757 473 1794 bono
508 1756 716 1803 participat
753 1756 794 1792 in
823 1759 1014 1802 quantum
1046 1755 1294 1794 assimilatur
1326 1755 1463 1802 primae
1483 1755 1665 1795 bonitati,
1687 1764 1774 1802 quae

155 1806 260 1842 Deus
279 1809 350 1842 est.
375 1803 517 1842 Omnia
535 1803 658 1851 igitur
676 1812 746 1848 per
766 1807 899 1840 motus
926 1811 1024 1841 suos
1051 1806 1090 1841 et
1119 1802 1298 1841 actiones
1329 1802 1497 1840 tendunt
1528 1802 1571 1839 in
1602 1802 1776 1840 divinam

155 1852 458 1889 similitudinem
476 1851 579 1888 sicut
599 1850 640 1887 in
660 1849 780 1888 finem
799 1849 997 1888 ultimum.

826 1996 994 2038 CAPUT
1020 1996 1106 2038 XX.

481 2115 662 2151 QUOMODO
687 2115 759 2145 RES
783 2115 953 2144 DIVINAM
977 2115 1202 2144 BONITATEMI
1227 2115 1452 2146 miTENTUR.

204 2226 314 2262 Patet
334 2233 429 2271 ergo
448 2234 496 2261 ex
513 2224 577 2262 his
595 2233 682 2271 quae
702 2223 807 2262 dicta
826 2228 933 2269 sunt,
955 2224 1062 2271 quod
1082 2224 1297 2262 assimilari
1326 2224 1376 2262 ad
1395 2225 1519 2262 Deum
1538 2228 1599 2262 est
1615 2224 1780 2265 ultimus

158 2272 337 2309 omnium
358 2271 525 2309 finis.1d
546 2276 676 2309 autem
696 2271 802 2318 quod
830 2271 989 2318 proprie
1023 2270 1142 2308 habet
1173 2271 1368 2309 rationem
1397 2269 1491 2309 finis
1523 2276 1585 2309 est
1613 2272 1778 2310 bonum.

157 2318 292 2356 Tendu
324 2323 337 2355 t
356 2318 479 2371 igitur
498 2327 563 2356 res
589 2319 632 2355 in
652 2318 728 2356 hoc
749 2318 856 2366 quod
878 2318 1152 2356 assimilentur
1170 2319 1250 2355 Deo
1269 2318 1428 2365 proprie
1448 2318 1491 2356 in
1511 2323 1703 2366 quantum
1721 2324 1782 2358 est

156 2364 302 2410 bonus.
357 2368 548 2404 onitatem
586 2369 717 2403 autem
755 2369 945 2405 creaturae
984 2374 1065 2403 non
1094 2369 1365 2413 assequuntur
1398 2374 1446 2403 eo
1473 2366 1593 2404 modo
1613 2367 1718 2404 sicut
1736 2367 1779 2404 in

157 2414 238 2450 Deo
276 2416 350 2457 est,
366 2412 470 2497 (licet
498 2412 674 2452 divinam
704 2413 923 2451 bonitatem
954 2421 1204 2461 unaquaeque
1241 2421 1306 2451 res
1344 2412 1522 2451 imitetur
1559 2413 1781 2452 secundum

158 2468 277 2498 suum
295 2469 360 2497 mo
392 2469 459 2498 um
479 2471 490 2498 ε

205 2506 345 2544 Divina
364 2507 471 2545 enim
490 2506 651 2545 bonitas
669 2507 838 2554 simplex
857 2511 932 2552 est,
952 2507 1068 2555 quasi
1087 2510 1172 2546 tota
1201 2507 1244 2545 in
1269 2516 1351 2545 uno
1371 2507 1600 2547 consistens
1617 2518 1626 2551 ;
1646 2507 1779 2552 ipsum

162 2554 268 2590 enim
303 2554 482 2593 divinum
510 2562 602 2592 esse
632 2563 792 2593 omnem
810 2554 1098 2601 phenitudinem
1118 2554 1377 2601 perfectionis
1393 2548 1622 2599 obtinetffut
1641 2552 1782 2599 proba-

159 2603 242 2637 tum
264 2605 325 2637 est
345 2600 389 2647 (l.·
407 2610 438 2647 1,
457 2611 494 2640 c.
513 2601 591 2649 28).
612 2601 735 2646 Unde,
753 2610 876 2649 quum
906 2602 1219 2650 unumquodque
1252 2602 1295 2639 in
1321 2605 1474 2640 tantum
1495 2601 1548 2638 sit
1565 2599 1715 2638 bonum
1736 2600 1780 2638 in

160 2651 355 2700 quantum
375 2651 437 2686 est
453 2648 687 2695 perfectum,
708 2649 841 2695 ipsum
861 2648 1038 2687 divinum
1073 2658 1162 2687 esse
1195 2652 1256 2686 est
1283 2648 1370 2696 ejus
1400 2647 1573 2696 perfecta
1591 2646 1777 2692 bonitas3

158 2692 264 2744 idem
285 2702 391 2732 enim
411 2699 474 2733 est
494 2697 574 2733 Deo
593 2704 698 2741 esse,
715 2696 1094 2743 vive1·e‚sapientem
1112 2706 1216 2742 esse,
1231 2696 1392 2734 beatum
1411 2703 1515 2738 esse,
1531 2698 1568 2732 et
1585 2693 1780 2742 quidquid

159 2738 268 2791 ahud
288 2740 336 2776 ad
364 2742 651 2793 perfectionem
683 2746 721 2780 et
749 2743 968 2782 bonitatem
990 2743 1146 2782 videtur
1174 2743 1385 2790 pertinere,
1406 2741 1520 2789 quasi
1540 2745 1624 2779 tota
1643 2741 1779 2781 divina

159 2783 318 2823 bonitas
338 2791 391 2824 sit
406 2797 538 2833 ipsum
556 2790 733 2827 divinum
755 2799 857 2828 esse.

206 2833 374 2878 Rursum,
395 2835 489 2881 quia
507 2836 639 2881 ipsum
662 2837 840 2876 divinum
861 2846 950 2877 esse
970 2841 1032 2876 est
1051 2838 1182 2885 ipsius
1200 2837 1270 2875 Dei
1283 2835 1515 2875 exsistentis
1536 2835 1773 2875 substantia.

1875 2244 1891 2394 ⁵22⁸..nw1-=·.
1877 2211 1891 2237 1¹
1875 2162 1889 2194 ⁴·v'
1888 2088 1889 2096 ⁴

1868 2779 1889 2884 *ts-2⁶*
