1894 3223
104 50 150 85 40
706 44 794 80 LIB.
822 46 851 87 Ι,
880 44 979 79 CAP.
1006 43 1134 79 XXXV.

104 138 248 176 genere
272 137 404 165 rerum
442 127 767 177 inanimatarum,
789 129 826 161 et
847 124 907 162 sic
949 125 996 161 de
1018 125 1122 177 aliis,
1154 124 1203 161 ad
1224 124 1359 177 minus
1378 123 1592 177 'oportebit
1624 123 1731 176 quod

103 177 240 213 vivens
262 176 308 212 de
331 177 409 211 Deo
425 178 461 210 et
482 177 673 210 creaturis
690 174 838 209 dictum
859 175 1069 209 conven1at
1085 180 1126 208 m
1147 176 1359 218 negatione
1374 174 1598 215 inanimati,
1615 175 1652 207 et
1672 179 1732 208 slc

105 232 185 260 non
207 222 281 259 erit
300 231 399 268 pure
421 221 641 267 aequivoce.

728 364 898 406 CAPUT
927 366 1105 407 XXXIV.

176 487 277 521 QUOD
302 486 355 515 EA
387 485 474 519 QUAE
498 484 692 513 DICUNTUR
715 484 766 513 DE
790 484 865 513 DEO
886 484 938 513 ΕΤ
964 485 1178 514 CREATURIS
1203 484 1425 515 ANALOGICE
1451 485 1660 514 DICUNTUR.

154 595 216 632 Sic
243 594 365 641 igitur
384 603 432 630 ex
466 593 583 630 dictis
609 592 848 639 relinquitur
878 592 984 639 quod
1005 602 1052 629 ea
1071 602 1159 639 quae
1180 593 1227 629 de
1253 595 1334 630 Deo
1363 597 1400 630 et
1420 593 1539 631 rebus
1561 593 1652 631 aliis
1672 593 1733 630 di-

109 645 268 685 cuntur,
289 640 554 686 praedicantur
586 649 713 686 neque¹
735 640 918 684 univoce,
937 648 1066 686 neque
1086 640 1301 685 aequivoce,
1325 640 1392 677 sed
1410 640 1638 686 analogice;
1656 640 1733 678 hoc

107 693 167 726 est
205 688 424 725 secundum
464 687 643 724 ordinem
664 687 725 723 vel
759 691 983 732 respectum
1019 686 1068 723 ad
1095 686 1257 732 aliquod
1277 696 1416 723 unum.
1440 688 1552 731 Quod
1571 687 1732 733 quidem

110 735 322 781 dupliciter
341 734 548 781 contingit.
575 736 656 771 Uno
678 733 796 770 modo
819 733 1037 770 secundum
1059 733 1165 779 quod
1183 733 1308 770 multa
1341 734 1486 770 hahent
1506 737 1732 779 respectum

110 783 157 819 ad
179 781 339 828 aliquod
363 790 501 825 unum,
518 781 635 825 sicut,
651 781 870 817 secundum
885 784 1107 826 respectum
1127 780 1174 817 ad
1196 789 1316 817 unam
1336 780 1561 824 sanitatem,
1584 780 1734 818 anima}

109 829 254 867 dicitur
288 837 445 872 sanum,
468 832 510 864 ut
547 828 632 874 eJ'us
651 828 900 874 subJ'ectum3
922 827 1134 872 medicina,
1151 830 1194 863 ut
1230 826 1315 873 ejus
1338 826 1561 863 effectivum
1577 839 1585 871 ;
1604 827 1735 873 cibus,

109 880 151 913 ut
191 876 276 922 ejus
308 874 652 919 conservativum3
687 875 818 918 urina,
840 879 883 911 ut
903 875 1078 920 signum.
1106 874 1193 911 Alio
1219 874 1339 911 modo
1386 874 1605 911 secundum
1627 875 1733 921 quod

109 924 279 960 duorum
320 922 536 959 attenditur
573 922 671 958 ordo
691 922 751 958 vel
789 926 1009 967 respectus,
1033 930 1111 958 non
1143 921 1190 958 ad
1224 921 1374 968 aliquid
1395 921 1663 965 alterum,sed
1685 922 1734 959 ad

110 979 234 1007 unum
256 971 450 1015 ipsorum,
484 969 587 1006 sicut
619 978 692 1005 ens
713 969 760 1005 de
794 969 1020 1005 substantia
1041 972 1079 1004 et
1099 968 1301 1005 accidente
1335 968 1491 1012 dicitur,
1513 969 1734 1005 secundum

109 1018 214 1064 quod
236 1017 421 1053 accidens
440 1016 487 1053 ad
523 1015 787 1053 substantiam
819 1020 1040 1062 respectum
1065 1015 1195 1060 habet,
1225 1024 1302 1052 non
1325 1015 1429 1061 quod
1452 1015 1675 1052 substantia
1697 1019 1735 1052 et

109 1064 295 1101 accidens
316 1064 363 1100 ad
385 1063 547 1110 aliquod
568 1064 727 1100 tertium
749 1062 984 1099 referantur.
1008 1062 1241 1108 HuJusmodi
1259 1063 1380 1109 igitur
1400 1062 1565 1098 nomina
1584 1062 1631 1098 de
1653 1064 1732 1100 Deo

110 1115 147 1148 et
166 1111 286 1147 rebus
305 1111 396 1147 aliis
416 1119 498 1147 non
512 1110 698 1147 dicuntur
718 1110 924 1157 analogice
947 1110 1167 1146 secundum
1189 1110 1358 1155 primum
1380 1109 1556 1154 modum,
1581 1113 1736 1156 oporte-

108 1162 167 1196 ret
187 1158 292 1194 enim
314 1157 465 1204 aliquid
482 1159 563 1194 Deo
590 1166 736 1203 ponere
759 1157 885 1202 prius,
901 1157 971 1194 sed
991 1157 1111 1193 modo
1131 1157 1320 1193 secundo.

155 1206 199 1242 In
240 1204 470 1251 hujusmodi
511 1207 643 1241 autem
682 1204 891 1251 analogica
929 1204 1208 1250 praedicatione
1246 1204 1343 1240 ordo
1383 1203 1597 1240 attenditur
1628 1203 1734 1241 idem

116 1252 338 1289 secundum
354 1260 500 1288 nomen
513 1251 780 1288 etsecuudum
794 1260 875 1287 rem
886 1251 1145 1298 quandoque3
1162 1251 1401 1297 quandoque
1413 1259 1508 1287 vero
1520 1259 1601 1287 non
1613 1250 1732 1287 idem.

111 1300 206 1335 Nam
220 1298 316 1335 ordo
329 1298 506 1335 nominis
519 1298 886 1345 sequiturordinem
903 1297 1736 1344 cognitionis,quiaestsignumintelligibi-

116 1346 165 1383 lis
178 1345 646 1391 conceptionisQuando
669 1345 791 1391 igitur
806 1345 845 1381 id
862 1345 967 1391 quod
986 1349 1045 1381 est
1059 1345 1169 1390 prius
1185 1345 1403 1381 secundum
1429 1345 1737 1389 rem‚invenitur

114 1393 234 1429 etiam
250 1393 479 1439 cognitione
497 1392 608 1438 prius
627 1404 634 1428 :
658 1391 761 1428 idem
781 1392 981 1428 invenitur
998 1392 1109 1437 prius
1130 1396 1166 1428 et
1186 1392 1404 1428 secundum
1428 1392 1603 1428 nominis
1616 1392 1735 1428 ratio·

111 1448 218 1484 nem,
233 1443 270 1475 et
283 1439 430 1476 secund
438 1448 502 1475 um
512 1439 567 1476 rei
585 1442 780 1475 naturam.
792 1439 854 1475 Sic
867 1439 1090 1475 substantia
1103 1443 1162 1475 est
1175 1439 1282 1484 prior
1293 1439 1509 1483 accidente,
1521 1442 1674 1482 natura,
1693 1439 1737 1475 in

112 1490 305 1533 quantum
327 1486 550 1523 substantia
567 1490 628 1523 est
644 1495 766 1522 causa
781 1486 998 1522 accidentis
1021 1497 1029 1522 :
1052 1490 1089 1522 et
1107 1486 1350 1532 cognitione,
1371 1486 1413 1521 in
1434 1490 1625 1532 quantum
1647 1485 1739 1522 sub·

113 1533 262 1570 stantia
295 1533 336 1569 in
371 1532 603 1569 definitione
639 1533 856 1570 accidentis
885 1533 1060 1578 ponitur,
1092 1536 1130 1568 et
1163 1532 1253 1569 ideo
1275 1541 1347 1570 ens
1385 1533 1529 1569 dicitur
1557 1533 1669 1578 prius
1689 1532 1737 1569 de

111 1580 337 1617 substantia
370 1589 488 1627 quam
514 1580 562 1617 de
596 1580 815 1624 accidente,
838 1583 875 1616 et
910 1580 1127 1617 secundum
1164 1579 1220 1616 rei
1242 1582 1422 1616 naturam
1442 1583 1479 1616 et
1515 1579 1737 1616 secundum

111 1627 288 1664 nominis
309 1627 518 1664 rationem.
540 1627 708 1671 Quando
729 1637 822 1663 vero
844 1627 943 1663 illud
968 1627 1074 1674 quod
1093 1630 1152 1663 est
1170 1626 1281 1673 prius
1300 1627 1519 1664 secundum
1539 1630 1736 1672 naturam,

112 1677 172 1710 est
205 1674 406 1719 posterius
437 1674 659 1711 secundum
690 1674 1086 1719 cognitionem,liinc
1117 1674 1158 1709 in
1198 1674 1420 1720 analogicis
1456 1677 1612 1710 nonest
1632 1673 1737 1711 idem

111 1721 209 1757 ordo
225 1721 446 1758 secundum
466 1730 564 1765 rem,
587 1725 624 1757 et
645 1721 865 1758 secundum
883 1721 1059 1757 nominis
1081 1721 1275 1757 rationem
1294 1721 1424 1757 :sicut
1447 1721 1573 1757 virtus
1595 1729 1739 1757 sanan-

111 1767 165 1812 di,
187 1777 274 1814 quae
292 1771 352 1804 est
371 1768 411 1804 in
437 1768 644 1812 sanativis,
666 1769 773 1814 prior
787 1771 845 1804 est
861 1767 1094 1804 naturaliter
1114 1768 1283 1804 sanitate
1305 1777 1392 1814 quae
1414 1771 1475 1804 est
1495 1768 1536 1803 in
1555 1768 1738 1813 animali,

111 1814 216 1851 sicut
236 1823 357 1852 causa
385 1814 541 1851 effectu.
563 1815 635 1852 Sed
665 1815 759 1861 quia
791 1815 893 1851 hanc
924 1815 1107 1850 virtutem
1130 1823 1198 1860 per
1228 1813 1411 1851 effectum
1432 1814 1737 1861 cognoscimus,

111 1861 201 1898 ideo
223 1861 341 1898 etiam
363 1870 410 1897 ex
439 1861 582 1898 effectu
612 1861 888 1906 nominamus;
912 1864 950 1898 et
977 1861 1068 1897 inde
1090 1865 1150 1898 est
1169 1861 1275 1908 quod
1297 1861 1522 1898 sanativum
1543 1865 1604 1898 est
1623 1861 1738 1907 prius

112 1908 251 1944 ordine
273 1908 344 1953 rei,
366 1908 436 1945 sed
457 1907 605 1946 animal
627 1908 771 1945 dicitur
790 1909 901 1954 prius
923 1917 1066 1945 sanum
1085 1908 1306 1945 secundum
1329 1908 1506 1945 nominis
1523 1908 1737 1945 rationem.

112 1955 176 1992 Sic
205 1955 340 2001 igitur,
369 1955 464 2001 quia
499 1965 546 1992 ex
582 1955 702 1992 rebus
723 1955 814 1992 aliis
837 1956 878 1991 in
900 1956 967 1991 Dei
996 1955 1268 2001 cognitionem
1295 1956 1564 2001 pervenimus,
1587 1964 1649 1992 res
1671 1964 1742 1992 no·

112 2001 265 2038 minum
286 2002 333 2038 de
364 2003 444 2039 Deo
473 2005 512 2038 et
548 2001 668 2039 rebus
700 2002 791 2039 aliis
812 2002 1008 2039 dictorum
1044 2011 1113 2048 per
1131 2002 1241 2048 prius
1262 2002 1383 2039 estin
1413 2003 1493 2039 Deo
1514 2001 1737 2039 secundum

111 2057 231 2132 suum
251 2049 428 2102 modum,
451 2048 522 2101 sed
541 2049 644 2086 ratio
664 2049 841 2087 nominis
862 2058 932 2096 per
948 2049 1153 2096 posterius
1171 2060 1180 2086 :
1203 2049 1309 2086 unde
1341 2052 1379 2086 et
1414 2049 1616 2086 nominari
1639 2048 1741 2087 dici·

130 2104 176 2133 ur
195 2106 218 2133 a
233 2104 319 2134 suis
336 2100 527 2135 causatis.

752 2209 921 2250 CAPUT
937 2209 1098 2250 XXXV.

316 2321 417 2355 QUOD
441 2321 569 2352 PLURA
592 2321 743 2351 NOMINA
767 2322 885 2351 DICTA
908 2323 960 2351 DE
984 2322 1059 2350 DEO
1083 2321 1165 2351 NON
1187 2322 1286 2351 SUNT
1311 2322 1532 2355 SYNONYMA.

164 2423 395 2462 ostenditur
415 2424 533 2461 etiam
552 2434 599 2461 ex
619 2424 750 2469 dictis,
765 2425 885 2472 quod,
907 2425 1086 2471 quamvis
1101 2424 1265 2462 nomina
1282 2425 1330 2462 de
1345 2426 1425 2463 Deo
1440 2425 1544 2462 dicta
1558 2425 1737 2463 eamdem

112 2479 195 2507 rem
229 2470 469 2517 significent,
493 2480 574 2508 non
609 2475 743 2508 tamen
772 2475 867 2509 sunt
886 2480 1121 2519 synonyma,
1145 2472 1239 2520 quia
1259 2481 1341 2509 non
1376 2471 1605 2519 significant
1623 2473 1741 2510 ratio-

114 2526 202 2554 nem
222 2518 414 2554 eamdem.
430 2519 538 2555 Sicut
553 2518 718 2556 diversae
733 2527 797 2556 res
817 2519 885 2555 uni
900 2519 1071 2565 simplici
1092 2519 1164 2564 rei,
1184 2529 1271 2567 quae
1291 2521 1395 2557 Deus
1417 2523 1490 2563 cst,
1511 2519 1739 2557 similantur

114 2572 184 2609 per
216 2565 366 2601 formas
397 2565 592 2610 diversas,
624 2565 680 2602 ita
705 2566 933 2603 intellectus
963 2569 1101 2603 noster
1131 2575 1203 2612 per
1239 2566 1417 2603 diversas
1455 2566 1739 2611 conceptiones

111 2611 340 2657 aliqualiter
355 2610 390 2647 ei
403 2611 615 2657 similatur,
633 2612 675 2648 in
691 2617 881 2659 quantum
902 2623 972 2659 per
991 2613 1170 2651 diversas
1188 2613 1454 2660 perfectiones
1467 2616 1739 2650 creaturarum

112 2657 154 2694 in
175 2658 307 2703 ipsum
340 2658 668 2710 cognoscendum
706 2659 948 2706 perducitur.
971 2661 1016 2697 Et
1037 2660 1128 2697 ideo
1162 2660 1210 2697 de
1233 2669 1312 2697 uno
1349 2659 1576 2696 intellectus
1600 2663 1739 2698 noster

111 2704 237 2740 multa
256 2712 489 2750 conclplens
526 2713 608 2742 non
645 2708 706 2742 est
726 2706 852 2744 falsus
873 2716 1001 2754 neque
1039 2716 1180 2752 vanus,
1203 2707 1297 2754 quia
1316 2706 1414 2742 illud
1453 2706 1623 2752 simplex
1644 2715 1736 2744 esse

111 2750 547 2803 div·inum.hujusmodi
568 2755 642 2797 est,
664 2755 707 2789 ut
727 2753 761 2789 ei
787 2754 1007 2791 secundum
1029 2754 1178 2792 formas
1207 2753 1449 2799 multiplices
1469 2753 1603 2800 aliqua
1623 2753 1737 2791 simi·

112 2797 185 2835 lari
199 2801 370 2845 possint,
392 2801 436 2836 ut
453 2807 575 2846 supra
605 2801 814 2839 ostensum
848 2804 921 2839 est.
944 2801 1170 2839 Secundum
1205 2803 1338 2839 autem
1367 2799 1545 2839 diversas
1567 2808 1740 2848 concep·
