1894 3223
682 95 768 130 [ΑΒ.
796 95 863 139 111,
889 94 989 130 CAP.
1018 95 1082 130 lli.
1621 95 1685 131 261

67 187 193 226 agens
219 177 346 215 tendit
364 176 412 214 ad
433 176 605 223 aliquem
628 175 931 212 determinatum
951 175 1149 220 effectum,
1180 175 1285 223 quod
1310 175 1454 212 dicitur
1474 175 1565 213 finis
1586 176 1687 222 ejus.

116 226 213 262 Sunt
233 228 364 261 autem
386 224 528 271 aliquae
546 223 724 260 actiones
740 232 827 269 quse
848 232 928 260 non
948 224 1130 259 videntur
1147 233 1236 260 esse
1253 227 1411 269 propter
1433 223 1564 267 finem,
1583 224 1689 260 sicut

67 272 246 310 actiones
285 271 445 308 ludicrae
482 274 520 307 et
554 270 892 315 contemplatoriae
921 274 959 307 et
989 271 1167 308 actiones
1188 280 1275 317 quse
1299 270 1447 316 absque
1469 271 1709 307 attentione,

66 318 304 362 fiunt,sicut
331 317 566 355 confricatio
598 317 727 353 barbae
761 321 799 353 ct
831 317 1074 363 hujusmodi,
1097 328 1143 354 ex
1177 318 1323 364 quibus
1356 318 1503 364 aliquis
1530 316 1686 363 opinari

66 368 197 414 potest
217 364 323 413 quod
343 365 396 402 sit
411 364 571 412 aliquod
599 373 722 411 agens
742 373 820 400 non
844 369 1002 410 propter
1021 364 1154 402 tinem.

114 412 187 450 Sed
222 411 428 450 sciendum
462 411 569 459 quod
600 411 780 448 actiones
810 413 1125 457 contemplativze
1161 420 1241 449 non
1269 415 1363 450 sunt
1383 415 1543 458 propter
1564 412 1687 448 alium

66 458 200 505 finem,
223 459 292 497 sed
313 459 410 506 ipsae
430 462 524 496 sunt
543 457 659 502 finis;
681 459 859 495 actiones
880 463 1010 495 autem
1044 459 1204 496 iudicroe
1236 459 1432 496 interdum
1467 463 1558 496 sunt
1580 458 1686 503 sinis,

67 507 172 544 sicut
201 515 322 554 quum
356 506 446 553 quis
479 505 608 543 solum
639 505 740 542 ludit
797 509 928 552 ropter
960 506 1262 543 delectationem
1295 516 1382 553 quae
1414 506 1453 542 in
1489 506 1582 542 ludo
1613 510 1687 549 est,

66 553 306 601 quandoque
321 558 452 591 autem
473 557 567 590 sunt
588 558 745 599 propter
774 562 892 597 inem,
910 553 1013 590 sicut
1033 563 1153 599 quum
1178 553 1353 590 ludimus
1376 557 1416 590 ut
1432 553 1687 598 postmodum

67 601 210 638 fortius
232 600 408 638 secundo
430 609 622 648 agamus;
645 601 824 637 actiones
856 605 986 637 autem
1008 610 1095 647 quae
1128 600 1227 637 fiunt
1260 601 1348 637 sine
1369 601 1585 647 attentione
1608 609 1690 637 non

67 648 230 686 suntab
249 647 465 693 intellectu,
486 647 554 685 sed
577 647 624 684 ab
646 648 779 694 aliqua
810 648 941 684 subita
963 648 1247 691 imaginatione
1267 648 1327 683 vel
1350 647 1520 684 naturali
1543 647 1689 693 princi-

61 695 147 742 pio,
168 695 531 733 sicut-inordinatio
554 695 734 732 humoris
751 695 947 740 pruritum
971 695 1180 732 excitantis
1211 698 1273 731 est
1292 703 1414 731 causa
1435 694 1688 731 confricatio-

66 742 132 779 nis
152 741 298 787 barbae,
316 751 404 789 quae
431 742 477 779 sit
507 741 594 779 sine
624 743 841 779 attentione
875 742 1099 778 intellectus
1117 753 1126 786 ;
1147 745 1186 778 et
1218 742 1301 778 haec
1322 741 1370 778 ad
1398 741 1555 787 aliquos
1588 742 1688 779 fines

66 789 248 834 tendunt,
272 789 362 826 licet
383 792 526 836 praeter
544 788 724 826 ordinem
744 789 982 826 intellectus.

114 838 187 873 Per
208 837 282 873 hoc
312 840 443 873 autem
474 835 697 873 excluditur
727 837 981 882 antiquorum
1003 835 1243 872 naturalium
1271 845 1381 873 error
1400 836 1466 882 qui
1487 835 1690 882 ponebant

68 884 204 920 omnia
221 882 304 921 fieri
327 893 374 920 ex
394 883 631 921 necessitate
660 883 847 926 materiae,
869 892 1029 920 causam
1052 882 1210 921 finalem
1232 893 1255 920 a
1274 883 1393 921 rebus
1413 884 1572 930 penitus
1593 882 1688 921 sub·

66 930 284 969 trahentes.
306 930 335 978 (l
356 934 471 978 part„
487 940 525 977 q.
543 938 649 974 xmv,
672 933 744 967 art.
763 933 785 967 4
805 934 842 966 et
862 931 944 975 1-11‚
966 940 1004 977 q.
1022 939 1051 975 1,
1073 933 1145 967 art.
1164 930 1217 977 2.)

749 1075 918 1117 CAPUT
946 1075 1017 1116 111.

406 1203 417 1219 '=
461 1196 563 1232 QUOD
581 1196 688 1226 OMNE.
704 1197 832 1227 AGENS
848 1196 941 1227 AGIT
955 1196 1131 1227 PROPTER
1149 1197 1296 1228 BONUM.

67 1352 94 1393 h
117 1307 171 1344 Ex
190 1306 267 1344 hoc
286 1308 418 1344 autem
437 1305 606 1344 ulterius
627 1306 920 1344 ostendendum
940 1311 1001 1344 est
1021 1308 1124 1355 quod
1150 1316 1270 1345 omne
1288 1315 1412 1355 agens
1432 1309 1516 1355 agit
1535 1311 1694 1355 propter

98 1362 235 1391 onum.

118 1400 212 1437 Inde
229 1400 336 1438 enim
356 1398 613 1438 manifestum
633 1405 696 1438 est
713 1408 834 1438 omne
853 1410 979 1448 agens
1000 1411 1117 1449 agere
1137 1406 1297 1448 propter
1316 1402 1435 1440 finem
1456 1402 1551 1449 quia
1569 1403 1696 1450 quod—

70 1446 168 1485 libet
187 1456 311 1494 agens
335 1448 464 1484 tendit
495 1447 544 1485 ad
576 1447 738 1494 aliquod
769 1448 1086 1486 determinatum.
1110 1450 1151 1486 Id
1183 1453 1313 1486 autem
1347 1450 1395 1487 ad
1431 1450 1535 1496 quod
1570 1459 1694 1496 agens

73 1494 334 1532 determinate
353 1494 480 1532 tendit
497 1498 652 1540 oportet
671 1504 760 1532 esse
782 1496 1025 1533 conveniens
1046 1497 1107 1541 ei;
1129 1504 1210 1534 non
1246 1497 1352 1533 enim
1379 1497 1558 1533 tenderet
1578 1498 1615 1532 in
1640 1498 1696 1543 ip-

72 1550 162 1580 sum
184 1541 263 1579 nisi
283 1545 443 1588 propter
459 1541 509 1579 ali
543 1549 633 1578 uam
654 1543 972 1580 convenientiam
1002 1543 1050 1580 ad
1084 1543 1230 1589 ipsum.
1253 1543 1365 1588 Quod
1392 1549 1522 1580 autem
1551 1553 1694 1581 conve-

72 1589 189 1626 niens
210 1592 270 1626 est
287 1588 406 1626 alicui
428 1589 517 1626 esti
539 1589 565 1625 li
586 1590 749 1626 bonum.
774 1590 874 1636 Ergo
893 1599 1011 1627 omne
1033 1599 1157 1636 agens
1177 1591 1258 1636 agit
1278 1595 1437 1636 propter
1457 1591 1620 1627 honum.

119 1637 309 1681 Praeterea,
346 1635 438 1673 finis
469 1639 530 1674 est
558 1636 599 1672 in
628 1645 707 1682 quo
737 1637 909 1683 quiescit
939 1638 1137 1683 appetitus
1172 1638 1328 1684 agentis
1357 1638 1417 1673 vel
1439 1640 1636 1675 moventis
1658 1642 1695 1674 et

73 1683 160 1730 ejus
179 1683 286 1730 quod
306 1687 499 1720 movetur.
516 1684 598 1720 Hoc
613 1687 745 1721 autem
760 1687 820 1721 est
834 1684 882 1721 de
896 1686 1050 1722 ratione
1071 1684 1166 1722 honi
1188 1688 1232 1722 ut
1247 1685 1433 1722 terminet
1448 1686 1664 1731 appetitum
1685 1697 1693 1729 ;

72 1739 166 1768 nam
195 1731 346 1815 11οὲοω
377 1733 438 1767 est
465 1729 573 1778 quod
604 1731 741 1768 omnia
774 1734 976 1778 appetunt.
998 1732 1139 1770 Omnis
1175 1741 1270 1779 ergo
1302 1734 1404 1770 actio
1427 1736 1614 1769 etmotus
1636 1735 1695 1769 est

71 1780 232 1824 propter
277 1785 414 1814 onum.

118 1824 264 1869 Adhuc,
286 1824 420 1862 omnis
441 1823 546 1863 actio
565 1827 604 1862 et
621 1827 754 1862 motus
773 1824 823 1862 ad
844 1834 934 1863 esse
955 1826 1090 1873 aliquo
1111 1825 1232 1864 modo
1252 1826 1428 1864 ordinari
1448 1827 1617 1871 videtur,
1636 1827 1697 1864 vel

71 1874 117 1910 ut
139 1874 397 1910 conservetur
423 1870 644 1924 secuudum
666 1872 837 1918 speciem
860 1873 922 1910 vel
943 1873 1208 1918 individuum,
1226 1875 1346 1911 velut
1366 1874 1413 1910 de
1433 1883 1537 1912 novo
1559 1874 1695 1922 aequi-

71 1921 197 1957 ratur.
219 1919 301 1956 Hoc
330 1921 462 1956 autem
491 1927 623 1965 ipsum
658 1919 765 1966 quod
791 1923 852 1957 est
871 1928 961 1958 esse
980 1920 1131 1958 honum
1154 1924 1227 1966 est,
1250 1924 1288 1958 et
1309 1921 1399 1958 ideo
1420 1922 1556 1958 omnia
1579 1931 1696 1968 appe-

72 1968 164 2004 tunt
181 1974 286 2003 esse.
308 1966 448 2004 Omnis
464 1965 588 2013 igitur
604 1967 709 2004 actio
729 1970 768 2004 et
787 1970 921 2006 motus
941 1971 1002 2006 est
1020 1971 1182 2015 propter
1199 1968 1365 2006 bonum.

120 2013 306 2059 Amplius,
317 2013 450 2050 omnis
465 2013 569 2050 actio
585 2016 623 2050 et
636 2017 770 2051 motus
783 2018 844 2052 est
857 2018 1018 2062 propter
1030 2016 1204 2063 aliquam
1219 2016 1504 2062 perfectionem
1517 2027 1525 2061 ;
1539 2017 1573 2053 51
1591 2016 1697 2053 enim

73 2059 164 2113 ipsa
185 2059 289 2097 actio
310 2060 363 2112 sit
381 2059 488 2113 finis,
510 2060 766 2098 manifestum
787 2066 847 2099 est
875 2062 982 2109 quod
1012 2066 1072 2100 est
1090 2063 1281 2109 perfectio
1302 2063 1480 2101 secunda
1509 2063 1667 2110 agentis
1686 2076 1696 2108 ;

75 2115 111 2145 si
132 2109 264 2143 autem
285 2110 389 2147 actio
413 2110 471 2159 sit
492 2109 773 2145 transmutatio
793 2110 1002 2147 exterioris
1022 2109 1213 2155 materiae,
1233 2111 1492 2148 manifestum
1513 2112 1698 2159 estquod

74 2161 241 2206 movens
270 2153 648 2208 intendit-aliquam
675 2155 962 2201 perfectionem
990 2157 1180 2194 inducere
1211 2156 1254 2194 in
1291 2166 1333 2195 re
1367 2161 1490 2203 mota,
1508 2159 1551 2195 in
1579 2169 1698 2206 quam

76 2205 196 2239 etiam
216 2199 342 2237 tendit
357 2199 520 2246 mobile,
541 2209 575 2239 si
595 2204 649 2239 sit
674 2206 810 2240 motus
841 2202 1050 2242 naturalis.
1068 2204 1151 2241 Hoc
1171 2208 1303 2244 autem
1327 2204 1499 2243 dicimus
1520 2215 1610 2243 esse
1628 2207 1699 2244 bo-

75 2256 170 2332 ssum
196 2247 302 2294 quod
331 2251 393 2284 est
419 2255 510 2285 esse
527 2249 761 2295 perfectum.
781 2250 921 2288 Omnis
940 2250 1064 2298 igitur
1088 2251 1192 2288 actio
1219 2256 1258 2289 et
1290 2255 1424 2290 motus
1446 2256 1508 2289 est
1537 2258 1698 2300 propter

106 2302 244 2333 onum.

48 2370 58 2383 ,
123 2342 225 2384 Item,
250 2348 368 2378 omne
388 2349 514 2388 agens
541 2341 625 2388 agit
655 2342 877 2381 secundum
911 2344 1018 2391 quod
1050 2347 1113 2382 est
1139 2348 1256 2390 actu3
1278 2346 1433 2392 agendo
1465 2349 1596 2384 autem
1618 2352 1700 2386 ten-

75 2387 136 2427 dit
165 2388 208 2425 in
239 2387 316 2442 sibi
349 2387 480 2425 simile
496 2387 648 2441 {igitur
674 2390 800 2427 tendit
827 2390 869 2428 in
897 2394 1028 2428 actum
1061 2391 1249 2438 aliquem.
1270 2395 1390 2430 Actus
1410 2396 1540 2430 autem
1564 2396 1698 2434 omnis

75 2434 198 2476 habet
212 2438 408 2473 rationem
426 2434 545 2487 hom-3
566 2444 658 2474 nam
677 2437 827 2474 malum
859 2446 941 2475 non
971 2438 1173 2475 invenitur
1203 2439 1282 2475 nisi
1315 2439 1355 2475 in
1386 2441 1564 2485 potentia
1598 2441 1695 2479 defi-

76 2483 208 2522 ciente
226 2482 277 2521 ab
293 2485 398 2520 actu.
420 2483 559 2520 Omnis
579 2482 702 2530 igitur
721 2484 824 2521 actio
846 2488 906 2521 est
924 2488 1084 2531 propter
1100 2484 1267 2522 bonurn.

64 2550 68 2559 ·
124 2529 281 2574 Adhuc,
309 2537 434 2578 agens
468 2537 539 2576 per
567 2528 813 2568 intellectum
846 2531 927 2577 agit
958 2535 1118 2577 propter
1144 2531 1280 2577 finem,
1300 2532 1405 2570 sicut
1427 2533 1698 2575 determinans

47 2575 156 2622 „sihi
175 2576 296 2614 finem
312 2588 323 2622 3
338 2584 463 2624 agens
484 2579 615 2614 autem
636 2585 707 2623 per
726 2581 923 2622 naturam,
945 2578 1038 2615 licet
1056 2581 1148 2624 agat
1166 2583 1326 2625 propter
1344 2579 1478 2626 finem,
1493 2586 1537 2618 ut
1555 2583 1697 2629 proba·

76 2625 164 2662 tum
196 2627 258 2661 est
282 2623 333 2670 (c.
367 2623 419 2672 2),
455 2632 538 2661 non
563 2626 697 2661 tamen
727 2624 962 2662 determinat
981 2625 1057 2662 sihi
1078 2623 1211 2670 finem,
1234 2635 1355 2673 quum
1379 2636 1460 2664 non
1481 2635 1700 2676 cognoscat

76 2671 277 2710 rationem
293 2669 404 2717 finis,
424 2671 495 2709 sed
527 2675 708 2708 movetur
737 2671 776 2708 in
797 2670 916 2708 finem
937 2671 1242 2710 determinatum
1275 2674 1351 2711 sibi
1385 2675 1433 2712 ab
1454 2676 1547 2713 alio.
1565 2680 1698 2723 Agens

80 2721 213 2756 autem
231 2727 302 2765 per
325 2717 571 2756 intellectum
604 2726 685 2756 non
716 2717 952 2756 determinat
969 2719 1046 2757 sibi
1063 2719 1183 2758 finem
1202 2719 1281 2759 nisi
1302 2720 1377 2759 sub
1403 2722 1556 2761 ratione
1574 2724 1696 2770 boni;

79 2763 335 2811 intelligibile
363 2765 470 2803 enim
502 2774 584 2803 non
614 2768 745 2804 movet
776 2765 856 2804 nisi
887 2766 962 2804 suh
989 2767 1143 2805 ratione
1159 2767 1270 2814 honi,
1290 2769 1396 2816 quod
1418 2774 1479 2806 est
1498 2771 1697 2817 objectum

79 2811 321 2864 voluntatis;
341 2820 439 2860 ergo
461 2815 500 2850 et
530 2821 655 2861 agens
685 2821 756 2859 per
786 2817 968 2851 naturam
989 2822 1070 2851 non
1090 2818 1271 2852 movetur
1289 2825 1417 2863 neque
1437 2817 1519 2864 agit
1538 2822 1698 2864 propter

81 2857 254 2906 aliquem
300 2859 421 2898 finem
464 2860 545 2898 nisi
585 2860 807 2899 secundum
837 2860 945 2908 quod
981 2865 1042 2899 est
1073 2861 1244 2908 honum,
1283 2872 1404 2911 quum
1448 2865 1579 2911 agenti
1629 2873 1699 2910 per
