1894 3223
699 152 786 188 Llss.
816 152 873 194 IV,
902 152 1001 188 CAP.
1030 152 1125 188 tllt.
1651 151 1719 187 503

134 235 219 273 uasi
242 234 288 272 de
310 242 412 270 novo
433 232 651 270 claritatem
682 232 897 277 accipiens,
919 243 1038 279 quum
1077 242 1162 269 eam
1184 231 1412 278 profiteatur
1432 241 1473 269 se
1495 235 1583 268 ante
1603 241 1718 268 mun-

104 245 198 319 aum
230 281 443 322 habuisse;
467 279 536 316 sed
572 279 777 325 oportebat
811 280 916 325 quod
952 289 1025 315 sua
1057 280 1231 323 claritas,
1254 289 1340 326 quae
1378 279 1451 316 sub
1490 278 1718 316 infirmitate

105 328 238 366 carnis
260 331 342 365 erat
374 327 583 370 occultata,
605 335 673 372 per
702 327 833 363 carnis
858 326 1187 372 glorificationem
1219 330 1256 362 et
1276 326 1557 363 miraculorum
1580 335 1717 371 opera-

107 377 253 413 tionem
297 374 631 415 manifestaretur,
654 373 693 409 in
727 372 802 409 fide
841 374 1082 410 credentium
1132 374 1393 418 populorum;
1418 373 1520 409 unde
1552 373 1597 409 de
1632 373 1718 418 ejus

106 421 370 460 occultatione
399 421 544 457 dicitur
565 432 573 456 :
596 422 642 456 Et
660 422 765 466 quasi
785 420 1013 455 absconditas
1031 421 1218 457 estvultas
1238 420 1331 465 ejus.
1348 448 1355 455 .
1371 433 1399 463 .‚·
1421 421 1515 454 unde
1533 431 1594 455 nec
1614 430 1720 465 repa-

105 470 260 505 ravimus
280 479 372 504 eum.
395 467 511 513 (lsai.‚
532 476 613 511 L111,
635 468 684 513 3.)
705 467 893 503 Similiter
905 472 1049 511 autem,
1068 467 1286 503 secundum
1307 467 1381 503 hoe
1403 467 1581 503 Christus
1595 467 1719 503 susci-

105 520 210 553 tatus
232 519 292 552 est
324 514 429 562 quod
460 519 520 551 est
540 523 684 560 passus
706 517 742 551 et
763 518 955 555 mortuus,
980 514 1018 550 id
1039 518 1096 550 est
1119 514 1337 550 secundum
1370 523 1526 550 earnem
1550 514 1720 554 3dieitu1·

107 563 210 600 enim
235 574 242 598 :
266 563 406 599 Christo
420 572 527 607 passo
549 564 719 601 incarne,
742 564 775 596 ct
793 571 854 596 vos
874 561 995 595 eadem
1022 562 1236 605 capitatione
1255 562 1461 596 amnamc'nt'.
1483 562 1517 606 (I
1534 563 1645 601 Petr„
1663 569 1718 605 lv,

109 610 158 656 1.)
187 609 354 646 Exaltari
376 609 494 646 etiam
525 618 613 645 eum
653 608 827 654 oportuit
857 607 1074 644 secundum
1111 608 1185 644 boc
1218 607 1322 654 quod
1354 608 1426 643 suit
1460 608 1718 651 liumjliatus;

106 665 195 693 nam
229 660 267 692 et
294 656 510 702 Apostolus
541 656 636 692 dicit
663 668 670 692 :
705 656 919 690 Hamilt'arit
944 656 1169 699 semetipsam
1189 655 1308 698 factas
1338 655 1500 690 obedieris
1530 665 1640 699 usqae
1673 655 1720 689 ad

105 707 292 740 mortem..
308 731 334 744 .,
352 706 498 748 propter
527 703 622 748 qnod
642 706 673 738 et
700 704 793 738 Deus
825 703 1000 737 eoealtavt't
1033 703 1147 737 illam.
1172 701 1297 747 (Pha,
1325 711 1366 743 11,
1389 704 1423 745 8,
1446 703 1495 746 9.)
1517 703 1577 738 Sic
1610 712 1718 747 crgo,

106 760 176 797 per
194 751 269 787 hoc
290 751 394 797 quod
415 752 528 787 l‘ater
547 749 735 786 clarificat
752 749 905 791 Filium,
929 749 1095 785 suscitat.
1115 752 1151 785 et
1172 749 1329 794 exaltat,
1352 749 1474 785 Filius
1491 758 1569 785 nou
1592 753 1721 785 osten-

107 798 213 834 ditur
230 798 361 834 minor
396 797 615 841 Patra-,nisi
647 796 865 833 seeundum
899 796 1110 832 humanam
1144 799 1349 840 naturam;
1372 805 1477 840 nam,
1501 796 1719 832 secundum

106 844 279 881 divinam
307 848 501 888 naturam,
524 847 679 891 quaest
711 843 812 879 Patri
835 843 1013 888 aequalis,
1038 847 1097 879 est
1126 843 1261 879 eadem
1286 843 1407 879 virtus
1430 844 1554 879 Patris
1577 848 1613 879 et
1632 843 1718 879 Filii

108 896 144 928 et
166 891 300 928 eadem
333 891 507 937 operatio
527 903 534 935 ;
558 891 660 927 unde
691 894 727 926 et
758 890 841 935 ipse
864 890 985 926 Filius
1007 890 1165 936 propria
1185 890 1325 926 virtute
1347 899 1389 926 se
1405 890 1561 934 exaltat,
1579 899 1719 926 secun-

108 939 199 975 dum
233 938 329 975 illud
367 938 585 975 Psalnlislae
609 950 616 973 :
644 938 832 977 Eoetzltasre,
855 939 1015 980 Domine,
1042 939 1079 972 in
1110 939 1242 972 virtute
1278 941 1342 972 tua
1374 936 1521 982 (Psalm.
1549 946 1614 981 xx,
1639 938 1720 982 ·1›t);

108 985 194 1031 ipse
215 986 391 1031 seipsum
420 985 600 1027 suscitat,
621 984 724 1031 quod
750 984 796 1020 de
825 994 866 1020 se
889 984 983 1019 dicit
1001 996 1008 1019 :
1029 986 1242 1020 Potestatem
1263 984 1371 1019 habeo
1384 985 1542 1029 ponenda·
1562 986 1722 1020 animam

107 1043 234 1072 meam,
269 1036 365 1068 et...
391 1034 521 1067 iterum
559 1032 722 1067 sumendi
753 1042 829 1066 eam
864 1030 1020 1076 (.Iomzn„
1043 1040 1080 1074 x,
1103 1032 1158 1076 18)
1177 1043 1184 1074 ;
1206 1031 1290 1076 ipse
1324 1031 1440 1067 etiam
1476 1041 1555 1067 non
1592 1031 1722 1067 solum

109 1079 285 1124 seipsum
306 1078 508 1121 clarificat,
532 1078 601 1114 sed
635 1079 752 1114 ctiam
786 1079 937 1114 Patrem
960 1090 967 1121 ;
991 1078 1085 1114 dicit
1105 1078 1210 1114 euim
1236 1090 1243 1113 :
1267 1079 1434 1122 Clarisica
1454 1079 1587 1113 Filiam
1608 1081 1719 1118 taam,

107 1129 146 1160 ut
161 1127 276 1161 Filius
292 1128 375 1161 tuas
394 1127 564 1171 clarificet
585 1128 616 1160 te
638 1125 794 1171 (Joann.,
818 1133 915 1167 xvii,
941 1126 973 1170 1)
993 1136 1000 1167 ;
1024 1134 1101 1161 non
1125 1124 1229 1170 quod
1247 1127 1358 1160 Pater
1376 1125 1569 1160 velamine
1591 1126 1722 1161 carnis

107 1176 323 1218 assumptae
344 1172 395 1209 sit
415 1171 651 1215 occultatus,
674 1172 742 1207 sed
765 1180 846 1208 suae
877 1171 1150 1207 invisibilitate
1171 1175 1319 1207 naturae
1338 1183 1345 1214 ;
1366 1180 1444 1216 quo
1467 1172 1583 1207 etiam
1604 1171 1722 1207 modo

109 1219 232 1256 Filius
250 1223 309 1256 est
327 1219 507 1256 occultus
527 1218 746 1255 secundum
776 1217 949 1254 divinam
984 1222 1163 1254 naturam
1183 1230 1191 1261 ;
1213 1227 1302 1254 nam
1323 1218 1425 1254 Patri
1444 1222 1481 1254 et
1503 1219 1599 1254 Filio
1621 1227 1724 1254 com·

107 1275 228 1303 mune
259 1269 320 1303 est
339 1266 443 1313 quod
475 1265 620 1302 dicitur
640 1277 648 1301 ε
674 1266 762 1301 Vere
780 1267 819 1300 ta
838 1275 872 1300 es
902 1267 995 1300 Deus
1025 1265 1254 1300 absconditas
1286 1266 1411 1309 Israel,
1433 1267 1526 1300 Deus
1543 1266 1722 1313 Salvator.

110 1313 341 1360 (Isai.,„xr.v‚
365 1313 437 1360 15.)
459 1313 581 1349 Filius
603 1316 732 1349 autem
755 1313 908 1348 Patrem
943 1311 1146 1356 clarificat,
1169 1321 1248 1348 non
1283 1312 1499 1348 claritatem
1523 1313 1556 1348 ei
1577 1312 1720 1356 (laudo,

108 1360 178 1398 sed
211 1370 300 1397 eum
337 1360 486 1397 mundo
516 1359 833 1402 manil‘estand03
856 1368 946 1395 nam
983 1362 1020 1395 et
1058 1359 1142 1404 ipse
1174 1359 1320 1395 ibidem
1341 1358 1437 1395 dicit
1458 1371 1466 1396 :
1487 1360 1726 1404 Manifestavi

106 1418 234 1443 nomen
253 1411 353 1443 taum
376 1407 590 1443 hominibus.
612 1406 771 1452 (Joann.‚
794 1415 899 1449 XVII,
922 1405 970 1451 6.)

156 1456 242 1491 Non
263 1457 324 1491 est
348 1457 479 1492 autem
498 1453 736 1491 credendum
759 1453 864 1500 quod
885 1453 924 1488 in
944 1453 1010 1489 Dei
1045 1453 1138 1490 Filio
1166 1453 1216 1490 sit
1241 1453 1385 1500 aliquis
1416 1455 1622 1499 potestatis
1653 1454 1724 1491 de-

110 1501 251 1545 sectus,
273 1511 394 1548 quum
415 1501 499 1547 ipse
522 1501 624 1537 dicat
642 1512 650 1536 :
672 1503 768 1536 Data
787 1503 837 1535 est
856 1501 946 1535 mihi
965 1502 1079 1535 oinnz's
1107 1502 1265 1545 potestas
1300 1503 1340 1535 in
1371 1502 1453 1536 coelo
1482 1505 1514 1537 et
1546 1504 1584 1537 ιή
1613 1504 1723 1537 terra.

111 1549 272 1595 (Mena.
294 1557 434 1588 xxviii,
459 1548 530 1594 18.)
550 1547 657 1584 Unde
676 1547 781 1593 quod
801 1547 884 1593 ipse
906 1547 997 1583 dicit
1030 1556 1038 1580 τ
1078 1547 1204 1583 Sedere
1229 1547 1278 1582 ad
1309 1548 1494 1583 deoeteram
1526 1559 1640 1584 meam
1671 1549 1726 1584 vel

109 1597 296 1631 sinistram
315 1605 384 1630 iton
405 1598 457 1631 est
476 1605 591 1630 meum
611 1595 699 1629 dare
717 1595 829 1637 vobis,
848 1594 909 1629 sed
921 1594 1050 1638 quibus
1060 1597 1232 1638 paratam
1252 1597 1304 1630 est
1321 1596 1462 1630 aPatre
1475 1606 1548 1631 meo
1566 1596 1724 1642 (Mt-ath„
1757 1635 1760 1639 ,

109 1651 179 1686 xx,
200 1642 274 1689 23),
305 1651 385 1679 non
407 1641 579 1679 ostendit
609 1641 714 1687 quod
757 1641 876 1677 Filius
921 1640 1282 1677 distribuendarum
1316 1642 1535 1679 coelestium
1573 1643 1725 1679 sedium

110 1692 342 1736 potestatem
382 1698 461 1726 non
481 1688 635 1732 habeat,
658 1697 747 1728 cum
783 1697 851 1733 per
868 1687 1097 1733 hujusmodi
1117 1688 1339 1725 sessionem
1366 1689 1610 1735 participatio
1642 1690 1727 1726 vitae

108 1741 264 1773 aeternae
284 1736 538 1783 intelligatur,
562 1735 675 1782 qu'us
691 1735 943 1772 collationem
958 1735 1006 1771 azt
1028 1744 1069 1771 se
1087 1735 1279 1780 pertinere
1292 1736 1465 1772 ostendit
1477 1747 1594 1782 quum
1609 1737 1724 1773 dicit:

111 1784 198 1820 Oves
216 1794 299 1818 meae
317 1782 434 1819 vocem
456 1793 569 1818 meam
589 1783 768 1825 audiant5
792 1785 825 1817 et
844 1793 904 1826 esso
925 1792 1090 1826 captiosae
1110 1792 1182 1822 eas,
1204 1782 1239 1817 οῖ’
1263 1786 1462 1827 sequuntur
1489 1795 1567 1827 me,-
1603 1787 1634 1820 et
1666 1794 1727 1828 090

110 1832 226 1866 vitam
244 1834 414 1866 aeteruam
433 1830 477 1865 do
497 1832 546 1865 eis
568 1829 725 1876 (Joamz.‚
747 1837 787 1872 x,
800 1832 858 1872 27,
880 1828 953 1875 28);
974 1829 1117 1865 dicitur
1136 1829 1251 1866 etiam
1273 1830 1369 1874 quod
1385 1832 1537 1867 Pater...
1557 1842 1656 1866 omne
1676 1834 1730 1867 in-

110 1877 245 1913 dicium
263 1877 362 1913 dedit
379 1877 472 1912 Filio
491 1876 648 1923 (Joaim.,
668 1885 708 1919 v,
730 1878 803 1920 22);
825 1875 873 1912 ad
894 1875 1082 1912 indicium
1113 1879 1244 1912 autem
1264 1877 1433 1921 pertinet
1454 1881 1494 1913 ut
1521 1887 1589 1923 pro
1611 1878 1727 1914 meri-

109 1924 162 1962 tis
182 1924 301 1971 aliqui
320 1924 361 1960 in
382 1923 534 1961 coelesti
555 1923 683 1970 gloria
703 1922 971 1966 collocentur3
992 1923 1095 1959 unde
1113 1927 1150 1959 et
1170 1923 1314 1959 dicitur
1332 1924 1437 1970 quod
1459 1925 1580 1961 Filius
1602 1925 1728 1961 homi-

110 1971 175 2008 nis
194 1973 328 2007 statuet
352 1981 430 2007 oves
450 1982 473 2006 a
500 1971 638 2006 deoetrz's
672 1972 760 2013 suis,
783 1970 901 2006 haedos
939 1972 1057 2005 autem
1095 1981 1118 2005 a
1151 1972 1310 2006 sinistris
1349 1971 1507 2018 (Matth.‚
1535 1980 1630 2009 XXV.
1652 1972 1727 2019 33);

109 2018 281 2064 pertinet
296 2027 391 2070 ergo
410 2018 458 2054 ad
478 2020 713 2064 potestatem
735 2017 821 2054 Filii
858 2020 1031 2054 statuere
1063 2017 1235 2063 aliquem
1266 2018 1327 2054 vel
1366 2028 1390 2054 a
1423 2018 1572 2056 dextris
1609 2019 1668 2055 vel
1706 2029 1729 2056 a

111 2065 301 2110 sinistris,
324 2074 406 2102 sive
431 2067 640 2111 utrumque
659 2064 851 2101 referatur
870 2064 919 2100 ad
939 2063 1182 2100 differentem
1207 2064 1344 2111 gloriae
1369 2065 1727 2111 participationem,

111 2112 195 2148 sive
217 2120 341 2148 unum
362 2111 554 2148 referatur
572 2111 620 2148 ad
641 2111 809 2158 gloriam
830 2113 867 2147 et
886 2111 1052 2147 alterum
1073 2111 1264 2148 referatur
1283 2111 1330 2149 ad
1364 2122 1535 2158 poenam.
1570 2114 1730 2159 Oportet

112 2159 234 2205 igitur
250 2161 293 2195 ut
310 2158 417 2194 verbi
436 2158 628 2203 propositi
649 2167 794 2194 sensus
817 2167 864 2193 ex
882 2158 1102 2203 praemissis
1123 2162 1316 2195 sumatur.
1338 2160 1591 2196 praemittitur
1619 2170 1729 2196 nam-

112 2215 188 2252 que
207 2204 368 2251 (Matth.,
389 2212 456 2248 xx,
478 2207 523 2241 20
543 2208 581 2240 et
600 2204 698 2250 seq.)
721 2204 826 2250 quod
853 2208 976 2240 mater
1011 2203 1181 2241 filiorum
1216 2205 1392 2242 Zebedaei
1425 2209 1646 2243 accesserat
1681 2206 1730 2244 ad

110 2253 262 2296 iesum,
283 2253 420 2298 petens
442 2255 485 2287 ut
502 2260 606 2288 unus
626 2250 798 2287 filiorum
814 2250 899 2296 ejus
920 2250 1073 2287 sederet
1090 2251 1139 2287 ad
1159 2252 1358 2288 dexteram
1379 2252 1464 2298 eJus
1495 2257 1532 2289 et
1558 2253 1660 2290 alius
1680 2253 1728 2290 ad

114 2299 336 2343 sinistram;
359 2302 395 2334 et
415 2298 463 2334 ad
483 2298 558 2335 hoc
573 2298 782 2344 petendum
803 2301 911 2334 mota
928 2297 1130 2334 videbatur
1146 2308 1193 2334 ex
1212 2299 1381 2344 quadam
1402 2299 1545 2337 fiducia
1570 2300 1730 2346 propin-

115 2345 277 2392 quitatis
297 2345 469 2382 earnalis
489 2354 606 2391 quam
629 2345 797 2381 habebat
822 2344 870 2380 ad
891 2344 1093 2381 hominem
1109 2345 1320 2382 Christum.
1341 2346 1533 2384 Dominus
1548 2356 1641 2394 ergo
1657 2356 1731 2384 sua

114 2392 378 2438 responsione
402 2400 482 2429 non
502 2392 599 2428 dixit
615 2392 721 2438 quod
741 2391 789 2428 ad
807 2391 892 2437 ejus
914 2394 1147 2437 potestatem
1169 2401 1249 2429 non
1268 2392 1482 2438 pertineret
1508 2394 1600 2430 dare
1624 2393 1730 2440 quod

113 2439 332 2484 petebatur,
354 2439 423 2476 sed
445 2439 550 2485 quod
570 2438 618 2475 ad
636 2448 726 2475 eum
747 2447 827 2475 non
846 2438 1065 2484 pertinebat
1082 2439 1162 2475 illis
1183 2439 1276 2475 dare
1294 2448 1364 2486 pro
1388 2440 1532 2486 quibus
1564 2441 1729 2488 rogaba-

113 2491 190 2522 tur.
213 2487 300 2522 Non
321 2485 425 2522 enim
444 2486 540 2522 dixit
563 2485 732 2522 :Sedere
749 2485 797 2522 ad
829 2485 1026 2523 dexteram
1062 2495 1189 2522 meam
1219 2485 1280 2522 vel
1321 2486 1522 2523 sinistram
1558 2497 1636 2524 non
1671 2493 1731 2525 est

115 2542 247 2569 meum
268 2533 360 2570 dare
381 2532 521 2576 alicui;
550 2532 646 2579 quin
665 2532 798 2578 potius
819 2532 993 2569 ostendit
1012 2532 1118 2579 quod
1156 2542 1274 2570 suum
1308 2536 1392 2570 erat
1422 2533 1498 2571 hoe
1528 2534 1619 2571 dare
1652 2534 1731 2572 illis

114 2579 260 2626 quibus
281 2583 364 2616 erat
384 2581 560 2625 paratum
582 2589 605 2615 a
625 2581 737 2616 Patre
758 2588 846 2616 suo.
869 2580 955 2615 Non
976 2579 1080 2615 enirn
1100 2579 1176 2616 hoe
1193 2579 1285 2616 dare
1309 2580 1357 2616 ad
1392 2590 1482 2617 eum
1515 2582 1731 2626 pertinebat

116 2626 335 2663 secundum
351 2626 458 2673 quod
479 2625 684 2663 eratfilius
702 2626 890 2673 Virginis,
913 2625 983 2663 sed
1004 2626 1223 2663 seeundum
1241 2627 1346 2673 quod
1375 2631 1457 2664 erat
1489 2629 1609 2665 Filius
1642 2629 1728 2673 Dei;

113 2677 153 2710 et
169 2673 258 2710 ideo
276 2682 356 2710 non
377 2677 459 2710 erat
478 2682 592 2710 suum
615 2673 692 2710 hoc
711 2672 803 2710 dare
820 2673 1033 2719 aliquibus,
1052 2676 1210 2720 propter
1229 2673 1305 2711 hoc
1325 2674 1431 2721 quod
1451 2675 1499 2712 ad
1526 2685 1615 2712 eum
1645 2685 1730 2722 per-

114 2720 266 2757 tinebat
284 2720 502 2758 secundum
524 2719 630 2767 quod
659 2723 742 2757 erat
774 2719 881 2757 filius
919 2719 1101 2766 Virginis,
1142 2720 1362 2758 secundum
1396 2722 1732 2769 propinquitatem

114 2767 330 2812 carnalem,
351 2767 421 2804 sed
441 2771 600 2813 propter
621 2766 695 2804 hoc
714 2766 934 2813 pertinebat
954 2767 1002 2803 ad
1023 2776 1113 2803 eum
1137 2767 1356 2805 secundum
1377 2770 1483 2815 quod
1504 2772 1586 2805 erat
1609 2770 1731 2808 Filius

116 2813 202 2857 Dei,
222 2814 368 2861 quibus
389 2814 539 2852 scilicet
558 2817 737 2861 paratum
758 2817 841 2851 erat
859 2823 883 2850 a
901 2815 1012 2850 Patre
1033 2823 1102 2859 per
1121 2815 1508 2860 praedestinationem
1529 2820 1731 2854 aeternam.

115 2859 191 2896 Sed
211 2861 316 2913 quod
349 2861 467 2898 etiam
486 2862 569 2899 haee
589 2861 823 2907 praeparatio
844 2860 892 2897 ad
922 2864 1157 2907 potestatem
1194 2861 1282 2899 Filii
1320 2862 1390 2901 Dei
1418 2864 1625 2910 pertineat,
1647 2864 1732 2910 ipse

118 2906 312 2947 Dominus
330 2908 554 2955 confitetur,
576 2908 714 2946 dicens
735 2919 744 2946 ε
763 2909 808 2945 In
826 2907 927 2945 domo
941 2909 1066 2945 Patris
1082 2909 1152 2946 mei
1172 2910 1377 2948 mansiones
1405 2911 1527 2947 muttae
1556 2914 1664 2955 sunt3
1699 2911 1733 2946 si
