1894 3223
694 139 781 175 Ltss.
810 139 872 183 lV,
900 139 1001 176 CAP.
1027 139 1133 175 xvii.
1657 143 1721 177 521

105 222 297 260 Dominus
311 220 357 258 ad
380 222 538 267 Moysen
561 231 569 256 ι
593 220 778 265 Gonqreqa
795 221 885 256 mihi
903 223 1136 266 septuaqinta
1152 222 1251 258 viros
1269 220 1313 257 de
1332 221 1475 258 senibus
1493 221 1668 267 Israel...,
1690 225 1726 259 et

103 270 270 313 auferam
305 268 349 304 de
381 269 516 313 spiritu
547 269 618 308 tuo,
654 268 867 313 tradamque
886 270 935 303 eis
952 269 1126 314 (Numen.
1148 276 1202 308 xi,
1227 268 1371 314 16‚t7>;
1394 272 1432 306 et
1451 269 1597 306 dicitur
1614 270 1723 316 quod

106 317 269 354 Elisaeus
300 314 348 352 ab
377 314 460 351 Elia
489 314 601 360 petiit
622 325 632 349 ε
659 314 806 351 Obsecro
826 318 865 350 ut
884 317 948 360 fiat
969 317 1005 350 in
1023 326 1078 351 me
1098 316 1233 360 duplex
1252 317 1404 361 spiritus
1424 318 1507 351 tuus
1526 317 1597 363 (IV
1618 318 1722 362 Req„

103 372 146 407 11,
174 362 223 409 9),
259 365 296 399 et
323 360 427 399 Elias
458 360 686 406 respondit:
720 361 761 399 Si
778 362 913 397 videris
944 373 1010 403 me,
1036 364 1180 408 quando
1199 363 1307 398 tollar
1326 374 1348 398 a
1366 365 1411 403 te,
1436 365 1503 399 erit
1528 364 1598 399 tibi
1628 364 1726 410 quod

100 411 241 456 petisti.
269 408 391 456 (Ibid.,
417 408 488 456 10.)
507 408 665 445 Videtur
684 417 778 456 ergo
794 409 960 455 Spiritus
981 413 1144 447 sanctus
1166 419 1254 447 esse
1267 409 1470 447 mutabilis
1485 414 1522 447 et
1537 419 1617 448 non
1634 419 1725 449 esse

104 459 222 494 Deus.
621 464 624 468 ’
1530 460 1533 461 ’

149 505 249 546 Item,
273 503 312 539 in
331 504 453 540 Deum
475 503 634 540 tristitia
655 503 792 540 cadere
813 512 892 540 non
906 506 1049 549 potest,
1071 512 1192 550 quum
1215 503 1374 540 tristitia
1387 504 1522 550 passio
1544 505 1722 551 euredum

103 551 181 595 sit;
203 552 308 587 Deus
331 554 460 587 autem
494 550 753 596 impassibilis
774 554 847 587 est.
881 550 990 586 Cadit
1016 554 1146 587 autem
1179 550 1339 587 tristitia
1358 551 1398 587 in
1422 552 1608 596 Spiritum
1632 562 1723 589 san-

103 601 235 641 ctum;
271 597 374 634 unde
416 598 630 644 Apostolus
661 597 754 635 dicit
791 609 798 633 :
838 598 955 635 Nolite
991 599 1205 633 contristare
1233 597 1414 642 Spiritum
1450 599 1622 635 Sanctum
1662 602 1728 637 Dei

119 645 265 691 Ephes„
287 654 342 686 lv,
368 644 425 691 30)
443 657 451 689 ;
480 649 516 681 et
537 645 701 682 dicitur:
724 645 800 691 Ipsi
819 645 868 680 ad
887 644 1118 680 iracundiam
1133 648 1433 690 provocaverunt,
1455 648 1489 681 et
1509 648 1725 691 afllioeerunt

128 694 281 738 pii-itum
319 695 482 728 sanctum
513 692 604 737 ejus.
639 691 886 738 (lsai.‚1,x111,
923 691 995 738 10.)
1017 691 1178 729 Videtur
1204 691 1323 739 igitur
1355 692 1523 738 Spiritus
1562 697 1726 731 sanctus

103 740 208 777 Deus
227 748 308 776 non
329 748 431 776 esse.

151 787 295 830 Adhuc,
317 787 396 823 Deo
418 795 497 823 non
527 786 710 823 convenit
726 795 851 827 orare,
886 786 955 823 sed
986 785 1113 832 magis
1142 785 1260 823 orari.
1282 786 1466 832 Spiritum
1483 790 1611 824 autem
1634 797 1725 825 san·

105 837 211 871 ctum
236 842 348 870 orare
367 833 575 877 eonvenit;
598 833 741 870 dicitur
762 834 865 870 enim
890 845 898 869 z
919 834 999 878 Ipse
1018 833 1178 878 Spiritus
1194 835 1357 879 postulat
1372 843 1442 879 pro
1464 835 1566 870 nobis
1586 837 1727 879 {semiti-

105 881 170 965 bug
197 881 518 917 inenarrabilibus.
555 880 683 927 (Rom,
712 889 796 925 vm,
817 879 891 926 26.)
915 880 1082 926 Spiritus
1103 889 1197 927 ergo
1219 884 1381 918 sanctus
1404 889 1484 917 non
1507 890 1595 918 esse
1621 884 1724 919 Deus

103 929 139 965 vi
171 932 269 965 etur.

150 976 331 1020 Amplius,
355 975 490 1012 nullus
508 983 682 1022 congrue
704 974 824 1011 donat
845 973 921 1011 nisi
944 973 981 1010 id
1003 974 1116 1021 cujus
1136 974 1254 1011 habet
1273 975 1508 1012 dominium.
1531 975 1605 1012 Sed
1623 977 1726 1013 Deus

104 1023 218 1060 Pater
256 1022 321 1058 dat
356 1022 544 1068 Spiritum
577 1023 772 1065 sanetum,
806 1025 844 1057 et
875 1020 1058 1058 similiter
1080 1021 1224 1063 Filius2
1249 1021 1345 1058 dicit
1365 1023 1470 1058 enim
1493 1023 1718 1061 Dominus:

101 1070 212 1106 Pater
246 1071 361 1104 vester
397 1069 440 1104 de
465 1069 548 1105 coelo
584 1068 687 1104 dabit
717 1069 889 1114 spiritum
921 1068 1049 1103 bonum
1073 1069 1277 1113 petentibus
1305 1080 1341 1104 se
1361 1069 1476 1115 (Luc.,
1508 1077 1563 1111 xi,
1588 1070 1665 1115 113);
1689 1074 1726 1106 ct

103 1117 242 1153 Petrus
255 1115 347 1152 dicit
368 1115 473 1161 quod
488 1116 592 1152 Deus
613 1115 798 1161 Spiritum
821 1118 1002 1152 sanctum
1031 1115 1130 1150 dedit
1162 1116 1405 1151 obedientibus
1434 1117 1517 1151 sibi.
1553 1117 1664 1162 (Act,
1684 1125 1726 1161 v,

103 1163 177 1208 32.)
200 1164 252 1199 Ex
273 1162 334 1199 his
353 1162 474 1208 igitur
492 1161 647 1198 videtur
665 1162 770 1208 quod
790 1162 956 1207 Spiritus
978 1165 1142 1198 sanctus
1161 1164 1266 1199 Deus
1282 1172 1361 1199 non
1387 1163 1449 1199 sit.

149 1211 250 1253 Item,
274 1209 307 1247 si
327 1209 493 1255 Spiritus
514 1212 678 1246 sanctus
695 1218 813 1246 verus
830 1210 934 1245 Deus
955 1212 1027 1251 est,
1048 1212 1202 1254 oportet
1221 1210 1326 1256 quod
1347 1214 1527 1246 naturam
1551 1209 1724 1247 divinam

103 1256 270 1301 habeat;
293 1259 330 1293 et
348 1256 420 1297 sic,
439 1265 560 1303 quum
582 1256 749 1302 Spiritus
771 1259 933 1293 sanctus
954 1265 977 1292 a
1007 1257 1119 1292 Patre
1138 1256 1338 1302 procedat,
1359 1261 1400 1293 ut
1420 1257 1565 1293 dicitur
1582 1256 1724 1303 (Joann.

101 1311 172 1348 xv,
193 1303 266 1350 26),
303 1312 467 1341 necesse
488 1302 672 1350 estquod
694 1303 741 1340 ab
762 1312 809 1340 eo
827 1306 1008 1340 naturam
1030 1302 1202 1340 divinam
1238 1304 1416 1349 accipiat.
1451 1303 1564 1348 Quod
1595 1308 1727 1341 autem

103 1351 245 1398 accipit
265 1354 444 1387 naturam
472 1350 557 1397 ejus
578 1359 600 1387 a
620 1359 699 1397 quo
727 1350 971 1396 producitur,
994 1350 1042 1387 ab
1063 1359 1110 1387 eo
1144 1354 1374 1397 generatur:
1395 1351 1597 1397 proprium
1619 1352 1725 1388 enim

103 1402 163 1436 est
183 1397 306 1445 geniti
329 1400 372 1435 ut
391 1397 431 1434 in
454 1398 623 1434 similem
645 1398 818 1443 speciem
846 1397 906 1434 sui
929 1397 1110 1443 principii
1142 1398 1397 1443 producatur.
1431 1398 1597 1443 Spiritus
1632 1407 1726 1446 ergo

105 1448 268 1483 sanctus
286 1445 442 1491 genitus
463 1444 537 1481 erit
556 1448 595 1481 et
612 1454 681 1490 per
701 1453 953 1491 consequens
986 1444 1109 1481 Filius
1130 1456 1137 1488 ;
1161 1445 1266 1492 quod
1294 1454 1389 1482 sane
1411 1444 1500 1481 fidei
1518 1449 1725 1493 repugnat.

151 1493 340 1535 Praeteren,
375 1491 409 1528 si
443 1491 611 1537 Spiritus
644 1495 807 1529 sanctus
837 1495 1017 1528 naturam
1051 1491 1222 1528 divinam
1243 1502 1267 1528 a
1286 1494 1398 1529 Patre
1420 1492 1561 1537 accipit
1588 1497 1624 1528 et
1646 1501 1727 1530 non

105 1539 217 1587 quasi
254 1539 424 1586 genitus,
462 1542 615 1584 oportet
647 1538 816 1575 divinam
856 1542 1036 1575 naturam
1076 1538 1233 1576 duobus
1262 1539 1391 1576 modis
1423 1539 1724 1585 communicari,

103 1586 256 1624 scilicet
278 1595 346 1631 per
359 1585 521 1623 modum
543 1586 813 1633 generationis
835 1595 913 1632 quo
934 1585 1109 1631 procedit
1129 1586 1266 1631 Filius,
1289 1590 1324 1623 et
1343 1595 1412 1632 per
1430 1586 1541 1634 ilium
1564 1586 1726 1625 modum

103 1642 183 1681 quo
203 1633 379 1679 procedit
398 1633 563 1679 Spiritus
584 1636 761 1670 sanctus.
785 1634 864 1669 Hoc
884 1637 1013 1670 autem
1034 1632 1102 1669 uni
1118 1636 1269 1670 naturae
1286 1637 1508 1679 competere
1526 1642 1606 1670 non
1622 1633 1726 1671 vide-

101 1684 167 1718 tur
184 1684 226 1717 ut
245 1679 401 1717 duobus
422 1680 552 1716 modis
571 1680 898 1723 communicetur,
930 1680 961 1717 si
989 1680 1077 1727 quis
1098 1680 1307 1718 universas
1328 1684 1490 1717 naturas
1523 1680 1722 1726 inspiciat.

103 1728 264 1774 Oportet
282 1727 413 1776 igitur,
437 1730 479 1763 ut
497 1727 664 1771 videtur,
686 1736 808 1773 quum
831 1727 999 1772 Spiritus
1029 1730 1192 1765 sanctus
1213 1731 1392 1764 naturam
1412 1737 1480 1773 per
1499 1729 1725 1774 generatio-

103 1783 195 1812 nem
216 1782 296 1856 nssn
318 1774 498 1820 accipiat,
520 1774 623 1821 quod
644 1774 752 1811 nullo
773 1774 892 1811 modo
914 1774 1076 1820 accipiat
1097 1783 1182 1811 eam
1199 1778 1208 1818 ‘3
1223 1779 1260 1812 et
1279 1775 1337 1812 sic
1358 1775 1512 1811 videtur
1533 1784 1610 1811 non
1636 1784 1724 1812 esse

101 1830 219 1859 verus
274 1830 359 1858 eus.

151 1868 238 1906 Fuit
256 1871 387 1905 autem
411 1867 496 1905 haec
514 1868 658 1914 positio
677 1868 768 1913 Arii,
789 1868 855 1914 qui
879 1868 1014 1905 Filium
1034 1872 1073 1905 et
1097 1868 1284 1914 Spiritum
1311 1873 1491 1905 sanctum
1521 1869 1616 1905 dixit
1637 1878 1726 1906 esse

101 1918 319 1959 creaturas,
340 1914 481 1952 Filium
502 1918 635 1952 tamen
650 1916 839 1962 majorem
855 1916 996 1961 Spiritu
1010 1918 1162 1960 sancto,
1181 1919 1219 1952 et
1233 1915 1419 1960 Spiritum
1436 1920 1617 1953 sanctum
1640 1916 1726 1963 ejus

102 1962 343 2006 ministrum,
372 1961 474 1999 sicut
505 1965 543 1999 et
573 1962 715 1999 Filium
747 1962 940 1999 minorem
971 1965 1082 2000 Patre
1118 1971 1207 2000 esse
1243 1963 1411 2000 dicebat.
1445 1964 1568 2007 Quem
1594 1964 1726 2007 etiam,

103 2013 296 2056 quantum
326 2009 374 2045 ad
405 2008 592 2055 Spiritum
613 2012 810 2054 sanctum,
833 2013 994 2047 secutus
1025 2013 1086 2047 est
1104 2009 1374 2055 Macedonius,
1402 2011 1468 2057 qui
1491 2011 1538 2047 de
1560 2012 1671 2047 Patre
1691 2014 1727 2048 et

103 2056 202 2093 Filio
234 2057 338 2093 recte
368 2056 496 2092 sensit
530 2056 635 2103 quod
657 2057 777 2094 unius
810 2060 847 2093 et
875 2057 1050 2102 ejusdem
1087 2057 1320 2094 substantiae
1359 2057 1450 2101 sint,
1492 2057 1561 2094 sed
1581 2057 1657 2094 hoc
1681 2057 1727 2095 de

105 2103 254 2149 Spiritu
277 2105 416 2139 sancto
443 2102 600 2139 credere
622 2104 763 2148 noluit,
786 2108 1006 2141 creaturam
1025 2113 1115 2141 eum
1143 2113 1232 2141 esse
1261 2104 1412 2142 dicens.
1435 2105 1541 2141 Unde
1569 2105 1726 2152 quidam

102 2149 409 2186 macedonianos
436 2151 672 2186 semiarianos
708 2154 862 2195 vocant,
885 2160 932 2188 eo
964 2151 1070 2198 quod
1090 2159 1181 2188 cum
1211 2151 1364 2188 Arianis
1384 2151 1425 2187 in
1452 2155 1561 2197 parte
1583 2161 1727 2189 conve-

105 2196 223 2233 niunt
244 2198 282 2232 et
300 2195 342 2232 in
361 2198 470 2242 parte
489 2195 676 2234 differunt
698 2197 746 2234 ab
769 2197 925 2236 iisdem.

764 2343 933 2385 CAPUT
947 2343 1070 2385 XVII.

485 2462 585 2497 QUOD
607 2463 778 2492 srim'rus
805 2464 976 2493 SANCTUS
996 2464 1057 2493 SIT
1074 2464 1201 2494 VERUS
1227 2457 1343 2494 DEUS.

128 2570 382 2654 tOSte'mgtur
401 2573 530 2608 autem
553 2570 800 2608 evidentibus
825 2571 1033 2618 Scripturae
1064 2572 1307 2610 testimoniis
1326 2574 1431 2620 quod
1451 2574 1618 2621 Spiritus
1638 2585 1727 2615 san-

105 2639 127 2655 ι,
147 2626 195 2656 us
216 2621 266 2655 sit
321 2626 407 2655 eus.

151 2664 255 2702 Nulli
275 2664 377 2701 enim
399 2664 589 2711 tempium
606 2667 863 2702 consecrafflr
882 2665 960 2702 nisi
980 2667 1084 2710 Deo;
1106 2666 1211 2703 unde
1232 2669 1269 2703 et
1283 2666 1427 2705 dicitur
1447 2681 1454 2705 :
1486 2671 1663 2707 Dominus
1683 2673 1723 2707 in

104 2712 234 2757 tempto
252 2715 376 2748 saneto
395 2722 471 2747 suo.
499 2711 610 2756 (Psai.
638 2720 680 2757 x,
698 2711 749 2758 5.)
772 2713 987 2757 Beputatur
1005 2716 1137 2750 autem
1157 2713 1346 2760 templum
1368 2715 1527 2761 Spiritui
1557 2722 1722 2763 sancto;

106 2757 202 2796 dicit
232 2758 336 2796 enim
366 2759 581 2805 Apostolus
605 2760 697 2795 :An
731 2760 877 2795 nescitis
908 2761 1079 2804 quoniam
1114 2761 1273 2796 membra
1302 2764 1423 2798 vestra
1453 2764 1623 2810 templum
1642 2769 1727 2801 sunt

105 2804 267 2850 Spiritus
284 2808 402 2842 saneti
420 2807 439 2842 ?
459 2805 491 2852 (I
506 2805 600 2848 Cor„
622 2813 680 2850 vi,
712 2806 785 2852 19.)
806 2806 973 2851 Spiritus
994 2815 1089 2853 ergo
1110 2811 1273 2845 sanctus
1295 2809 1398 2846 Deus
1420 2814 1492 2856 est,
1524 2811 1724 2858 praecipue

111 2860 234 2898 quum
250 2853 426 2890 membra
446 2856 597 2898 nostra,
617 2861 704 2900 quae-
725 2855 799 2889 tem
807 2853 913 2898 plum
940 2853 1106 2900 Spiritus
1123 2855 1249 2892 sancti
1270 2864 1359 2893 esse
1379 2856 1485 2903 dicit,
1508 2858 1586 2895 sint
1602 2867 1726 2895 mem·

110 2896 184 2936 bra
196 2898 365 2946 Christi3
387 2909 478 2938 nam
503 2909 622 2947 supra
642 2900 884 2947 praemiserat
904 2911 912 2936 :
934 2901 1089 2939 Nescitis
1106 2903 1276 2948 quoniam
1297 2913 1447 2950 corpora
1476 2908 1597 2941 vestra
1617 2915 1724 2941 mem-
