1894 3223
157 93 224 130 126
753 89 840 124 LIB.
869 89 915 132 ΙΙ,
944 88 1044 124 CAP.
1071 88 1192 123 XXIII.

156 173 302 220 quibus
317 172 472 216 dicitur,
492 171 578 216 Job‚
600 178 685 207 xxn
705 168 778 215 (17)
796 181 804 205 :
822 169 1038 212 Quasinihit
1051 170 1169 214 possit
1184 169 1427 214 Omnipotens,
1446 169 1673 205 aestimabant
1685 178 1778 207 eum.

156 220 186 268 (I
205 223 303 267 part.
326 230 362 266 q.
381 227 477 263 xxv,
498 220 569 255 art.
590 219 625 257 3,
648 219 685 253 et
704 216 746 253 in
765 218 777 252 l
798 216 913 261 Sena,
935 215 1027 253 dist.
1048 219 1107 254 20.
1133 218 1204 253 art.
1226 219 1241 252 1
1266 219 1304 252 et
1322 215 1375 262 2.)

771 386 774 389 ·
792 361 960 404 CAPUT
997 362 1141 404 XXIII.

455 481 555 516 QUOD
579 480 678 510 DEUS
696 480 776 510 NON
800 481 905 510 AGAT
929 481 981 510 EX
1007 481 1270 511 NECESSITATE
1295 481 1474 511 NATURAE.

205 592 259 628 Ex
276 590 352 627 hoc
373 592 504 627 autem
523 589 760 634 ostenditur,
780 589 885 635 quod
904 590 1009 626 Deus
1029 589 1111 636 agit
1130 589 1171 625 in
1196 590 1389 627 creaturis
1410 598 1492 626 non
1510 598 1580 636 per
1603 589 1781 627 necessi-

155 642 275 675 tatem
315 641 482 682 naturae,
518 636 587 673 sed
620 646 689 682 per
722 637 927 673 arbitrium
959 635 1190 673 voluntatis.
1222 636 1360 673 Omnis
1393 636 1499 673 enim
1534 637 1692 683 agentis
1712 645 1783 683 per

156 684 435 722 necessitatem
470 687 619 720 naturae
649 684 774 720 virtus
810 683 1094 720 determinatur
1113 682 1160 720 ad
1182 692 1306 720 unum
1328 682 1537 728 effectum;
1560 688 1597 719 et
1617 683 1708 720 inde
1722 686 1784 721 est

160 731 266 779 quod
299 731 435 768 omnia
469 730 667 767 naturalia
695 740 851 776 semper
882 730 1065 767 eveniant
1096 729 1235 766 eodem
1265 730 1398 774 modo,
1435 729 1512 767 nisi
1532 730 1584 766 sit
1613 729 1779 776 impedi-

160 781 361 821 mentum3
385 787 466 814 non
497 780 627 814 autem
659 777 896 815 voluntaria.
925 777 1066 814 Divina
1102 780 1233 813 autem
1253 777 1379 814 virtus
1399 785 1481 813 non
1510 776 1717 814 ordinatur
1733 776 1784 814 ad

159 834 284 864 unum
318 824 502 861 effectum
532 828 700 869 tantum,
734 828 914 870 utsupra
936 824 983 869 (c.
1005 823 1065 870 22)
1084 827 1291 861 ostensum
1324 827 1396 861 est.
1420 825 1525 861 Deus
1559 824 1681 870 igitur
1700 832 1782 862 non

158 873 239 920 agit
258 881 329 918 per
349 872 625 908 necessitatem
648 875 813 916 naturae,
838 871 906 908 sed
927 880 996 917 per
1015 871 1275 908 voluntatem.

205 920 351 960 Adhuc,
373 918 563 966 quicquid
581 927 661 955 non
684 919 860 965 implicat
877 918 1230 955 contradictionem
1258 917 1396 956 subest
1416 917 1558 955 divinae
1579 918 1782 964 potentiae,

159 969 205 1004 ut
233 969 441 1003 ostensum
473 969 533 1002 est
566 965 614 1012 (c.
644 966 719 1012 22).
751 966 871 1002 Multa
901 969 1031 1002 autem
1068 974 1146 1002 non
1180 965 1331 1002 suntin
1368 965 1488 1002 rebus
1516 965 1674 1010 creatis,
1695 974 1787 1012 quae

159 1018 293 1051 tamen
314 1013 348 1050 si
384 1016 533 1058 essent,
555 1013 910 1050 contradictionem
946 1021 1025 1049 non
1050 1012 1314 1058 implicarent,
1334 1012 1438 1049 sicut
1456 1015 1561 1058 patet
1587 1012 1787 1058 praecipue

158 1061 264 1098 circa
286 1069 510 1104 numerum,
535 1060 840 1106 quantitates,ct
857 1060 1066 1097 distentias
1089 1059 1539 1103 stellarum,ctaliorum
1556 1068 1783 1105 corporum,

157 1107 199 1145 in
220 1107 379 1154 quibus,
395 1106 429 1144 si
448 1107 560 1143 aliter
576 1115 619 1143 se
640 1107 800 1144 haberet
815 1107 912 1144 ordo
931 1116 1075 1151 rerum,
1096 1106 1356 1143 contradictio
1386 1114 1467 1143 non
1498 1106 1781 1152 implicaretur.

158 1155 280 1192 Multa
301 1154 422 1200 igitur
451 1153 623 1190 subsunt
643 1154 784 1191 divinae
804 1153 955 1197 virtuti,
976 1163 1063 1200 quae
1084 1154 1122 1189 in
1147 1162 1277 1190 rerum
1306 1156 1446 1190 natura
1467 1161 1548 1190 non
1573 1153 1784 1190 inveniun-

161 1205 239 1238 tur.
288 1201 535 1246 Quicumque
568 1203 698 1237 autem
743 1210 879 1238 eorum
916 1210 1004 1247 quae
1040 1204 1170 1246 potest
1204 1201 1346 1244 facere,
1387 1200 1566 1247 quaedam
1602 1200 1708 1245 facit,
1746 1203 1785 1237 et

163 1247 344 1295 quaedam
360 1256 439 1284 non
457 1247 562 1291 facit,
577 1248 656 1294 agit
672 1257 741 1294 per
761 1249 996 1285 electionem
1016 1247 1246 1291 voluntatis,
1263 1251 1300 1284 et
1318 1256 1398 1283 non
1416 1256 1485 1293 per
1505 1247 1784 1284 necessitatem

163 1298 328 1332 naturae.
352 1296 457 1332 Deus
491 1294 612 1341 igitur
644 1303 725 1331 non
755 1296 836 1342 agit
873 1304 943 1341 per
978 1295 1254 1332 necessitatem
1274 1298 1439 1340 naturae,
1465 1294 1535 1331 sed
1555 1303 1624 1340 per
1642 1294 1784 1331 volun-

158 1346 295 1379 tatem.

207 1390 309 1429 Item,
333 1388 646 1435 unumquodque
671 1397 796 1435 agens
815 1387 891 1424 hoc
925 1388 1044 1425 modo
1065 1388 1148 1436 agit
1185 1388 1404 1426 secundum
1434 1388 1539 1435 quod
1563 1387 1784 1425 similitudo

159 1435 252 1473 facti
278 1439 339 1472 est
371 1435 412 1471 in
446 1436 548 1481 ipso.
569 1437 692 1472 Omne
726 1436 831 1472 enim
851 1444 974 1482 agens
1007 1436 1087 1482 agit
1109 1435 1185 1472 sibi
1207 1436 1352 1473 simile.
1376 1437 1499 1472 Omne
1527 1439 1658 1471 autem
1679 1435 1785 1481 quod

159 1483 278 1520 estin
310 1481 435 1519 altero
463 1486 523 1519 est
543 1482 584 1518 in
617 1492 664 1520 eo
684 1492 753 1529 per
785 1482 945 1518 modum
968 1482 1055 1529 ejus
1085 1483 1125 1518 in
1174 1492 1225 1519 uo
1247 1486 1319 1520 est.
1355 1483 1450 1520 Cum
1470 1482 1592 1529 igitur
1610 1484 1714 1519 Deus
1733 1482 1786 1519 sit

161 1539 232 1576 per
266 1529 484 1566 essentiam
521 1538 635 1566 suam
668 1529 912 1575 intelligens,
937 1533 979 1566 ut
1010 1539 1129 1575 supra
1176 1530 1199 1566 Ι.
1236 1539 1264 1575 1,
1306 1539 1340 1566 c.
1376 1529 1435 1576 44)
1468 1529 1676 1575 probatum
1710 1533 1784 1575 est,

163 1579 319 1622 oportet
340 1576 445 1622 quod
473 1576 694 1614 similitudo
730 1575 895 1613 effectus
916 1577 978 1613 sui
999 1577 1049 1614 sit
1070 1577 1109 1613 in
1132 1586 1177 1613 eo
1198 1586 1268 1622 per
1293 1577 1454 1613 modum
1476 1576 1784 1623 intelligibilem.

160 1624 288 1669 Igitur
305 1632 375 1669 per
407 1623 650 1660 intellectum
673 1624 768 1671 agit.
792 1623 1019 1661 Intellectus
1055 1627 1185 1660 autem
1207 1632 1287 1660 non
1308 1624 1390 1670 agit
1409 1624 1577 1670 aliquem
1600 1623 1785 1661 effectum

160 1671 242 1707 nisi
280 1670 480 1706 mediante
514 1672 732 1715 voluntate,
766 1669 880 1717 cujus
913 1671 1109 1717 obJ'ectum
1144 1674 1204 1707 est
1234 1671 1384 1708 bonum
1413 1671 1656 1708 intellectum
1678 1670 1786 1718 quod

160 1721 295 1754 movet
316 1721 497 1763 agentem
519 1718 685 1756 utfinis.
708 1720 812 1754 Deus
846 1717 968 1764 igitur
987 1728 1056 1764 per
1074 1718 1317 1755 voluntatem
1340 1718 1434 1765 agit,
1456 1726 1537 1755 non
1557 1727 1626 1765 per
1646 1726 1784 1756 neces·

159 1764 315 1802 sitatem
338 1768 501 1801 naturae.
1077 1790 1079 1794 .

205 1811 389 1856 AmpliuS,
407 1811 624 1847 secundum
639 1808 925 1857 Philosophum
939 1811 979 1848 in
992 1820 1099 1848 nono
1110 1813 1270 1857 Metaph.
1285 1812 1390 1859 (text.
1404 1821 1548 1849 comm.
1564 1811 1620 1858 16)
1638 1811 1784 1857 duplex

159 1861 219 1895 est
256 1857 358 1894 actio
380 1869 387 1893 ε
409 1866 488 1894 una
520 1867 607 1904 quae
628 1861 760 1893 manet
777 1858 815 1894 in
847 1862 1003 1905 agente,
1039 1862 1077 1895 et
1092 1863 1153 1895 est
1182 1859 1371 1904 perfectio
1393 1859 1536 1905 ipsius,
1558 1862 1601 1896 ut
1621 1859 1783 1904 videre;

159 1905 238 1942 alia
273 1913 361 1951 quae
393 1904 536 1942 transit
569 1904 611 1940 in
648 1904 856 1950 exteriora,
888 1908 927 1942 et
962 1908 1023 1943 est
1052 1905 1240 1951 perfectio
1273 1905 1381 1952 facti,
1413 1905 1519 1943 sicut
1550 1905 1784 1943 comburere

160 1951 204 1989 in
227 1951 334 1998 igne.
356 1951 497 1988 Divina
517 1954 647 1988 autem
674 1951 777 1988 actio
799 1960 878 1988 non
900 1955 1030 1998 potest
1059 1961 1148 1989 esse
1169 1952 1216 1989 de
1235 1962 1379 1999 genere
1400 1953 1556 1990 illarum
1580 1953 1783 1990 actionum

163 2008 251 2045 quae
272 2007 353 2035 non
376 2001 469 2035 sunt
489 1999 529 2034 in
551 2001 706 2045 agente,
728 2008 817 2035 cum
843 2008 917 2037 sua
940 1999 1043 2036 actio
1065 2000 1118 2037 sit
1137 2008 1211 2036 sua
1230 1999 1468 2044 substantia,
1489 2003 1531 2036 ut
1552 1999 1592 2046 (l.
1612 2008 1640 2043 1,
1662 2009 1696 2037 c.
1722 1999 1786 2046 45)

160 2048 370 2082 ostensum
402 2049 463 2083 est
484 2058 493 2082 :
512 2049 666 2092 oportet
687 2046 809 2092 igitur
837 2046 942 2092 quod
964 2046 1016 2083 sit
1038 2046 1085 2083 de
1106 2055 1249 2093 genere
1270 2046 1429 2084 illarum
1451 2047 1668 2091 actionum,
1696 2056 1785 2093 quae

160 2096 255 2130 sunt
273 2092 315 2129 in
346 2095 489 2144 agente
515 2097 552 2129 et
572 2096 665 2130 sunt
685 2093 798 2140 quasi
820 2093 1010 2139 perfectio
1028 2093 1170 2139 ipsius.
1191 2093 1425 2140 Hujusmodi
1443 2098 1573 2131 autem
1592 2103 1672 2130 non
1691 2096 1786 2131 sunt

161 2139 241 2176 nisi
278 2142 457 2176 actiones
493 2140 775 2187 cognoscentis
814 2143 851 2176 et
888 2141 1123 2187 appetentis.
1162 2143 1266 2178 Deus
1302 2141 1424 2188 igitur
1461 2141 1717 2188 agnoscendo
1747 2144 1786 2178 et

158 2186 330 2270 volendo
345 2189 554 2239 operatur;
574 2195 656 2224 non
676 2187 798 2234 igitur
815 2196 887 2233 per
906 2188 1185 2225 necessitatem
1207 2191 1372 2234 naturae,
1395 2187 1465 2226 sed
1485 2197 1555 2235 per
1572 2188 1781 2226 arbitrium

158 2241 208 2271 vo
228 2242 281 2270 un
301 2237 376 2271 aus

206 2280 353 2325 Adhuc,
382 2261 509 2318 ’Deum
531 2290 648 2328 agere
667 2283 827 2328 propter
844 2280 962 2317 finem
979 2290 1027 2318 ex
1041 2281 1117 2319 hoc
1129 2281 1385 2320 manifestum
1400 2291 1490 2320 esse
1509 2285 1654 2328 potest,
1677 2281 1785 2328 quod

158 2327 390 2366 universum
406 2336 487 2366 non
501 2332 562 2366 est
581 2338 605 2366 a
623 2337 733 2373 casu,
755 2328 824 2365 sed
845 2327 891 2365 ad
913 2328 1074 2375 aliquod
1094 2329 1243 2366 bonum
1263 2329 1482 2373 ordinatur,
1505 2333 1547 2366 ut
1566 2338 1635 2375 per
1649 2329 1784 2367 Philo-

159 2375 331 2420 sophum
353 2378 459 2420 patet
476 2375 516 2412 in
533 2375 769 2413 duodecimo
784 2375 942 2420 Metaph.
957 2375 1064 2422 (text.
1083 2376 1311 2423 comm.52).
1323 2376 1497 2413 Primum
1513 2379 1643 2413 autem
1659 2383 1784 2423 agens

159 2425 321 2468 propter
340 2421 459 2459 finem
485 2425 640 2468 oportet
665 2431 754 2460 esse
780 2431 905 2469 agens
920 2431 989 2468 per
1008 2423 1251 2460 intellectum
1266 2427 1304 2460 et
1322 2423 1581 2461 voluntatem.
1604 2425 1656 2460 Ea
1676 2423 1783 2460 enim

160 2478 248 2515 quae
263 2469 466 2506 intellectu
487 2473 622 2507 carent
640 2474 763 2516 agunt
783 2472 942 2516 propter
963 2468 1096 2515 finem,
1118 2470 1222 2508 sicut
1242 2471 1282 2507 in
1297 2470 1416 2507 finem
1432 2470 1480 2507 ab
1501 2471 1580 2508 alio
1601 2470 1751 2507 directa
1771 2479 1782 2505 τ

164 2515 273 2561 quod
305 2516 465 2562 quidem
485 2516 524 2552 in
562 2516 836 2554 artificialibus
863 2519 997 2562 patet:
1019 2526 1111 2554 nam
1140 2518 1295 2564 sagittae
1326 2521 1461 2555 motus
1494 2521 1555 2554 est
1573 2517 1620 2553 ad
1654 2516 1782 2552 deter-

165 2562 359 2598 minatum
389 2563 550 2610 signum
572 2573 619 2601 ex
639 2564 856 2601 directione
877 2563 1118 2610 sagittantis.
1139 2565 1273 2602 Simile
1292 2568 1423 2602 autem
1444 2572 1534 2601 esse
1567 2565 1721 2608 oportet
1740 2562 1783 2600 in

162 2609 431 2653 naturalibus;
451 2611 500 2647 ad
519 2611 595 2648 hoc
630 2611 735 2647 enim
755 2611 860 2658 quod
881 2610 1032 2657 aliquid
1050 2611 1197 2648 directe
1218 2612 1259 2648 in
1280 2611 1399 2649 finem
1421 2610 1595 2648 debitum
1622 2609 1780 2647 ordine-

162 2658 240 2699 tur,
273 2656 487 2708 requiritur
517 2658 695 2704 cognitio
713 2658 841 2704 ipsius
873 2656 966 2695 finis
995 2661 1033 2695 et
1061 2658 1148 2705 ejus
1168 2658 1274 2706 quod
1295 2657 1421 2695 estad
1442 2657 1561 2694 finem
1582 2659 1620 2693 et
1639 2656 1781 2694 debitae

163 2705 559 2754 proportionis-inter
590 2708 826 2752 utrumque3
859 2705 965 2751 quod
997 2705 1129 2743 solum
1155 2704 1416 2752 intelligentis
1449 2707 1522 2741 est,
1545 2704 1639 2741 Cum
1661 2703 1784 2750 igitur

163 2752 270 2787 Deus
308 2752 361 2785 sit
393 2758 562 2795 prlmum
593 2760 730 2797 agens,
770 2761 851 2790 non
885 2751 968 2799 agit
994 2762 1065 2799 per
1101 2753 1380 2790 necessitatem
1415 2754 1581 2797 naturae,
1614 2750 1683 2788 sed
1713 2758 1784 2798 per

161 2795 409 2834 intellectum
428 2800 465 2832 et
485 2797 743 2835 voluntatem.
1736 2802 1739 2803 ’

206 2843 396 2884 Praeterea,
415 2843 521 2891 quod
540 2853 611 2891 per
624 2853 667 2882 se
684 2845 780 2893 agit,
797 2844 910 2893 prius
929 2849 992 2884 est
1008 2855 1056 2885 eo
1074 2846 1180 2894 quod
1197 2855 1267 2893 per
1286 2844 1393 2884 aliud
1415 2844 1510 2894 agit.
1530 2846 1652 2884 Omne
1671 2844 1778 2885 enim
