1894 3223
646 139 733 176 ΗΒ.
760 140 807 182 Π,
835 133 1078 176 ΟΑΡῘΧΙΝΙ.
1613 135 1679 169 159

58 217 137 256 hoc
158 216 281 264 igitur
300 219 361 254 est
384 215 588 254 distinctio
609 217 650 254 in
667 217 786 254 rebus
806 217 964 261 creatis,
984 220 1025 254 ut
1043 214 1258 263 perfectius
1277 212 1345 250 Dei
1372 212 1676 251 similitudinem

57 266 358 310 consequantur
377 272 447 309 per
466 263 590 301 multa
610 273 727 311 quam
749 273 819 310 por
839 272 977 300 unum.
1526 307 1532 312 ,

103 310 248 354 Adhuc,
270 314 419 356 quanto
437 310 587 357 aliquid
608 311 649 348 in
667 311 848 357 pluribus
866 314 927 348 est
949 312 1028 347 Deo
1050 308 1195 355 simile,
1230 311 1345 360 tanto·
1400 307 1586 360 erfectius
1627 307 1676 360 ad

58 357 145 404 ejus
162 356 466 394 similitudinem
493 358 657 395 accedit.
682 360 723 394 ln
745 360 824 395 Deo
846 362 975 394 autern
997 361 1057 394 est
1076 357 1232 393 bonitas
1252 359 1290 392 et
1310 355 1346 392 dl
1386 363 1473 391 usio
1486 354 1677 392 bonitatis

58 405 99 442 in
118 404 208 441 alia.
229 404 445 442 perfectius
466 404 588 451 igitur
606 405 832 442 acceditres
853 408 985 441 creata
1005 404 1053 441 ad
1075 404 1142 440 Dei
1173 402 1491 446 similitudinem,
1525 401 1558 438 si
1595 409 1675 454 non

58 451 190 489 solum
205 450 310 488 bona
324 454 399 496 est,
419 451 490 489 sed
510 451 626 489 etiam
649 452 697 489 ad
720 452 937 489 bonitatem
965 451 1133 488 aliorum
1165 459 1283 497 agere
1315 452 1458 495 potest,
1478 496 1484 501 ·
1512 457 1601 500 uam
1639 457 1676 486 si

58 497 190 536 solum
212 498 252 534 in
271 506 314 535 se
333 497 439 535 bona
455 502 561 536 esset
577 510 587 544 ;
603 500 708 537 sicut
730 499 904 536 similius
932 502 992 535 est
1024 498 1100 536 soli
1133 498 1239 544 quod
1269 497 1375 533 lucet
1400 499 1438 548 et
1475 506 1486 532 1
1508 497 1676 533 luminat

57 553 177 592 quam
195 544 300 591 quod
321 544 426 582 lucet
443 548 610 583 tantum.
631 548 717 584 Non
744 550 874 583 autem
890 549 1026 591 posset
1045 549 1225 582 creatura
1250 544 1299 580 ad
1330 543 1547 580 bonitatem
1572 542 1677 595 ‚alte-

58 592 144 629 rius
164 595 352 629 creaturae
371 601 502 639 agere,
524 593 602 630 nisi
624 597 730 630 esset
748 594 787 630 in
810 594 927 629 rebus
948 593 1091 629 creatis
1112 591 1320 638 pluralitas
1339 590 1645 643 etin-aequalitas
1664 601 1674 633 ;

58 639 154 686 quia
171 647 296 684 agens
315 642 375 676 est
394 639 502 676 aliud
517 649 540 677 a
559 641 732 687 patiente
750 645 788 677 et
811 640 1085 677 honorabilius
1106 648 1166 676 eo.
1184 637 1363 690 oportuit
1384 640 1526 689 igitur&
1536 636 1584 673 ad
1600 636 1676 674 hoc

19 706 22 708 ,
58 685 166 738 quod
186 685 227 722 in
245 687 438 723 creaturis
454 691 560 724 esset
580 688 753 734 perfecta
764 688 831 725 Dei
853 687 1037 731 imitatio,
1057 685 1163 734 quod
1184 686 1328 722 diversi
1351 683 1498 730 gradus
1516 692 1558 720 in
1573 692 1679 720 crea-

59 736 163 770 turis
184 733 470 770 invenirentur.
1430 753 1439 762 ι

109 781 207 823 nem,
234 780 347 826 plura
367 780 473 817 bona
492 789 572 818 uno
590 781 696 819 bono
717 781 829 818 finito
850 784 943 818 sunt
959 779 1150 823 meliora3
1173 778 1319 815 habent
1339 778 1444 815 enim
1471 777 1546 815 hoc
1567 780 1606 814 et
1625 777 1674 815 ad

60 825 146 864 haec
163 826 348 872 amplius.
370 828 509 865 Omnis
529 832 657 866 autem
681 832 869 865 creaturae
889 828 1046 864 bonitas
1059 823 1172 862 finita
1189 829 1338 868 est3est
1358 826 1463 861 enim
1485 824 1675 876 deficiens

60 873 110 911 ab
131 873 286 911 infinita
306 874 373 912 Dei
395 875 584 912 bonitate.
610 875 824 912 perfectius
849 878 909 911 est
929 874 1051 920 igitur
1070 873 1301 909 universum
1320 876 1604 916 creaturarum,
1639 880 1673 908 si

61 924 154 957 sunt
176 921 323 967 plures,
345 931 462 968 quam
484 922 518 959 si
540 926 647 960 esset
676 931 780 959 unus
803 925 955 958 tanturn
986 919 1134 967 gradus
1166 929 1312 956 rerum.
1352 920 1514 956 Summo
1544 923 1676 956 autem

62 969 172 1004 Bono
194 969 381 1014 competit
395 968 522 1006 facere
542 969 647 1015 quod
667 969 812 1006 melius
833 972 905 1005 est.
926 969 1027 1014 Ergo
1045 967 1288 1004 conveniens
1307 966 1341 1003 ei
1363 967 1438 1003 fuit
1468 970 1510 1003 ut
1542 968 1678 1012 plures

62 1015 209 1052 faceret
228 1018 496 1052 creaturarum
518 1015 679 1062 gradus.

106 1061 250 1101 Adhuc,
271 1061 430 1099 bonitas
448 1063 595 1108 speciei
627 1062 780 1099 excedit
804 1062 1022 1100 bonitatem
1060 1060 1268 1104 individui,
1302 1060 1422 1113 sicut·
1439 1060 1605 1098 formale
1637 1061 1676 1098 id

59 1108 167 1155 quod
189 1111 249 1145 est
268 1109 484 1146 materiale.
501 1110 626 1156 Magis
645 1110 766 1156 igitur
786 1109 894 1146 addit
913 1109 961 1146 ad
994 1109 1212 1146 bonitatem
1248 1115 1442 1159 universi·
1462 1108 1676 1145 multitudo

61 1155 282 1201 specierum
304 1165 422 1202 quam
443 1156 656 1193 multitudo
677 1156 971 1194 individuorum
990 1156 1031 1192 in
1053 1164 1133 1192 una
1148 1154 1293 1200 specie.
1313 1155 1514 1200 Estigitur
1533 1154 1580 1191 ad
1596 1164 1679 1201 per·

60 1202 274 1239 sectionem
296 1203 470 1240 universi
488 1204 706 1249 pertinens,
730 1213 810 1241 non
831 1203 963 1240 solum
983 1203 1084 1250 quod
1105 1203 1230 1239 multa
1244 1201 1326 1238 sint
1354 1201 1573 1245 individua,
1606 1202 1674 1239 sed

60 1248 268 1332 quodbsint
288 1249 406 1287 etiam
424 1250 590 1288 diversae
609 1260 740 1288 rerum
760 1251 915 1297 species
938 1254 990 1295 ,et
1009 1259 1079 1297 per
1098 1256 1350 1296 consequens
1367 1248 1512 1286 diversi
1530 1249 1679 1296 gradus

62 1305 104 1333 in
125 1305 166 1332 re
199 1304 259 1333 us.

107 1344 208 1387 Item,
227 1351 344 1379 omne
361 1343 466 1390 quod
485 1344 568 1392 agit
586 1353 656 1391 per
674 1343 934 1389 intellectum,
957 1346 1213 1390 repraesentat
1245 1343 1418 1389 speciem
1439 1342 1502 1380 sui
1521 1342 1676 1380 intelle—

61 1393 150 1427 ctus
171 1391 211 1426 in
226 1399 266 1426 re
287 1390 413 1436 facta;
438 1392 497 1429 sic
511 1391 617 1429 enim
637 1400 761 1438 agens
782 1392 858 1429 sibi
880 1401 949 1438 per
969 1395 1092 1429 artem
1111 1391 1204 1428 facit
1223 1391 1368 1428 simile.
1402 1392 1505 1427 Deus
1543 1394 1675 1427 autem

62 1436 156 1474 fecit
181 1440 399 1474 ereaturam
420 1442 464 1475 ut
482 1448 605 1486 agens
623 1448 692 1485 per
711 1439 971 1483 intellectum,
992 1442 1030 1475 et
1059 1447 1139 1475 non
1163 1447 1232 1484 per
1252 1438 1529 1475 necessitatem
1565 1442 1677 1475 natu-

63 1492 129 1525 rae,
147 1487 189 1520 ut
208 1493 326 1530 supra
346 1484 394 1530 (c.
410 1485 470 1532 23)
489 1489 695 1523 ostensum
717 1489 789 1523 est.
812 1486 972 1531 Species
991 1485 1114 1532 igitur
1133 1485 1358 1522 intellectus
1378 1485 1500 1520 divini
1535 1494 1676 1530 reprae-

63 1533 243 1568 sentatur
262 1531 302 1567 in
324 1536 502 1569 creatura
523 1542 592 1578 per
613 1533 744 1579 ipsum
765 1533 881 1569 facta.
904 1533 1133 1569 Intellectus
1151 1536 1282 1569 autem
1304 1531 1428 1568 multa
1448 1531 1677 1577 intelligens

63 1586 145 1614 non
173 1576 416 1615 sufficienter
435 1582 740 1624 repraesentatur
759 1579 801 1615 in
828 1587 909 1616 uno
942 1583 1108 1616 tantum.
1138 1579 1266 1622 Quum
1302 1579 1425 1625 igitur
1454 1577 1680 1616 intellectus

63 1624 222 1661 divinus
240 1625 364 1662 multa
385 1625 594 1673 intelligat,
615 1631 657 1663 ut
676 1626 883 1672 probatum
899 1630 960 1663 est
978 1626 1018 1672 (l.
1037 1635 1064 1671 ι,
1085 1635 1119 1663 c.
1147 1628 1191 1662 55
1224 1630 1261 1662 et
1284 1625 1432 1672 praec),
1466 1625 1679 1671 perfectius

63 1671 240 1717 seipsum
264 1676 533 1718 repraesentat,
550 1674 582 1710 si
599 1673 732 1719 plures
749 1674 1026 1710 universorum
1045 1672 1240 1720 graduum
1256 1676 1457 1710 creaturas
1473 1672 1678 1718 producat,

62 1727 180 1765 quam
203 1719 235 1755 si
254 1727 375 1755 unum
395 1723 547 1756 tantum
565 1721 831 1766 produxisset.

108 1766 292 1810 Amplius,
314 1767 422 1812 operi
444 1776 468 1803 a
484 1776 643 1804 summo
662 1767 767 1804 bono
788 1765 937 1804 artifice
958 1767 1061 1804 facto
1079 1775 1160 1804 non
1187 1766 1322 1804 debuit
1352 1766 1492 1803 deesse
1524 1775 1681 1803 summa

60 1812 266 1859 perfectio.
289 1813 363 1849 Sed
381 1813 528 1851 bonurn
553 1814 705 1850 ordinis
727 1814 972 1851 diversorum
996 1818 1057 1851 est
1075 1813 1220 1851 melius
1241 1813 1418 1861 quolibet
1437 1813 1595 1850 illorum
1617 1823 1680 1850 or·

61 1859 288 1897 dinatorum
308 1868 378 1905 per
397 1868 440 1897 se
461 1864 620 1907 sumpto
635 1872 645 1905 ;
661 1864 722 1897 est
741 1861 847 1898 enim
867 1861 1032 1897 formale
1062 1865 1243 1906 respectu
1277 1861 1542 1907 singularium
1576 1860 1680 1897 sicut

60 1906 250 1953 perfectio
269 1906 393 1944 totius
414 1912 595 1953 respectu
615 1908 800 1953 partium.
823 1910 910 1945 Non
931 1908 1067 1945 debuit
1083 1917 1177 1954 ergo
1197 1908 1345 1944 bonum
1383 1908 1537 1944 ordinis
1570 1908 1679 1953 operi

60 1953 129 1990 Dei
147 1953 300 1991 deesse.
319 1955 401 1991 Hoc
421 1959 553 1991 autem
573 1955 723 1992 bonum
743 1963 833 1992 esse
853 1964 934 1992 non
951 1958 1102 2001 posset,
1125 1955 1159 1992 si
1179 1955 1388 1992 diversitas
1404 1959 1441 1991 et
1473 1955 1679 2001 inaequali-

60 2003 122 2037 tas
145 2004 414 2038 creaturarum
436 2010 518 2038 non
539 2002 696 2039 fuisset.
718 2003 785 2039 Est
802 2002 924 2049 igitur
942 2002 1152 2039 diversitas
1171 2006 1209 2038 et
1228 2002 1480 2049 inaequalitas
1501 2002 1541 2038 in
1561 2002 1680 2039 rebus

61 2047 221 2091 creatis,
243 2056 324 2085 non
345 2057 368 2084 a
387 2057 499 2094 casu,
519 2057 600 2086 non
619 2053 780 2095 propter
795 2049 970 2086 materiae
992 2049 1275 2093 diversitatem,
1290 2058 1371 2086 non
1389 2053 1548 2095 propter
1562 2049 1680 2085 inter-

61 2097 225 2130 ventum
242 2094 463 2141 aliquarum
485 2105 696 2133 causarum
711 2096 770 2132 vel
785 2096 1033 2140 meritorum,
1047 2097 1117 2133 sed
1130 2106 1178 2133 ex
1197 2097 1355 2142 propria
1366 2096 1679 2140 Deiintentione‚

60 2140 348 2192 perfectionem
376 2145 567 2180 creaturae
596 2143 688 2180 dare
718 2143 904 2187 volentis,
925 2144 1082 2190 qualem
1102 2143 1296 2189 possibile
1311 2147 1393 2180 erat
1412 2152 1497 2180 eam
1521 2143 1678 2180 habere.

108 2187 207 2224 Hinc
227 2191 286 2224 est
303 2188 408 2235 quod
430 2188 575 2226 dicitur
595 2201 605 2226 :
630 2189 734 2227 Vidit
751 2191 846 2226 Deus
866 2193 995 2226 cuncta
1014 2200 1094 2236 quae
1108 2191 1256 2235 fecerat,
1276 2193 1310 2226 et
1335 2193 1439 2226 erant
1457 2190 1563 2226 valde
1592 2190 1683 2226 bona

77 2234 187 2278 Gen.‚
206 2241 233 2274 1,
250 2236 326 2287 31⁶),
342 2244 463 2287 quum
485 2236 532 2273 de
553 2236 615 2273 sin
647 2237 726 2274 ulis
744 2237 910 2274 dixisset
929 2237 1025 2283 quod
1044 2240 1127 2273 sunt
1151 2237 1267 2281 bona5
1288 2238 1383 2284 quia
1408 2237 1568 2283 singula
1595 2236 1682 2283 qui·

89 2289 150 2317 em
171 2287 266 2318 sunt
283 2290 325 2317 in
344 2291 430 2319 suis
451 2284 606 2320 naturis
654 2292 744 2328 ona,
767 2284 887 2321 simul
909 2288 1040 2321 autem
1071 2285 1206 2321 omnia
1238 2284 1351 2321 valde
1387 2284 1493 2321 bona
1522 2287 1682 2329 propter

59 2327 242 2421 ἕτᾱὲἓξιιῖι
263 2328 545 2424 gssivffrgtiffiuj
559 2333 618 2368 est
632 2331 773 2368 ultima
787 2334 825 2368 ct
841 2330 1096 2369 nobilissima
1112 2331 1302 2377 perfectio
1319 2331 1361 2369 in
1378 2331 1510 2368 rebus.
1526 2330 1555 2377 (Ι
1564 2333 1679 2376 part„

90 2402 99 2412 .
233 2401 243 2420 ‚
329 2402 340 2413 .
476 2404 484 2413 .

703 2509 873 2554 CAPUT
897 2511 1036 2553 XLVI.

150 2627 253 2663 QUOD
272 2627 461 2659 OPORTUIT
478 2627 532 2658 Ab
558 2627 850 2659 PERFEGTIONEM
868 2630 1054 2659 UNIVERSI
1078 2630 1174 2660 ESSE
1202 2629 1371 2665 ALIQUAS
1397 2630 1577 2661 NATURAS

702 2687 1051 2718 INTELLECTUALES.

106 2795 185 2832 Hac
203 2795 327 2842 igitur
347 2795 541 2833 existente
561 2804 684 2833 causa
703 2795 947 2833 diversitatis
968 2796 1011 2833 in
1043 2795 1178 2841 rebus,
1210 2800 1332 2836 restat
1363 2806 1471 2836 nunc
1496 2798 1545 2836 de
1577 2799 1679 2846 ipsis

0 2883 3 2894 ‚
60 2841 179 2880 rebus
203 2842 403 2881 distinctis
417 2843 620 2895 prosequi,
643 2846 835 2890 quantum
855 2843 903 2880 ad
924 2842 1016 2880 fidei
1032 2844 1234 2881 veritatem
1252 2845 1421 2891 pertinet
1439 2858 1448 2891 ;
1473 2846 1579 2893 quod
1598 2850 1681 2884 erat

61 2888 220 2927 tertium
239 2898 264 2927 a
281 2889 399 2928 nobis
417 2894 729 2938 propositorum.
751 2891 796 2926 Et
815 2890 1073 2929 ostendemus
1091 2892 1221 2938 primo
1241 2892 1348 2940 quod
1369 2902 1418 2930 ex
1443 2893 1577 2931 divina
1599 2894 1680 2931 dis-
