1894 3223
699 108 786 144 [ΑΒ.
814 107 871 146 lv,
901 107 1001 143 CAP.
1030 107 1115 142 xxi.
1649 108 1718 142 529

98 191 221 228 Deum
242 192 435 231 amantes,
454 188 619 234 Spiritus
634 192 796 226 sant-tus
817 198 839 225 a
863 191 939 225 Deo
962 188 1076 226 nohis
1096 187 1179 225 dari
1201 187 1356 226 dicitur.
1379 187 1486 225 Unde
1500 187 1715 233 Apostolus

98 237 220 275 dicit:
245 236 412 274 Charitas
430 237 496 271 Dei
526 235 663 281 diffusa
687 239 738 271 est
768 238 806 271 in
826 237 992 271 cordibus
1014 236 1146 272 nostris
1166 245 1235 281 per
1252 235 1430 282 Spiritum
1453 238 1629 278 sanctum,
1652 236 1717 281 qui

97 284 208 320 datus
231 285 284 319 est
299 281 414 318 nobis.
438 282 567 329 (Rom.,
588 291 628 327 v,
651 282 701 329 5.)

144 329 356 369 Sciendum
390 332 521 366 tamen
552 334 611 366 est
672 329 749 366 uod
781 344 828 366 ea
848 341 934 377 quie
955 339 976 366 a
998 334 1134 366 neom
1163 328 1278 367 nobis
1299 333 1392 366 sunt
1413 328 1655 366 reducuntur
1674 329 1716 366 in

100 379 220 415 Deum
242 377 347 414 sieut
366 375 406 412 in
426 385 587 413 causam
608 376 649 413 es
676 376 842 413 cientem
865 376 1198 422 etexemplareui:
1221 376 1261 412 in
1280 385 1441 413 causam
1463 376 1617 422 quidem
1636 375 1716 413 effi-

97 425 281 468 cientem,
316 423 357 459 in
389 428 579 470 quantum
600 424 742 460 virtute
775 423 973 469 operativa
995 423 1126 460 divina
1147 423 1294 469 aliquid
1318 424 1358 460 in
1376 422 1491 459 nobis
1516 423 1685 463 efficitur
1706 435 1716 468 ;

98 471 140 508 in
159 479 320 509 causam
338 479 431 507 vero
453 470 728 516 exemplarem,
751 470 969 507 secuudum
991 469 1096 517 quod
1116 469 1153 506 id
1186 469 1291 516 quod
1314 470 1353 506 in
1380 470 1495 507 nobis
1516 480 1538 507 a
1557 472 1636 508 Deo
1657 474 1719 508 est

96 517 231 565 aliquo
249 516 368 555 modo
389 519 511 555 Deum
530 518 721 554 imitatur.
742 517 869 561 Quum
889 526 983 564 ergo
1004 516 1141 553 eadem
1161 516 1285 555 virtus
1307 517 1358 554 sit
1376 517 1501 554 Patris
1521 520 1557 554 et
1576 518 1660 554 Filii
1681 520 1719 554 et

95 564 267 612 Spiritus
288 564 429 608 sancti,
453 565 553 602 sieut
574 567 611 601 et
630 563 764 601 eadem
788 564 977 607 essentia,
994 567 1147 609 oportet
1164 563 1269 610 quod
1291 572 1408 600 omne
1431 564 1468 600 id
1488 564 1596 611 quod
1613 566 1717 602 Deus

96 611 137 648 in
157 611 274 649 nobis
294 610 411 648 efficii
427 612 490 657 sit,
510 612 612 650 sicut
626 620 650 649 a
670 620 791 648 causa
805 610 1011 655 efficiente,
1028 610 1145 648 simul
1167 620 1190 647 a
1209 612 1321 647 Patre
1343 614 1377 647 et
1400 611 1494 648 Filio
1514 616 1551 647 et
1572 612 1716 658 Spiritu

97 661 266 704 sancto;
301 658 463 696 verbum
499 662 629 696 tamen
651 658 868 705 sapientiae,
892 667 970 705 quo
993 659 1114 694 Deum
1138 657 1435 704 cognoscimus,
1459 655 1573 695 n'ohis
1596 669 1617 695 a
1638 661 1716 696 Deo
1756 703 1760 706 .

95 704 336 751 immissum,
354 706 582 753 estproprie
596 705 959 752 repraesentativum
977 704 1063 741 Filii
1081 716 1089 750 ;
1109 708 1145 741 et
1161 704 1345 741 similiter
1357 715 1480 748 amor,
1502 715 1579 752 quo
1595 707 1716 743 Deum

96 752 316 800 diligimus,
344 757 405 790 est
426 753 626 836 proprium
660 752 1023 798 repraesentativum
1046 751 1215 804 Spiritus
1237 752 1377 804 sancti.
1402 754 1442 788 Et
1464 752 1521 788 sic
1543 753 1716 790 charitas

97 809 186 847 quae
205 799 246 836 iu
268 799 385 837 nobis
406 803 480 845 est,
515 800 591 837 icet
610 799 658 837 sit
677 799 841 836 effectus
862 799 988 836 Patris
1010 802 1046 836 et
1067 799 1152 835 Filii
1175 802 1212 835 et
1230 799 1398 844 Spiritus
1420 799 1561 844 sancti,
1583 802 1716 837 tamen

95 846 269 894 quadam
288 847 451 893 speciali
472 847 623 884 ratione
645 846 788 884 dicitur
805 855 894 883 esse
915 846 955 882 in
978 845 1094 883 nohis
1116 855 1184 892 per
1209 845 1396 892 Spiritum
1415 849 1609 883 sanetum.

147 894 247 938 Quia
267 903 359 930 vero
391 894 555 932 effectus
588 893 710 930 divini
730 902 811 931 non
831 893 963 930 solum
997 893 1130 929 divina
1149 892 1376 939 operatione
1399 903 1486 931 esse
1507 893 1716 939 incipiunt,

96 940 168 978 sed
190 941 306 978 etiam
326 950 396 987 per
413 950 499 978 eam
519 944 703 978 tenentur
720 940 761 977 in
782 949 884 985 esse,
908 944 949 977 ut
964 950 1010 977 ex
1030 939 1303 986 superioribus
1324 944 1442 986 patet,
1466 941 1564 977 nihil
1586 945 1718 977 autem

96 987 253 1040 operari
272 991 403 1035 potest
422 988 488 1025 ubi
507 997 588 1025 nori
610 990 669 1025 est
690 986 856 1035 (oportet
876 987 980 1024 enim
997 996 1166 1033 operans
1185 991 1222 1023 et
1239 991 1442 1032 operatum
1463 988 1502 1024 in
1521 990 1607 1024 actu
1629 997 1718 1025 esse

96 1034 232 1079 simul,
268 1034 370 1072 sicut
400 1044 565 1072 movens
598 1038 635 1071 et
660 1035 840 1081 motum),
875 1043 1038 1071 necesse
1069 1037 1129 1071 est
1160 1037 1214 1074 ut,
1237 1034 1474 1081 ubicumque
1497 1039 1556 1071 est
1577 1035 1719 1082 aliquis

96 1080 264 1118 effectus
284 1081 366 1125 Dei,
386 1082 439 1118 ibi
459 1082 509 1119 sit
531 1084 568 1118 et
586 1082 670 1127 ipse
691 1083 795 1118 Deus
810 1080 984 1118 effector.
1007 1081 1128 1124 Unde,
1150 1090 1272 1128 quum
1293 1081 1477 1126 charitas,
1499 1092 1577 1128 qua
1597 1084 1719 1119 Deum

95 1127 315 1175 diligimus,
337 1128 444 1165 sitin
463 1128 578 1165 nobis
598 1138 666 1174 per
679 1128 863 1174 Spiritum
885 1132 1080 1172 sanctum,
1103 1131 1257 1174 oportet
1274 1129 1379 1175 quod
1400 1129 1483 1174 ipse
1502 1129 1616 1165 etiam
1637 1129 1720 1175 Spi-

97 1173 198 1212 ritus
217 1178 381 1212 sanctus
397 1175 436 1212 in
458 1175 573 1212 nohis
593 1175 657 1216 sit,
680 1175 867 1222 quamdiu
888 1175 1059 1212 charitas
1083 1174 1120 1211 in
1150 1174 1264 1212 nohis
1285 1179 1358 1212 est.
1382 1175 1488 1212 Unde
1506 1176 1720 1221 Apostolus

100 1221 220 1259 dicit:
251 1223 405 1260 Nescitis
439 1223 526 1268 quia
553 1223 722 1267 templum
752 1223 819 1258 Dei
849 1223 947 1264 estis,
987 1225 1019 1257 et
1047 1222 1208 1267 Spiritus
1239 1223 1306 1258 Dei
1339 1222 1479 1258 habitat
1510 1224 1550 1258 in
1588 1224 1723 1259 vobis?

99 1267 133 1315 (Ι
161 1268 258 1314 Cor„
278 1277 336 1314 111,
369 1268 441 1316 16.)
460 1270 588 1313 Quum
619 1269 738 1317 igitur
757 1278 826 1315 per
845 1268 1028 1314 Spiritum
1051 1271 1230 1305 sanctum
1252 1269 1320 1306 Dei
1349 1272 1546 1306 amatores
1575 1269 1721 1307 efficia-

96 1323 201 1360 mur,
223 1324 340 1353 omne
360 1318 491 1354 autem
512 1319 686 1353 amatum
705 1315 745 1353 in
761 1318 917 1353 amante
939 1319 1010 1361 est,
1032 1315 1072 1352 in
1090 1319 1279 1363 quantum
1296 1315 1538 1363 hujusmodi,
1556 1326 1721 1355 necesse

98 1365 161 1399 est
193 1362 300 1409 quod
329 1372 398 1409 per
431 1362 615 1409 Spiritum
648 1367 830 1400 sanctum
864 1365 976 1400 Pater
1002 1363 1118 1399 etiam
1140 1365 1177 1399 et
1194 1363 1313 1400 Filius
1333 1363 1373 1400 in
1395 1364 1510 1401 nobis
1532 1364 1719 1401 habitent.

101 1408 210 1447 Unde
231 1410 425 1448 Dominus
457 1410 573 1448 dicit:
593 1410 656 1447 Ad
672 1421 750 1446 eum
768 1411 961 1450 veniemus,
980 1410 1131 1447 seilicet
1149 1410 1376 1463 diligentem
1398 1412 1534 1452 Deum,
1568 1416 1604 1448 et
1626 1423 1725 1447 ῃιαη-

96 1457 237 1493 sionem
268 1457 368 1503 apud
395 1467 473 1493 eum
502 1458 676 1501 faciemus
705 1457 863 1504 (Joann.,
886 1466 970 1500 xiv,
990 1457 1048 1503 23)
1067 1469 1075 1501 ;
1098 1461 1134 1493 et
1164 1457 1302 1494 dicitur
1321 1467 1330 1492 ι
1348 1459 1392 1494 1η
1412 1458 1474 1494 hoc
1489 1460 1620 1494 scimus
1640 1469 1724 1504 «μισ-

97 1504 200 1539 m'um
218 1507 340 1540 manet
358 1506 397 1540 in
414 1504 516 1540 nobis
534 1505 577 1540 de
594 1505 731 1550 spiritu
745 1514 848 1550 quem
867 1504 967 1539 dedit
981 1505 1095 1541 nobis.
1119 1504 1151 1550 (I
1167 1506 1312 1546 Joann.,
1333 1513 1392 1549 111,
1411 1505 1485 1552 24.)

147 1551 298 1596 Rursus,
319 1551 573 1588 manifestum
600 1555 660 1588 est
682 1551 787 1598 quod
821 1553 925 1587 Deus
946 1551 1114 1588 maxime
1135 1555 1240 1588 amat
1259 1551 1350 1588 illos
1369 1561 1472 1598 quos
1494 1552 1556 1589 sui
1577 1556 1724 1590 amato-

101 1605 168 1634 res
202 1606 272 1644 per
301 1597 484 1644 Spiritum
523 1600 703 1635 sanctum
743 1598 972 1642 constituit;
1010 1607 1090 1635 non
1129 1598 1233 1635 euim
1271 1601 1422 1635 tantum
1460 1598 1607 1636 bonum
1647 1600 1724 1637 nisi

100 1644 273 1682 amando
306 1645 515 1682 conferret.
540 1645 646 1682 Unde
665 1645 806 1682 dicitur
823 1655 871 1682 ex
899 1654 1071 1691 persona
1089 1644 1270 1682 Domini:
1291 1647 1367 1690 Euo
1387 1646 1576 1691 diliqentes
1592 1657 1645 1682 me
1666 1647 1723 1682 di-

96 1691 174 1736 liqo
193 1690 328 1737 (Prov.,
349 1701 439 1736 vul,
457 1692 513 1738 17)
532 1704 540 1735 ;
561 1703 632 1728 non
652 1694 759 1738 quasi
774 1702 838 1729 nos
853 1694 961 1737 prius
981 1692 1213 1728 dilexerimus
1232 1694 1358 1737 Deum,
1379 1694 1441 1729 sed
1460 1695 1630 1739 quoniam
1648 1695 1724 1740 ipse

98 1739 206 1784 prior
239 1737 369 1784 ditescit
403 1749 479 1783 nos,
513 1741 555 1775 ut
592 1738 744 1775 dicitur.
778 1738 811 1785 (Ι
838 1740 984 1781 Ιοαηπ.,
1017 1748 1073 1784 1v,
1099 1738 1170 1782 10.)
1193 1740 1316 1776 Omne
1337 1744 1466 1776 autem
1489 1744 1661 1777 amatum
1681 1741 1723 1778 in

104 1788 263 1822 amante
298 1788 371 1823 est.
407 1787 575 1823 Necesse
608 1789 668 1822 est
699 1785 816 1834 igitur
847 1786 952 1832 quod
982 1795 1052 1832 per
1073 1786 1255 1831 Spiritum
1289 1791 1467 1824 sanctum
1489 1797 1566 1824 non
1591 1788 1722 1824 solum

103 1832 210 1869 Deus
228 1831 339 1869 sitin
362 1832 491 1876 nohis,
515 1832 583 1870 sed
611 1833 726 1869 etiam
748 1841 823 1870 nos
855 1833 895 1869 in
918 1835 1010 1870 Deo.
1034 1833 1140 1870 Unde
1167 1832 1332 1870 dicitur:
1354 1834 1424 1878 Qui·
1444 1837 1562 1869 manet
1580 1837 1617 1879 2512
1643 1836 1724 1870 cha-

97 1879 222 1923 ritate,
250 1880 290 1914 in
311 1881 382 1916 Deo
412 1882 544 1919 manet,
578 1882 612 1916 et
629 1881 722 1916 Deus
742 1881 780 1914 in
802 1889 839 1915 eo
860 1879 894 1927 (I
907 1881 1053 1920 Joann„
1075 1889 1132 1924 lv,
1155 1880 1211 1928 16)
1230 1892 1238 1925 ;
1260 1884 1298 1918 et
1321 1880 1460 1918 iterum
1483 1891 1490 1915 ε
1511 1883 1554 1917 In
1575 1882 1638 1918 hoc
1667 1892 1722 1917 co-

96 1926 303 1970 qnoscimus
334 1928 504 1973 quoniam
537 1927 577 1962 in
609 1936 646 1962 eo
667 1936 865 1968 manemus,
887 1930 919 1962 et
935 1928 1012 1973 ipse
1027 1929 1068 1963 in
1091 1927 1206 1969 nobis,
1228 1929 1398 1974 quoniam
1430 1928 1473 1964 de
1497 1929 1639 1974 Spiritu
1660 1939 1722 1965 suo

95 1971 202 2008 dedit
211 1973 326 2010 nobis.
347 1973 380 2020 (I
395 1975 542 2014 Joann„
563 1981 620 2014 IV,
643 1972 716 2021 13.)

149 2020 216 2057 Est
234 2023 366 2058 autem
387 2020 463 2058 hoc
483 2020 667 2058 amicitiae
683 2020 887 2068 proprium
905 2021 1010 2067 quod
1031 2021 1159 2059 amico
1185 2021 1330 2069 aliquis
1351 2032 1424 2060 sua
1443 2026 1595 2061 secreta
1615 2033 1721 2062 reve-

99 2065 180 2110 let;
202 2076 324 2114 quum
345 2067 452 2120 enim
473 2067 648 2105 amicitia
667 2066 884 2115 conjungat
907 2067 1074 2106 affectus
1107 2072 1145 2105 et
1178 2069 1346 2106 duorum
1381 2070 1499 2107 faciat
1518 2071 1632 2117 quasi
1654 2080 1723 2109 eor

102 2121 241 2158 unum,
260 2122 342 2152 non
361 2114 516 2152 Videtur
532 2117 640 2152 extra
658 2123 727 2152 cor
758 2123 876 2152 suum
897 2114 1044 2162 aliquis
1077 2115 1174 2153 illud
1211 2116 1426 2162 protulisse
1457 2118 1562 2164 quod
1595 2119 1722 2155 amico

100 2158 273 2204 revelat3
295 2161 400 2198 unde
421 2164 459 2198 et
477 2161 672 2199 Dominus
689 2161 782 2199 dicit
801 2161 1010 2208 discipulis
1029 2174 1037 2198 ε
1059 2163 1140 2198 Jam
1159 2173 1230 2198 non
1254 2164 1372 2200 dicam
1392 2174 1452 2200 vos
1470 2175 1634 2202 servos...
1655 2167 1723 2201 Vos

96 2206 541 2251 1azaeemdioeiamicos...;
563 2209 652 2254 quia
682 2209 803 2245 omnia
831 2219 909 2254 quae
941 2209 1069 2244 audivi
1087 2220 1110 2245 a
1137 2211 1247 2246 Patre
1277 2221 1364 2251 meo,
1399 2214 1485 2247 nota
1514 2213 1586 2256 feei
1609 2213 1720 2249 vobis.

101 2251 268 2306 (Iouam,
288 2263 356 2300 xv,
379 2255 452 2303 15.)
468 2255 568 2300 Quia
587 2255 709 2302 igitur
727 2264 796 2302 per
812 2255 999 2302 Spiritum
1020 2258 1201 2293 sanctum
1216 2257 1330 2294 amici
1347 2258 1415 2295 Dei
1428 2259 1721 2303 constituimur,

84 2305 385 2339 'convenienter
398 2311 469 2349 per
487 2302 676 2348 Spiritum
703 2306 883 2340 sanctum
914 2302 1146 2341 hominibus
1180 2303 1366 2341 dicuntur
1397 2306 1560 2343 revelari
1593 2306 1724 2342 divina

100 2348 292 2394 mysteria
312 2360 321 2393 ;
343 2349 448 2387 unde
464 2349 678 2395 Apostolus
699 2349 795 2386 dicit
815 2361 824 2386 :
853 2350 1038 2395 Scriptum
1068 2352 1132 2394 est,
1157 2351 1253 2396 quod
1283 2353 1405 2388 oculus
1435 2363 1507 2388 non
1532 2353 1638 2392 vidit,
1661 2363 1724 2388 nec

96 2395 203 2430 auris
220 2395 376 2440 audivit,
395 2406 458 2432 nec
477 2397 516 2431 in
534 2407 594 2432 cor
613 2397 767 2432 hominis
786 2397 960 2441 ascendit,
986 2408 1063 2442 quae
1072 2400 1298 2443 praeparavit
1310 2401 1403 2435 Deus
1418 2401 1463 2435 iis
1483 2401 1547 2445 qui
1563 2399 1722 2444 diligunt

103 2439 206 2533 {laum
225 2453 250 2523 t:
281 2442 383 2478 nobis
423 2445 541 2479 autem
576 2444 748 2479 revelavit
783 2446 878 2479 Deus
914 2454 979 2489 per
1017 2444 1197 2489 Spiritum
1235 2455 1338 2481 suum
1375 2445 1413 2492 (I
1447 2446 1541 2490 Cor„
1580 2455 1609 2482 11
1626 2475 1634 2491 ‚
1672 2449 1692 2483 9
1712 2474 1721 2491 ‚

170 2514 178 2530 ,
201 2496 222 2523 e
241 2496 276 2525 c.

145 2534 208 2585 ,Et,
233 2534 326 2581 quia
345 2545 393 2572 ex
410 2535 474 2573 his
495 2546 581 2583 quae
594 2542 720 2575 nomo
751 2543 860 2575 novlt
889 2541 1082 2575 mrmatur
1115 2538 1200 2584 eJ'us
1232 2539 1403 2585 loquela,
1438 2540 1719 2577 convenienter

96 2581 222 2632 -etiam
241 2590 310 2627 per
329 2581 512 2627 Spiritum
544 2588 725 2621 sanctum
754 2585 875 2621 homo
905 2585 1080 2630 loquitur
1111 2585 1244 2621 divina
1275 2585 1475 2632 mysteria,
1498 2587 1717 2624 seeundum

104 2626 205 2664 illud
226 2639 235 2664 z
256 2627 418 2674 Spiritus
437 2632 554 2666 autem
576 2631 737 2676 loquitur
753 2632 926 2676 mysteria
941 2631 972 2677 (I
983 2633 1078 2671 Cor„
1098 2640 1182 2676 ΧΠ,
1194 2631 1255 2678 2);
1277 2635 1335 2668 et:
1356 2633 1436 2669 Non
1454 2634 1548 2668 enim
1561 2644 1622 2669 vos
1638 2636 1722 2671 estis

99 2674 168 2719 qui
182 2674 383 2720 loquimini,
406 2676 467 2711 sed
486 2677 645 2721 Spiritus
663 2679 786 2714 Patris
804 2679 915 2713 vestri
927 2680 990 2723 qui
1010 2679 1169 2723 loquitur
1197 2680 1235 2713 in
1259 2679 1358 2714 vobis
1381 2679 1540 2725 (Manu,
1562 2689 1602 2725 x,
1626 2684 1670 2718 20
1691 2681 1720 2728 );

95 2723 142 2756 et
159 2720 207 2758 de
226 2722 428 2768 prophetis
446 2723 589 2760 dicitur
608 2724 727 2770 quod,
748 2725 890 2769 Spiritu
909 2727 1032 2760 sancto
1062 2726 1249 2769 inspirati,
1272 2725 1380 2761 locuti
1408 2729 1492 2762 sunt
1521 2730 1638 2763 sancti
1654 2730 1720 2764 Dei

95 2765 258 2805 homines
281 2769 331 2816 (ΙΙ
347 2771 458 2814 Petr.,
483 2779 509 2815 1,
530 2770 616 2816 21);
637 2770 741 2808 unde
767 2771 884 2808 etiam
917 2771 959 2806 in
990 2770 1172 2818 symbolo
1202 2771 1294 2808 fidei
1324 2772 1467 2810 dicitur
1498 2773 1546 2811 de
1574 2775 1719 2820 Spiritu

98 2820 242 2853 sancto
261 2826 273 2852 :
296 2817 366 2861 Qui
381 2817 518 2853 locutus
537 2819 589 2853 est
601 2827 672 2863 per
687 2817 899 2864 prophetas.

147 2863 237 2900 Non
251 2863 385 2901 solum
406 2867 536 2901 autem
558 2868 618 2902 est
637 2865 839 2911 proprium
857 2863 1038 2901 aniicitiae
1058 2864 1164 2911 quod
1184 2864 1312 2904 amico
1329 2866 1474 2915 aliquis
1491 2868 1636 2906 revelet
1649 2877 1722 2905 sua

1522 2945 1560 2974 ‘34
