1894 3223
135 168 206 224 «254
678 159 763 212 tin.
793 177 855 214 nr,
885 176 984 212 cAP.
1014 176 1221 212 cxxxvitl.

137 264 200 304 est
234 266 339 310 patet
371 259 582 306 responsio
603 268 673 304 per
702 267 747 294 ea
765 267 851 304 quae
871 257 974 310 dicta
1006 261 1112 295 sunt.
1133 259 1374 303 Praeceptum
1395 257 1498 294 enim
1512 256 1623 294 illiud
1640 256 1766 303 respi-

139 314 194 350 cit
216 309 514 346 inclinationem
535 305 755 343 naturalem
776 314 863 351 quae
884 307 990 341 mest
1008 304 1241 342 hominibus
1263 304 1311 342 ad
1332 304 1646 342 conservandam
1676 312 1764 351 spe-

139 359 240 396 ciem
280 365 347 401 per
380 359 510 391 actum
550 352 820 400 generationis
839 363 848 397 3
870 351 977 398 quod
1015 355 1148 389 tamen
1184 359 1268 388 non
1302 354 1363 388 est
1393 351 1665 388 necessarium
1696 359 1767 398 per

140 412 282 443 omnes
307 402 461 448 exequi,
483 400 552 437 sed
572 409 641 446 per
661 399 831 446 aliquos,
855 402 896 435 ut
917 398 1062 435 dictum
1085 401 1156 436 est.

187 450 293 487 Sicut
315 452 445 485 autem
468 457 546 484 non
565 446 721 492 expedit
751 445 912 482 cuilibet
933 446 1042 482 omni
1070 448 1247 490 tempore
1266 445 1368 481 actui
1402 444 1675 491 generationis
1696 453 1762 480 va-

140 508 244 540 care,
267 497 320 533 ita
341 496 456 532 etiam
477 504 549 531 nec
568 493 723 539 expedit
743 492 791 530 ab
812 501 859 529 eo
878 493 988 529 omni
1009 496 1182 539 tempore
1203 492 1415 536 abstinere,
1437 492 1596 538 quando
1627 500 1765 529 neces-

139 545 247 582 saria
267 548 327 580 est
348 541 625 587 multiplicatio
646 539 819 586 generis,
840 539 902 576 vel
922 542 1082 585 propter
1101 539 1308 576 hominum
1327 538 1578 583 paucitatem,
1601 538 1705 576 sicut
1726 539 1767 575 in

139 590 349 639 principio,
373 589 532 636 quando
554 588 758 625 hominum
783 595 909 633 genus
933 586 1051 632 coepit
1079 585 1362 631 multiplicari;
1385 585 1469 622 sive
1487 589 1648 632 propter
1669 595 1766 632 pau-

137 638 296 675 citatem
319 636 447 673 fidelis
478 635 630 682 populi,
650 634 808 680 quando
843 634 1049 680 oportebat
1067 633 1200 678 ipsum
1222 641 1291 678 per
1323 631 1523 669 carnalem
1543 632 1767 679 generatio-

143 694 232 722 nem
256 683 526 729 multiplicari,
548 686 591 719 ut
619 682 692 718 fuit
712 681 751 717 in
772 681 893 717 veteri
926 683 1179 717 testamento.
1203 681 1244 715 Et
1261 678 1351 716 ideo
1372 679 1586 716 consilium
1605 679 1653 716 de
1673 688 1767 717 con-

141 732 310 768 tinentia
332 734 520 776 perpetuo
540 728 788 766 observanda
809 731 1050 764 reservatum
1068 731 1128 763 est
1147 725 1392 772 temporibus
1414 726 1504 761 novi
1525 726 1767 771 testamenti,

140 778 303 825 quando
327 778 457 814 fidelis
475 777 647 823 populus
668 785 738 822 per
758 775 1004 821 spiritualem
1025 773 1324 821 generationem
1343 772 1641 819 multiplicatur.

747 922 915 963 CAPUT
944 921 1171 962 CXXXVII.

368 1044 519 1073 CONTRA
543 1043 615 1071 Eos
643 1043 707 1076 QUI
733 1041 1011 1075 MATRIMONIUM
1038 1040 1290 1069 VIRGINITATI
1311 1040 1545 1074 AEQUABANT.

193 1156 366 1191 Fuerunt
390 1156 520 1189 autem
543 1155 579 1188 et
599 1152 665 1188 alii
689 1152 770 1198 qui,
792 1151 883 1187 licet
911 1150 1197 1187 continentiam
1216 1152 1444 1196 perpetuam
1466 1158 1547 1186 non
1573 1149 1770 1196 improba·

143 1207 245 1244 rent,
269 1204 398 1237 tamen
418 1199 452 1236 ei
475 1203 620 1237 statum
655 1197 896 1234 matrimonii
916 1197 1202 1244 adaequabant3
1225 1207 1312 1243 quae
1331 1201 1391 1233 est
1412 1197 1578 1234 haeresis
1597 1197 1771 1234 Jovinia-

146 1249 213 1292 ni3
237 1248 305 1284 sed
328 1247 446 1293 liujus
479 1246 624 1283 erroris
647 1245 800 1282 falsitas
835 1244 932 1281 satis
954 1254 1002 1280 ex
1022 1244 1223 1290 praedictis
1244 1247 1418 1290 apparet,
1442 1253 1532 1281 cum
1553 1253 1622 1290 per
1642 1245 1770 1281 conti-

136 1295 324 1331 ‘nentiam
346 1294 465 1330 homo
487 1293 672 1330 reddatur
696 1292 870 1329 habilior
890 1292 938 1328 ad
959 1292 1102 1328 mentis
1121 1290 1379 1328 elevationem
1417 1291 1458 1327 in
1491 1291 1714 1336 spiritualia
1735 1295 1773 1327 et

147 1342 294 1385 divina,
318 1345 353 1377 et
373 1339 665 1387 quodammodo
687 1348 808 1385 supra
838 1342 984 1375 statum
1020 1338 1196 1375 hominis
1213 1341 1385 1384 ponatur
1405 1338 1445 1374 in
1469 1338 1638 1384 quadam
1659 1338 1771 1375 simi-

140 1389 316 1425 litudine
337 1388 584 1434 angelorum.

196 1438 274 1471 Nec
295 1434 424 1471 obstat
446 1434 549 1480 quod
574 1433 695 1480 aliqui
715 1432 1015 1478 perfectissimae
1028 1431 1187 1468 virtutis
1207 1431 1279 1467 viri
1304 1431 1558 1468 matrimonio
1577 1431 1639 1468 usi
1663 1435 1771 1476 sunt,

148 1485 192 1518 ut
212 1482 421 1526 Abraham,
444 1483 568 1525 Isaac,
591 1484 629 1516 et
647 1479 781 1524 Jacob,
802 1479 896 1526 quia
916 1483 1063 1526 quanto
1084 1479 1208 1515 virtus
1231 1479 1375 1514 mentis
1398 1482 1458 1515 est
1488 1478 1641 1522 fortior,
1662 1481 1772 1515 tanto

146 1529 282 1565 minus
303 1532 433 1574 potest
451 1537 518 1574 per
533 1536 792 1575 quaecumque
813 1537 834 1563 a
852 1535 924 1563 sua
944 1525 1150 1562 altitudine
1169 1525 1298 1572 dejici.
1321 1526 1399 1561 Nec
1422 1528 1565 1568 tamen,
1583 1525 1677 1572 quia
1695 1525 1773 1571 ipsi

147 1575 403 1612 matrimonio
441 1575 502 1611 usi
540 1578 645 1618 sunt,
668 1575 802 1610 minus
841 1573 1215 1618 contemplationem
1256 1571 1431 1609 veritatis
1468 1576 1505 1608 et
1546 1572 1771 1609 divinorum

146 1626 382 1659 amaverunt
398 1635 406 1665 ;
425 1622 509 1667 sed,
529 1622 747 1659 secundum
771 1621 875 1667 quod
895 1620 1070 1657 conditio
1091 1619 1280 1665 temporis
1308 1619 1546 1665 requirebat,
1567 1619 1774 1656 matrimo-

147 1669 217 1706 nio
247 1669 457 1706 utebantur
486 1669 534 1707 ad
564 1668 934 1714 multiplicationem
968 1667 1101 1713 populi
1136 1666 1279 1704 fidelis.
1308 1668 1387 1703 Nec
1418 1670 1551 1703 tamen
1583 1666 1775 1712 perfectio

150 1717 320 1762 alicujus
342 1725 522 1762 personae
547 1719 606 1753 est
627 1715 831 1753 sufficiens
854 1718 1131 1760 argumentum
1150 1714 1197 1750 ad
1219 1713 1502 1760 perfectionem
1520 1717 1663 1759 status,
1682 1722 1774 1751 cum

151 1763 299 1810 aliquis
318 1763 540 1810 perfectiori
562 1766 692 1800 mente
713 1762 841 1809 possit
862 1762 918 1799 uti
940 1762 1082 1798 minori
1104 1761 1211 1798 bono
1238 1770 1355 1807 quam
1383 1761 1486 1798 alius
1507 1760 1647 1806 majori
1666 1760 1773 1798 bono

154 1810 436 1856 imperfectiori
459 1813 602 1848 mente.
626 1812 713 1846 Non
734 1810 855 1856 igitur
885 1809 977 1856 quia
996 1808 1190 1845 Abraham
1213 1808 1273 1844 vel
1292 1809 1447 1854 Moyses
1464 1807 1676 1853 perfectior
1700 1807 1775 1843 fuit

147 1858 287 1894 multis
308 1858 373 1904 qui
397 1857 682 1894 continentiam
716 1859 889 1899 servant,
912 1860 1070 1901 propter
1092 1855 1167 1891 hoc
1185 1858 1312 1891 status
1342 1854 1586 1892 matrimonii
1608 1858 1667 1891 est
1686 1863 1772 1900 per‘-

141 1904 290 1941 ‘tectior
308 1914 425 1951 quain
449 1908 576 1941 status
597 1903 852 1941 continentiae
871 1903 931 1939 vel
951 1903 985 1938 ei
1008 1902 1186 1948 aequalis.

734 2049 902 2090 CAPUT
940 2048 1187 2089 CXXXVIII.

592 2169 744 2199 CONTRA
770 2169 842 2198 Eos
863 2170 927 2203 QUI
955 2169 1061 2197 VOTA
1090 2168 1329 2198 lmueNANT.

199 2278 447 2330 Quibusdam
469 2281 600 2315 autem
622 2278 752 2315 visum
775 2281 835 2315 est
855 2278 1020 2315 stultum
1042 2287 1131 2316 esse
1152 2277 1329 2324 obligare
1350 2286 1393 2315 se
1412 2280 1504 2315 voto
1522 2277 1570 2315 ad
1590 2277 1774 2316 obedien·

149 2324 242 2362 dum
268 2325 388 2362 alicui
411 2329 477 2362 aut
516 2325 563 2362 ad
591 2325 870 2373 quodcumque
897 2325 1150 2362 servandum.
1173 2324 1488 2372 Unumquodque
1507 2324 1772 2365 enimbonum

135 2377 299 2424 ‘quanto
323 2372 488 2410 liberius
508 2372 652 2419 agitur,
675 2375 785 2410 tanto
802 2373 1023 2409 virtuosius
1044 2381 1133 2410 esse
1151 2372 1323 2409 videtur.
1346 2372 1500 2416 Quanto
1532 2375 1662 2410 autem
1694 2382 1774 2411 ma-

140 2419 222 2465 ]ori
257 2419 496 2457 necessitate
528 2419 619 2466 quis
653 2419 701 2456 ad
735 2419 884 2467 aliquid
915 2420 1208 2456 observandum
1237 2419 1485 2465 astringitur,
1502 2422 1613 2457 tanto
1636 2419 1772 2458 minus

151 2465 274 2503 libere
295 2467 335 2504 id
358 2476 474 2513 agere
494 2466 661 2504 videtur.
683 2466 979 2514 Videturigitur
999 2467 1180 2513 derogari
1202 2466 1465 2510 laudabilitati
1500 2466 1770 2504 virtuosorum

146 2517 308 2565 actuum
326 2522 395 2560 per
415 2514 491 2551 hoc
511 2514 617 2561 quod
638 2523 685 2550 ex
704 2514 942 2551 necessitate
961 2513 1197 2552 obedientiae
1216 2514 1277 2551 vel
1297 2513 1378 2551 voti
1397 2513 1509 2551 fiunt.

194 2560 385 2598 Videntur
415 2566 546 2598 autem
575 2561 804 2608 hujusmodi
838 2562 1023 2599 homines
1053 2561 1306 2599 necessitatis
1335 2561 1530 2599 rationem
1569 2559 1768 2607 ignorare.

149 2607 216 2642 Est
234 2608 339 2644 enim
363 2607 509 2655 duplex
523 2609 773 2661 necessitas:
796 2608 977 2655 quaedam
997 2607 1232 2653 coactionis,
1248 2611 1286 2645 et
1305 2607 1555 2646 haeclaudem
1573 2607 1770 2645 virtuoso·

136 2660 234 2689 ‘rum
284 2659 442 2692 actuum
478 2656 634 2697 minuit,
671 2665 765 2703 quia
794 2655 1020 2693 voluntario
1050 2655 1327 2701 contrariatur,
1361 2659 1542 2693 coactum
1575 2653 1679 2690 enim
1709 2658 1769 2692 est

146 2700 253 2751 quod
271 2705 333 2751 est
353 2702 550 2753 voluntati
582 2702 848 2748 contrarium3
875 2706 936 2740 est
963 2706 1093 2740 autem
1128 2702 1307 2750 quaedam
1340 2702 1560 2739 necessitas
1587 2709 1633 2737 ex
1667 2700 1767 2738 inte-

148 2754 245 2782 riori
268 2747 526 2801 inclinatiqne
545 2750 799 2796 proveniens,
826 2754 864 2786 et
883 2750 967 2787 haec
995 2749 1152 2787 laudem
1184 2749 1350 2787 virtuosi
1372 2753 1484 2786 actus
1505 2755 1585 2784 non
1606 2747 1764 2794 minuit,

140 2792 218 2829 sed
240 2797 357 2845 auget
373 2805 382 2838 ;
413 2795 505 2832 facit
523 2797 630 2834 enim
650 2796 893 2835 voluntatem
909 2797 1376 2844 magisintensetendere
1388 2795 1430 2832 in
1444 2797 1575 2832 actum
1591 2794 1764 2834 virtutis.

148 2840 258 2891 Patet
278 2849 383 2891 enim
403 2842 508 2887 quod
527 2843 687 2881 habitus
707 2843 865 2882 virtutis
883 2848 1031 2891 quanto
1052 2844 1169 2882 fuerit
1188 2842 1412 2890 perfectior,
1427 2844 1537 2878 tanto
1557 2841 1767 2879 vehemen-

147 2888 228 2924 t1us
242 2886 336 2939 facit
357 2888 600 2926 voluntatem
620 2890 781 2928 tendere
799 2891 840 2928 in
861 2890 1010 2928 honum
1030 2890 1202 2935 virtutis,
1223 2893 1262 2926 et
1285 2889 1419 2926 minus
1435 2888 1482 2926 ab
1502 2897 1548 2925 eo
1571 2888 1762 2932 deficere3

143 2933 268 2980 quod,
281 2942 315 2971 si
331 2933 379 2971 ad
398 2933 517 2972 finem
543 2936 800 2981 perfectionis
819 2936 1254 2985 devenerit‚quamdam
1274 2934 1554 2974 necessitatem
1573 2935 1693 2973 insert
1712 2936 1761 2974 ad
