1894 3223
126 163 128 165 ,
150 141 217 176 {156
730 135 817 170 LIB.
843 133 902 176 lv,
931 133 1031 168 CAP.
1059 133 1187 170 XXXV.

199 218 252 255 Ad
286 216 403 261 hujus
439 218 568 251 autem
600 212 846 250 difficultatis
877 212 1119 249 solutionem
1151 212 1296 250 diversi
1346 212 1525 251 diversas
1555 212 1783 266 positiones

154 265 381 303 attulerunt.
407 262 598 307 Eutyches
620 260 739 303 enim,
763 263 805 296 ut
824 260 1016 296 unitatem
1036 268 1218 311 personae
1247 263 1386 297 contra
1408 262 1634 298 Nestorium
1655 270 1786 300 serva-

154 315 209 348 ret
241 311 281 345 in
313 308 482 352 Christo,
504 307 597 344 dicit
629 307 670 342 in
703 306 858 343 Christo
891 315 980 343 esse
1013 310 1128 342 etiam
1180 314 1296 343 unam
1331 311 1527 353 naturam,
1567 308 1623 345 ita
1662 309 1785 355 quod,

153 355 333 404 quamvis
355 359 445 391 aute
468 355 657 390 unionem
678 357 812 390 essent
833 353 920 389 duae
941 356 1090 389 naturae
1120 352 1341 406 distinctae,
1364 354 1498 391 divina
1528 358 1566 407 et
1593 355 1784 402 humana,

152 405 193 440 in
216 402 363 439 unione
385 406 517 437 tamen
533 401 715 437 coierunt
735 400 775 436 in
796 409 915 437 unam
937 403 1119 437 naturam
1139 411 1147 444 3
1170 403 1207 435 et
1227 408 1286 436 sic
1306 400 1460 438 dicebat
1480 402 1624 439 Christi
1645 410 1785 447 perso·

153 459 242 486 nam
266 459 310 485 ex
334 449 488 485 duabus
509 448 660 484 naturis
683 456 787 491 esse,
810 455 890 483 non
924 450 1055 484 autem
1092 447 1133 482 in
1164 446 1319 484 duabus
1352 448 1506 486 naturis
1537 449 1786 495 subsistere;

153 500 313 543 proptor
334 496 437 542 quod
462 495 501 530 in
524 494 833 531 chalcedonensi
855 493 1014 540 Synodo
1035 497 1102 530 est
1121 493 1428 532 condemnatus.

203 543 325 588 HuJ'us
347 546 475 578 autern
500 541 714 586 positionis
736 541 890 577 salsitas
911 550 959 577 ex
981 540 1117 577 multis
1133 544 1306 586 apparet.

204 592 417 626 ostensum
440 589 543 624 enim
567 592 627 624 est
647 597 767 634 supra
786 587 891 634 quod
913 587 955 623 in
980 587 1134 624 Christo
1153 589 1246 624 Jesu
1266 590 1303 624 et
1324 596 1469 634 corpus
1488 588 1562 626 suit
1584 593 1624 627 et
1652 589 1788 628 anima

156 636 363 673 rationalis
385 640 421 671 et
440 635 639 672 divinitas.
659 637 702 671 Et
722 635 981 671 manifestum
999 638 1060 671 est
1079 634 1183 680 quod
1206 643 1351 680 corpus
1375 635 1533 681 Christi,
1553 637 1671 675 etiam
1694 640 1789 683 post

155 685 360 726 unionem,
383 692 462 718 non
487 682 560 718 fuit
579 682 666 727 ipsa
683 681 796 718 Verbi
825 681 1037 726 divinitas;
1058 690 1149 718 nam
1183 690 1328 726 corpus
1363 682 1521 727 Christi,
1544 683 1660 721 etiam
1694 686 1789 730 post

156 731 361 771 unionem,
384 729 573 774 passibile
595 729 668 765 fuit
689 732 733 765 et
752 729 955 773 corporeis
975 728 1103 765 oculis
1140 728 1296 765 visibile
1326 731 1363 765 et
1385 729 1638 767 lineamentis
1659 738 1784 768 mem·

154 777 315 813 brorum
345 777 602 820 distinctum;
637 785 731 822 quae
763 776 898 811 omnia
933 775 1063 811 aliena
1095 779 1189 812 sunt
1219 785 1242 812 a
1275 775 1476 813 divinitate
1508 776 1637 822 Verbi,
1668 781 1712 814 ut
1739 786 1788 815 ex

156 824 429 868 superioribus
451 823 489 868 (l.
508 833 533 866 1,
550 833 583 858 3.
600 824 658 869 20)
682 826 798 868 patet.
812 822 1002 859 Similiter
1014 823 1131 858 etiam
1149 822 1282 859 anima
1297 822 1455 867 Christi,
1475 827 1566 869 post
1581 823 1786 870 unionem,

155 870 263 907 aliud
286 870 358 906 fuit
379 880 401 906 a
422 870 625 906 divinitate
653 870 780 913 Verbi,
804 869 897 915 quia
914 869 1047 906 anima
1069 869 1211 906 Christi
1235 869 1353 906 etiam
1369 874 1458 915 post
1476 870 1681 914 unionem,
1700 879 1790 923 pas-

157 917 339 953 sionibus
362 917 531 953 tristitiae
552 920 587 952 et
608 917 763 953 doloris
783 921 819 952 et
836 917 903 953 irae
921 915 1061 953 affecta
1082 916 1176 960 fuit3
1198 925 1285 962 quae
1305 917 1423 953 etiam
1445 917 1641 954 divinitati
1669 917 1786 956 Verbi

156 965 266 1000 nullo
302 965 419 1000 modo
453 964 670 1000 convenire
704 967 886 1009 possunt,
918 966 961 1000 ut
990 973 1038 999 ex
1065 963 1284 1009 praemissis
1321 967 1440 1008 patet.
1478 964 1620 1002 Anima
1652 967 1787 1003 autem

159 1011 333 1047 humana
353 1016 388 1047 et
411 1020 557 1056 corpus
581 1012 830 1047 constituunt
854 1011 1067 1046 humanam
1089 1013 1285 1046 naturam.
1305 1010 1368 1047 Sic
1394 1010 1528 1057 igitur,
1550 1012 1668 1048 etiam
1695 1014 1790 1058 post

158 1059 363 1100 unionem,
388 1058 562 1094 humana
585 1062 727 1094 natura
746 1058 785 1093 in
806 1057 962 1094 Christo
982 1058 1056 1094 fuit
1075 1057 1182 1094 aliud
1205 1068 1228 1094 a
1246 1057 1448 1094 divinitate
1470 1058 1597 1102 Verbi,
1619 1068 1705 1105 quae
1727 1061 1790 1097 est

159 1110 302 1141 natura
323 1105 468 1141 divina.
488 1105 584 1140 Sunt
607 1106 728 1151 igitur
750 1105 789 1140 in
813 1104 982 1149 Christo,
1004 1104 1120 1141 etiam
1143 1108 1232 1150 post
1260 1105 1465 1149 unionem,
1500 1105 1586 1142 duae
1618 1109 1784 1143 naturae.

204 1153 304 1195 Item,
324 1156 464 1188 nutura
484 1156 542 1187 est
564 1152 786 1188 secundum
806 1160 921 1197 quam
939 1160 1003 1188 res
1024 1151 1157 1197 aliqua
1172 1151 1311 1188 dicitur
1330 1161 1392 1189 res
1414 1152 1619 1189 naturalis.
1640 1153 1789 1190 Dicitur

159 1203 289 1234 aulem
326 1208 389 1235 res
411 1199 599 1234 naturalis
621 1208 667 1234 cx
690 1198 766 1234 1103
787 1198 891 1243 quod
912 1198 1030 1234 habet
1049 1198 1230 1242 formam,
1264 1198 1366 1235 sicut
1387 1201 1425 1234 et
1447 1207 1509 1235 res
1541 1198 1756 1237 artificialis
1775 1211 1785 1245 ;

158 1254 236 1281 non
272 1245 375 1281 enim
398 1245 539 1281 dicitur
560 1246 701 1281 domus
722 1248 932 1290 antequam
962 1244 1105 1282 haheat
1130 1245 1297 1282 sormam
1318 1245 1426 1290 artis,
1449 1248 1487 1282 ct
1506 1245 1685 1283 similiter
1704 1255 1787 1284 non

158 1292 301 1327 dicitur
322 1302 446 1337 equus
468 1296 677 1338 antequam
697 1291 840 1328 habeat
860 1292 1026 1328 formam
1048 1295 1196 1329 naturae
1216 1301 1312 1328 suae.
1335 1293 1476 1329 Forma
1495 1292 1615 1339 igitur
1641 1293 1697 1330 rei
1717 1302 1786 1331 na-

157 1342 196 1373 tu
206 1339 296 1374 ruiis
316 1344 375 1374 est
396 1339 480 1384 cjtis
502 1342 655 1375 3311113.
687 1339 846 1384 Oportet
865 1347 958 1384 ergo
988 1339 1116 1375 dicere
1137 1339 1242 1385 quod
1263 1339 1302 1374 in
1324 1338 1478 1376 Christo
1498 1340 1578 1376 sint
1599 1340 1685 1378 duae
1706 1340 1785 1378 for-

160 1394 247 1425 3113,
268 1386 383 1421 etium
408 1389 496 1430 post
512 1385 712 1422 unionem.
729 1385 826 1422 Dicit
845 1385 946 1421 enim
959 1386 1172 1431 Apostolus
1186 1385 1232 1422 de
1252 1385 1402 1422 Christo
1422 1387 1515 1423 Jesu
1539 1386 1660 1432 quod,
1676 1397 1787 1434 quum

157 1433 195 1466 z'n
228 1434 346 1475 sumna
367 1434 431 1467 Dczl
463 1435 600 1467 esset...⁴
616 1434 772 1475 formam
801 1433 897 1467 servi
918 1434 1055 1477 accepit
1086 1431 1212 1478 (Phth,
1235 1441 1276 1473 Π,
1298 1434 1332 1475 6,
1352 1432 1403 1479 7).
1426 1434 1513 1469 Non
1551 1436 1682 1471 autem
1721 1443 1788 1481 po·

157 1481 233 1513 test
255 1478 327 1514 dici
348 1479 452 1522 quod
472 1479 523 1515 sit
542 1479 677 1515 cadem
698 1479 823 1515 forma
842 1478 909 1515 Dei
926 1482 963 1515 et
982 1479 1110 1516 forma
1129 1478 1258 1523 servi,
1280 1478 1379 1515 nihil
1400 1480 1505 1516 enim
1527 1480 1666 1526 accipit
1681 1482 1788 1528 quod

154 1524 236 1570 J‘um
260 1525 402 1568 habet;
432 1530 469 1561 et
495 1525 565 1568 313,
588 1527 621 1563 31
642 1526 777 1562 eadem
800 1529 870 1562 vest
891 1527 1017 1563 forma
1036 1526 1104 1562 Dei
1125 1528 1164 1562 et
1183 1525 1310 1563 forma
1331 1526 1446 1570 servi,
1468 1535 1590 1573 quum
1604 1527 1687 1574 jam
1708 1528 1788 1567 for-

158 1580 263 1607 mam
294 1572 361 1608 Dei
388 1572 607 1617 habuisset,
641 1582 721 1609 non
748 1573 967 1618 accepisset
1001 1573 1168 1610 formam
1193 1573 1313 1610 servi.
1339 1574 1473 1621 Neque
1494 1574 1636 1611 iterum
1657 1577 1790 1621 potest

158 1618 232 1654 dici
254 1620 356 1665 quod
378 1620 504 1655 forma
524 1620 591 1655 Dei
605 1619 643 1655 in
667 1619 819 1656 Christo
837 1629 906 1665 per
926 1620 1116 1657 unionem
1137 1619 1188 1658 sit
1207 1624 1404 1666 corrupta,
1427 1620 1519 1667 quia
1535 1620 1592 1658 313
1607 1620 1788 1661 Christus

156 1669 247 1710 post
265 1666 452 1702 unionem
474 1675 554 1703 non
575 1670 680 1703 esset
705 1669 821 1703 Deus.
842 1669 974 1713 Neque
994 1667 1136 1704 iterum
1162 1670 1294 1713 potest
1314 1668 1388 1705 (1131
1407 1668 1513 1714 quod
1534 1668 1663 1707 forma
1683 1670 1787 1708 servi

158 1712 208 1747 sit
227 1715 411 1758 corrupta
428 1714 467 1748 in
488 1714 650 1758 unione,
668 1713 760 1760 quia
780 1713 836 1751 313
854 1723 932 1751 non
953 1714 1172 1759 accepisset
1192 1714 1359 1751 formam
1381 1715 1496 1752 servi.
1517 1715 1592 1752 Sed
1611 1724 1685 1754 nec
1710 1716 1788 1755 dici

158 1763 288 1804 potest
320 1760 425 1806 quod
451 1760 577 1796 forma
607 1761 709 1797 servi
743 1760 794 1797 sit
814 1761 1003 1806 permixta
1024 1762 1158 1798 formae
1180 1761 1260 1806 Dei,
1282 1761 1374 1808 quia
1393 1771 1481 1809 quae
1501 1762 1790 1808 permiscentur

158 1814 237 1842 non
261 1811 421 1843 manent
439 1807 607 1853 integra,
629 1808 698 1844 sed
714 1808 854 1853 partim
871 1811 1081 1855 utrumque
1101 1809 1392 1855 corrumpitur;
1413 1809 1517 1846 unde
1538 1818 1620 1847 non
1640 1809 1791 1849 diceret

158 1854 263 1896 quod
287 1854 505 1899 accepisset
526 1856 691 1891 sormam
710 1854 825 1899 servi,
847 1855 916 1891 sed
939 1854 1085 1902 aliquid
1100 1855 1200 1901 ejus.
1223 1857 1266 1891 Et
1287 1856 1345 1892 sic
1365 1858 1518 1901 oportet
1539 1855 1629 1901 dici,
1649 1866 1790 1895 seeun-

158 1899 252 1935 dum
277 1901 394 1936 verba
419 1902 611 1946 Apostoli,
645 1901 750 1947 quod
771 1902 812 1938 in
837 1901 1004 1947 Christo,
1026 1902 1144 1939 etiam
1165 1905 1256 1949 post
1283 1902 1486 1948 unionem,
1510 1902 1671 1941 suerunt
1701 1904 1789 1944 duae

157 1947 318 1990 i'ormae;
342 1957 435 1994 ergo
454 1948 540 1984 dute
566 1951 731 1985 naturae.

205 1994 388 2038 Amplius,
413 2003 557 2030 nomen
591 1998 741 2032 naturae
767 1995 896 2041 primo
915 1995 1143 2041 impositum
1165 1998 1226 2033 est
1259 1995 1308 2033 ad
1329 1995 1638 2044 significandum
1657 1997 1787 2044 ipsam

158 2041 455 2085 generationem
491 2041 755 2086 nascentium,
783 2043 821 2078 et
851 2041 991 2078 exinde
1031 2042 1268 2080 translatum
1304 2046 1365 2079 est
1401 2043 1449 2080 ad
1481 2043 1788 2091 significandum

158 2086 394 2133 principium
423 2087 692 2135 generationis
723 2087 967 2135 hujusmodi,
990 2091 1028 2125 et
1042 2089 1133 2126 inde
1153 2090 1200 2126 ad
1226 2089 1530 2136 significandum
1552 2091 1788 2139 principium

160 2137 293 2171 motus
316 2134 576 2172 intrinsecum
596 2135 755 2179 mobili;
779 2139 830 2182 et,
850 2136 944 2183 quia
963 2135 1193 2183 huJusmodi
1208 2137 1443 2183 principium
1463 2141 1524 2175 est
1539 2138 1705 2177 materia
1728 2140 1789 2178 vel

159 2180 300 2225 forma,
325 2181 491 2219 ulterius
512 2185 654 2220 natura
670 2182 812 2220 dicitur
841 2183 969 2220 forma
986 2184 1047 2220 vel
1067 2183 1231 2221 materia
1254 2183 1311 2221 rei
1330 2185 1525 2222 naturalis
1544 2183 1727 2225 habentis
1746 2187 1789 2224 in

159 2235 201 2263 se
224 2228 458 2274 principium
478 2232 611 2267 motus
630 2241 639 2274 ;
661 2232 712 2275 31,
733 2229 826 2276 quia
844 2229 972 2267 forma
990 2232 1029 2267 et
1048 2231 1213 2268 materia
1239 2231 1488 2269 constituunt
1503 2232 1718 2271 essentiam
1730 2234 1788 2272 rei

156 2275 362 2320 naturalis,
385 2278 592 2313 extensum
615 2279 675 2314 est
694 2285 841 2314 nomen
861 2279 1011 2315 naturae
1029 2278 1078 2315 ad
1099 2277 1403 2325 significandum
1424 2279 1638 2316 essentiam
1658 2280 1789 2327 cujus-

155 2330 324 2372 cumque
345 2322 400 2359 rei
420 2323 459 2359 in
479 2326 621 2360 natura
652 2323 870 2369 existentis,
903 2327 947 2361 ut
975 2324 1033 2362 sic
1053 2329 1194 2362 natura
1214 2325 1383 2372 aliquus
1403 2326 1460 2364 rei
1479 2325 1631 2363 dicatur
1650 2335 1790 2366 essen-

153 2370 207 2404 tia
234 2379 349 2415 quam
373 2369 570 2417 significat
592 2370 795 2416 definiti03
826 2374 865 2408 et
892 2370 969 2409 hoc
988 2372 1108 2409 modo
1126 2371 1190 2409 hie
1210 2372 1257 2409 de
1277 2375 1418 2410 natura
1436 2376 1498 2410 est
1517 2373 1684 2420 quaestio
1700 2385 1711 2420 ;
1730 2375 1789 2413 313

155 2415 259 2452 enim
281 2417 448 2454 dicimus
483 2417 699 2455 humanam
717 2420 898 2456 naturam
917 2428 1006 2457 esse
1026 2419 1067 2456 in
1089 2418 1241 2457 Christo
1263 2423 1301 2456 et
1320 2419 1507 2457 divinam.
1531 2421 1568 2458 Si
1588 2420 1723 2468 igitur,
1743 2426 1788 2460 ut

155 2462 352 2509 Eutyches
386 2465 533 2510 posuit,
572 2464 748 2504 humana
774 2469 918 2503 natura
948 2469 988 2507 et
1011 2466 1147 2504 divina
1179 2466 1339 2504 fuerunt
1366 2467 1453 2505 duae
1472 2469 1564 2505 ante
1583 2467 1788 2515 unionem,

156 2509 225 2544 sed
249 2520 292 2546 ex
314 2512 373 2548 eis
396 2512 543 2548 unione
564 2511 736 2550 conflata
758 2515 818 2550 est
836 2521 916 2551 333
937 2515 1091 2559 natura,
1110 2515 1265 2560 oportet
1279 2513 1356 2552 hoc
1377 2523 1466 2552 esse
1493 2514 1630 2562 aliquo
1649 2523 1787 2553 eorum

155 2556 365 2595 modorum
408 2559 628 2596 secundum
663 2568 765 2607 quos
798 2569 842 2597 ex
878 2560 1014 2598 multis
1040 2564 1178 2598 natum
1210 2563 1270 2599 est
1291 2570 1414 2600 unum
1445 2560 1545 2599 fieri.
1578 2561 1636 2599 Fit
1655 2564 1787 2600 autem

158 2610 281 2639 unum
305 2614 352 2641 ex
368 2606 531 2643 multis:
556 2615 637 2643 uno
658 2607 816 2653 quidem
835 2607 970 2648 modo,
989 2608 1210 2646 secundum
1228 2608 1408 2646 ordinem
1428 2611 1596 2653 tantum,
1618 2608 1722 2646 sicut
1739 2617 1788 2646 ex

157 2650 294 2701 mul-tis
316 2652 501 2690 domibus
531 2652 574 2690 fit
594 2653 734 2691 civitas
762 2656 801 2691 et
819 2663 866 2691 ex
886 2655 1022 2693 multis
1041 2655 1237 2693 militibus
1257 2654 1300 2692 fit
1319 2655 1537 2701 exercitus3
1556 2654 1636 2692 alio
1651 2654 1785 2701 modo,

160 2696 297 2733 ordine
318 2703 355 2734 et
375 2699 677 2746 compositione,
692 2701 795 2738 sicut
813 2710 859 2738 ex
877 2702 1054 2747 partibus
1077 2702 1221 2740 domus
1241 2702 1467 2749 conjunctis
1486 2706 1525 2740 et
1543 2703 1786 2749 331303133-

159 2744 242 2778 tum
271 2747 307 2795 et
336 2754 404 2790 per
434 2747 734 2794 colligationem
756 2748 898 2786 domus
916 2748 970 2785 fit.
993 2749 1068 2786 Sed
1089 2749 1130 2787 hi
1158 2750 1239 2788 duo
1259 2750 1367 2787 modi
1386 2758 1466 2787 non
1487 2751 1718 2793 competunt
1737 2748 1787 2786 ad

156 2791 479 2829 constitutionem
512 2794 629 2832 unius
663 2799 816 2832 naturae
849 2805 897 2832 ex
930 2796 1124 2842 pluribus.
1160 2798 1213 2834 Ea
1245 2795 1367 2844 igitur
1385 2804 1553 2844 quorum
1574 2795 1703 2833 forma
1725 2798 1788 2848 est

156 2835 254 2887 ord—o
277 2836 337 2872 vel
370 2841 607 2884 compositio
640 2850 721 2878 non
750 2845 845 2879 sunt
863 2851 927 2879 res
963 2843 1180 2888 naturales,
1199 2845 1244 2881 ut
1262 2843 1320 2881 313
1340 2851 1478 2880 eorum
1499 2841 1631 2879 unitas
1656 2845 1788 2889 possit

155 2880 232 2918 dici
254 2883 384 2921 unitas
405 2890 568 2924 naturae.
590 2888 718 2926 Tertio
735 2889 869 2930 modo,
892 2899 940 2926 ex
958 2890 1140 2936 pluribus
1160 2890 1205 2928 fit
1227 2899 1350 2928 unum
1365 2898 1435 2936 per
1453 2888 1776 2929 commixtionem
