1894 3223
144 130 212 166 534
727 127 814 162 ΗΒ.
844 128 902 170 lv,
930 128 1031 163 CAP.
1059 128 1181 164 xxm.

144 211 261 248 aliam
296 208 604 255 proportionem,
638 216 759 253 quum
795 210 1025 244 mensurata
1057 207 1108 244 sit
1138 207 1262 245 virtus
1294 208 1611 255 uuiuscujusque
1649 212 1763 256 atque.

143 257 265 300 finita,
288 258 514 292 nontamen
534 254 610 291 hoc
627 253 950 300 praesumpsisset
969 254 1131 292 Elisaeus
1148 257 1280 301 petere
1295 257 1336 292 ut
1348 255 1388 292 in
1405 255 1548 293 effectu
1569 255 1764 302 spirituali

144 305 347 348 superaret
372 300 619 348 magistrum.

192 352 301 385 Patet
330 348 463 394 etiam,
485 358 533 385 ex
564 347 854 385 consuetudine
887 357 1009 385 sacrae
1045 347 1269 394 Scripturae,
1303 348 1422 395 quod,
1449 358 1519 396 per
1551 349 1764 396 quamdam

146 395 464 439 similitudinem,
497 394 661 432 humani
696 395 818 432 animi
847 395 1059 441 passiones
1089 395 1384 432 transferuntur
1415 396 1457 432 in
1488 397 1632 440 Deum3
1660 396 1764 433 sicut

143 442 306 479 dicitur:
328 443 448 478 Iratus
468 445 520 477 est
537 443 662 486 furore
681 443 855 478 Dominus
874 443 914 477 in
928 443 1105 488 populum
1121 452 1226 477 suum
1246 440 1394 487 (Psalm.
1416 451 1478 487 cv,
1514 443 1595 489 40);
1619 443 1765 480 dicitur

143 489 245 525 euim
268 490 372 525 Deus
392 489 516 526 iratus
539 498 608 534 per
628 488 923 525 similitudinem
951 488 1136 533 effectus3
1170 488 1282 534 punit
1311 488 1430 534 enim,
1467 490 1571 536 quod
1606 493 1644 527 et
1674 490 1762 526 irati

142 536 312 579 faciunt;
335 535 439 572 unde
460 540 497 572 et
517 535 661 572 ibidem
680 535 861 572 subditur
882 547 890 571 :
910 537 957 572 Et
979 536 1137 571 tradidit
1154 545 1210 571 eos
1229 535 1269 570 in
1287 545 1416 571 manus
1434 538 1607 580 qentium.
1637 536 1760 583 (Ibid.,

141 582 217 628 ii.)
239 581 300 619 Sic
317 586 353 618 et
373 582 538 628 Spiritus
558 586 721 619 sanctus
738 582 963 619 contristari
987 582 1128 619 dicitur
1149 591 1218 627 per
1241 581 1542 620 similitudinem
1562 582 1728 621 effectus
1752 594 1761 628 ;

142 629 290 666 deserit
310 629 415 666 enim
433 633 676 675 peccatores,
699 629 801 667 sicut
821 630 1043 666 contristati
1063 629 1252 666 deserunt
1275 630 1572 667 contristantes.

192 678 256 712 Est
276 675 391 712 etiam
414 680 631 713 consuetus
652 676 795 714 modus
816 676 1004 722 loquendi
1036 676 1077 712 in
1110 685 1224 714 sacra
1250 675 1450 722 Scriptura
1480 680 1522 713 ut
1549 677 1647 714 illud
1682 678 1762 715 Deo

143 722 379 759 attribuatur
408 723 513 768 quod
542 723 583 760 in
615 723 776 760 homine
810 723 903 760 facit
935 723 1155 760 secundum
1187 722 1316 759 illud:
1349 724 1454 760 Nunc
1481 726 1632 767 coqnovz‘
1669 725 1766 770 quod

143 771 245 805 times
261 771 375 805 Deum
395 769 512 816 (Gen.,
545 778 644 811 xx11,
676 770 746 816 12),
769 769 808 807 id
843 773 903 806 est
935 779 1040 807 nunc
1069 778 1313 817 cognoscere
1334 769 1433 812 seci;
1470 774 1507 806 et
1541 771 1616 807 hoc
1642 771 1763 808 modo

142 816 283 853 dicitur
299 816 405 863 quod
426 817 595 862 Spiritus
619 821 782 854 sanctus
804 817 991 862 postulat,
1027 817 1118 864 quia
1142 815 1392 863 postulantes
1410 816 1522 860 facit3
1544 817 1637 853 facit
1656 818 1762 854 enim

142 872 318 900 amorem
339 864 407 899 Dei
427 864 468 946 lin
490 864 678 901 cordibus
702 864 865 908 nostris,
887 874 934 900 ex
960 872 1039 910 quo
1065 864 1338 902 desideramus
1360 863 1448 909 ipso
1469 863 1546 901 frui
1561 868 1598 901 et
1612 864 1763 902 deside·

141 914 278 947 rantes
305 914 422 956 postu
442 920 569 947 amus.

190 958 318 1000 Quum
339 961 470 994 autem
489 957 654 1003 Spiritus
675 962 837 994 sanctus
858 957 1044 1003 procedat
1058 967 1128 1004 per
1148 958 1311 995 modum
1325 957 1474 995 amoris
1489 967 1567 1004 quo
1584 958 1762 1004 seipsum

142 1004 246 1040 Deus
268 1008 385 1048 amat,
411 1004 548 1041 eodem
568 1008 697 1042 autem
717 1014 851 1041 amore
874 1006 977 1041 Deus
999 1014 1041 1041 se
1062 1007 1100 1041 et
1116 1004 1193 1042 alia
1212 1009 1372 1051 propter
1398 1013 1513 1042 suam
1543 1004 1762 1043 bonitatem

142 1054 260 1095 amat,
284 1051 536 1088 manifestum
558 1055 618 1089 est
638 1052 743 1099 quod
765 1051 813 1088 ad
833 1052 1020 1097 Spiritum
1042 1055 1224 1089 sanctum
1246 1051 1416 1098 pertinet
1433 1060 1544 1088 amor
1562 1061 1640 1099 quo
1656 1053 1761 1090 Deus

140 1106 217 1134 nos
238 1102 363 1142 amat;
386 1098 565 1135 similiter
582 1098 698 1136 etiam
719 1108 831 1136 amor
851 1108 929 1145 quo
951 1108 1026 1136 nos
1057 1100 1177 1136 Deum
1213 1108 1408 1142 amamuS‚
1442 1108 1564 1145 quum
1597 1108 1671 1136 nos
1692 1100 1762 1137 Dei

141 1144 261 1182 faciat
280 1149 492 1190 amatores,
511 1150 553 1182 ut
574 1155 621 1182 ex
648 1146 762 1183 dictis
797 1148 920 1191 patet3
956 1149 1006 1190 et,
1041 1149 1230 1192 quantum
1267 1146 1315 1183 ad
1348 1148 1572 1192 utrumque,
1604 1145 1763 1192 Spiritui

142 1195 281 1229 sancto
302 1193 490 1238 competit
509 1192 647 1230 donari
671 1204 679 1229 ε
701 1193 853 1230 ratione
875 1192 1034 1238 quidem
1056 1193 1204 1230 amoris
1225 1202 1304 1240 quo
1332 1193 1436 1229 Deus
1465 1201 1540 1229 nos
1574 1196 1691 1232 amat,
1715 1201 1761 1231 eo

141 1238 260 1275 modo
300 1238 487 1285 loquendi
525 1248 604 1286 quo
642 1240 921 1286 unusquisque
954 1239 1098 1276 dicitur
1129 1239 1222 1277 dare
1256 1248 1432 1277 amorem
1473 1248 1589 1276 suum
1627 1240 1760 1285 alicui,

142 1295 263 1332 quum
286 1295 375 1322 eum
411 1295 541 1322 amare
574 1286 725 1332 incipit,
756 1286 937 1332 quamvis
968 1288 1070 1323 Deus
1100 1287 1299 1324 neminem
1332 1296 1379 1322 ex
1414 1290 1591 1331 tempore
1626 1296 1760 1324 amare

140 1332 315 1378 incipiat,
339 1332 373 1369 si
402 1333 636 1378 respiciatur
665 1334 713 1369 ad
748 1333 990 1370 voluntatem
1019 1333 1190 1370 divinam
1223 1344 1301 1380 qua
1332 1342 1407 1370 nos
1436 1338 1560 1377 amat3
1595 1333 1761 1372 effectus

140 1382 273 1415 tamen
296 1379 357 1416 sui
375 1380 521 1416 amoris
543 1390 588 1416 ex
610 1385 784 1425 tempore
805 1384 992 1416 causatur
1010 1380 1050 1416 in
1072 1380 1217 1426 aliquo,
1234 1389 1356 1427 quum
1371 1389 1461 1417 eum
1486 1380 1532 1416 ad
1557 1389 1599 1416 se
1614 1381 1760 1426 trabit;

141 1425 292 1462 ratione
310 1429 441 1462 autem
460 1427 607 1474 amoris
629 1436 707 1472 quo
730 1435 804 1463 nos
827 1428 947 1462 Deum
967 1436 1161 1471 amamus,
1183 1427 1276 1474 quia
1303 1427 1408 1463 hunc
1435 1435 1611 1463 amorem
1642 1428 1762 1473 Spiri-

139 1476 205 1509 tus
226 1476 388 1509 sanctus
409 1473 501 1509 facit
520 1474 560 1509 in
582 1473 722 1517 nobis;
747 1473 850 1510 unde
872 1474 1091 1510 secundum
1114 1474 1219 1510 hunc
1238 1482 1413 1510 amorem
1438 1473 1480 1509 in
1512 1473 1629 1511 nohis
1653 1474 1762 1511 habi-

139 1523 208 1561 tat,
234 1523 272 1555 ut
290 1529 338 1555 ex
357 1519 469 1556 dictis
490 1523 607 1565 patet,
633 1523 671 1556 et
697 1520 755 1557 sic
775 1529 865 1559 eum
885 1520 1076 1558 habemus
1096 1524 1138 1557 ut
1157 1521 1270 1567 cujus
1291 1529 1365 1566 ope
1386 1520 1566 1557 fruimur.
1590 1521 1647 1566 Et,
1668 1521 1764 1568 quia

143 1565 218 1602 hoc
240 1569 299 1602 est
316 1566 475 1612 Spiritui
493 1570 631 1604 sancto
652 1576 675 1603 a
691 1569 803 1604 Patre
824 1571 861 1603 et
883 1567 978 1604 Filio
999 1567 1104 1614 quod
1124 1577 1192 1613 per
1209 1576 1381 1604 amorem
1420 1576 1537 1613 quem
1567 1566 1608 1604 in
1645 1567 1762 1605 nobis

141 1617 279 1649 causat
299 1613 339 1648 iu
362 1613 476 1651 nobis
495 1614 545 1651 sit
565 1617 602 1650 et
623 1614 814 1651 habeatur
849 1623 872 1650 a
901 1614 1031 1660 nobis,
1059 1615 1341 1651 convenienter
1369 1614 1510 1651 dicitur
1529 1623 1552 1651 a
1579 1616 1692 1651 Patre
1726 1619 1764 1652 et

141 1660 238 1696 Filio
261 1660 378 1697 nobis
400 1660 496 1697 dari.
520 1663 597 1697 Nec
628 1670 696 1707 per
729 1662 804 1698 hoc
836 1663 948 1698 Patre
981 1665 1018 1698 et
1047 1662 1144 1698 Filio
1178 1662 1309 1698 minor
1340 1661 1576 1706 ostenditur,
1611 1661 1679 1698 sed
1711 1662 1759 1699 ab

137 1706 236 1752 ipsis
255 1706 398 1743 habere
421 1708 628 1753 originem.
651 1709 800 1744 Dicitur
819 1708 936 1744 etiam
955 1712 991 1744 et
1012 1718 1033 1745 a
1064 1709 1198 1754 seipso
1219 1709 1302 1745 dari
1337 1708 1466 1749 nobis,
1496 1708 1539 1744 in
1569 1712 1761 1754 quantum

141 1762 329 1837 amffrem’
354 1756 573 1792 secuudum
603 1764 718 1802 quem
753 1764 828 1792 nos
857 1755 1065 1793 inhabitat.
1094 1755 1215 1792 simul
1246 1762 1340 1788 cum
1370 1757 1480 1791 Patre
1516 1759 1553 1791 et
1582 1755 1681 1793 Filio
1720 1756 1761 1792 in

138 1808 192 1838 110
222 1810 257 1837 is
288 1805 438 1838 causat.
1808 1807 1818 1815 ”

187 1848 372 1891 Quamvis
395 1851 526 1885 autem
547 1849 712 1895 Spiritus
734 1853 898 1887 sanctus
917 1859 1034 1887 verus
1055 1849 1108 1886 sit
1125 1851 1229 1887 Deus
1250 1853 1288 1886 et
1300 1858 1434 1886 veram
1455 1853 1635 1886 naturam
1665 1849 1759 1886 divi-

139 1903 231 1931 nam
253 1895 394 1932 habeat
413 1905 435 1932 a
458 1897 570 1932 Patre
593 1900 630 1932 et
651 1896 760 1940 Filio,
797 1905 877 1933 non
904 1901 1036 1933 tamen
1071 1900 1226 1942 oportet
1257 1896 1364 1943 quod
1396 1895 1502 1933 filius
1535 1895 1598 1932 sit.
1637 1896 1760 1934 Filius

139 1940 242 1977 enim
265 1941 408 1978 dicitur
428 1942 570 1988 aliquis
587 1952 635 1979 ex
654 1951 701 1979 eo
722 1943 827 1989 quod
849 1944 1007 1990 genitus
1028 1946 1108 1988 est;
1131 1943 1250 1987 unde,
1269 1943 1303 1980 si
1328 1951 1392 1979 res
1414 1942 1545 1989 aliqua
1575 1945 1759 1981 naturam

138 1987 302 2025 alterius
319 1988 366 2025 ab
388 1997 434 2025 eo
455 1989 663 2033 acciperet,
686 1998 766 2026 non
784 1999 852 2034 per
869 1991 1106 2037 genituram,
1129 1990 1198 2027 sed
1218 1999 1287 2035 per
1314 1989 1437 2026 alium
1467 1998 1757 2036 quemcumque

137 2035 313 2078 modum,
335 2035 486 2072 ratione
502 2034 705 2072 filiationis
729 2040 896 2079 careret3
915 2040 1052 2082 utputa
1066 2037 1099 2074 si
1111 2036 1253 2084 aliquis
1271 2037 1405 2081 homo,
1420 2035 1561 2073 virtute
1577 2036 1651 2074 sibi
1665 2036 1758 2074 divi-

138 2081 244 2118 nitus
265 2082 313 2118 ad
333 2082 410 2119 hoc
429 2091 634 2125 concessa,
662 2082 860 2120 hominem
886 2084 1031 2121 faceret
1052 2094 1099 2120 ex
1116 2084 1248 2131 aliqua
1271 2083 1334 2120 sui
1368 2083 1547 2130 corporis
1567 2083 1628 2120 vel
1648 2087 1758 2130 parte

137 2128 197 2164 vel
218 2128 333 2165 etiam
355 2129 537 2166 exteriori
554 2129 686 2170 modo,
707 2129 808 2167 sicut
835 2130 926 2167 facit
955 2130 1172 2175 artificiata,
1203 2130 1422 2177 productus
1459 2129 1580 2167 homo
1612 2130 1758 2176 produ-

136 2175 262 2212 centis
280 2175 383 2213 filius
402 2185 483 2213 non
504 2176 709 2220 diceretur,
732 2177 824 2223 quia
843 2186 923 2214 non
945 2178 1174 2223 procederet
1193 2177 1242 2214 ab
1262 2186 1309 2215 eo
1328 2180 1370 2215 ut
1390 2180 1521 2214 natus.
1549 2178 1758 2216 Processio

138 2225 269 2259 autem
292 2222 458 2268 Spiritus
479 2224 606 2260 sancti
627 2223 818 2260 rationem
841 2224 1053 2261 nativitatis
1079 2234 1160 2262 nou
1181 2224 1312 2269 habet,
1334 2228 1378 2262 ut
1397 2233 1518 2270 supra
1550 2227 1758 2263 ostensum

137 2272 208 2305 est.
235 2269 340 2306 Unde
360 2270 526 2316 Spiritus
544 2271 826 2314 sanctus,1icet
845 2281 868 2308 a
888 2273 999 2309 Patre
1020 2275 1057 2309 et
1077 2272 1173 2310 Filio
1192 2271 1366 2309 divinam
1386 2275 1569 2309 naturam
1598 2271 1754 2318 habeat,

135 2319 365 2353 nontamen
387 2326 524 2354 eorum
545 2317 650 2355 filius
671 2317 746 2354 dici
768 2321 911 2364 potest.

183 2363 295 2406 Quod
313 2367 444 2401 autem
472 2363 513 2400 in
534 2365 622 2401 sola
641 2369 781 2402 natura
801 2365 936 2403 divina
960 2365 1141 2413 pluribus
1163 2366 1295 2403 modis
1322 2369 1464 2404 natura
1484 2365 1756 2404 communica·

134 2412 198 2446 tur
216 2410 451 2448 rationabile
472 2414 545 2456 est,
568 2411 660 2459 quia
677 2412 718 2448 in
735 2412 823 2449 solo
843 2414 923 2450 Deo
951 2413 1037 2460 ejus
1069 2413 1246 2460 operatio
1280 2416 1340 2451 est
1369 2422 1488 2451 suum
1523 2421 1626 2450 esse.
1649 2413 1758 2451 Unde

135 2465 257 2502 quum
275 2456 316 2493 in
337 2467 398 2502 eo,
427 2457 530 2496 sicut
555 2462 592 2495 et
619 2459 660 2495 in
695 2459 871 2506 qualibet
901 2459 1160 2498 intellectuali
1190 2463 1345 2505 natura,
1379 2461 1432 2499 sit
1462 2459 1687 2506 intelligere
1719 2464 1758 2497 et

131 2503 257 2556 velle„
277 2503 317 2541 id
345 2505 449 2551 quod
483 2505 659 2551 procedit
683 2505 725 2542 in
757 2515 804 2544 eo
838 2516 908 2553 per
937 2507 1099 2544 modum
1128 2507 1369 2552 intellectus,
1408 2511 1451 2545 ut
1488 2506 1666 2552 verbum,
1689 2511 1756 2544 aut

134 2558 282 2588 amorls
301 2554 339 2588 et
357 2552 588 2597 voluntatis,
611 2555 654 2590 ut
672 2562 797 2598 amor,
819 2557 975 2600 oportet
1007 2554 1113 2601 quod
1144 2554 1289 2593 habeat
1320 2563 1411 2592 esse
1441 2553 1617 2592 divinum
1638 2557 1676 2591 et
1705 2554 1757 2591 sit

133 2596 238 2634 Deus
259 2600 297 2650 et
316 2597 373 2651 sic
391 2602 470 2636 tam
491 2599 610 2637 Filius
631 2609 749 2647 quam
769 2600 938 2647 Spiritus
959 2605 1124 2639 sanctus
1145 2605 1205 2640 est
1224 2610 1343 2639 verus
1360 2603 1479 2639 Deus.
1647 2634 1650 2638 .

158 2644 267 2693 ’Haec
285 2649 406 2692 igitur
427 2645 473 2683 de
496 2647 662 2692 Spiritus
682 2649 809 2684 sancti
832 2648 1032 2685 divinitate
1053 2648 1162 2686 dicta
1181 2648 1283 2694 sint;
1317 2648 1398 2686 alia
1411 2657 1505 2685 vero
1536 2657 1624 2694 quae
1651 2647 1755 2686 circa

133 2697 218 2740 ejus
239 2693 538 2735 processionem
571 2693 842 2732 difficultatem
878 2695 1037 2741 habent,
1069 2705 1118 2734 ex
1148 2695 1211 2735 his
1241 2704 1328 2743 quae
1358 2695 1407 2734 de
1439 2694 1641 2734 nativitate
1671 2693 1754 2732 Filii

133 2735 235 2773 dicta
256 2742 362 2784 sunt,
385 2740 637 2778 considerare
660 2744 826 2788 oportet.
