<?xml version="1.0" encoding="UTF-8"?>
<!DOCTYPE html PUBLIC "-//W3C//DTD XHTML 1.0 Transitional//EN"
    "http://www.w3.org/TR/xhtml1/DTD/xhtml1-transitional.dtd">
<html xmlns="http://www.w3.org/1999/xhtml" xml:lang="en" lang="en">
 <head>
  <title>
</title>
<meta http-equiv="Content-Type" content="text/html;charset=utf-8" />
  <meta name='ocr-system' content='tesseract 3.04.00' />
  <meta name='ocr-capabilities' content='ocr_page ocr_carea ocr_par ocr_line ocrx_word'/>
</head>
<body>
  <div class='ocr_page' id='page_1' title='image "./deveritatecathol00thomuoft_0026.png"; bbox 0 0 1803 3223; ppageno 0'>
   <div class='ocr_carea' id='block_1_1' title="bbox 25 34 1300 104">
    <p class='ocr_par' dir='ltr' id='par_1_1' title="bbox 25 34 1300 104">
     <span class='ocr_line' id='line_1_1' title="bbox 25 34 1300 104; baseline -0.002 0"><span class='ocrx_word' id='word_1_1' title='bbox 25 67 100 104; x_wconf 90' lang='lat' dir='ltr'><strong>XVI</strong></span> <span class='ocrx_word' id='word_1_2' title='bbox 366 34 502 101; x_wconf 63' lang='lat' dir='ltr'><strong>BeRN.</strong></span> <span class='ocrx_word' id='word_1_3' title='bbox 529 65 686 102; x_wconf 81' lang='lat' dir='ltr'><strong>MARIAE</strong></span> <span class='ocrx_word' id='word_1_4' title='bbox 711 65 771 100; x_wconf 86' lang='lat' dir='ltr'><strong>DE</strong></span> <span class='ocrx_word' id='word_1_5' title='bbox 795 64 962 101; x_wconf 87' lang='lat' dir='ltr'>RUBEIS</span> <span class='ocrx_word' id='word_1_6' title='bbox 988 63 1300 101; x_wconf 85' lang='lat' dir='ltr'><strong>DISSERTATIO.</strong></span> 
     </span>
    </p>
   </div>
   <div class='ocr_carea' id='block_1_2' title="bbox 24 163 1669 2792">
    <p class='ocr_par' dir='ltr' id='par_1_2' title="bbox 24 163 1644 1376">
     <span class='ocr_line' id='line_1_2' title="bbox 78 163 1636 216; baseline -0.002 -9"><span class='ocrx_word' id='word_1_7' title='bbox 78 169 169 208; x_wconf 92' lang='lat' dir='ltr'><strong>Non</strong></span> <span class='ocrx_word' id='word_1_8' title='bbox 188 166 325 216; x_wconf 91' lang='lat' dir='ltr'><strong>ipsum</strong></span> <span class='ocrx_word' id='word_1_9' title='bbox 343 168 545 216; x_wconf 83' lang='lat' dir='ltr'><strong>praestant</strong></span> <span class='ocrx_word' id='word_1_10' title='bbox 564 175 670 214; x_wconf 90' lang='lat' dir='ltr'><strong>opus</strong></span> <span class='ocrx_word' id='word_1_11' title='bbox 690 163 855 203; x_wconf 86' lang='lat' dir='ltr'><strong>codices</strong></span> <span class='ocrx_word' id='word_1_12' title='bbox 872 163 1231 213; x_wconf 77' lang='lat' dir='ltr'><strong>vindobonenses,</strong></span> <span class='ocrx_word' id='word_1_13' title='bbox 1253 163 1324 203; x_wconf 89' lang='lat' dir='ltr'><strong>sed</strong></span> <span class='ocrx_word' id='word_1_14' title='bbox 1357 163 1488 216; x_wconf 83' lang='lat' dir='ltr'><strong>capita</strong></span> <span class='ocrx_word' id='word_1_15' title='bbox 1519 175 1636 215; x_wconf 79' lang='lat' dir='ltr'><strong>quae-</strong></span> 
     </span>
     <span class='ocr_line' id='line_1_3' title="bbox 26 227 1638 281; baseline -0.003 -8"><span class='ocrx_word' id='word_1_16' title='bbox 26 234 124 273; x_wconf 87' lang='lat' dir='ltr'><strong>dam</strong></span> <span class='ocrx_word' id='word_1_17' title='bbox 145 231 391 270; x_wconf 86' lang='lat' dir='ltr'><strong>Miscellanea</strong></span> <span class='ocrx_word' id='word_1_18' title='bbox 410 229 532 268; x_wconf 85' lang='lat' dir='ltr'><strong>XLV</strong></span> <span class='ocrx_word' id='word_1_19' title='bbox 546 229 743 278; x_wconf 88' lang='lat' dir='ltr'><strong>decerpta</strong></span> <span class='ocrx_word' id='word_1_20' title='bbox 760 240 810 268; x_wconf 74' lang='lat' dir='ltr'><strong>ex</strong></span> <span class='ocrx_word' id='word_1_21' title='bbox 828 227 938 268; x_wconf 87' lang='lat' dir='ltr'><strong>libris</strong></span> <span class='ocrx_word' id='word_1_22' title='bbox 957 234 1127 281; x_wconf 80' lang='lat' dir='ltr'><strong>quatuor</strong></span> <span class='ocrx_word' id='word_1_23' title='bbox 1146 229 1206 268; x_wconf 91' lang='lat' dir='ltr'><strong>De</strong></span> <span class='ocrx_word' id='word_1_24' title='bbox 1227 228 1400 267; x_wconf 86' lang='lat' dir='ltr'><strong>veritate</strong></span> <span class='ocrx_word' id='word_1_25' title='bbox 1433 229 1529 269; x_wconf 88' lang='lat' dir='ltr'><strong>fidei</strong></span> <span class='ocrx_word' id='word_1_26' title='bbox 1565 240 1638 269; x_wconf 85' lang='lat' dir='ltr'><strong>ca·</strong></span> 
     </span>
     <span class='ocr_line' id='line_1_4' title="bbox 25 291 1636 344; baseline -0.002 -7"><span class='ocrx_word' id='word_1_27' title='bbox 25 297 195 337; x_wconf 82' lang='lat' dir='ltr'><strong>tholicae</strong></span> <span class='ocrx_word' id='word_1_28' title='bbox 220 298 366 334; x_wconf 87' lang='lat' dir='ltr'><strong>contra</strong></span> <span class='ocrx_word' id='word_1_29' title='bbox 397 292 594 341; x_wconf 81' lang='lat' dir='ltr'><strong>Gentiles,</strong></span> <span class='ocrx_word' id='word_1_30' title='bbox 613 296 651 331; x_wconf 85' lang='lat' dir='ltr'><strong>et</strong></span> <span class='ocrx_word' id='word_1_31' title='bbox 679 303 730 331; x_wconf 74' lang='lat' dir='ltr'><strong>ex</strong></span> <span class='ocrx_word' id='word_1_32' title='bbox 761 291 928 344; x_wconf 82' lang='lat' dir='ltr'><strong>ejusdem</strong></span> <span class='ocrx_word' id='word_1_33' title='bbox 948 291 1151 344; x_wconf 85' lang='lat' dir='ltr'><strong>(Thomae)</strong></span> <span class='ocrx_word' id='word_1_34' title='bbox 1183 292 1357 331; x_wconf 86' lang='lat' dir='ltr'><strong>Summa</strong></span> <span class='ocrx_word' id='word_1_35' title='bbox 1380 292 1636 344; x_wconf 82' lang='lat' dir='ltr'><strong>Theologiae.</strong></span> 
     </span>
     <span class='ocr_line' id='line_1_5' title="bbox 27 355 1638 411; baseline -0.003 -10"><span class='ocrx_word' id='word_1_36' title='bbox 27 361 202 401; x_wconf 84' lang='lat' dir='ltr'><strong>Consule</strong></span> <span class='ocrx_word' id='word_1_37' title='bbox 219 360 330 411; x_wconf 92' lang='lat' dir='ltr'><strong>ipsos</strong></span> <span class='ocrx_word' id='word_1_38' title='bbox 351 357 514 397; x_wconf 90' lang='lat' dir='ltr'><strong>codices</strong></span> <span class='ocrx_word' id='word_1_39' title='bbox 527 367 549 394; x_wconf 91' lang='lat' dir='ltr'><strong>a</strong></span> <span class='ocrx_word' id='word_1_40' title='bbox 563 355 744 395; x_wconf 89' lang='lat' dir='ltr'><strong>Nesselio</strong></span> <span class='ocrx_word' id='word_1_41' title='bbox 759 356 999 405; x_wconf 87' lang='lat' dir='ltr'><strong>recensitos,</strong></span> <span class='ocrx_word' id='word_1_42' title='bbox 1017 356 1214 405; x_wconf 90' lang='lat' dir='ltr'><strong>CCXLIH,</strong></span> <span class='ocrx_word' id='word_1_43' title='bbox 1231 367 1349 394; x_wconf 91' lang='lat' dir='ltr'><strong>num.</strong></span> <span class='ocrx_word' id='word_1_44' title='bbox 1365 359 1406 405; x_wconf 82' lang='lat'><strong>4,</strong></span> <span class='ocrx_word' id='word_1_45' title='bbox 1426 360 1468 396; x_wconf 91' lang='lat' dir='ltr'><strong>et</strong></span> <span class='ocrx_word' id='word_1_46' title='bbox 1477 357 1638 406; x_wconf 88' lang='lat' dir='ltr'><strong>CCLVI,</strong></span> 
     </span>
     <span class='ocr_line' id='line_1_6' title="bbox 26 420 1637 471; baseline -0.002 -6"><span class='ocrx_word' id='word_1_47' title='bbox 26 436 145 464; x_wconf 87' lang='lat' dir='ltr'><strong>num.</strong></span> <span class='ocrx_word' id='word_1_48' title='bbox 165 428 205 464; x_wconf 82' lang='lat'><strong>4.</strong></span> <span class='ocrx_word' id='word_1_49' title='bbox 243 423 433 463; x_wconf 87' lang='lat' dir='ltr'><strong>Primum</strong></span> <span class='ocrx_word' id='word_1_50' title='bbox 472 423 599 471; x_wconf 86' lang='lat' dir='ltr'><strong>caput</strong></span> <span class='ocrx_word' id='word_1_51' title='bbox 645 420 903 470; x_wconf 82' lang='lat' dir='ltr'><strong>inscribitur,</strong></span> <span class='ocrx_word' id='word_1_52' title='bbox 944 423 986 460; x_wconf 88' lang='lat' dir='ltr'><strong>et</strong></span> <span class='ocrx_word' id='word_1_53' title='bbox 1021 421 1185 471; x_wconf 82' lang='lat' dir='ltr'><strong>incipit,</strong></span> <span class='ocrx_word' id='word_1_54' title='bbox 1225 432 1298 470; x_wconf 86' lang='lat' dir='ltr'><strong>per</strong></span> <span class='ocrx_word' id='word_1_55' title='bbox 1331 420 1425 460; x_wconf 83' lang='lat' dir='ltr'><strong>haec</strong></span> <span class='ocrx_word' id='word_1_56' title='bbox 1459 421 1585 460; x_wconf 81' lang='lat' dir='ltr'><strong>verba</strong></span> <span class='ocrx_word' id='word_1_57' title='bbox 1623 432 1637 461; x_wconf 77' lang='lat' dir='ltr'><strong>t</strong></span> 
     </span>
     <span class='ocr_line' id='line_1_7' title="bbox 25 488 1641 540; baseline -0.003 -12"><span class='ocrx_word' id='word_1_58' title='bbox 25 497 126 540; x_wconf 76' lang='grc' dir='ltr'>Θωμᾶ</span> <span class='ocrx_word' id='word_1_59' title='bbox 156 493 301 539; x_wconf 51' lang='lat' dir='ltr'><strong>&#39;Ny-Livet)</strong></span> <span class='ocrx_word' id='word_1_60' title='bbox 335 488 600 538; x_wconf 69' lang='lat' dir='ltr'><strong>(leg.&#39;Amuiv0u)</strong></span> <span class='ocrx_word' id='word_1_61' title='bbox 628 490 714 536; x_wconf 67' lang='grc' dir='ltr'>λόγοι</span> <span class='ocrx_word' id='word_1_62' title='bbox 746 492 804 528; x_wconf 84' lang='grc' dir='ltr'><strong>τῆς</strong></span> <span class='ocrx_word' id='word_1_63' title='bbox 836 490 918 529; x_wconf 81' lang='grc' dir='ltr'><strong>θείας</strong></span> <span class='ocrx_word' id='word_1_64' title='bbox 942 490 1130 536; x_wconf 70' lang='grc' dir='ltr'><strong>σκρκώσεως.</strong></span> <span class='ocrx_word' id='word_1_65' title='bbox 1161 492 1340 528; x_wconf 78' lang='grc' dir='ltr'>Ἀντιθέσεις</span> <span class='ocrx_word' id='word_1_66' title='bbox 1367 488 1453 523; x_wconf 72' lang='grc' dir='ltr'><strong>κατὰ</strong></span> <span class='ocrx_word' id='word_1_67' title='bbox 1478 493 1534 528; x_wconf 75' lang='grc' dir='ltr'><strong>τῆς</strong></span> <span class='ocrx_word' id='word_1_68' title='bbox 1559 490 1641 528; x_wconf 67' lang='grc' dir='ltr'><strong>θείοις</strong></span> 
     </span>
     <span class='ocr_line' id='line_1_8' title="bbox 26 554 1642 604; baseline -0.003 -12"><span class='ocrx_word' id='word_1_69' title='bbox 26 558 207 604; x_wconf 62' lang='grc' dir='ltr'><strong>παρουσίας.</strong></span> <span class='ocrx_word' id='word_1_70' title='bbox 228 559 313 589; x_wconf 60' lang='lat' dir='ltr'><strong>’An’</strong></span> <span class='ocrx_word' id='word_1_71' title='bbox 335 555 360 588; x_wconf 77' lang='grc' dir='ltr'><strong>οἱ</strong></span> <span class='ocrx_word' id='word_1_72' title='bbox 380 558 419 599; x_wconf 82' lang='grc' dir='ltr'><strong>τῇ</strong></span> <span class='ocrx_word' id='word_1_73' title='bbox 438 554 543 588; x_wconf 81' lang='grc' dir='ltr'><strong>πίστει</strong></span> <span class='ocrx_word' id='word_1_74' title='bbox 563 554 758 600; x_wconf 76' lang='grc' dir='ltr'><strong>ἀντικείμενοι</strong></span> <span class='ocrx_word' id='word_1_75' title='bbox 773 555 902 587; x_wconf 68' lang='grc' dir='ltr'><strong>τοιαῦταί</strong></span> <span class='ocrx_word' id='word_1_76' title='bbox 919 567 989 587; x_wconf 72' lang='grc' dir='ltr'>τινα</span> <span class='ocrx_word' id='word_1_77' title='bbox 1007 554 1212 602; x_wconf 65' lang='grc' dir='ltr'><strong>άντεπάγωστ</strong></span> <span class='ocrx_word' id='word_1_78' title='bbox 1233 559 1272 599; x_wconf 77' lang='grc' dir='ltr'><strong>τῇ</strong></span> <span class='ocrx_word' id='word_1_79' title='bbox 1291 557 1356 600; x_wconf 66' lang='grc' dir='ltr'><strong>θείᾳ</strong></span> <span class='ocrx_word' id='word_1_80' title='bbox 1387 555 1547 600; x_wconf 45' lang='lat' dir='ltr'><strong>caeni-365¹..</strong></span> <span class='ocrx_word' id='word_1_81' title='bbox 1565 555 1642 593; x_wconf 68' lang='grc' dir='ltr'><strong>Θεὸς</strong></span> 
     </span>
     <span class='ocr_line' id='line_1_9' title="bbox 25 611 1637 667; baseline -0.002 -11"><span class='ocrx_word' id='word_1_82' title='bbox 25 624 93 656; x_wconf 77' lang='grc' dir='ltr'><strong>οὔτε</strong></span> <span class='ocrx_word' id='word_1_83' title='bbox 113 621 204 667; x_wconf 70' lang='grc' dir='ltr'><strong>σῶμοί</strong></span> <span class='ocrx_word' id='word_1_84' title='bbox 220 621 313 661; x_wconf 80' lang='grc' dir='ltr'>ἐστιν,</span> <span class='ocrx_word' id='word_1_85' title='bbox 331 619 399 653; x_wconf 71' lang='grc' dir='ltr'><strong>οὔτε</strong></span> <span class='ocrx_word' id='word_1_86' title='bbox 417 615 557 664; x_wconf 75' lang='grc' dir='ltr'>δι’)παμις</span> <span class='ocrx_word' id='word_1_87' title='bbox 581 619 610 651; x_wconf 81' lang='grc' dir='ltr'><strong>ἐν</strong></span> <span class='ocrx_word' id='word_1_88' title='bbox 642 619 779 663; x_wconf 70' lang='grc' dir='ltr'>σώματι,</span> <span class='ocrx_word' id='word_1_89' title='bbox 797 630 829 654; x_wconf 84' lang='grc' dir='ltr'><strong>κ.</strong></span> <span class='ocrx_word' id='word_1_90' title='bbox 851 631 883 651; x_wconf 88' lang='grc' dir='ltr'><strong>τ.</strong></span> <span class='ocrx_word' id='word_1_91' title='bbox 913 623 944 650; x_wconf 80' lang='grc' dir='ltr'><strong>λ.</strong></span> <span class='ocrx_word' id='word_1_92' title='bbox 968 611 1121 651; x_wconf 68' lang='lat' dir='ltr'><strong>Thomae</strong></span> <span class='ocrx_word' id='word_1_93' title='bbox 1136 614 1343 665; x_wconf 46' lang='lat' dir='ltr'><strong>Aqui-natis</strong></span> <span class='ocrx_word' id='word_1_94' title='bbox 1362 612 1637 652; x_wconf 55' lang='lat' dir='ltr'><strong>rationesdl&#39;vl&#39;-</strong></span> 
     </span>
     <span class='ocr_line' id='line_1_10' title="bbox 26 676 1643 732; baseline 0.001 -14"><span class='ocrx_word' id='word_1_95' title='bbox 26 693 84 719; x_wconf 76' lang='lat' dir='ltr'><strong>noe</strong></span> <span class='ocrx_word' id='word_1_96' title='bbox 115 679 407 718; x_wconf 79' lang='lat' dir='ltr'><strong>incarnationis.</strong></span> <span class='ocrx_word' id='word_1_97' title='bbox 450 677 712 729; x_wconf 76' lang='lat' dir='ltr'><strong>oppositiones</strong></span> <span class='ocrx_word' id='word_1_98' title='bbox 743 681 879 715; x_wconf 86' lang='lat' dir='ltr'><strong>contra</strong></span> <span class='ocrx_word' id='word_1_99' title='bbox 908 676 1079 715; x_wconf 80' lang='lat' dir='ltr'><strong>di&#39;ainam</strong></span> <span class='ocrx_word' id='word_1_100' title='bbox 1109 676 1428 719; x_wconf 78' lang='lat' dir='ltr'><strong>incarnationem.</strong></span> <span class='ocrx_word' id='word_1_101' title='bbox 1462 679 1544 720; x_wconf 85' lang='lat' dir='ltr'><strong>Sed</strong></span> <span class='ocrx_word' id='word_1_102' title='bbox 1573 679 1643 732; x_wconf 78' lang='lat' dir='ltr'><strong>qui</strong></span> 
     </span>
     <span class='ocr_line' id='line_1_11' title="bbox 26 740 1642 796; baseline 0 -13"><span class='ocrx_word' id='word_1_103' title='bbox 26 743 120 796; x_wconf 78' lang='lat' dir='ltr'><strong>fidei</strong></span> <span class='ocrx_word' id='word_1_104' title='bbox 146 743 404 783; x_wconf 78' lang='lat' dir='ltr'><strong>adversantur</strong></span> <span class='ocrx_word' id='word_1_105' title='bbox 432 741 529 780; x_wconf 83' lang='lat' dir='ltr'><strong>talia</strong></span> <span class='ocrx_word' id='word_1_106' title='bbox 551 740 725 793; x_wconf 76' lang='lat' dir='ltr'><strong>quaedam</strong></span> <span class='ocrx_word' id='word_1_107' title='bbox 745 746 882 780; x_wconf 88' lang='lat' dir='ltr'><strong>contra</strong></span> <span class='ocrx_word' id='word_1_108' title='bbox 901 740 1073 780; x_wconf 73' lang='lat' dir='ltr'><strong>divinam</strong></span> <span class='ocrx_word' id='word_1_109' title='bbox 1094 741 1399 782; x_wconf 76' lang='lat' dir='ltr'><strong>incarnationem</strong></span> <span class='ocrx_word' id='word_1_110' title='bbox 1418 743 1642 783; x_wconf 78' lang='lat' dir='ltr'><strong>adducant:</strong></span> 
     </span>
     <span class='ocr_line' id='line_1_12' title="bbox 26 806 1640 859; baseline -0.001 -11"><span class='ocrx_word' id='word_1_111' title='bbox 26 808 130 848; x_wconf 80' lang='lat' dir='ltr'><strong>Deus</strong></span> <span class='ocrx_word' id='word_1_112' title='bbox 146 821 221 847; x_wconf 90' lang='lat' dir='ltr'><strong>non</strong></span> <span class='ocrx_word' id='word_1_113' title='bbox 241 813 297 847; x_wconf 87' lang='lat' dir='ltr'><strong>est</strong></span> <span class='ocrx_word' id='word_1_114' title='bbox 314 819 452 859; x_wconf 80' lang='lat' dir='ltr'><strong>corpus</strong></span> <span class='ocrx_word' id='word_1_115' title='bbox 468 818 589 858; x_wconf 83' lang='lat' dir='ltr'><strong>neque</strong></span> <span class='ocrx_word' id='word_1_116' title='bbox 607 806 730 845; x_wconf 80' lang='lat' dir='ltr'><strong>virtus</strong></span> <span class='ocrx_word' id='word_1_117' title='bbox 750 806 789 844; x_wconf 89' lang='lat' dir='ltr'><strong>in</strong></span> <span class='ocrx_word' id='word_1_118' title='bbox 809 818 983 858; x_wconf 75' lang='lat' dir='ltr'><strong>corpore,</strong></span> <span class='ocrx_word' id='word_1_119' title='bbox 1006 809 1087 846; x_wconf 90' lang='lat' dir='ltr'><strong>etc.</strong></span> <span class='ocrx_word' id='word_1_120' title='bbox 1110 808 1315 857; x_wconf 87' lang='lat' dir='ltr'><strong>Decerpta</strong></span> <span class='ocrx_word' id='word_1_121' title='bbox 1334 807 1426 847; x_wconf 85' lang='lat' dir='ltr'><strong>haec</strong></span> <span class='ocrx_word' id='word_1_122' title='bbox 1460 811 1558 847; x_wconf 88' lang='lat' dir='ltr'><strong>sunt</strong></span> <span class='ocrx_word' id='word_1_123' title='bbox 1589 820 1640 848; x_wconf 84' lang='lat' dir='ltr'><strong>ex</strong></span> 
     </span>
     <span class='ocr_line' id='line_1_13' title="bbox 27 869 1638 925; baseline -0.001 -13"><span class='ocrx_word' id='word_1_124' title='bbox 27 873 346 925; x_wconf 84' lang='lat' dir='ltr'><strong>quadragesimo</strong></span> <span class='ocrx_word' id='word_1_125' title='bbox 365 872 500 922; x_wconf 85' lang='lat' dir='ltr'><strong>capite</strong></span> <span class='ocrx_word' id='word_1_126' title='bbox 520 871 615 910; x_wconf 87' lang='lat' dir='ltr'><strong>libri</strong></span> <span class='ocrx_word' id='word_1_127' title='bbox 636 871 774 922; x_wconf 88' lang='lat' dir='ltr'><strong>quarti</strong></span> <span class='ocrx_word' id='word_1_128' title='bbox 803 877 939 909; x_wconf 87' lang='lat' dir='ltr'><strong>contra</strong></span> <span class='ocrx_word' id='word_1_129' title='bbox 962 869 1111 919; x_wconf 82' lang='lat' dir='ltr'><strong>Gentes,</strong></span> <span class='ocrx_word' id='word_1_130' title='bbox 1135 871 1206 911; x_wconf 91' lang='lat' dir='ltr'><strong>ubi</strong></span> <span class='ocrx_word' id='word_1_131' title='bbox 1242 872 1300 911; x_wconf 88' lang='lat' dir='ltr'><strong>sio</strong></span> <span class='ocrx_word' id='word_1_132' title='bbox 1332 872 1391 911; x_wconf 89' lang='lat' dir='ltr'><strong>ait</strong></span> <span class='ocrx_word' id='word_1_133' title='bbox 1421 872 1605 923; x_wconf 86' lang='lat' dir='ltr'><strong>Aquinas</strong></span> <span class='ocrx_word' id='word_1_134' title='bbox 1626 884 1638 912; x_wconf 70' lang='grc' dir='ltr'><em>τ</em></span> 
     </span>
     <span class='ocr_line' id='line_1_14' title="bbox 27 935 1639 988; baseline -0.004 -9"><span class='ocrx_word' id='word_1_135' title='bbox 27 938 110 979; x_wconf 87' lang='lat' dir='ltr'><strong>Sed</strong></span> <span class='ocrx_word' id='word_1_136' title='bbox 125 944 261 978; x_wconf 87' lang='lat' dir='ltr'><strong>contra</strong></span> <span class='ocrx_word' id='word_1_137' title='bbox 281 937 381 977; x_wconf 77' lang='lat' dir='ltr'><strong>lianc</strong></span> <span class='ocrx_word' id='word_1_138' title='bbox 399 937 597 976; x_wconf 82' lang='lat' dir='ltr'><strong>catlzolicae</strong></span> <span class='ocrx_word' id='word_1_139' title='bbox 616 935 709 985; x_wconf 81' lang='lat' dir='ltr'><strong>fidei</strong></span> <span class='ocrx_word' id='word_1_140' title='bbox 730 936 956 974; x_wconf 77' lang='lat' dir='ltr'><strong>sententiam</strong></span> <span class='ocrx_word' id='word_1_141' title='bbox 968 936 1105 988; x_wconf 79' lang='lat' dir='ltr'><strong>plnres</strong></span> <span class='ocrx_word' id='word_1_142' title='bbox 1131 935 1383 988; x_wconf 65' lang='lat' dir='ltr'><strong>difficultates</strong></span> <span class='ocrx_word' id='word_1_143' title='bbox 1416 940 1639 984; x_wconf 82' lang='lat' dir='ltr'><strong>occurrunt,</strong></span> 
     </span>
     <span class='ocr_line' id='line_1_15' title="bbox 28 999 1640 1056; baseline -0.003 -13"><span class='ocrx_word' id='word_1_144' title='bbox 28 1003 132 1056; x_wconf 80' lang='lat' dir='ltr'><strong>queis</strong></span> <span class='ocrx_word' id='word_1_145' title='bbox 163 1002 382 1042; x_wconf 80' lang='lat' dir='ltr'><strong>adversarii</strong></span> <span class='ocrx_word' id='word_1_146' title='bbox 409 1002 503 1054; x_wconf 77' lang='lat' dir='ltr'><strong>fidei</strong></span> <span class='ocrx_word' id='word_1_147' title='bbox 528 999 841 1040; x_wconf 87' lang='lat' dir='ltr'><strong>Incarnationem</strong></span> <span class='ocrx_word' id='word_1_148' title='bbox 872 1000 1118 1052; x_wconf 65' lang='lat' dir='ltr'><strong>z&#39;inpuynayzt.</strong></span> <span class='ocrx_word' id='word_1_149' title='bbox 1155 1000 1352 1039; x_wconf 82' lang='lat' dir='ltr'><strong>Ostensum</strong></span> <span class='ocrx_word' id='word_1_150' title='bbox 1383 1000 1484 1039; x_wconf 83' lang='lat' dir='ltr'><strong>enim</strong></span> <span class='ocrx_word' id='word_1_151' title='bbox 1515 1006 1571 1039; x_wconf 86' lang='lat' dir='ltr'><strong>est</strong></span> <span class='ocrx_word' id='word_1_152' title='bbox 1601 999 1640 1038; x_wconf 82' lang='lat' dir='ltr'><strong>in</strong></span> 
     </span>
     <span class='ocr_line' id='line_1_16' title="bbox 24 1064 1638 1121; baseline -0.002 -15"><span class='ocrx_word' id='word_1_153' title='bbox 24 1068 153 1121; x_wconf 81' lang='lat' dir='ltr'><strong>primo</strong></span> <span class='ocrx_word' id='word_1_154' title='bbox 168 1065 272 1119; x_wconf 76' lang='lat' dir='ltr'><strong>quod</strong></span> <span class='ocrx_word' id='word_1_155' title='bbox 282 1065 385 1105; x_wconf 78' lang='lat' dir='ltr'><strong>Deus</strong></span> <span class='ocrx_word' id='word_1_156' title='bbox 400 1078 518 1118; x_wconf 79' lang='lat' dir='ltr'><strong>neque</strong></span> <span class='ocrx_word' id='word_1_157' title='bbox 529 1077 666 1117; x_wconf 80' lang='lat' dir='ltr'><strong>corpas</strong></span> <span class='ocrx_word' id='word_1_158' title='bbox 681 1069 751 1113; x_wconf 85' lang='lat' dir='ltr'><strong>est,</strong></span> <span class='ocrx_word' id='word_1_159' title='bbox 763 1076 882 1116; x_wconf 78' lang='lat' dir='ltr'><strong>neque</strong></span> <span class='ocrx_word' id='word_1_160' title='bbox 896 1065 1018 1104; x_wconf 82' lang='lat' dir='ltr'><strong>virtus</strong></span> <span class='ocrx_word' id='word_1_161' title='bbox 1032 1065 1071 1102; x_wconf 87' lang='lat' dir='ltr'><strong>in</strong></span> <span class='ocrx_word' id='word_1_162' title='bbox 1085 1076 1258 1116; x_wconf 82' lang='lat' dir='ltr'><strong>corpore,</strong></span> <span class='ocrx_word' id='word_1_163' title='bbox 1275 1067 1356 1103; x_wconf 89' lang='lat' dir='ltr'><strong>etc.</strong></span> <span class='ocrx_word' id='word_1_164' title='bbox 1368 1064 1473 1103; x_wconf 91' lang='lat' dir='ltr'><strong>Hinc</strong></span> <span class='ocrx_word' id='word_1_165' title='bbox 1487 1064 1638 1113; x_wconf 88' lang='lat' dir='ltr'><strong>habeo,</strong></span> 
     </span>
     <span class='ocr_line' id='line_1_17' title="bbox 27 1127 1641 1181; baseline -0.003 -10"><span class='ocrx_word' id='word_1_166' title='bbox 27 1130 421 1171; x_wconf 81' lang='lat' dir='ltr'><strong>vindobonensibus</strong></span> <span class='ocrx_word' id='word_1_167' title='bbox 444 1130 658 1170; x_wconf 79' lang='lat' dir='ltr'><strong>codicibus</strong></span> <span class='ocrx_word' id='word_1_168' title='bbox 691 1141 795 1179; x_wconf 89' lang='lat' dir='ltr'><strong>opus</strong></span> <span class='ocrx_word' id='word_1_169' title='bbox 814 1129 1025 1181; x_wconf 85' lang='lat' dir='ltr'><strong>integrum</strong></span> <span class='ocrx_word' id='word_1_170' title='bbox 1049 1128 1198 1168; x_wconf 78' lang='lat' dir='ltr'><strong>Contra</strong></span> <span class='ocrx_word' id='word_1_171' title='bbox 1221 1128 1386 1168; x_wconf 77' lang='lat' dir='ltr'><strong>Gentiles</strong></span> <span class='ocrx_word' id='word_1_172' title='bbox 1416 1140 1502 1168; x_wconf 91' lang='lat' dir='ltr'><strong>non</strong></span> <span class='ocrx_word' id='word_1_173' title='bbox 1524 1127 1641 1168; x_wconf 86' lang='lat' dir='ltr'><strong>exhi-</strong></span> 
     </span>
     <span class='ocr_line' id='line_1_18' title="bbox 28 1192 1640 1244; baseline -0.002 -9"><span class='ocrx_word' id='word_1_174' title='bbox 28 1195 132 1236; x_wconf 89' lang='lat' dir='ltr'><strong>beri.</strong></span> <span class='ocrx_word' id='word_1_175' title='bbox 154 1195 330 1235; x_wconf 81' lang='lat' dir='ltr'><strong>Fallitur</strong></span> <span class='ocrx_word' id='word_1_176' title='bbox 349 1195 475 1234; x_wconf 88' lang='lat' dir='ltr'><strong>etiam</strong></span> <span class='ocrx_word' id='word_1_177' title='bbox 495 1194 710 1234; x_wconf 85' lang='lat' dir='ltr'><strong>Echardus</strong></span> <span class='ocrx_word' id='word_1_178' title='bbox 730 1194 802 1244; x_wconf 92' lang='lat' dir='ltr'><strong>qui</strong></span> <span class='ocrx_word' id='word_1_179' title='bbox 823 1197 956 1244; x_wconf 88' lang='lat' dir='ltr'><strong>putat,</strong></span> <span class='ocrx_word' id='word_1_180' title='bbox 979 1194 1153 1244; x_wconf 80' lang='lat' dir='ltr'><strong>praefata</strong></span> <span class='ocrx_word' id='word_1_181' title='bbox 1170 1192 1416 1232; x_wconf 84' lang='lat' dir='ltr'><strong>Miscellanea</strong></span> <span class='ocrx_word' id='word_1_182' title='bbox 1432 1192 1563 1244; x_wconf 75' lang='lat' dir='ltr'><strong>capita</strong></span> <span class='ocrx_word' id='word_1_183' title='bbox 1576 1193 1640 1232; x_wconf 87' lang='lat' dir='ltr'><strong>vel</strong></span> 
     </span>
     <span class='ocr_line' id='line_1_19' title="bbox 27 1256 1644 1311; baseline -0.003 -11"><span class='ocrx_word' id='word_1_184' title='bbox 27 1261 189 1311; x_wconf 86' lang='lat' dir='ltr'><strong>priores</strong></span> <span class='ocrx_word' id='word_1_185' title='bbox 206 1272 291 1300; x_wconf 91' lang='lat' dir='ltr'><strong>esse</strong></span> <span class='ocrx_word' id='word_1_186' title='bbox 313 1259 543 1308; x_wconf 79' lang='lat' dir='ltr'><strong>Qaaestiones</strong></span> <span class='ocrx_word' id='word_1_187' title='bbox 561 1259 696 1298; x_wconf 77' lang='lat' dir='ltr'><strong>tertiae</strong></span> <span class='ocrx_word' id='word_1_188' title='bbox 717 1258 845 1309; x_wconf 87' lang='lat' dir='ltr'><strong>partis</strong></span> <span class='ocrx_word' id='word_1_189' title='bbox 865 1257 910 1298; x_wconf 89' lang='lat' dir='ltr'><strong>de</strong></span> <span class='ocrx_word' id='word_1_190' title='bbox 929 1257 1061 1297; x_wconf 85' lang='lat' dir='ltr'><strong>divina</strong></span> <span class='ocrx_word' id='word_1_191' title='bbox 1081 1257 1360 1306; x_wconf 78' lang='lat' dir='ltr'><strong>incarnatione,</strong></span> <span class='ocrx_word' id='word_1_192' title='bbox 1381 1258 1445 1296; x_wconf 79' lang='lat' dir='ltr'><strong>vel</strong></span> <span class='ocrx_word' id='word_1_193' title='bbox 1461 1256 1644 1305; x_wconf 81' lang='lat' dir='ltr'><strong>Qaaestio·</strong></span> 
     </span>
     <span class='ocr_line' id='line_1_20' title="bbox 27 1322 1031 1376; baseline -0.003 -12"><span class='ocrx_word' id='word_1_194' title='bbox 27 1336 92 1364; x_wconf 82' lang='lat' dir='ltr'><strong>nes</strong></span> <span class='ocrx_word' id='word_1_195' title='bbox 112 1324 212 1364; x_wconf 84' lang='lat' dir='ltr'><strong>inter</strong></span> <span class='ocrx_word' id='word_1_196' title='bbox 231 1324 447 1376; x_wconf 75' lang='lat' dir='ltr'><strong>disputatas</strong></span> <span class='ocrx_word' id='word_1_197' title='bbox 466 1323 510 1362; x_wconf 92' lang='lat' dir='ltr'><strong>de</strong></span> <span class='ocrx_word' id='word_1_198' title='bbox 526 1323 663 1363; x_wconf 84' lang='lat' dir='ltr'><strong>unione</strong></span> <span class='ocrx_word' id='word_1_199' title='bbox 691 1322 805 1362; x_wconf 84' lang='lat' dir='ltr'><strong>Verbi</strong></span> <span class='ocrx_word' id='word_1_200' title='bbox 822 1322 1031 1361; x_wconf 84' lang='lat' dir='ltr'><strong>incarnati.</strong></span> 
     </span>
    </p>

    <p class='ocr_par' dir='ltr' id='par_1_3' title="bbox 24 1386 1643 1944">
     <span class='ocr_line' id='line_1_21' title="bbox 81 1386 1637 1436; baseline -0.002 -8"><span class='ocrx_word' id='word_1_201' title='bbox 81 1390 238 1430; x_wconf 86' lang='lat' dir='ltr'><strong>Veneta</strong></span> <span class='ocrx_word' id='word_1_202' title='bbox 255 1392 496 1428; x_wconf 86' lang='lat' dir='ltr'><strong>sanctorum</strong></span> <span class='ocrx_word' id='word_1_203' title='bbox 515 1387 686 1428; x_wconf 83' lang='lat' dir='ltr'><strong>Joannis</strong></span> <span class='ocrx_word' id='word_1_204' title='bbox 706 1391 748 1427; x_wconf 85' lang='lat' dir='ltr'><strong>et</strong></span> <span class='ocrx_word' id='word_1_205' title='bbox 761 1387 879 1426; x_wconf 87' lang='lat' dir='ltr'><strong>Pauli</strong></span> <span class='ocrx_word' id='word_1_206' title='bbox 893 1386 1147 1427; x_wconf 75' lang='lat' dir='ltr'><strong>bibliotheca</strong></span> <span class='ocrx_word' id='word_1_207' title='bbox 1160 1386 1323 1426; x_wconf 86' lang='lat' dir='ltr'><strong>codices</strong></span> <span class='ocrx_word' id='word_1_208' title='bbox 1336 1387 1420 1425; x_wconf 92' lang='lat' dir='ltr'><strong>duo</strong></span> <span class='ocrx_word' id='word_1_209' title='bbox 1436 1386 1637 1436; x_wconf 81' lang='lat' dir='ltr'><strong>possidet,</strong></span> 
     </span>
     <span class='ocr_line' id='line_1_22' title="bbox 30 1449 1639 1505; baseline -0.002 -13"><span class='ocrx_word' id='word_1_210' title='bbox 30 1453 101 1505; x_wconf 91' lang='lat' dir='ltr'><strong>qui</strong></span> <span class='ocrx_word' id='word_1_211' title='bbox 122 1453 309 1493; x_wconf 75' lang='lat' dir='ltr'><strong>Graecam</strong></span> <span class='ocrx_word' id='word_1_212' title='bbox 340 1453 574 1492; x_wconf 83' lang='lat' dir='ltr'><strong>versionem</strong></span> <span class='ocrx_word' id='word_1_213' title='bbox 609 1452 798 1503; x_wconf 84' lang='lat' dir='ltr'><strong>ejusdem</strong></span> <span class='ocrx_word' id='word_1_214' title='bbox 830 1451 966 1501; x_wconf 89' lang='lat' dir='ltr'><strong>operis</strong></span> <span class='ocrx_word' id='word_1_215' title='bbox 998 1450 1231 1490; x_wconf 84' lang='lat' dir='ltr'><strong>continent.</strong></span> <span class='ocrx_word' id='word_1_216' title='bbox 1260 1449 1394 1489; x_wconf 90' lang='lat' dir='ltr'><strong>Ambo</strong></span> <span class='ocrx_word' id='word_1_217' title='bbox 1427 1450 1639 1489; x_wconf 86' lang='lat' dir='ltr'><strong>chartacei</strong></span> 
     </span>
     <span class='ocr_line' id='line_1_23' title="bbox 29 1514 1643 1568; baseline -0.003 -10"><span class='ocrx_word' id='word_1_218' title='bbox 29 1521 140 1568; x_wconf 90' lang='lat' dir='ltr'><strong>sunt,</strong></span> <span class='ocrx_word' id='word_1_219' title='bbox 163 1519 269 1558; x_wconf 88' lang='lat' dir='ltr'><strong>alter</strong></span> <span class='ocrx_word' id='word_1_220' title='bbox 283 1528 461 1557; x_wconf 88' lang='lat' dir='ltr'><strong>numero</strong></span> <span class='ocrx_word' id='word_1_221' title='bbox 483 1519 549 1566; x_wconf 73' lang='lat'><strong>27,</strong></span> <span class='ocrx_word' id='word_1_222' title='bbox 571 1520 612 1556; x_wconf 89' lang='lat' dir='ltr'><strong>et</strong></span> <span class='ocrx_word' id='word_1_223' title='bbox 632 1517 736 1555; x_wconf 91' lang='lat' dir='ltr'><strong>alter</strong></span> <span class='ocrx_word' id='word_1_224' title='bbox 755 1527 874 1555; x_wconf 90' lang='lat' dir='ltr'><strong>num.</strong></span> <span class='ocrx_word' id='word_1_225' title='bbox 896 1517 963 1564; x_wconf 77' lang='lat'><strong>72,</strong></span> <span class='ocrx_word' id='word_1_226' title='bbox 986 1518 1171 1554; x_wconf 83' lang='lat' dir='ltr'><strong>notatus.</strong></span> <span class='ocrx_word' id='word_1_227' title='bbox 1194 1514 1366 1553; x_wconf 88' lang='lat' dir='ltr'><strong>Librum</strong></span> <span class='ocrx_word' id='word_1_228' title='bbox 1387 1514 1576 1563; x_wconf 88' lang='lat' dir='ltr'><strong>tertium,</strong></span> <span class='ocrx_word' id='word_1_229' title='bbox 1600 1518 1643 1554; x_wconf 86' lang='lat' dir='ltr'><strong>et</strong></span> 
     </span>
     <span class='ocr_line' id='line_1_24' title="bbox 29 1579 1642 1635; baseline -0.003 -13"><span class='ocrx_word' id='word_1_230' title='bbox 29 1585 228 1635; x_wconf 87' lang='lat' dir='ltr'><strong>quartum</strong></span> <span class='ocrx_word' id='word_1_231' title='bbox 252 1582 454 1632; x_wconf 87' lang='lat' dir='ltr'><strong>posterior</strong></span> <span class='ocrx_word' id='word_1_232' title='bbox 475 1581 606 1621; x_wconf 88' lang='lat' dir='ltr'><strong>codex</strong></span> <span class='ocrx_word' id='word_1_233' title='bbox 627 1580 936 1631; x_wconf 87' lang='lat' dir='ltr'><strong>complectitur.</strong></span> <span class='ocrx_word' id='word_1_234' title='bbox 961 1579 1120 1619; x_wconf 84' lang='lat' dir='ltr'><strong>Titulos</strong></span> <span class='ocrx_word' id='word_1_235' title='bbox 1140 1579 1283 1628; x_wconf 85' lang='lat' dir='ltr'><strong>accipe</strong></span> <span class='ocrx_word' id='word_1_236' title='bbox 1305 1590 1316 1618; x_wconf 73' lang='grc' dir='ltr'><strong>ε</strong></span> <span class='ocrx_word' id='word_1_237' title='bbox 1337 1586 1437 1629; x_wconf 71' lang='grc' dir='ltr'>Θωμᾱ</span> <span class='ocrx_word' id='word_1_238' title='bbox 1472 1588 1524 1617; x_wconf 72' lang='grc' dir='ltr'><strong>τοῦ</strong></span> <span class='ocrx_word' id='word_1_239' title='bbox 1542 1596 1642 1630; x_wconf 64' lang='lat' dir='ltr'><strong>‹zo-,om-</strong></span> 
     </span>
     <span class='ocr_line' id='line_1_25' title="bbox 27 1641 1643 1701; baseline -0.003 -14"><span class='ocrx_word' id='word_1_240' title='bbox 27 1653 122 1690; x_wconf 78' lang='grc' dir='ltr'>τάτου</span> <span class='ocrx_word' id='word_1_241' title='bbox 140 1653 299 1701; x_wconf 69' lang='grc' dir='ltr'><strong>γεγονότος</strong></span> <span class='ocrx_word' id='word_1_242' title='bbox 315 1652 447 1690; x_wconf 79' lang='grc' dir='ltr'><strong>λατίνοις</strong></span> <span class='ocrx_word' id='word_1_243' title='bbox 471 1648 664 1685; x_wconf 72' lang='grc' dir='ltr'>διδασκάλω</span> <span class='ocrx_word' id='word_1_244' title='bbox 683 1651 836 1697; x_wconf 60' lang='grc' dir='ltr'><strong>θεολογίας</strong></span> <span class='ocrx_word' id='word_1_245' title='bbox 854 1649 938 1683; x_wconf 74' lang='grc' dir='ltr'>κατὰ</span> <span class='ocrx_word' id='word_1_246' title='bbox 961 1649 1111 1686; x_wconf 76' lang='grc' dir='ltr'>Ἑλλήνων</span> <span class='ocrx_word' id='word_1_247' title='bbox 1131 1646 1246 1691; x_wconf 67' lang='grc' dir='ltr'>βιῧλῖον</span> <span class='ocrx_word' id='word_1_248' title='bbox 1274 1647 1388 1693; x_wconf 66' lang='grc' dir='ltr'><strong>τρίτον·</strong></span> <span class='ocrx_word' id='word_1_249' title='bbox 1412 1642 1449 1681; x_wconf 82' lang='lat' dir='ltr'><em>T</em></span> <span class='ocrx_word' id='word_1_250' title='bbox 1445 1641 1567 1681; x_wconf 73' lang='lat' dir='ltr'><strong>llomae</strong></span> <span class='ocrx_word' id='word_1_251' title='bbox 1583 1654 1643 1682; x_wconf 76' lang='lat' dir='ltr'><strong>sa·</strong></span> 
     </span>
     <span class='ocr_line' id='line_1_26' title="bbox 24 1705 1640 1765; baseline -0.002 -14"><span class='ocrx_word' id='word_1_252' title='bbox 24 1711 256 1765; x_wconf 83' lang='lat' dir='ltr'><strong>pientissimi</strong></span> <span class='ocrx_word' id='word_1_253' title='bbox 269 1710 375 1763; x_wconf 84' lang='lat' dir='ltr'><strong>apud</strong></span> <span class='ocrx_word' id='word_1_254' title='bbox 392 1710 532 1749; x_wconf 84' lang='lat' dir='ltr'><strong>latinos</strong></span> <span class='ocrx_word' id='word_1_255' title='bbox 551 1710 732 1762; x_wconf 72' lang='lat' dir='ltr'><strong>maqistri</strong></span> <span class='ocrx_word' id='word_1_256' title='bbox 752 1709 965 1760; x_wconf 69' lang='lat' dir='ltr'><strong>tlzeoloyiae,</strong></span> <span class='ocrx_word' id='word_1_257' title='bbox 988 1709 1139 1748; x_wconf 85' lang='lat' dir='ltr'><strong>Contra</strong></span> <span class='ocrx_word' id='word_1_258' title='bbox 1159 1707 1342 1747; x_wconf 86' lang='lat' dir='ltr'><strong>Gentiles</strong></span> <span class='ocrx_word' id='word_1_259' title='bbox 1374 1705 1472 1746; x_wconf 87' lang='lat' dir='ltr'><strong>liber</strong></span> <span class='ocrx_word' id='word_1_260' title='bbox 1491 1708 1640 1747; x_wconf 84' lang='lat' dir='ltr'><strong>tertius.</strong></span> 
     </span>
     <span class='ocr_line' id='line_1_27' title="bbox 27 1771 1641 1827; baseline -0.003 -12"><span class='ocrx_word' id='word_1_261' title='bbox 27 1785 86 1816; x_wconf 76' lang='grc' dir='ltr'><strong>Τοῦ</strong></span> <span class='ocrx_word' id='word_1_262' title='bbox 105 1783 199 1815; x_wconf 69' lang='grc' dir='ltr'>αὐτοῦ</span> <span class='ocrx_word' id='word_1_263' title='bbox 219 1782 318 1827; x_wconf 76' lang='grc' dir='ltr'>Θωμᾶ</span> <span class='ocrx_word' id='word_1_264' title='bbox 343 1779 426 1823; x_wconf 56' lang='lat' dir='ltr'><strong>zzz&amp;</strong></span> <span class='ocrx_word' id='word_1_265' title='bbox 455 1778 603 1816; x_wconf 65' lang='grc' dir='ltr'>Ἑλλήνων</span> <span class='ocrx_word' id='word_1_266' title='bbox 627 1776 742 1821; x_wconf 51' lang='lat' dir='ltr'><strong>{iterim</strong></span> <span class='ocrx_word' id='word_1_267' title='bbox 774 1780 929 1823; x_wconf 65' lang='grc' dir='ltr'>τέταρτον-</span> <span class='ocrx_word' id='word_1_268' title='bbox 951 1771 1139 1824; x_wconf 81' lang='lat' dir='ltr'><strong>Ejusdem</strong></span> <span class='ocrx_word' id='word_1_269' title='bbox 1155 1771 1190 1810; x_wconf 86' lang='lat' dir='ltr'><em>T</em></span> <span class='ocrx_word' id='word_1_270' title='bbox 1186 1771 1307 1810; x_wconf 79' lang='lat' dir='ltr'><strong>lzomae</strong></span> <span class='ocrx_word' id='word_1_271' title='bbox 1327 1771 1481 1811; x_wconf 87' lang='lat' dir='ltr'><strong>Contra</strong></span> <span class='ocrx_word' id='word_1_272' title='bbox 1504 1772 1641 1812; x_wconf 89' lang='lat' dir='ltr'><strong>Genti-</strong></span> 
     </span>
     <span class='ocr_line' id='line_1_28' title="bbox 28 1836 1641 1891; baseline -0.002 -12"><span class='ocrx_word' id='word_1_273' title='bbox 28 1839 88 1880; x_wconf 90' lang='lat' dir='ltr'><strong>les</strong></span> <span class='ocrx_word' id='word_1_274' title='bbox 105 1839 202 1878; x_wconf 83' lang='lat' dir='ltr'><strong>liber</strong></span> <span class='ocrx_word' id='word_1_275' title='bbox 221 1844 398 1891; x_wconf 83' lang='lat' dir='ltr'><strong>quartus.</strong></span> <span class='ocrx_word' id='word_1_276' title='bbox 419 1838 633 1890; x_wconf 84' lang='lat' dir='ltr'><strong>Integrum</strong></span> <span class='ocrx_word' id='word_1_277' title='bbox 656 1841 885 1888; x_wconf 86' lang='lat' dir='ltr'><strong>utrumque</strong></span> <span class='ocrx_word' id='word_1_278' title='bbox 902 1836 1056 1875; x_wconf 89' lang='lat' dir='ltr'><strong>librum</strong></span> <span class='ocrx_word' id='word_1_279' title='bbox 1087 1846 1220 1887; x_wconf 70' lang='lat' dir='ltr'><strong>graece</strong></span> <span class='ocrx_word' id='word_1_280' title='bbox 1252 1847 1420 1876; x_wconf 81' lang='lat' dir='ltr'><strong>versum</strong></span> <span class='ocrx_word' id='word_1_281' title='bbox 1452 1836 1641 1876; x_wconf 85' lang='lat' dir='ltr'><strong>continet</strong></span> 
     </span>
     <span class='ocr_line' id='line_1_29' title="bbox 30 1903 176 1944; baseline -0.014 0"><span class='ocrx_word' id='word_1_282' title='bbox 30 1903 176 1944; x_wconf 85' lang='lat' dir='ltr'><strong>codex.</strong></span> 
     </span>
    </p>

    <p class='ocr_par' dir='ltr' id='par_1_4' title="bbox 24 1965 1669 2792">
     <span class='ocr_line' id='line_1_30' title="bbox 81 1965 1638 2018; baseline -0.001 -12"><span class='ocrx_word' id='word_1_283' title='bbox 81 1967 194 2006; x_wconf 91' lang='lat' dir='ltr'><strong>Libri</strong></span> <span class='ocrx_word' id='word_1_284' title='bbox 214 1971 396 2018; x_wconf 89' lang='lat' dir='ltr'><strong>quatuor</strong></span> <span class='ocrx_word' id='word_1_285' title='bbox 415 1969 576 2007; x_wconf 83' lang='lat' dir='ltr'><strong>exstant</strong></span> <span class='ocrx_word' id='word_1_286' title='bbox 596 1966 640 2005; x_wconf 92' lang='lat' dir='ltr'><strong>in</strong></span> <span class='ocrx_word' id='word_1_287' title='bbox 660 1966 804 2006; x_wconf 90' lang='lat' dir='ltr'><strong>codice</strong></span> <span class='ocrx_word' id='word_1_288' title='bbox 836 1965 989 2015; x_wconf 90' lang='lat' dir='ltr'><strong>priore,</strong></span> <span class='ocrx_word' id='word_1_289' title='bbox 1023 1968 1072 2004; x_wconf 88' lang='lat' dir='ltr'><strong>ut</strong></span> <span class='ocrx_word' id='word_1_290' title='bbox 1100 1965 1291 2015; x_wconf 90' lang='lat' dir='ltr'><strong>sequitur</strong></span> <span class='ocrx_word' id='word_1_291' title='bbox 1324 1977 1333 2005; x_wconf 90' lang='lat'>:</span> <span class='ocrx_word' id='word_1_292' title='bbox 1369 1965 1554 2015; x_wconf 87' lang='lat' dir='ltr'><strong>Primus,</strong></span> <span class='ocrx_word' id='word_1_293' title='bbox 1575 1975 1638 2006; x_wconf 73' lang='grc' dir='ltr'><strong>Τοῦ</strong></span> 
     </span>
     <span class='ocr_line' id='line_1_31' title="bbox 28 2036 1644 2083; baseline -0.001 -12"><span class='ocrx_word' id='word_1_294' title='bbox 28 2037 206 2083; x_wconf 50' lang='lat' dir='ltr'><strong>coe-,oothon</strong></span> <span class='ocrx_word' id='word_1_295' title='bbox 223 2039 334 2083; x_wconf 78' lang='grc' dir='ltr'>Θωμᾶ,</span> <span class='ocrx_word' id='word_1_296' title='bbox 352 2041 405 2071; x_wconf 75' lang='grc' dir='ltr'><strong>τοῦ</strong></span> <span class='ocrx_word' id='word_1_297' title='bbox 424 2037 510 2083; x_wconf 67' lang='grc' dir='ltr'><strong>παρὰ</strong></span> <span class='ocrx_word' id='word_1_298' title='bbox 529 2036 693 2082; x_wconf 62' lang='grc' dir='ltr'><strong>Ῥωμαίοις</strong></span> <span class='ocrx_word' id='word_1_299' title='bbox 709 2036 869 2083; x_wconf 65' lang='grc' dir='ltr'><strong>Μκίστρῡυ</strong></span> <span class='ocrx_word' id='word_1_300' title='bbox 888 2040 945 2074; x_wconf 75' lang='grc' dir='ltr'><strong>τῆς</strong></span> <span class='ocrx_word' id='word_1_301' title='bbox 962 2036 1044 2081; x_wconf 68' lang='grc' dir='ltr'><strong>ἱερᾶς</strong></span> <span class='ocrx_word' id='word_1_302' title='bbox 1056 2040 1116 2069; x_wconf 78' lang='grc' dir='ltr'><strong>τῶν</strong></span> <span class='ocrx_word' id='word_1_303' title='bbox 1134 2039 1326 2081; x_wconf 70' lang='grc' dir='ltr'>Χριστιανῶν</span> <span class='ocrx_word' id='word_1_304' title='bbox 1350 2037 1514 2083; x_wconf 69' lang='grc' dir='ltr'><strong>γεγονότος</strong></span> <span class='ocrx_word' id='word_1_305' title='bbox 1543 2040 1644 2070; x_wconf 71' lang='grc' dir='ltr'><strong>θεολο-</strong></span> 
     </span>
     <span class='ocr_line' id='line_1_32' title="bbox 27 2100 1647 2149; baseline -0.001 -12"><span class='ocrx_word' id='word_1_306' title='bbox 27 2103 112 2149; x_wconf 70' lang='grc' dir='ltr'><strong>γίας,</strong></span> <span class='ocrx_word' id='word_1_307' title='bbox 129 2101 197 2148; x_wconf 73' lang='grc' dir='ltr'><strong>περὶ</strong></span> <span class='ocrx_word' id='word_1_308' title='bbox 217 2106 273 2142; x_wconf 74' lang='grc' dir='ltr'><strong>τῆς</strong></span> <span class='ocrx_word' id='word_1_309' title='bbox 291 2104 318 2136; x_wconf 79' lang='grc' dir='ltr'><strong>ἐν</strong></span> <span class='ocrx_word' id='word_1_310' title='bbox 337 2106 376 2147; x_wconf 83' lang='grc' dir='ltr'><strong>τῇ</strong></span> <span class='ocrx_word' id='word_1_311' title='bbox 395 2105 537 2146; x_wconf 70' lang='grc' dir='ltr'>καθολικῇ</span> <span class='ocrx_word' id='word_1_312' title='bbox 551 2115 653 2136; x_wconf 79' lang='grc' dir='ltr'>πιστει</span> <span class='ocrx_word' id='word_1_313' title='bbox 670 2102 827 2142; x_wconf 70' lang='grc' dir='ltr'><strong>ἀληθείας,</strong></span> <span class='ocrx_word' id='word_1_314' title='bbox 845 2100 898 2134; x_wconf 73' lang='grc' dir='ltr'><strong>καὶ</strong></span> <span class='ocrx_word' id='word_1_315' title='bbox 918 2100 1003 2134; x_wconf 66' lang='grc' dir='ltr'><strong>κατὰ</strong></span> <span class='ocrx_word' id='word_1_316' title='bbox 1020 2100 1162 2145; x_wconf 70' lang='grc' dir='ltr'><strong>αἱρέσεων</strong></span> <span class='ocrx_word' id='word_1_317' title='bbox 1174 2104 1234 2133; x_wconf 77' lang='grc' dir='ltr'><strong>τῶν</strong></span> <span class='ocrx_word' id='word_1_318' title='bbox 1246 2101 1473 2147; x_wconf 71' lang='grc' dir='ltr'><strong>ε’·ηιντιουμενων</strong></span> <span class='ocrx_word' id='word_1_319' title='bbox 1484 2101 1538 2146; x_wconf 83' lang='grc' dir='ltr'><strong>μὲν</strong></span> <span class='ocrx_word' id='word_1_320' title='bbox 1549 2102 1647 2146; x_wconf 71' lang='grc' dir='ltr'>αὐτῇ,</span> 
     </span>
     <span class='ocr_line' id='line_1_33' title="bbox 28 2157 1642 2213; baseline -0.001 -13"><span class='ocrx_word' id='word_1_321' title='bbox 28 2161 315 2213; x_wconf 78' lang='lat' dir='ltr'><strong>Sapientissimi</strong></span> <span class='ocrx_word' id='word_1_322' title='bbox 335 2161 370 2200; x_wconf 87' lang='grc' dir='ltr'><em>Τ</em></span> <span class='ocrx_word' id='word_1_323' title='bbox 366 2161 501 2211; x_wconf 76' lang='lat' dir='ltr'><strong>komae,</strong></span> <span class='ocrx_word' id='word_1_324' title='bbox 523 2161 593 2213; x_wconf 81' lang='lat' dir='ltr'><strong>qai</strong></span> <span class='ocrx_word' id='word_1_325' title='bbox 609 2160 716 2213; x_wconf 81' lang='lat' dir='ltr'><strong>apud</strong></span> <span class='ocrx_word' id='word_1_326' title='bbox 731 2159 894 2200; x_wconf 89' lang='lat' dir='ltr'><strong>Latinos</strong></span> <span class='ocrx_word' id='word_1_327' title='bbox 905 2159 984 2211; x_wconf 80' lang='lat' dir='ltr'><strong>fait</strong></span> <span class='ocrx_word' id='word_1_328' title='bbox 1001 2170 1122 2198; x_wconf 84' lang='lat' dir='ltr'><strong>sacrae</strong></span> <span class='ocrx_word' id='word_1_329' title='bbox 1143 2157 1456 2198; x_wconf 75' lang='lat' dir='ltr'><strong>Christianorum</strong></span> <span class='ocrx_word' id='word_1_330' title='bbox 1479 2159 1516 2198; x_wconf 85' lang='lat' dir='ltr'><em>T</em></span> <span class='ocrx_word' id='word_1_331' title='bbox 1512 2158 1642 2199; x_wconf 74' lang='lat' dir='ltr'><strong>neolo-</strong></span> 
     </span>
     <span class='ocr_line' id='line_1_34' title="bbox 27 2222 1641 2280; baseline -0.002 -14"><span class='ocrx_word' id='word_1_332' title='bbox 27 2227 101 2280; x_wconf 80' lang='lat' dir='ltr'><strong>9iae</strong></span> <span class='ocrx_word' id='word_1_333' title='bbox 118 2226 317 2278; x_wconf 72' lang='lat' dir='ltr'><strong>mayister,</strong></span> <span class='ocrx_word' id='word_1_334' title='bbox 338 2225 383 2266; x_wconf 92' lang='lat' dir='ltr'><strong>de</strong></span> <span class='ocrx_word' id='word_1_335' title='bbox 403 2225 601 2265; x_wconf 70' lang='lat' dir='ltr'><strong>catholicae</strong></span> <span class='ocrx_word' id='word_1_336' title='bbox 619 2224 714 2277; x_wconf 76' lang='lat' dir='ltr'><strong>fidei</strong></span> <span class='ocrx_word' id='word_1_337' title='bbox 729 2224 907 2272; x_wconf 84' lang='lat' dir='ltr'><strong>veritate,</strong></span> <span class='ocrx_word' id='word_1_338' title='bbox 929 2229 967 2263; x_wconf 87' lang='lat' dir='ltr'><strong>et</strong></span> <span class='ocrx_word' id='word_1_339' title='bbox 993 2229 1134 2263; x_wconf 82' lang='lat' dir='ltr'><strong>contra</strong></span> <span class='ocrx_word' id='word_1_340' title='bbox 1165 2222 1323 2262; x_wconf 78' lang='lat' dir='ltr'><strong>lzaereses</strong></span> <span class='ocrx_word' id='word_1_341' title='bbox 1355 2235 1438 2275; x_wconf 83' lang='lat' dir='ltr'><strong>qaae</strong></span> <span class='ocrx_word' id='word_1_342' title='bbox 1470 2223 1531 2262; x_wconf 88' lang='lat' dir='ltr'><strong>illi</strong></span> <span class='ocrx_word' id='word_1_343' title='bbox 1555 2223 1641 2275; x_wconf 84' lang='lat' dir='ltr'><strong>qui-</strong></span> 
     </span>
     <span class='ocr_line' id='line_1_35' title="bbox 27 2287 1642 2341; baseline -0.002 -10"><span class='ocrx_word' id='word_1_344' title='bbox 27 2291 112 2332; x_wconf 89' lang='lat' dir='ltr'><strong>dem</strong></span> <span class='ocrx_word' id='word_1_345' title='bbox 130 2291 414 2338; x_wconf 77' lang='lat' dir='ltr'><strong>adversantur3</strong></span> <span class='ocrx_word' id='word_1_346' title='bbox 435 2302 513 2330; x_wconf 82' lang='lat' dir='ltr'><strong>vox</strong></span> <span class='ocrx_word' id='word_1_347' title='bbox 541 2297 712 2341; x_wconf 56' lang='grc' dir='ltr'>Μιῖστρος,</span> <span class='ocrx_word' id='word_1_348' title='bbox 754 2289 835 2328; x_wconf 90' lang='lat' dir='ltr'><strong>sive</strong></span> <span class='ocrx_word' id='word_1_349' title='bbox 872 2293 1049 2340; x_wconf 67' lang='grc' dir='ltr'><strong>Μαίστρω,</strong></span> <span class='ocrx_word' id='word_1_350' title='bbox 1082 2287 1236 2339; x_wconf 86' lang='lat' dir='ltr'><strong>legitur</strong></span> <span class='ocrx_word' id='word_1_351' title='bbox 1272 2287 1316 2326; x_wconf 88' lang='lat' dir='ltr'><strong>in</strong></span> <span class='ocrx_word' id='word_1_352' title='bbox 1355 2287 1551 2339; x_wconf 85' lang='lat' dir='ltr'><strong>glossario</strong></span> <span class='ocrx_word' id='word_1_353' title='bbox 1590 2288 1642 2328; x_wconf 86' lang='lat' dir='ltr'><strong>ad</strong></span> 
     </span>
     <span class='ocr_line' id='line_1_36' title="bbox 27 2351 1669 2406; baseline -0.005 -10"><span class='ocrx_word' id='word_1_354' title='bbox 27 2357 250 2406; x_wconf 89' lang='lat' dir='ltr'><strong>scriptores</strong></span> <span class='ocrx_word' id='word_1_355' title='bbox 270 2355 420 2395; x_wconf 65' lang='lat' dir='ltr'><strong>mediae</strong></span> <span class='ocrx_word' id='word_1_356' title='bbox 439 2358 482 2395; x_wconf 89' lang='lat' dir='ltr'><strong>et</strong></span> <span class='ocrx_word' id='word_1_357' title='bbox 501 2355 655 2394; x_wconf 68' lang='lat' dir='ltr'><strong>infimae</strong></span> <span class='ocrx_word' id='word_1_358' title='bbox 690 2352 922 2393; x_wconf 86' lang='lat' dir='ltr'><strong>Graecitatis</strong></span> <span class='ocrx_word' id='word_1_359' title='bbox 954 2352 1065 2402; x_wconf 89' lang='lat' dir='ltr'><strong>apud</strong></span> <span class='ocrx_word' id='word_1_360' title='bbox 1095 2351 1375 2403; x_wconf 84' lang='lat' dir='ltr'><strong>Ducangium.</strong></span> <span class='ocrx_word' id='word_1_361' title='bbox 1396 2351 1531 2392; x_wconf 87' lang='lat' dir='ltr'><strong>Verba</strong></span> <span class='ocrx_word' id='word_1_362' title='bbox 1552 2352 1644 2402; x_wconf 86' lang='lat' dir='ltr'><strong>illa,</strong></span> <span class='ocrx_word' id='word_1_363' title='bbox 1664 2383 1669 2388; x_wconf 89' lang='lat'><strong>.</strong></span> 
     </span>
     <span class='ocr_line' id='line_1_37' title="bbox 27 2415 1647 2471; baseline -0.003 -12"><span class='ocrx_word' id='word_1_364' title='bbox 27 2428 77 2459; x_wconf 72' lang='grc' dir='ltr'><strong>καὶ</strong></span> <span class='ocrx_word' id='word_1_365' title='bbox 105 2425 189 2460; x_wconf 70' lang='grc' dir='ltr'>κατὰ</span> <span class='ocrx_word' id='word_1_366' title='bbox 219 2426 358 2471; x_wconf 57' lang='grc' dir='ltr'><strong>αἱρέσεων</strong></span> <span class='ocrx_word' id='word_1_367' title='bbox 376 2424 413 2458; x_wconf 90' lang='lat' dir='ltr'><strong>et</strong></span> <span class='ocrx_word' id='word_1_368' title='bbox 432 2424 569 2458; x_wconf 87' lang='lat' dir='ltr'><strong>contra</strong></span> <span class='ocrx_word' id='word_1_369' title='bbox 589 2418 761 2465; x_wconf 79' lang='lat' dir='ltr'><strong>Izaereses,</strong></span> <span class='ocrx_word' id='word_1_370' title='bbox 782 2417 969 2456; x_wconf 85' lang='lat' dir='ltr'><strong>indicant</strong></span> <span class='ocrx_word' id='word_1_371' title='bbox 989 2418 1187 2466; x_wconf 89' lang='lat' dir='ltr'><strong>quartum</strong></span> <span class='ocrx_word' id='word_1_372' title='bbox 1209 2415 1345 2465; x_wconf 87' lang='lat' dir='ltr'><strong>operis</strong></span> <span class='ocrx_word' id='word_1_373' title='bbox 1378 2415 1548 2464; x_wconf 89' lang='lat' dir='ltr'><strong>librum,</strong></span> <span class='ocrx_word' id='word_1_374' title='bbox 1571 2415 1647 2466; x_wconf 83' lang='lat' dir='ltr'><strong>qui</strong></span> 
     </span>
     <span class='ocr_line' id='line_1_38' title="bbox 28 2479 1638 2535; baseline -0.003 -11"><span class='ocrx_word' id='word_1_375' title='bbox 28 2487 175 2524; x_wconf 85' lang='lat' dir='ltr'><strong>contra</strong></span> <span class='ocrx_word' id='word_1_376' title='bbox 193 2484 386 2533; x_wconf 82' lang='lat' dir='ltr'><strong>haereses,</strong></span> <span class='ocrx_word' id='word_1_377' title='bbox 409 2495 512 2535; x_wconf 90' lang='lat' dir='ltr'><strong>quas</strong></span> <span class='ocrx_word' id='word_1_378' title='bbox 537 2482 782 2522; x_wconf 84' lang='lat' dir='ltr'><strong>heterodoxi</strong></span> <span class='ocrx_word' id='word_1_379' title='bbox 818 2479 1047 2521; x_wconf 90' lang='lat' dir='ltr'><strong>commenti</strong></span> <span class='ocrx_word' id='word_1_380' title='bbox 1076 2483 1190 2529; x_wconf 87' lang='lat' dir='ltr'><strong>sunt,</strong></span> <span class='ocrx_word' id='word_1_381' title='bbox 1230 2483 1344 2520; x_wconf 91' lang='lat' dir='ltr'><strong>totus</strong></span> <span class='ocrx_word' id='word_1_382' title='bbox 1376 2480 1604 2519; x_wconf 87' lang='lat' dir='ltr'><strong>insumitur</strong></span> <span class='ocrx_word' id='word_1_383' title='bbox 1628 2492 1638 2519; x_wconf 92' lang='lat'><strong>:</strong></span> 
     </span>
     <span class='ocr_line' id='line_1_39' title="bbox 26 2544 1644 2595; baseline -0.003 -8"><span class='ocrx_word' id='word_1_384' title='bbox 26 2546 126 2587; x_wconf 89' lang='lat' dir='ltr'><strong>hinc</strong></span> <span class='ocrx_word' id='word_1_385' title='bbox 153 2547 306 2586; x_wconf 87' lang='lat' dir='ltr'><strong>frustra</strong></span> <span class='ocrx_word' id='word_1_386' title='bbox 338 2547 566 2595; x_wconf 87' lang='lat' dir='ltr'><strong>Echardus‚</strong></span> <span class='ocrx_word' id='word_1_387' title='bbox 603 2546 775 2585; x_wconf 87' lang='lat' dir='ltr'><strong>titulum</strong></span> <span class='ocrx_word' id='word_1_388' title='bbox 807 2544 986 2584; x_wconf 89' lang='lat' dir='ltr'><strong>similem</strong></span> <span class='ocrx_word' id='word_1_389' title='bbox 1019 2544 1175 2584; x_wconf 87' lang='lat' dir='ltr'><strong>codicis</strong></span> <span class='ocrx_word' id='word_1_390' title='bbox 1192 2544 1382 2584; x_wconf 86' lang='lat' dir='ltr'><strong>Vaticani</strong></span> <span class='ocrx_word' id='word_1_391' title='bbox 1403 2554 1644 2592; x_wconf 87' lang='lat' dir='ltr'><strong>recensens,</strong></span> 
     </span>
     <span class='ocr_line' id='line_1_40' title="bbox 25 2608 1647 2662; baseline -0.002 -12"><span class='ocrx_word' id='word_1_392' title='bbox 25 2610 273 2650; x_wconf 85' lang='lat' dir='ltr'><strong>indicandam</strong></span> <span class='ocrx_word' id='word_1_393' title='bbox 292 2610 477 2650; x_wconf 81' lang='lat' dir='ltr'><strong>Romanis</strong></span> <span class='ocrx_word' id='word_1_394' title='bbox 495 2611 712 2661; x_wconf 85' lang='lat' dir='ltr'><strong>relinquit,</strong></span> <span class='ocrx_word' id='word_1_395' title='bbox 734 2609 849 2662; x_wconf 80' lang='lat' dir='ltr'><strong>quale</strong></span> <span class='ocrx_word' id='word_1_396' title='bbox 869 2621 961 2662; x_wconf 81' lang='lat' dir='ltr'><strong>opus</strong></span> <span class='ocrx_word' id='word_1_397' title='bbox 980 2608 1044 2648; x_wconf 84' lang='lat' dir='ltr'><strong>sit.</strong></span> <span class='ocrx_word' id='word_1_398' title='bbox 1078 2608 1308 2655; x_wconf 88' lang='lat' dir='ltr'><strong>Secundus,</strong></span> <span class='ocrx_word' id='word_1_399' title='bbox 1339 2611 1399 2641; x_wconf 79' lang='grc' dir='ltr'><strong>Τοῦ</strong></span> <span class='ocrx_word' id='word_1_400' title='bbox 1418 2608 1511 2641; x_wconf 74' lang='grc' dir='ltr'>αὐτοῦ</span> <span class='ocrx_word' id='word_1_401' title='bbox 1543 2617 1647 2650; x_wconf 70' lang='grc' dir='ltr'>σοφω-</span> 
     </span>
     <span class='ocr_line' id='line_1_41' title="bbox 25 2670 1645 2728; baseline -0.005 -11"><span class='ocrx_word' id='word_1_402' title='bbox 25 2681 123 2717; x_wconf 74' lang='grc' dir='ltr'>τάτω</span> <span class='ocrx_word' id='word_1_403' title='bbox 144 2683 245 2728; x_wconf 76' lang='grc' dir='ltr'>Θωμᾱ</span> <span class='ocrx_word' id='word_1_404' title='bbox 275 2679 389 2723; x_wconf 65' lang='grc' dir='ltr'><strong>βιῧλίον</strong></span> <span class='ocrx_word' id='word_1_405' title='bbox 405 2674 461 2724; x_wconf 81' lang='grc' dir='ltr'><strong>’Β’,</strong></span> <span class='ocrx_word' id='word_1_406' title='bbox 481 2674 650 2726; x_wconf 84' lang='lat' dir='ltr'><strong>ejusdem</strong></span> <span class='ocrx_word' id='word_1_407' title='bbox 665 2674 938 2726; x_wconf 86' lang='lat' dir='ltr'><strong>sapientissimi</strong></span> <span class='ocrx_word' id='word_1_408' title='bbox 958 2673 1110 2713; x_wconf 79' lang='lat' dir='ltr'><strong>leomae</strong></span> <span class='ocrx_word' id='word_1_409' title='bbox 1128 2671 1227 2712; x_wconf 81' lang='lat' dir='ltr'><strong>liber</strong></span> <span class='ocrx_word' id='word_1_410' title='bbox 1246 2671 1443 2712; x_wconf 80' lang='lat' dir='ltr'><strong>secundus.</strong></span> <span class='ocrx_word' id='word_1_411' title='bbox 1460 2670 1645 2719; x_wconf 81' lang='lat' dir='ltr'><strong>Tertius,</strong></span> 
     </span>
     <span class='ocr_line' id='line_1_42' title="bbox 24 2741 1642 2792; baseline -0.002 -12"><span class='ocrx_word' id='word_1_412' title='bbox 24 2743 217 2792; x_wconf 66' lang='grc' dir='ltr'><strong>Παρεκὲαλαὶ</strong></span> <span class='ocrx_word' id='word_1_413' title='bbox 236 2746 269 2779; x_wconf 81' lang='grc' dir='ltr'><strong>ἐν.</strong></span> <span class='ocrx_word' id='word_1_414' title='bbox 285 2750 337 2779; x_wconf 72' lang='grc' dir='ltr'><strong>τοῦ</strong></span> <span class='ocrx_word' id='word_1_415' title='bbox 359 2745 443 2778; x_wconf 68' lang='grc' dir='ltr'><strong>κατὰ</strong></span> <span class='ocrx_word' id='word_1_416' title='bbox 479 2744 627 2781; x_wconf 76' lang='grc' dir='ltr'>Ἑλλήνων</span> <span class='ocrx_word' id='word_1_417' title='bbox 659 2744 761 2790; x_wconf 74' lang='grc' dir='ltr'><strong>τρίτου</strong></span> <span class='ocrx_word' id='word_1_418' title='bbox 788 2742 920 2786; x_wconf 67' lang='grc' dir='ltr'><strong>βιῧλίου,·</strong></span> <span class='ocrx_word' id='word_1_419' title='bbox 949 2748 1002 2778; x_wconf 82' lang='grc' dir='ltr'><strong>τοῦ</strong></span> <span class='ocrx_word' id='word_1_420' title='bbox 1030 2743 1201 2790; x_wconf 81' lang='grc' dir='ltr'>σορωτάτου</span> <span class='ocrx_word' id='word_1_421' title='bbox 1231 2743 1344 2787; x_wconf 82' lang='grc' dir='ltr'><strong>Θωμᾶ,</strong></span> <span class='ocrx_word' id='word_1_422' title='bbox 1383 2743 1454 2788; x_wconf 75' lang='grc' dir='ltr'><strong>ὅπερ</strong></span> <span class='ocrx_word' id='word_1_423' title='bbox 1483 2741 1517 2774; x_wconf 75' lang='grc' dir='ltr'><strong>ἐκ</strong></span> <span class='ocrx_word' id='word_1_424' title='bbox 1547 2744 1642 2779; x_wconf 76' lang='grc' dir='ltr'><strong>τῆς...</strong></span> 
     </span>
    </p>
   </div>
   <div class='ocr_carea' id='block_1_3' title="bbox 23 2800 1643 2855">
    <p class='ocr_par' dir='ltr' id='par_1_5' title="bbox 23 2800 1643 2855">
     <span class='ocr_line' id='line_1_43' title="bbox 23 2800 1643 2855; baseline -0.004 -11"><span class='ocrx_word' id='word_1_425' title='bbox 23 2807 186 2844; x_wconf 73' lang='grc' dir='ltr'>διαλέκτου</span> <span class='ocrx_word' id='word_1_426' title='bbox 204 2810 244 2849; x_wconf 80' lang='grc' dir='ltr'><strong>εἷς</strong></span> <span class='ocrx_word' id='word_1_427' title='bbox 259 2810 315 2846; x_wconf 78' lang='grc' dir='ltr'><strong>τὴν</strong></span> <span class='ocrx_word' id='word_1_428' title='bbox 337 2806 476 2843; x_wconf 69' lang='grc' dir='ltr'>Ἐλλάὸοι</span> <span class='ocrx_word' id='word_1_429' title='bbox 493 2809 666 2855; x_wconf 72' lang='grc' dir='ltr'><strong>μετήνεικεν</strong></span> <span class='ocrx_word' id='word_1_430' title='bbox 682 2810 698 2842; x_wconf 85' lang='grc' dir='ltr'><strong><em>ὁ</em></strong></span> <span class='ocrx_word' id='word_1_431' title='bbox 717 2809 894 2853; x_wconf 59' lang='grc' dir='ltr'>σοφώτατος</span> <span class='ocrx_word' id='word_1_432' title='bbox 910 2811 1010 2855; x_wconf 77' lang='grc' dir='ltr'>κὺριος</span> <span class='ocrx_word' id='word_1_433' title='bbox 1025 2807 1198 2853; x_wconf 73' lang='grc' dir='ltr'>Δημήτριος</span> <span class='ocrx_word' id='word_1_434' title='bbox 1210 2809 1224 2840; x_wconf 77' lang='grc' dir='ltr'><strong>ὁ</strong></span> <span class='ocrx_word' id='word_1_435' title='bbox 1237 2804 1397 2846; x_wconf 54' lang='lat' dir='ltr'><strong>mmm·</strong></span> <span class='ocrx_word' id='word_1_436' title='bbox 1433 2800 1476 2841; x_wconf 84' lang='grc' dir='ltr'><em>Ε</em></span> <span class='ocrx_word' id='word_1_437' title='bbox 1475 2804 1643 2853; x_wconf 72' lang='grc' dir='ltr'><strong>,ΖὊθΤῬία</strong></span> 
     </span>
    </p>
   </div>
  </div>
 </body>
</html>
