1894 3223
708 73 795 107 LlB.
823 71 888 115 III,
916 70 1016 107 CAP.
1044 71 1164 106 xxttl.
1675 72 1745 108 283

121 153 303 192 ordinem
325 153 574 200 praemissum
594 151 636 189 in
650 151 975 197 generationibus
990 160 1136 195 rerum,
1151 154 1212 188 est
1225 150 1342 188 etiam
1362 150 1458 188 ordo
1476 150 1517 187 in
1534 159 1745 188 conserva-

120 201 300 238 tionibus
320 199 560 237 earumdem.
584 199 692 236 Unde
713 199 893 236 videmus
916 198 1022 246 quod
1051 207 1218 244 corpora
1238 198 1360 235 mixta
1380 200 1655 235 sustentantur
1674 207 1743 243 per

122 248 410 285 elementorum
447 255 647 292 congruas
677 246 903 292 qualitates,
944 246 1086 291 plantae
1116 255 1209 282 vero
1249 255 1296 282 ex
1338 245 1473 282 mixtis
1510 244 1745 291 corporibus

125 295 363 338 nutriuntur,
385 294 574 331 animalia
605 303 652 330 ex
682 293 830 339 plantis
869 294 1153 329 nutrimentum
1177 292 1337 336 habent,
1360 295 1397 329 et
1427 292 1607 345 quaedam
1625 292 1744 329 etiam

122 342 356 425 ἔξιθι-16611016
371 345 407 378 et
423 339 664 378 virtuosiora
678 350 724 376 ex
745 339 983 387 quibusdam
1007 340 1367 384 imperfectioribus
1383 342 1421 376 et
1436 338 1740 377 1nfirmioribus.

157 397 248 426 omo
283 397 376 425 vero
404 388 527 426 utitur
562 387 740 424 omnium
773 396 903 424 rerum
926 388 1138 433 generibus
1160 387 1207 423 ad
1229 387 1291 423 sui
1321 386 1528 424 utilitatem
1553 398 1561 422 :
1584 386 1746 433 quibus-

120 435 210 472 dam
244 435 403 482 quidem
442 435 490 472 ad
518 444 645 479 esum,
669 434 907 481 quibusdam
941 443 1033 471 vero
1067 434 1115 471 ad
1134 434 1318 470 vestitum
1341 445 1350 478 ;
1372 433 1476 471 unde
1498 437 1535 470 et
1562 443 1585 470 a
1604 437 1746 471 natura

122 482 255 519 nudus
287 487 345 519 est
367 482 588 526 institutus,
608 485 742 527 utpote
764 486 905 528 potens
932 491 978 517 ex
997 481 1087 518 aliis
1116 481 1190 518 sibi
1212 482 1397 517 vestitum
1420 484 1622 527 praestare‚
1642 480 1747 518 sicut

123 530 240 566 etiam
266 529 416 566 nullum
442 529 518 566 sibi
541 538 759 575 congruum
785 529 1069 565 nutrimentum
1090 532 1231 564 natura
1258 528 1491 573 praeparavit
1507 528 1585 565 nisi
1608 528 1681 572 lac,
1702 531 1746 564 ut

121 586 169 613 ex
190 576 360 614 diversis
381 576 500 613 rebus
518 577 593 613 sibi
613 576 745 613 cibum
767 576 1019 622 conquireret
1035 587 1043 619 3
1061 574 1299 622 quibusdam
1322 583 1412 612 vero
1433 575 1480 611 ad
1496 575 1743 618 vehiculum;

121 633 228 666 nam,
250 624 290 660 in
311 627 443 661 motus
464 623 662 660 celeritate
691 627 728 660 et
750 623 786 659 in
811 623 1040 660 fortitudine
1062 622 1109 658 ad
1137 621 1589 666 sustinendos-labores,
1608 622 1745 658 multis

122 671 364 708 animalibus
394 670 589 707 infirmior
621 671 832 713 invenitur,
855 670 967 716 quasi
1002 669 1107 705 aliis·
1128 668 1367 706 animalibus
1389 669 1436 705 ad
1455 669 1645 705 auxilium
1668 668 1744 705 sibi

120 718 364 764 praeparatis.
388 720 430 754 Et
465 727 585 764 super
618 718 692 755 hoc
724 717 911 754 omnibus
941 716 1204 754 sensibilibus
1226 716 1349 752 utitur
1381 716 1428 752 ad
1463 715 1745 752 intellectualis

121 765 365 809 cognitionis
387 764 682 810 perfectionem.
706 764 812 801 Unde
827 768 864 800 et
885 763 931 800 de
954 763 1116 800 homine
1136 763 1177 799 in
1198 763 1368 800 Psalmis
1389 762 1533 799 dicitur
1550 763 1597 799 ad
1620 765 1743 799 Deum

122 812 271 848 directo
301 821 484 849 sermone
507 824 515 848 :
541 813 670 848 Omnia
689 812 874 856 subJ'ecz'stz'
892 810 958 846 sub
980 810 1134 856 pedibus
1154 810 1231 855 ejus
1252 809 1371 855 (Psal.
1390 819 1478 852 vm,
1500 810 1549 855 8).
1574 812 1616 846 Et
1639 810 1745 846 Aris-

120 859 262 896 toteles
283 859 378 896 dicit
395 859 540 905 (Polit.,
561 868 588 905 1,
611 868 644 896 6.
669 859 703 905 5)
725 858 828 905 quod
863 858 983 895 bomo
1015 857 1134 895 habet
1163 857 1341 894 naturale
1373 856 1595 894 dominium
1625 865 1746 903 super

125 907 260 943 omnia
282 906 483 943 animalia.

171 953 208 989 Si
244 953 365 999 igitur
402 953 524 989 motio
563 952 690 997 ipsius
726 952 815 988 coeli
854 951 1061 988 ordinatur
1099 950 1148 988 ad
1189 951 1499 998 generationem,
1540 950 1744 997 generatio

124 1004 256 1036 autem
285 1004 367 1037 tota
394 999 600 1036 ordinatur
621 999 669 1035 ad
707 999 912 1035 hominem
936 998 1039 1035 sicut
1071 998 1112 1034 in
1132 998 1313 1034 ultimum
1336 997 1453 1034 finem
1487 997 1606 1044 liujus
1627 1007 1744 1043 gene-

124 1046 307 1091 rationis,
330 1047 583 1084 manisestum
604 1046 791 1092 estquod
812 1045 904 1082 finis
923 1045 1114 1082 motionis
1133 1045 1221 1081 coeli
1244 1045 1449 1081 ordinatur
1466 1045 1515 1082 ad
1542 1046 1745 1082 hominem

125 1094 230 1130 sicut
247 1093 286 1129 in
308 1093 491 1130 ultimum
512 1092 630 1129 finem
653 1093 695 1128 in
716 1101 860 1137 genere
881 1092 1167 1141 generabilium
1190 1094 1228 1127 et
1246 1092 1467 1128 mobilium.

170 1141 268 1177 Hinc
292 1144 352 1177 est
371 1140 475 1186 quod
497 1140 640 1176 dicitur
659 1139 763 1186 quod
796 1141 900 1177 Deus
922 1148 1088 1185 corpora
1107 1138 1286 1176 coelestia
1306 1138 1398 1175 fecit
1430 1140 1471 1174 in
1502 1140 1744 1175 ministerium

121 1189 258 1223 cunctis
275 1188 440 1232 {lentibus
459 1187 603 1234 (Deut„
622 1195 679 1231 lv,
704 1186 777 1233 19).

761 1351 928 1393 CAPUT
961 1352 1107 1392 XXIII.

266 1485 366 1520 QUOD
392 1485 545 1514 COELUM
570 1484 756 1513 MOVETUR
779 1483 832 1512 EX
855 1484 999 1517 ALIQUA
1025 1484 1326 1513 INTELLECTUALI
1352 1485 1602 1513 SUBSTANTIA.

176 1613 228 1648 Ex
249 1610 466 1656 praemissis
491 1610 607 1647 etiam
634 1609 789 1647 ostendi
818 1613 947 1656 potest
966 1609 1137 1656 primum
1170 1610 1361 1647 motivum
1392 1614 1523 1648 motus
1545 1611 1635 1649 coeli
1656 1621 1745 1650 esse

126 1658 274 1704 aliquid
292 1657 593 1694 intellectivum.

174 1705 279 1742 Nihil
301 1705 406 1742 enim
429 1705 645 1741 secundum
670 1704 867 1749 propriam
899 1704 1070 1749 speciem
1094 1713 1217 1751 agens
1247 1704 1415 1741 intendit
1437 1705 1602 1742 formam
1636 1706 1746 1743 altio-

126 1762 209 1789 rem
237 1761 311 1789 sua
341 1751 490 1796 forma;
513 1751 681 1787 intendit
712 1751 816 1787 enim
850 1760 966 1787 omne
997 1760 1120 1797 agens
1149 1751 1225 1788 sibi
1259 1752 1404 1788 simile.
1433 1753 1583 1797 Corpus
1613 1757 1744 1789 autem

126 1799 299 1842 coeleste,
321 1798 540 1835 secundum
562 1798 667 1844 quod
686 1799 766 1844 agit
780 1807 848 1843 per
868 1802 1018 1834 motum
1035 1807 1165 1841 suum,
1184 1798 1352 1835 intendit
1370 1799 1547 1835 ultimam
1563 1799 1742 1841 sormam,

126 1856 213 1893 quae
236 1849 295 1883 est
322 1846 548 1882 intellectus
573 1846 794 1889 humanus;
817 1855 903 1892 quae
924 1845 1082 1892 quidem
1115 1849 1175 1881 est
1201 1845 1317 1882 altior
1337 1846 1443 1882 omni
1474 1847 1612 1890 forma,
1636 1851 1678 1883 ut
1697 1856 1746 1884 ex

123 1893 344 1940 praemissis
371 1892 420 1940 (c.
441 1893 501 1939 22)
535 1896 653 1938 patet.
675 1893 824 1937 Corpus
858 1892 979 1939 igitur
1008 1892 1097 1928 coeli
1133 1901 1214 1929 non
1247 1893 1329 1939 agit
1363 1893 1411 1930 ad
1443 1894 1743 1939 generationem

124 1940 344 1977 secundum
383 1940 582 1986 propriam
623 1939 795 1985 speciem
833 1939 936 1976 sicut
974 1948 1098 1986 agens
1132 1940 1349 1985 principale
1367 1968 1376 1982 ,
1416 1941 1485 1977 sed
1523 1941 1743 1978 secundum

126 1987 299 2033 speciem
348 1987 518 2033 aliquus
563 1986 782 2032 superioris
816 1986 970 2032 agentis
1009 1986 1289 2023 intellectualis
1325 1987 1374 2024 ad
1406 1987 1512 2034 quod
1553 1997 1595 2025 se
1629 1988 1746 2025 habet

129 2043 276 2080 corpus
304 2034 466 2071 coeleste
502 2034 606 2071 sicut
636 2034 943 2070 instrumentum
984 2033 1032 2070 ad
1066 2043 1190 2079 agens
1224 2034 1455 2080 principale.
1488 2035 1576 2081 Agit
1614 2039 1745 2071 autem

127 2081 273 2118 coelum
296 2081 344 2117 ad
361 2081 658 2127 generationem
675 2080 893 2117 secundum
918 2080 1024 2127 quod
1042 2084 1234 2118 movetur.
1249 2082 1425 2118 Movetur
1445 2081 1567 2129 igitur
1585 2082 1744 2119 coeleste

127 2136 273 2173 corpus
293 2128 342 2164 ab
361 2127 766 2174 aliquaintellectuali
788 2128 1025 2164 substantia.

173 2174 318 2218 Adhuc,
339 2183 457 2211 omne
485 2174 591 2220 quod
611 2178 790 2211 movetur
819 2183 983 2211 necesse
1002 2178 1062 2211 est
1084 2175 1132 2212 ab
1163 2175 1296 2221 aliquo
1318 2176 1480 2215 moveri,
1499 2179 1541 2212 ut
1561 2177 1744 2222 superius

127 2221 169 2268 (l.
195 2230 223 2265 1,
242 2231 277 2258 6.
298 2221 354 2268 13)
370 2221 578 2268 probatum
598 2225 670 2258 est.
693 2222 844 2267 Corpus
871 2221 994 2267 igitur
1016 2222 1105 2258 coeli
1124 2222 1172 2258 ab
1190 2223 1325 2269 aliquo
1343 2226 1536 2260 movetur.
1555 2226 1630 2260 Aut
1650 2233 1744 2269 ergo

125 2268 226 2305 illud
259 2267 368 2305 aliud
399 2271 461 2305 est
486 2268 650 2305 omnino
680 2271 903 2313 separatum
936 2268 984 2305 ab
1021 2277 1082 2309 eo,
1105 2273 1173 2306 aut
1204 2273 1264 2306 est
1292 2269 1327 2306 ei
1365 2269 1534 2314 unitum,
1556 2270 1610 2306 ita
1639 2269 1745 2316 quod

127 2315 393 2361 compositum
424 2324 473 2352 ex
508 2315 608 2352 coelo
637 2318 674 2351 et
706 2318 888 2352 movente
909 2314 1063 2352 dicatur
1084 2325 1242 2353 movere
1271 2316 1464 2362 seipsum,
1487 2317 1528 2352 in
1554 2320 1745 2362 quantum

126 2371 209 2400 una
226 2371 317 2408 pars
338 2362 424 2408 ejus
461 2365 521 2399 est
542 2370 707 2399 movens
740 2366 778 2397 et
798 2362 877 2398 alia
911 2365 1029 2398 mota.
1051 2363 1090 2398 Si
1123 2366 1255 2400 autem
1277 2363 1335 2399 sic
1368 2366 1428 2399 est
1446 2362 1577 2408 (omne
1613 2367 1744 2400 autem

126 2417 293 2446 movens
328 2409 506 2455 seipsum
539 2412 600 2446 est
635 2409 766 2445 vivum
803 2413 839 2445 et
882 2409 1129 2455 animatum),
1164 2409 1344 2455 sequitur
1376 2409 1481 2456 quod
1518 2409 1658 2446 coelum
1694 2410 1746 2447 sit

127 2456 361 2500 animatum,
384 2464 465 2492 non
483 2459 615 2492 autem
632 2455 710 2492 alia
730 2456 863 2492 anima
879 2465 997 2501 quam
1015 2455 1297 2492 intellectuali:
1316 2464 1395 2492 non
1418 2456 1523 2492 enim
1542 2457 1742 2501 nutritiva,

126 2512 250 2550 quum
270 2503 312 2540 in
333 2511 379 2540 eo
401 2511 481 2539 non
509 2502 561 2538 sit
594 2503 796 2548 gener-atio
817 2505 855 2538 et
873 2502 1096 2548 corruptio;
1119 2511 1248 2549 neque
1286 2502 1490 2547 sensitiva,
1507 2513 1627 2550 quum
1662 2513 1744 2541 non

125 2550 270 2588 habeat
291 2558 531 2597 organorum
558 2549 847 2593 diversitatem;
872 2549 1052 2595 sequitur
1072 2558 1166 2595 ergo
1188 2549 1294 2595 quod
1320 2553 1524 2588 moveatur
1544 2550 1591 2587 ab
1613 2551 1745 2587 anima

124 2597 381 2634 intellectiva.
405 2596 444 2634 Si
463 2600 594 2633 autem
619 2600 798 2632 movetur
818 2606 841 2632 a
861 2600 1013 2632 motore
1037 2596 1277 2640 extrinseco,
1302 2599 1369 2633 aut
1389 2596 1487 2634 illud
1505 2597 1579 2634 erit
1605 2607 1743 2644 corpo—

121 2648 240 2682 'reum
259 2647 327 2682 aut
344 2644 637 2690 incorporeum.
659 2644 703 2679 Et
720 2643 753 2680 si
774 2642 932 2689 quidem
954 2651 1203 2688 corporeum,
1222 2651 1304 2679 non
1324 2647 1455 2681 movet
1477 2644 1555 2681 nisi
1577 2649 1743 2690 motum,

126 2694 172 2728 ut
207 2701 255 2728 ex
292 2691 567 2737 superioribus
597 2690 636 2737 (l.
665 2699 692 2734 1,
724 2700 756 2726 c.
788 2689 844 2735 13)
874 2693 998 2735 patet;
1023 2690 1219 2735 oportebit
1249 2698 1343 2736 ergo
1376 2693 1414 2727 et
1444 2691 1543 2728 illud
1580 2692 1627 2729 ab
1665 2693 1744 2729 alio

127 2738 299 2783 moveri;
319 2747 441 2785 quum
459 2742 589 2775 autem
610 2746 690 2774 non
711 2737 763 2773 sit
782 2736 993 2782 procedere
1013 2736 1055 2772 in
1072 2736 1269 2774 infinitum
1291 2738 1333 2774 in
1353 2738 1602 2784 corporibus,
1627 2748 1742 2784 opor-

127 2784 226 2821 tebit
244 2785 426 2822 devenire
459 2785 507 2822 ad
529 2785 698 2831 primum
718 2792 881 2820 movens
908 2783 1208 2829 incorporeum3
1227 2784 1333 2831 quod
1353 2788 1484 2822 autem
1505 2790 1564 2822 est
1585 2787 1742 2831 penitus

130 2839 155 2868 a
175 2839 335 2878 corpore
362 2835 587 2880 separatum
620 2834 774 2878 oportet
806 2839 896 2868 esse
921 2830 1201 2877 intellectuale,
1223 2835 1267 2869 ut
1285 2841 1333 2869 ex
1352 2832 1624 2879 superioribus
1654 2832 1693 2879 (l.
1713 2841 1742 2879 1,
