1894 3223
663 140 748 175 ΗΒ.
775 140 836 183 lv,
864 139 964 176 CAP.
991 139 1088 176 XXX.
1617 141 1688 178 545

109 223 210 263 Item,
236 221 271 259 si
304 219 464 263 nonnisi
486 219 696 266 phantasia
715 218 999 266 intelligendus
1020 222 1081 256 est
1106 217 1299 255 adventus
1320 217 1465 270 Christi
1494 217 1535 254 in
1567 227 1681 255 mun-

63 269 172 314 dum,
186 267 285 306 nihil
301 276 445 304 novum
460 267 499 303 in
521 266 661 304 Christi
684 265 851 302 adventu
872 265 1036 309 accidit;
1059 269 1150 302 nam
1168 268 1205 301 et
1224 265 1264 301 in
1283 265 1409 301 Veteri
1429 266 1682 303 Testamento

63 317 168 354 Deus
185 314 365 361 apparuit
383 313 507 361 Moysi
524 317 562 350 et
579 312 782 359 prophetis
811 312 1031 350 secundum
1055 311 1296 357 multiplices
1322 313 1485 357 figuras,
1503 316 1543 348 ut
1565 313 1684 350 etiam

64 363 259 408 scriptura
289 361 384 398 Novi
415 361 653 398 Testamenti
681 363 861 396 testatur.
905 360 984 396 Hoc
1016 362 1146 395 autem
1181 362 1304 395 totam
1337 358 1556 395 doctrinam
1589 359 1684 396 Novi

63 408 299 447 Testamenti
317 412 493 445 evacuat.
515 409 601 445 Non
635 407 755 454 igitur
781 414 926 453 corpus
958 405 1265 451 phantasticum,
1288 404 1358 442 sed
1378 414 1528 449 verum,
1560 406 1682 444 Filius

62 455 130 495 Dei
149 455 378 502 assumpsit.
1519 456 1522 458 ’
1608 484 1617 489 ,

722 564 889 605 CAPUT
924 564 1048 604 XXX.

388 680 438 708 DE
462 679 614 708 ERRORE
639 678 854 708 mmmm
879 678 995 708 cmca
1018 677 1354 708 chRNA‘rmmir.

110 783 178 819 His
211 785 342 819 autem
372 785 408 818 et
429 781 658 818 Valentinus
683 781 898 827 propinque
919 780 966 817 de
998 781 1188 827 mysterio
1224 782 1511 820 incarnationis
1532 785 1683 831 sensit3

62 829 277 867 dixitenim
299 828 404 875 quod
426 828 602 866 Christus
624 837 703 865 non
724 832 922 864 tcrreuuni
943 837 1088 874 corpus
1109 827 1257 872 habuit,
1275 830 1343 866 sed
1362 830 1408 866 dc
1426 832 1526 867 coelo
1543 841 1684 877 appor-

62 876 168 960 tlavin
185 878 223 913 et
241 875 346 922 quod
366 875 464 912 nihil
482 875 530 912 de
546 875 704 922 Virgine
725 878 848 911 matre
866 875 1029 920 accepit,
1049 875 1119 912 scd
1135 885 1202 921 per
1219 885 1306 913 cam
1326 878 1440 924 quasi
1466 887 1533 923 pcr
1551 888 1682 925 aquas-

91 925 224 960 uctum
244 922 437 959 transivit.

111 969 368 1007 Occasionem
400 973 531 1006 autem
565 969 628 1006 sui
658 969 805 1006 erroris
832 979 879 1006 ex
900 968 1138 1016 quibusdam
1159 969 1288 1007 verbis
1318 979 1441 1008 sacrm
1475 972 1683 1017 Scriititurfc

64 1017 265 1063 accepisse
288 1016 453 1053 videtur.
475 1016 624 1053 Dicitur
644 1017 748 1052 enim
773 1026 780 1050 :
802 1017 910 1052 Nemo
934 1016 1095 1051 ascendit
1125 1018 1165 1051 in
1185 1017 1307 1052 cirtam
1326 1019 1400 1053 ‘nisi
1420 1020 1483 1063 qui
1503 1019 1685 1054 <asomum

63 1064 105 1099 de
137 1064 231 1105 coelo,
252 1063 367 1099 Filius
384 1064 552 1107 hominis,
571 1065 636 1108 qui
663 1066 713 1098 cst
743 1065 783 1098 in
807 1063 933 1099 coelo...
952 1063 1022 1106 Qui
1052 1063 1096 1098 dc
1116 1064 1199 1098 coelo
1223 1066 1334 1106 venit,
1362 1075 1470 1109 super
1495 1076 1612 1101 omues
1633 1068 1684 1101 est

63 1111 223 1156 (Joann.,
244 1119 302 1150 111,
327 1113 367 1147 13
391 1113 428 1147 et
448 1110 529 1155 31);
553 1115 589 1145 et
616 1110 707 1146 dicit
726 1109 917 1146 Dominus
939 1121 946 1146 :
974 1110 1149 1145 Descendt
1176 1110 1220 1145 (Ie
1250 1112 1345 1155 coelo,
1374 1122 1444 1147 non
1478 1116 1518 1147 uc
1547 1114 1684 1155 faciam

62 1158 281 1193 voluntatem
292 1166 417 1197 meam,
434 1156 496 1192 secl
510 1157 728 1191 voluntatem
746 1156 823 1201 ejzcs
841 1157 905 1201 qui
920 1157 1019 1191 misit
1034 1166 1088 1192 me
1103 1156 1261 1201 (Jocmn.‚
1278 1166 1332 1200 VI,
1350 1159 1407 1204 38)
1426 1170 1433 1200 ;
1454 1162 1492 1194 ct
1511 1171 1518 1194 :
1539 1161 1683 1195 Primus

63 1204 164 1240 homo
185 1203 229 1239 de
247 1206 357 1247 terra,
378 1207 564 1246 tenentem
582 1203 758 1239 secundus
780 1203 880 1238 homo
899 1202 942 1237 de
961 1203 1055 1246 coelo,
1071 1204 1231 1240 coelestis.
1247 1203 1282 1249 (Ι
1299 1205 1393 1245 Cor„
1410 1213 1476 1245 xv,
1498 1205 1572 1251 47.)
1590 1207 1683 1249 Quae

63 1251 200 1288 omnia
228 1250 285 1287 sic
304 1250 472 1297 intelligi
490 1249 629 1287 volunt
657 1254 698 1286 ut
728 1249 909 1286 Christus
943 1249 990 1286 de
1010 1250 1111 1286 coelo
1146 1250 1264 1287 etiam
1285 1251 1503 1288 secundum
1538 1261 1682 1298 corpus

63 1297 319 1335 descendisse
339 1297 534 1334 credatur.

110 1344 289 1381 Procedit
306 1347 435 1381 autem
455 1348 536 1380 tam
555 1343 638 1381 haec
655 1344 851 1380 Valentini
864 1343 1008 1390 positio
1023 1353 1141 1389 quam
1154 1345 1461 1383 Manichaeorum
1477 1347 1684 1392 praemissa

63 1400 113 1429 ex
145 1400 225 1429 una
256 1391 358 1428 falsa
389 1390 533 1432 radice,
555 1391 648 1437 quia
679 1391 891 1427 credebaut
909 1391 1015 1437 quod
1036 1392 1120 1428 haec
1141 1392 1275 1428 omnia
1306 1396 1463 1430 terrena
1483 1403 1506 1430 a
1525 1394 1683 1433 diabolo

65 1438 146 1476 Sint
177 1442 321 1476 creata.
346 1438 468 1482 Unde,
501 1446 623 1484 quum
654 1438 768 1474 Filius
794 1439 861 1473 Dei
890 1439 932 1473 in
969 1438 1032 1473 hoc
1063 1441 1276 1484 apparuerit
1307 1442 1348 1474 ut
1373 1439 1549 1476 dissolvat
1576 1451 1685 1486 opera

63 1485 213 1526 diaboli,
237 1486 341 1522 sicut
367 1484 721 1531 dieitur(1J0ann.‚
750 1494 808 1528 111,
831 1484 881 1530 8),
907 1493 989 1521 non
1021 1485 1055 1521 ei
1084 1485 1330 1531 competebat
1358 1490 1401 1523 ut
1431 1487 1476 1523 de
1504 1493 1684 1526 creatura

63 1531 213 1570 diaboli
232 1541 377 1578 corpus
400 1534 634 1576 assumeret,
657 1541 779 1578 quum
799 1532 914 1568 etiam
938 1531 1085 1568 Paulus
1105 1532 1210 1569 dicat
1230 1544 1238 1568 :
1261 1533 1346 1576 thae
1360 1535 1508 1569 societas
1529 1535 1619 1571 lucis
1635 1535 1684 1571 ad

63 1579 228 1616 tenebras
241 1580 260 1614 ?
279 1589 356 1624 quse
376 1582 492 1614 autem
510 1580 693 1614 conventio
711 1579 847 1615 Christi
863 1579 912 1613 acl
929 1579 1074 1614 Belial?
1094 1578 1146 1625 (II
1162 1579 1256 1620 Cor„
1274 1588 1332 1624 VI,
1353 1583 1410 1624 14,
1427 1580 1499 1626 15.)
1522 1582 1576 1625 Et,
1590 1582 1685 1628 quia

62 1635 152 1674 quae
172 1625 220 1663 ab
247 1626 383 1662 eadem
406 1626 534 1662 radice
555 1625 774 1671 procedunt
793 1625 945 1662 similes
966 1626 1118 1662 fructus
1132 1626 1368 1672 producunt,
1390 1627 1431 1663 in
1448 1627 1551 1664 idem
1574 1628 1682 1666 salsi·-

63 1673 155 1711 tatis
179 1673 464 1710 inconveniens
484 1672 674 1709 relabitur
694 1672 776 1710 liaec
796 1672 942 1718 positio
963 1682 1051 1709 cuni
1072 1674 1271 1718 praedicta.

112 1720 433 1766 Uniuscujusque
466 1720 572 1756 enim
605 1718 753 1765 speciei
789 1723 883 1756 sunt
917 1719 1176 1757 determinata
1215 1720 1444 1758 essentialia
1477 1722 1681 1768 principia,

63 1767 270 1805 materiam
292 1767 380 1804 dico
401 1771 437 1804 et
452 1766 633 1810 formam,
651 1776 699 1803 ex
718 1766 1139 1812 quibusconstituitur
1162 1770 1262 1804 ratio
1281 1768 1427 1814 speciei
1447 1768 1488 1805 in
1512 1769 1574 1806 his
1596 1779 1684 1817 quae

63 1818 160 1852 sunt
193 1824 241 1851 ex
271 1814 435 1851 materia
458 1817 496 1850 et
525 1813 651 1850 forma
683 1813 916 1860 composita.
947 1814 1036 1857 Sed,
1065 1813 1169 1851 sicut
1200 1823 1292 1852 caro
1316 1815 1492 1852 humana
1511 1819 1614 1853 etos
1646 1819 1684 1855 et·

63 1860 291 1907 hujusmodi
312 1863 406 1898 sunt
434 1860 598 1897 materia
619 1861 778 1907 propria
798 1860 987 1905 hominis,
1012 1860 1068 1898 ita
1089 1861 1208 1906 ignis,
1230 1871 1310 1906 aer,
1333 1871 1435 1909 aqua
1452 1866 1490 1899 et
1520 1867 1624 1900 terra
1646 1867 1684 1900 et

62 1907 308 1954 hujusmodi,
330 1907 464 1954 qualia
483 1907 693 1950 sentimus,
716 1911 810 1944 sunt
838 1908 1004 1944 materia
1034 1908 1166 1945 carnis
1187 1911 1224 1945 et
1255 1908 1363 1946 ossis
1383 1912 1422 1945 et
1449 1909 1682 1954 hujusmodi

62 1954 246 2002 partium.
271 1955 310 1992 Si
329 1954 448 2002 igitur
470 1963 614 2000 corpus
636 1954 777 1991 Christi
797 1963 878 1991 non
898 1954 971 1990 fuit
988 1956 1202 1999 terrenum,
1236 1964 1309 1992 nec
1328 1955 1369 1992 in
1393 1955 1481 2002 ipso
1502 1957 1576 1993 t'uit
1592 1966 1684 1995 vera

61 2010 156 2040 caro
183 2006 220 2038 et
240 2011 376 2039 verum
400 2010 460 2044 os,
480 2001 550 2038 sed
571 2001 705 2038 omnia
723 2001 942 2038 secundum
959 2001 1228 2047 apparentiam
1247 2004 1415 2048 tantum,
1437 2007 1473 2039 et
1494 2003 1548 2040 ita
1566 2004 1682 2041 etiam

63 2057 144 2086 non
180 2048 255 2086 suit
288 2057 406 2085 verus
443 2049 564 2086 homo
578 2077 587 2092 ‚
621 2048 691 2085 sed
735 2057 954 2094 apparens;
990 2057 1113 2096 quum
1154 2053 1301 2094 tamen,
1338 2054 1381 2087 ut
1417 2049 1565 2087 dictum
1609 2055 1681 2097 est,

63 2096 150 2190 {2ae
184 2096 288 2132 dicat
312 2095 511 2188 :3.{23iritus
547 2105 692 2131 carnem
728 2099 762 2130 et
798 2105 881 2132 ossa
910 2105 982 2131 non
1016 2095 1135 2141 habet,
1161 2098 1256 2133 sicut
1291 2106 1347 2133 me
1372 2097 1504 2133 videtis
1539 2098 1680 2136 habere.

110 2152 181 2185 uc„
200 2150 310 2186 xxw,
382 2170 390 2178 .

109 2189 256 2233 Adhuc,
280 2197 424 2234 corpus
444 2188 603 2225 coeleste
628 2189 847 2225 secundum
879 2198 992 2226 suam
1022 2191 1204 2226 naturam
1236 2193 1299 2229 est
1325 2191 1621 2236 incorruptibile
1645 2196 1684 2230 et

59 2235 321 2279 inalterabile,
355 2238 393 2271 et
418 2238 526 2272 extra
557 2244 676 2272 suum
702 2236 765 2270 ubi
785 2245 865 2272 non
890 2238 1021 2281 potest
1054 2237 1271 2273 transferri.
1299 2238 1386 2274 Non
1404 2240 1533 2274 autem
1552 2239 1682 2276 decuit

61 2283 169 2331 quod
196 2282 266 2320 Dei
286 2282 406 2320 Filius
439 2281 618 2330 dignitati
629 2285 784 2332 ‚naturae
804 2284 1017 2328 assumptae
1038 2282 1185 2329 aliquid
1206 2283 1439 2327 detraheret,
1463 2285 1532 2321 sed
1554 2286 1682 2331 magis

62 2329 170 2377 quod
190 2338 278 2367 eam
298 2329 499 2366 exaltaret.
521 2331 607 2365 Non
625 2333 744 2376 igitur
766 2337 912 2374 corpus
932 2329 1091 2366 coeleste
1113 2332 1180 2367 aut
1198 2330 1493 2376 incorruptibile
1515 2332 1559 2367 ad
1583 2332 1682 2368 iute-

61 2376 168 2414 riora
184 2376 366 2422 portavit,
388 2376 458 2413 sed
477 2375 605 2422 magis
625 2379 875 2422 assumptum
894 2379 1094 2413 terrenum
1113 2385 1258 2423 corpus
1287 2381 1326 2414 et
1345 2377 1532 2422 passibile
1552 2378 1681 2416 incor-

61 2422 247 2468 ruptibile
265 2422 434 2460 reddidit
452 2426 491 2459 et
507 2423 680 2459 coeleste.

108 2471 210 2515 Item,
228 2469 443 2515 Apostolus
462 2469 554 2506 dicit
573 2469 620 2505 de
641 2468 739 2506 Filio
757 2469 824 2506 Dei
842 2469 949 2517 quod
967 2470 1088 2513 factus
1108 2473 1160 2505 est
1179 2471 1213 2505 ez·
1231 2480 1275 2506 επ
1285 2472 1417 2506 semine
1427 2471 1548 2507 David
1561 2482 1684 2509 secun-

62 2516 150 2601 ἔξω
168 2526 325 2569 carnem.
347 2515 477 2563 (Rom,
498 2525 526 2560 1,
547 2515 597 2561 3.)
616 2515 690 2552 Sed
710 2525 856 2562 corpus
887 2516 1008 2554 David
1026 2519 1227 2553 terrenum
1248 2517 1332 2554 suit.
1356 2519 1456 2564 Ergo
1479 2521 1517 2554 et
1535 2527 1681 2565 corpus

121 2567 219 2600 risti.

109 2611 295 2655 Amplius,
329 2609 434 2646 idem
463 2609 677 2655 Apostolus
700 2609 793 2647 dicit
817 2609 924 2655 quod
957 2612 1052 2647 Deus
1084 2611 1185 2646 misit
1205 2611 1335 2646 Filium
1351 2620 1457 2648 suum
1481 2613 1620 2655 factum
1639 2623 1684 2650 ex

62 2658 212 2694 muliere
232 2657 383 2703 (Galat.,
405 2664 463 2701 lv,
483 2656 519 2701 4)
538 2667 546 2700 ;
569 2658 607 2692 et
625 2656 732 2701 quod
744 2656 852 2691 Jacob
870 2658 996 2700 ,qenuit
1013 2657 1144 2702 Joseph
1161 2658 1281 2692 virum
1302 2658 1445 2702 Mariae,
1469 2659 1512 2694 cle
1531 2669 1603 2704 qua
1621 2670 1686 2696 nct-

62 2706 124 2741 tus
144 2706 199 2741 est
214 2705 330 2748 Jesus,
352 2705 416 2748 qui
433 2706 583 2738 vocatur
601 2703 776 2739 Christus.
797 2701 956 2749 (Matth.,
977 2712 1005 2746 Ι,
1034 2703 1109 2749 16.)
1129 2705 1214 2740 Non
1239 2706 1370 2741 autem
1390 2705 1450 2741 vel
1471 2714 1517 2741 ex
1538 2715 1584 2742 ea
1604 2706 1684 2743 fac-

62 2753 129 2788 tus
157 2751 221 2790 vel
252 2760 301 2787 ex
321 2760 367 2788 ea
387 2752 504 2788 natus
525 2749 734 2793 diceretur,
765 2749 799 2786 si
816 2749 947 2786 solum
967 2758 1037 2795 per
1056 2758 1143 2787 eam
1174 2750 1279 2787 sicut
1296 2760 1366 2796 per
1384 2750 1559 2789 fistulam
1578 2754 1684 2790 tran·

65 2797 198 2842 sisset,
218 2797 316 2834 nihil
339 2807 386 2834 ex
407 2806 454 2834 ea
473 2805 699 2833 assumens.
722 2797 776 2832 Ex
801 2805 847 2832 ea
862 2796 982 2842 igitur
1000 2804 1146 2842 corpus
1167 2798 1397 2843 assumpsit.

95 2844 300 2895 ζῆτα-θα,
330 2853 413 2882 non
445 2846 592 2895 posset·
605 2842 683 2880 dici
703 2846 829 2880 mater
845 2843 939 2880 Jesu
957 2842 1092 2888 Maria,
1112 2843 1219 2891 quod
1237 2844 1487 2892 Evangelista
1503 2849 1683 2892 testatur,

64 2897 141 2927 n1s1
159 2899 208 2928 ex
227 2900 275 2928 ea
297 2890 445 2938 aliquid
461 2892 692 2936 acceplsset.

1484 2967 1524 3000 35
