1894 3223
170 142 238 177 630
732 107 818 172 LIB.
845 137 904 178 tv,
933 137 1034 172 CAP.
1061 137 1234 173 LXXXIV.

169 219 275 269 quod
304 217 518 264 Apostolus
549 217 654 261 dicit,
675 219 692 253 I
712 216 901 257 Corinth„
920 225 987 261 xv,
1008 220 1067 260 40,
1089 217 1136 254 de
1165 219 1452 256 resurrectione
1472 218 1642 266 loquens
1664 230 1674 255 :
1695 219 1789 255 Sunt

168 277 319 311 corpora
346 265 500 300 coelestia
533 267 566 299 et
594 274 743 309 corpora
777 266 976 300 terrestria.
999 264 1151 308 Quibus
1183 265 1369 302 omnibus
1399 264 1609 311 suffragari
1636 265 1791 302 videtur

169 313 272 360 quod
293 311 521 357 Apostolus,
558 310 718 351 ibidem,
753 313 811 356 50,
836 311 944 356 dicit,
971 311 1075 357 quod
1096 321 1179 346 caro
1207 315 1239 346 et
1267 314 1416 356 sanquis
1443 323 1594 357 reqnum
1624 313 1690 348 Dei
1719 323 1790 348 non

163 359 412 406 possidebunt.
448 360 492 394 Et
523 357 581 394 sic
613 357 765 394 videtur
798 358 902 404 quod
939 367 1104 404 corpora
1135 359 1427 405 resurgentium
1464 369 1543 396 non
1587 358 1791 396 habebunt

168 415 328 443 carnem
360 409 398 441 et
449 405 697 451 sanguinem,
734 409 771 441 et
801 415 871 450 per
899 414 1151 451 consequens
1182 414 1254 441 nec
1292 405 1446 452 aliquos
1479 407 1682 443 humores.
1713 406 1787 442 Sed

168 454 310 490 harum
332 452 568 498 opinionum
591 461 701 488 error
720 452 927 488 manifeste
949 456 1121 498 apparet.

215 501 357 536 Nostra
378 499 482 535 enim
508 499 743 535 resurrectio
766 499 983 536 conformis
1005 499 1077 535 erit
1096 499 1376 536 resurrectioni
1391 499 1548 543 Christi,
1568 500 1788 537 secundum

168 546 266 582 illud
281 546 470 591 Apostoli,
488 545 669 591 Philipp,
686 555 742 588 111,
764 549 804 582 21
829 558 836 581 ε
857 547 1080 590 Reformavit
1100 557 1226 592 corpus
1245 547 1462 582 humilitatis
1482 550 1612 583 nostrae
1630 549 1788 592 conliqu-

167 597 288 629 ratum
317 595 458 638 corpori
495 594 673 628 claritatis
701 604 785 628 suae.
810 593 989 630 Christus
1014 596 1142 630 autem
1168 598 1258 639 post
1290 594 1620 630 resurrectionem
1650 594 1789 630 habuit

169 649 314 686 corpus
348 640 556 685 palpabile,
587 650 632 676 ex
665 640 851 676 carnibus
873 642 910 675 et
942 641 1102 677 ossibus
1133 641 1387 684 consistens;
1424 640 1528 686 quia,
1560 643 1603 677 ut
1632 640 1786 684 dicitur,

169 688 275 729 Luc„
298 695 421 729 xxiv„
444 690 502 729 39,
524 691 614 732 post
635 687 961 723 resurrectionem
981 687 1185 733 discipulis
1205 687 1322 724 dixit:
1342 688 1507 732 Palpate,
1524 687 1684 723 etvz‘ctete
1702 690 1790 733 quia

168 736 319 779 spiritus
355 744 497 768 carnem
528 737 561 769 et
594 745 673 769 ossa
708 745 778 769 non
816 735 933 778 habet,
971 736 1065 770 sicut
1095 745 1148 769 me
1177 735 1308 770 videtis
1345 735 1484 770 habere.
1513 736 1613 781 Ergo
1647 738 1684 770 et
1721 734 1788 770 atii

169 781 351 832 homines
373 785 625 828 resurgentes
643 790 808 826 corpora
828 781 1038 827 palpabilia
1060 781 1261 818 habebunt
1284 791 1331 818 ex
1350 781 1537 818 carnibus
1558 786 1594 818 et
1627 781 1787 818 ossibus

169 832 403 873 composita.

215 876 358 919 Adhuc,
381 875 512 911 anima
531 875 663 910 unitur
684 875 840 919 corpori
866 875 968 912 sicut
992 876 1117 912 forma
1137 876 1324 912 materiae.
1348 876 1485 912 Omnis
1506 879 1637 912 autem
1658 875 1788 913 forma

169 922 285 958 habet
307 922 604 958 determinatam
626 923 830 958 materiam
855 932 862 956 :
886 925 1040 967 oportet
1056 923 1161 959 enim
1180 932 1268 960 esse
1289 922 1587 969 proportionem
1609 925 1720 959 actus
1750 926 1788 959 et

169 969 366 1013 potentiae.
390 970 483 1004 Cum
519 969 638 1014 igitur
670 969 802 1005 anima
823 969 872 1006 sit
895 969 1031 1006 eadem
1053 970 1271 1007 secundum
1295 970 1482 1015 speciem,
1503 969 1658 1006 videtur
1680 970 1787 1016 quod

168 1015 311 1052 habeat
331 1016 508 1051 eamdem
541 1015 743 1052 materiam
765 1017 983 1052 secundum
1005 1017 1190 1062 speciem.
1214 1017 1292 1053 Erit
1314 1026 1407 1063 ergo
1428 1016 1532 1053 idem
1552 1025 1696 1061 corpus
1724 1026 1786 1054 se-

171 1063 344 1099 cundum
384 1062 552 1108 speciem
587 1066 676 1108 post
708 1063 1037 1100 resurrectionem
1070 1068 1106 1100 et
1138 1068 1253 1109 ante;
1276 1068 1314 1101 et
1335 1065 1393 1100 sic
1424 1067 1578 1109 oportet
1602 1064 1705 1110 quod
1735 1064 1787 1101 sit

170 1110 397 1146 consistens
421 1120 466 1145 ex
488 1110 689 1151 carnibus,
712 1115 749 1146 et
769 1111 944 1155 ossibus,
968 1115 1004 1147 et
1026 1111 1116 1147 aliis
1138 1111 1366 1157 hujusmodi
1386 1111 1575 1156 partibus.

215 1158 397 1201 Amplius,
437 1166 525 1192 cum
557 1156 595 1192 in
633 1156 860 1193 definitione
890 1167 1021 1194 rerum
1044 1159 1296 1202 naturalium,
1322 1168 1408 1205 quae
1430 1157 1629 1204 significat
1649 1168 1784 1195 essen—

168 1204 261 1240 tiam
284 1203 444 1248 speciei,
466 1208 634 1248 ponatur
656 1205 830 1247 materia,
852 1205 1121 1241 necessarium
1143 1210 1202 1242 est
1222 1205 1327 1252 quod
1349 1205 1497 1242 variata
1530 1206 1693 1242 materia
1727 1214 1785 1242 se-

169 1251 342 1287 cundum
365 1252 551 1295 speciem,
574 1252 744 1287 varietur
767 1252 921 1297 species
947 1252 1002 1288 rei
1018 1253 1221 1289 naturalis.
1244 1254 1367 1289 Homo
1387 1255 1516 1289 autem
1537 1261 1599 1288 res
1624 1256 1784 1288 natura-

168 1297 219 1334 lis
253 1302 326 1333 est.
357 1298 393 1333 Si
432 1297 552 1344 igitur
584 1303 673 1343 post
693 1299 1022 1335 resurrectionem
1045 1309 1124 1335 1100
1144 1299 1303 1336 habebit
1327 1309 1470 1344 corpus
1492 1299 1716 1336 consistens
1737 1309 1786 1351 ex

169 1345 356 1381 carnibus
398 1348 435 1380 et
467 1344 642 1388 ossibus,
665 1348 702 1381 et
733 1345 961 1391 hujusmodi
992 1346 1181 1391 partibus,
1205 1347 1306 1383 sicut
1326 1355 1431 1382 nunc
1451 1346 1581 1388 habet,
1613 1355 1694 1382 000
1714 1349 1786 1382 erit

169 1392 235 1438 qui
259 1395 453 1437 resurget,
472 1391 649 1437 ejusdem
672 1392 832 1437 speciei,
854 1393 923 1429 sed
945 1393 1072 1429 dictur
1091 1393 1212 1430 bomo
1238 1397 1391 1430 tantum
1415 1393 1630 1445 aequivoce.

214 1440 314 1478 Item,
354 1439 483 1484 magis
518 1438 637 1475 distat
670 1440 718 1475 ab
751 1440 883 1476 anima
912 1441 1033 1476 unius
1061 1440 1251 1485 bominis,
1288 1449 1432 1486 corpus
1454 1440 1615 1476 alterius
1636 1440 1784 1486 speciei

168 1494 287 1531 quam
325 1494 469 1529 corpus
496 1484 713 1522 humanum
735 1487 897 1524 alterius
917 1486 1105 1523 hominis.
1129 1487 1203 1524 Sed
1224 1487 1357 1524 anima
1378 1496 1457 1523 non
1483 1489 1612 1532 potest
1641 1487 1783 1524 iterato

168 1533 272 1568 uniri
310 1532 466 1577 corpori
504 1533 664 1569 alterius
696 1533 882 1578 hominis,
907 1538 948 1570 ut
975 1534 1015 1570 in
1045 1535 1221 1571 secundo
1248 1535 1349 1571 libro
1377 1533 1475 1581 (cap.
1498 1534 1556 1580 83)
1578 1537 1785 1586 ostensum

169 1582 240 1616 est.
270 1579 396 1631 ¹Multo
422 1579 542 1625 igitur
570 1580 701 1617 minus
734 1581 877 1626 poterit
905 1581 947 1617 in
976 1582 1264 1618 resurrectione
1298 1581 1402 1618 uniri
1434 1590 1591 1626 corpori
1615 1582 1781 1619 alterius

169 1635 187 1663 8
219 1636 329 1663 00101.

192 1639 403 1713 pPraetereo,
427 1673 473 1709 ad
506 1673 581 1710 hoc
614 1674 719 1720 quod
752 1674 873 1712 homo
906 1675 1008 1712 idem
1032 1685 1196 1713 numero
1219 1679 1412 1722 resurgat,
1432 1676 1700 1712 necessarium
1727 1680 1787 1714 est

169 1721 272 1767 quod
316 1725 444 1766 partes
486 1721 570 1766 ejus
602 1722 835 1759 essentiales
883 1722 960 1759 sint
1007 1724 1152 1760 eaedem
1192 1733 1371 1760 numero.
1409 1724 1447 1760 Si
1483 1724 1604 1769 igitur
1638 1732 1784 1768 corpus

168 1768 342 1804 bominis
374 1768 617 1814 resurgentis
648 1778 727 1805 non
760 1770 831 1805 erit
860 1780 906 1806 ex
931 1770 993 1807 1118
1026 1771 1213 1808 carnibus
1237 1770 1355 1807 ethis
1381 1770 1541 1807 ossibus
1573 1779 1620 1806 ex
1639 1770 1784 1817 quibus

167 1824 274 1851 nunc
296 1814 557 1860 componitur,
581 1825 660 1852 non
683 1816 754 1852 erit
774 1816 894 1853 110010
915 1827 1130 1863 resurgens
1149 1817 1251 1854 idem
1275 1826 1453 1854 numero.

215 1863 292 1898 Has
315 1867 444 1897 autem
466 1871 605 1898 0111008
624 1863 745 1899 salsas
768 1864 974 1909 opiniones
1003 1865 1327 1901 manifestissime
1346 1864 1417 1900 Job
1438 1865 1624 1909 excludit,
1647 1866 1784 1903 dicens

169 1909 261 1954 (xix,
284 1909 343 1955 26)
370 1919 377 1942 :
402 1910 556 1945 Rursum
573 1910 821 1945 circumdabor
829 1912 924 1955 pelle
942 1922 1032 1951 mea,
1053 1915 1086 1947 et
1106 1913 1145 1947 in
1162 1922 1270 1947 carne
1282 1922 1361 1946 mea
1378 1911 1503 1947 videbo
1522 1914 1634 1948 Deum
1651 1926 1661 1948 .-
1682 1923 1785 1959 quem

166 1957 312 1990 visurus
331 1967 410 1991 sum
430 1966 491 2000 090
510 1958 595 2000 ipse,
620 1960 652 1991 et
671 1968 742 1992 non
763 1958 870 1994 alius.

216 2003 367 2038 Habent
397 2007 525 2039 autem
563 2007 597 2038 ct
632 2004 800 2049 singulae
833 2005 1107 2050 praedictarum
1140 2005 1374 2050 opinionum
1408 2006 1569 2051 propria
1598 2007 1784 2043 inconve-

166 2049 484 2086 nientiaPonere
495 2050 595 2085 enim
610 2059 754 2095 corpus
767 2052 934 2088 transire
947 2052 985 2088 in
999 2053 1181 2098 spiritum
1191 2057 1321 2089 estom
1329 2052 1421 2089 0100
1431 2053 1786 2098 impossibile.Non

168 2097 270 2132 enim
307 2101 514 2133 transeunt
544 2098 726 2142 invicem,
749 2098 826 2135 nisi
847 2108 933 2144 quae
953 2099 993 2135 10
1012 2100 1176 2136 materia
1187 2100 1495 2136 communicant.
1515 2100 1785 2146 Spiritualium

167 2147 298 2179 autem
329 2148 365 2179 et
387 2145 651 2188 corporalium
686 2154 765 2181 non
796 2149 925 2191 potest
957 2155 1046 2183 esse
1079 2146 1387 2183 communicatio
1417 2147 1459 2183 in
1488 2148 1666 2193 materia,
1695 2157 1785 2184 cum

168 2190 399 2227 substantife
439 2192 666 2235 spirituales
696 2192 775 2228 sint
802 2193 964 2229 omnino
998 2193 1294 2234 immateriales,
1318 2197 1361 2230 ut
1396 2193 1434 2230 in
1471 2195 1647 2231 secundo
1682 2195 1782 2232 libro

168 2237 267 2282 (cap.
289 2240 333 2273 49
356 2243 393 2273 et
413 2238 469 2283 50)
493 2242 697 2274 ostensum
720 2244 790 2275 est.
809 2240 1058 2285 Impossibile
1075 2244 1135 2278 est
1148 2241 1270 2288 igitur
1289 2241 1394 2287 quod
1408 2250 1552 2287 corpus
1565 2241 1785 2279 humanum

165 2288 340 2320 transeat
366 2285 405 2320 10
428 2285 690 2322 substantiam
712 2287 972 2331 spiritualem.

212 2333 311 2371 Item,
328 2332 359 2367 si
374 2336 549 2368 transeat
568 2333 606 2368 in
626 2334 886 2370 substantiam
908 2335 1154 2380 spiritualem
1170 2344 1314 2381 corpus
1330 2335 1562 2375 humanum,
1579 2340 1645 2373 aut
1659 2340 1785 2374 trans-

162 2378 235 2414 ibit
274 2379 311 2413 111
348 2381 473 2423 ipsam
511 2380 753 2424 spiritualem
790 2381 1051 2417 substantiam
1083 2391 1169 2428 quae
1199 2387 1259 2418 est
1292 2383 1436 2427 anima,
1460 2383 1587 2419 autin
1609 2383 1783 2430 aliquam

167 2426 298 2461 aliam.
340 2426 375 2461 Si
409 2426 447 2461 111
478 2427 618 2471 ipsam,
636 2431 730 2464 tunc
751 2431 840 2472 post
861 2429 1192 2465 resurrectionem
1215 2439 1294 2465 non
1314 2434 1420 2466 esset
1449 2430 1488 2465 in
1509 2429 1671 2467 1101111110
1706 2431 1783 2468 11181

167 2472 322 2515 anima,
354 2473 455 2509 sicut
489 2478 525 2509 ct
554 2479 643 2510 ante
677 2476 1021 2512 resurrectionem.
1045 2477 1130 2511 Non
1160 2476 1280 2522 igitur
1309 2476 1584 2513 immutaretur
1607 2477 1783 2514 conditio

165 2518 339 2555 bominis
362 2530 429 2565 per
451 2522 795 2557 iesurrectionem.
817 2523 853 2558 Si
875 2527 1005 2558 autem
1026 2523 1207 2559 transibit
1228 2523 1265 2558 in
1290 2524 1407 2560 aliam
1427 2524 1691 2561 substantiam
1708 2525 1784 2570 spi-

166 2566 359 2611 ritualem,
398 2572 585 2613 sequetur
615 2569 719 2614 quod
753 2580 799 2605 ex
831 2570 984 2606 duabus
1024 2570 1257 2606 substantiis
1296 2571 1569 2615 spiritualibus
1591 2571 1783 2608 efficietur

166 2613 314 2658 aliquid
337 2623 459 2650 unum
480 2615 518 2650 in
540 2619 679 2651 natura
697 2628 704 2659 ;
723 2616 825 2662 quod
846 2620 905 2652 est
926 2617 1089 2653 omnino
1109 2617 1368 2663 impossibile,
1388 2618 1479 2664 qula
1494 2618 1678 2665 quaelibet
1692 2618 1782 2656 sub-

167 2661 311 2696 stantia
330 2661 545 2705 spiritualis
565 2667 624 2698 est
640 2672 754 2707 perse
775 2664 1012 2700 subsistens.

212 2706 391 2743 Similiter
430 2709 544 2744 etiam
576 2709 824 2754 impossibile
855 2715 915 2747 est
950 2711 1053 2757 quod
1082 2720 1226 2757 corpus
1258 2711 1435 2749 hominis
1455 2712 1698 2759 resurgentis
1731 2711 1781 2748 sit

165 2753 278 2803 quasi
294 2763 464 2798 aereum,
488 2760 524 2791 et
540 2757 665 2793 ventis
693 2757 835 2793 simile.
860 2759 1018 2803 Oportet
1041 2758 1146 2794 enim
1166 2759 1498 2804 corpushominis
1519 2757 1780 2804 etcujuslibet

165 2800 349 2836 animalis
369 2800 513 2837 habere
526 2803 824 2840 determinatam
839 2804 1005 2852 figuram
1021 2805 1060 2840 in
1074 2808 1157 2842 toto
1172 2806 1263 2842 etin
1275 2806 1465 2851 partibus.
1480 2807 1627 2850 Corpus
1647 2810 1776 2842 autem

166 2846 316 2882 babens
355 2847 653 2885 determinatam
673 2850 854 2897 figuram,
880 2855 1033 2897 oportet
1051 2852 1155 2898 quod
1188 2852 1298 2888 sitin
1328 2862 1370 2889 80
1401 2851 1662 2894 terminabile,
1685 2852 1778 2898 quia

165 2892 291 2939 figura
313 2897 372 2930 est
385 2904 470 2940 quae
494 2898 677 2943 termino,
699 2898 756 2933 vel
780 2898 958 2936 terminis
980 2898 1350 2945 comprehenditur3
1371 2908 1438 2935 aer
1458 2902 1588 2935 autem
1613 2907 1692 2935 11011
1715 2903 1776 2936 est
