1894 3223
629 93 718 131 ΠΒ.
743 93 805 138 w,
829 93 934 132 CAP.
959 93 1138 131 Lxxxm.
1621 94 1692 130 625

74 178 226 215 naturai
244 174 410 213 excedit.
437 175 524 212 Non
551 173 675 221 igitur
701 179 764 212 est
793 175 977 222 ponenda
1011 173 1241 221 hujusmodi
1263 173 1471 212 alternatio
1490 173 1632 212 moitis
1651 183 1693 211 et

72 223 177 268 vitae,
198 231 272 260 nec
290 230 360 268 pei·
378 229 632 268 consequens
651 222 757 268 quod
778 231 890 260 resur
920 222 1025 259 entia
1038 231 1205 268 corpora
1221 221 1452 258 moriantur.

124 269 308 316 Amplius,
335 277 594 315 quaecumque
616 269 835 306 succedunt
860 269 895 306 si
926 269 937 305 i
957 269 997 305 in
1024 269 1162 306 eodem
1184 267 1377 314 subjecto,
1398 267 1544 304 habent
1562 266 1693 305 deter-

77 317 271 354 minatam
289 323 517 352 mensuram
537 324 621 352 suae
641 315 860 352 durationis
880 316 1098 352 secundum
1120 320 1289 361 tempus.
1311 315 1452 352 Omnia
1468 318 1597 352 autem
1619 314 1694 352 hu-

70 362 252 411 jusmodi
288 361 466 408 subjecta
499 366 594 399 sunt
625 362 751 399 motui
775 362 878 402 coeli,
907 372 1024 408 quem
1055 367 1211 407 tempus
1241 361 1527 407 consequitur:
1558 361 1695 399 anima

73 413 209 448 autem
236 413 431 455 separata,
454 418 534 446 non
558 413 619 446 est
638 409 815 455 subjecta
835 409 958 445 motui
972 408 1076 450 coeli,
1092 409 1184 455 quia
1198 408 1351 445 excedit
1369 411 1489 444 totam
1510 412 1692 445 naturam

73 455 339 503 corporalem.
358 456 572 493 Alternatio
592 456 714 503 igitur
745 455 1005 502 separationis
1030 455 1117 501 ejus
1136 460 1175 491 et
1195 455 1357 492 unionis
1375 455 1424 491 ad
1443 463 1588 500 corpus
1611 463 1693 492 non
1752 467 1760 489 ‚⁴

76 503 258 550 subjacet
279 503 402 539 motui
423 503 528 540 coeli.
549 504 632 539 Non
654 503 776 550 igitur
795 505 855 538 est
872 502 962 538 talis
981 502 1188 538 circulatio
1210 502 1251 537 in
1273 501 1532 538 alternatione
1553 501 1694 540 mortis

77 554 117 588 et
134 550 237 591 vitae,
259 550 389 596 qualis
409 547 599 597 sequitur,
622 549 656 586 si
684 553 937 595 resurgentes
956 549 1098 585 iterum
1129 549 1364 586 moriantur.
1385 549 1605 595 Resurgent
1625 548 1695 596 igi-

74 601 141 635 tur
159 597 207 634 de
232 600 372 634 caetero
394 605 473 634 non
494 595 688 633 morituri.

126 644 225 681 Hinc
246 647 306 681 est
325 643 430 690 quod
451 643 610 688 dicitur,-
627 645 718 687 lsa.‚
740 652 836 688 xxv,
858 646 880 680 8
900 656 910 680 :
931 645 1178 689 Praecipitavit
1194 644 1367 679 Dominus
1386 645 1533 678 mortem
1551 644 1592 678 in
1606 652 1694 680 sem-

71 693 282 738 piternum3
301 694 340 727 et
357 694 492 736 Apoc.,
512 698 593 732 xxi,
613 692 659 726 24
682 700 690 724 :
712 692 811 727 Mors
836 691 935 726 ultra
953 701 1025 726 non
1044 692 1126 726 erit.

124 740 197 775 Per
218 738 294 775 hoc
313 741 443 774 autem
463 737 681 774 excluditur
700 746 810 774 error
829 737 1090 783 quorumdam
1110 737 1364 783 antiquorum
1382 736 1603 782 gentilium,
1624 735 1692 783 qui

79 785 292 822 credebant
325 784 462 821 eadem
492 787 728 829 temporum,
758 785 1112 830 temporaliumque
1148 793 1279 822 rerum
1310 784 1515 820 volumina
1545 783 1691 829 repeti;

76 831 186 868 verbi
207 831 345 878 gratia,
365 832 469 868 sicut
486 830 527 868 in
546 832 622 868 isto
644 831 791 867 saeculo
813 832 922 867 Plato
952 831 1217 876 philosophus
1251 831 1293 867 in
1322 830 1417 868 urbe
1446 830 1691 873 Atheniensi,

77 882 116 915 et
136 878 176 915 in
195 878 332 914 eadem
354 878 505 921 schola,
525 886 611 925 quae
631 878 842 914 Academia
861 878 964 914 dicta
996 882 1069 921 est,
1092 878 1309 924 discipulos
1343 878 1476 914 docuit
1496 889 1504 921 ;
1538 877 1593 914 ita
1623 886 1694 923 per

75 924 384 962 innumerabilia
402 929 508 961 retro
529 925 676 962 saecula
695 925 831 961 multis
862 925 1020 971 quidem
1036 925 1200 970 prolixis
1220 924 1450 967 intervallis,
1472 924 1543 961 sed
1562 926 1692 961 tamen

76 972 211 1017 certis,
231 975 269 1008 et
287 971 391 1008 idem
414 972 535 1014 Plato,
558 975 596 1008 et
614 971 748 1008 eadem
772 972 924 1016 civitas,
947 976 985 1008 et
1006 972 1142 1008 eadem
1161 972 1315 1015 schola,
1342 971 1539 1017 iidemque
1574 970 1693 1008 disci-

74 1018 159 1066 puli
180 1018 348 1065 repetiti,
370 1022 408 1055 et
426 1028 494 1064 per
511 1018 817 1055 innumerabilia
838 1019 995 1055 demum
1016 1019 1162 1056 saecula
1182 1018 1382 1064 repetendi
1414 1022 1520 1061 sunt,
1542 1021 1586 1055 ut
1614 1021 1690 1054 Au-

74 1065 263 1113 gustinus
281 1065 493 1102 introducit
512 1065 552 1101 in
573 1065 724 1102 decimo
742 1067 792 1101 De
805 1067 874 1100 civ.
902 1067 978 1101 Dei.
999 1066 1055 1102 Ad
1073 1065 1194 1111 quod,
1216 1069 1258 1101 ut
1287 1065 1371 1109 ipse
1404 1065 1551 1101 ibidem
1583 1064 1691 1108 dicit,

75 1111 236 1158 quidam
259 1112 404 1149 referre
422 1112 559 1148 volunt
589 1112 686 1148 illud
713 1112 817 1158 quod
838 1113 993 1154 dicitur,
1014 1114 1153 1153 Eccle.,
1175 1122 1202 1156 1,
1218 1115 1238 1148 9
1262 1111 1383 1154 :Quid
1405 1115 1456 1146 est
1480 1111 1576 1156 quod
1587 1112 1694 1154 ficit?

75 1159 198 1204 Ipsum
215 1159 311 1204 quod
327 1160 494 1202 futurum
513 1161 582 1194 est¹>
604 1158 700 1201 Quid
726 1161 778 1193 cst
803 1159 897 1203 quod
912 1160 1050 1202 frictum
1069 1162 1121 1194 est
1135 1160 1284 1203 Plpsum
1301 1158 1397 1203 quod
1410 1158 1617 1201 faciendum
1628 1161 1691 1194 est.

75 1205 178 1243 Nihil
201 1206 269 1241 sub
295 1206 365 1241 sole
382 1215 537 1247 πουωης
564 1215 628 1240 nec
651 1206 746 1241 valet
765 1207 957 1251 quisquam
981 1206 1126 1241 dicere:
1157 1207 1245 1242 Ecce
1271 1206 1335 1241 hoc
1370 1215 1490 1240 recens
1522 1208 1586 1248 cst,
1611 1205 1693 1250 jam

74 1253 171 1288 enim
190 1253 376 1298 praecessit
397 1254 438 1287 in
457 1252 596 1288 saecttlis
618 1262 697 1297 quae
714 1253 865 1296 fuerunt
884 1255 967 1288 ante
985 1262 1062 1289 nos.
1085 1252 1197 1296 Quod
1217 1252 1376 1298 quidem
1397 1261 1477 1288 non
1499 1252 1558 1288 sic
1577 1251 1691 1288 intel·

78 1299 282 1346 ligendum
305 1302 365 1336 est
384 1298 490 1346 quod
509 1299 646 1336 eadem
661 1308 826 1336 numero
844 1309 914 1345 per
927 1300 1207 1345 generationes
1222 1299 1351 1336 varias
1367 1302 1604 1344 repetantur,
1621 1298 1692 1336 sed

77 1346 222 1383 similia
259 1346 403 1391 specie,
441 1349 486 1383 ut
521 1346 769 1391 Augustinus
801 1346 949 1383 ibidem
987 1346 1103 1383 solvit
1135 1358 1143 1382 ε
1184 1349 1222 1383 et
1256 1346 1488 1383 Aristoteles
1530 1345 1571 1382 in
1613 1347 1692 1382 tine

79 1394 131 1428 De
152 1395 380 1437 qeneratione
399 1392 474 1430 hoc
494 1392 624 1438 ipsum
646 1393 780 1430 docuit
798 1397 937 1430 contra
954 1393 1178 1439 praediclam
1199 1397 1346 1430 sectam
1367 1392 1550 1439 loquens·

681 1538 850 1580 CAPUT
875 1539 1086 1581 Lxxxlll.

173 1659 273 1694 QUOD
298 1659 339 1689 IN
364 1658 683 1689 RESURRECTIONE
703 1659 789 1707 ‘NON
816 1659 909 1688 ERIT
931 1659 1026 1689 USUS
1052 1659 1224 1690 GIBORUM
1246 1660 1297 1690 ET
1319 1660 1595 1691 VENEREORUM.

126 1770 180 1806 Ex
198 1768 416 1815 praemissis
436 1771 566 1805 autem
588 1767 812 1805 ostenditur
840 1769 945 1815 quod
972 1769 1076 1816 apud
1103 1769 1287 1807 homines
1321 1774 1576 1818 resurgentes
1608 1779 1690 1808 non

75 1815 152 1854 erit
169 1823 427 1852 venereorum
447 1819 485 1852 et
504 1815 681 1852 ciborum
702 1824 815 1853 usus.

123 1864 287 1900 Remota
306 1862 409 1898 enini
432 1861 510 1898 vita
526 1862 786 1908 corruptibili,
806 1871 971 1900 necesse
985 1866 1046 1900 est
1059 1864 1252 1901 removeri
1270 1874 1317 1901 ea
1336 1874 1423 1912 quae
1442 1864 1690 1911 corruptibili

75 1909 164 1946 vitae
179 1909 420 1946 deserviunt.
450 1908 696 1945 Manifestum
731 1913 792 1946 est
817 1914 947 1946 autem
981 1910 1087 1957 quod
1111 1911 1289 1948 ciborum
1315 1921 1415 1949 usus
1445 1911 1691 1957 corruptibili

75 1957 164 1993 vitae
189 1956 380 1999 deservit;
396 1955 444 1992 ad
463 1956 538 1992 hoc
558 1956 663 1992 enim
682 1955 792 1993 cibos
806 1957 1050 1994 assumimus
1063 1960 1105 1994 ut
1119 1958 1319 2003 corruptio
1335 1967 1422 2004 quae
1439 1963 1576 2004 posset
1593 1959 1693 1995 acci·

76 2003 170 2040 dere
189 2012 236 2040 ex
255 2003 557 2048 consumptione
577 2003 771 2040 naturalis
792 2003 956 2048 humidi,
987 2004 1164 2042 evitetur.
1196 2006 1262 2042 Est
1291 2005 1407 2042 etiam
1435 2006 1477 2042 in
1506 2004 1690 2051 praesenti

76 2050 257 2102 ciborum
276 2057 375 2086 usus
395 2050 646 2101 necessarius
673 2049 723 2086 ad
754 2055 1026 2096 augmentum,
1045 2051 1151 2099 quod
1182 2055 1273 2098 post
1293 2052 1625 2089 resurrectionem
1647 2053 1690 2089 in

77 2096 309 2133 hominibus
330 2104 409 2132 non
431 2100 517 2139 erit,
539 2096 835 2148 quia-homines
851 2097 891 2133 in
913 2098 1043 2135 debita
1073 2099 1291 2145 quantitate
1328 2102 1549 2145 resurgent,
1571 2104 1613 2136 ut
1643 2109 1691 2136 ex

76 2143 195 2180 dictis
213 2142 311 2189 (cap.
329 2142 392 2194 ,81)
411 2146 529 2194 patet.
551 2143 740 2179 Similiter
765 2144 992 2181 commixtio
1023 2146 1145 2182 maris
1178 2149 1216 2182 et
1247 2146 1409 2182 semiiiae
1443 2146 1690 2192 corruptibili

75 2190 165 2227 vitae
185 2189 379 2233 deservit3
400 2189 606 2226 ordinatur
625 2189 726 2225 enim
747 2190 795 2226 ad
813 2192 1124 2236 generationem,
1145 2201 1215 2238 per
1233 2202 1352 2237 quam
1376 2192 1481 2239 quod
1501 2197 1689 2238 perpetuo

76 2237 305 2274 conservari
345 2245 427 2273 non
461 2239 590 2281 potest
628 2238 848 2273 secundum
885 2237 1148 2282 individuum,
1180 2238 1221 2275 in
1253 2239 1384 2285 specie
1419 2243 1688 2276 conservatur.

79 2284 291 2320 ostensum
330 2287 392 2320 est
424 2285 553 2335 autem
576 2282 676 2329 (cap.
697 2283 827 2330 praec.)
847 2284 952 2330 quod
973 2285 1262 2331 resurgentium
1282 2286 1360 2322 vita
1379 2286 1690 2332 incorruptibilis

76 2331 162 2367 erit.
185 2332 271 2368 Non
303 2330 424 2376 igitur
443 2339 485 2366 in
515 2329 814 2375 resurgentibus
840 2331 913 2367 erit
939 2331 1117 2368 ciborum
1142 2341 1270 2379 neque
1295 2341 1554 2370 venereoruni
1577 2342 1687 2371 usus.

123 2377 268 2419 Adhuc,
295 2377 373 2413 vita
395 2377 686 2423 resurgentium
708 2386 787 2413 uon
808 2378 942 2414 minus
971 2378 1152 2415 ordinata
1172 2380 1242 2416 erit
1265 2389 1382 2425 qnam
1412 2389 1587 2425 przesens
1611 2381 1690 2417 vita

77 2424 149 2461 sed
170 2424 320 2471 magis;
341 2425 435 2470 quia
454 2424 502 2460 ad
523 2424 630 2460 illam
651 2424 771 2461 homo
791 2425 990 2467 perveniet
1008 2426 1097 2462 solo
1122 2427 1203 2463 Deo
1234 2431 1388 2473 agente,
1423 2428 1524 2464 lianc
1559 2430 1689 2464 autern

76 2471 337 2517 consequitur
355 2474 593 2516 cooperante
614 2473 767 2508 natura.
787 2471 862 2508 Sed
886 2472 928 2508 in
947 2471 1021 2509 hac
1041 2472 1118 2509 vita
1145 2473 1324 2510 ciborum
1356 2482 1455 2510 usus
1486 2473 1692 2511 ordinatur

78 2517 127 2554 ad
148 2517 319 2568 aliquem
340 2516 482 2561 sinem;
504 2517 553 2568 ad
573 2517 648 2568 lioc
668 2517 771 2554 enim
792 2518 903 2555 cibus
924 2520 1143 2555 assumitur
1160 2524 1204 2556 ut
1221 2529 1291 2565 per
1318 2519 1579 2565 digestionem
1600 2529 1693 2558 con-

78 2567 304 2600 vertaturin
325 2572 482 2609 corpus.
513 2564 551 2599 Si
571 2564 804 2609 igiturtunc
830 2565 904 2601 erit
935 2565 1112 2602 ciborum
1142 2575 1254 2607 usus,
1284 2568 1480 2612 oportebit
1503 2568 1609 2614 quod
1641 2567 1691 2605 ad

78 2609 153 2648 hoc
175 2611 228 2647 sit
247 2610 351 2657 quod
369 2613 619 2647 convertatur
637 2611 678 2646 in
699 2620 857 2656 eorpus.
879 2613 974 2648 Cum
995 2621 1088 2657 ergo
1109 2622 1132 2649 a
1150 2622 1315 2658 corpore
1335 2613 1434 2650 nihil
1456 2615 1688 2658 resolvatur,

75 2666 126 2694 eo
145 2657 249 2704 quod
272 2666 418 2702 corpus-
449 2657 522 2693 erit
540 2657 856 2703 incorruptibile,
889 2658 1082 2703 oportebit
1114 2659 1258 2704 dicere,
1293 2660 1400 2706 quod
1424 2664 1551 2699 totum
1583 2662 1690 2708 quod

76 2703 319 2741 convertitur
339 2713 385 2740 ex
405 2703 607 2744 alimento,
625 2706 801 2742 transeat
826 2704 866 2740 in
889 2708 1158 2751 augmentum.
1189 2708 1380 2754 Resurget
1408 2711 1540 2745 autem
1569 2708 1689 2745 homo

78 2751 120 2787 in
137 2750 269 2788 debita
288 2751 521 2797 quantitate,
541 2754 584 2786 ut
603 2758 723 2797 supra
743 2750 842 2797 (cap.
864 2751 923 2797 81)
947 2751 1093 2788 dictum
1113 2755 1186 2788 est.
1209 2755 1308 2799 Ergo
1330 2755 1529 2799 perveniet
1548 2756 1596 2792 ad
1616 2757 1689 2791 im-

79 2798 322 2834 moderatam
356 2798 640 2848 quanti'tatem3
677 2797 936 2836 immoderata
963 2802 1024 2835 est
1050 2798 1156 2836 enim
1188 2799 1387 2847 quantitas
1412 2811 1499 2848 quae
1519 2801 1689 2839 debitam

76 2844 336 2890 quantitatem
357 2844 521 2881 excedit.

1464 2924 1503 2955 40
