1894 3223
718 130 803 166 Lm.
833 130 891 173 IV,
919 129 1018 165 CAP.
1047 129 1139 165 xm.
1666 131 1737 165 515

117 213 258 259 ceptio,
280 211 499 253 secundnm
519 210 669 247 scilicet
688 210 792 256 quod
813 212 916 247 Deus
939 210 1115 256 intelligit
1140 210 1330 255 seipsum,
1353 213 1506 256 oportet
1526 210 1631 256 quod
1668 219 1734 256 po-

118 259 237 296 tentia
255 260 302 296 ad
323 257 592 305 generandum
613 257 651 293 in
675 258 754 294 Deo
772 258 821 294 sit
838 258 939 293 sicut
960 258 1131 303 potentia
1153 257 1199 293 ad
1222 257 1519 304 intelligendum
1541 257 1731 303 seipsum.

121 308 175 350 Et,
195 314 315 353 quum
336 304 555 350 intelligere.
571 303 745 349 seipsum
765 304 805 340 in
829 306 905 340 Deo
919 305 967 339 sit
988 313 1107 340 unum
1126 308 1163 340 et
1180 304 1357 349 simplex.
1373 307 1525 349 oportet
1543 307 1580 340 et
1600 308 1734 350 poten-

119 353 209 389 tiam
235 351 477 398 intelligendi
497 351 783 397 seipsum,qu{e
795 360 876 387 non
900 355 959 387 cst
979 351 1081 387 aliud
1103 361 1221 396 quam
1243 360 1341 387 suus
1364 356 1487 390 actus,
1505 361 1592 387 esse
1615 360 1735 388 unam

117 402 281 436 tantum.
305 400 355 434 Ex
377 398 510 435 eadent
534 407 627 444 ergo
651 397 822 444 potentia
837 402 896 434 est
916 401 953 433 et
973 398 1076 443 quod
1095 398 1259 433 Verbum
1282 399 1525 442 concipiatur
1556 402 1593 435 et
1628 399 1734 445 quod

118 446 252 483 dicens
268 446 436 481 Verbum
457 445 674 490 concipiat;
698 444 800 480 unde
821 455 866 480 ex
887 445 1023 480 eadem
1045 444 1218 489 potentia
1237 450 1295 479 est
1316 446 1419 490 quod
1446 447 1554 481 Pater
1575 449 1737 491 generet

117 495 155 529 et
173 492 277 539 quod
302 492 417 529 Filius
438 495 659 539 generetur.
683 492 836 528 Nullam
867 500 961 537 ergo
985 491 1196 536 potentiam
1233 490 1349 527 habet.
1372 493 1482 528 Pau-1·
1506 502 1622 538 quain
1654 501 1732 529 non

116 539 259 576 habeat
281 539 420 583 Filius3
443 539 511 576 sed
535 541 645 575 Pater
663 538 779 575 habet
799 538 845 574 ad
878 547 1065 584 generare
1086 538 1349 583 generativam
1370 540 1595 583 potentiani,
1616 540 1735 576 Filius

118 589 248 624 autem
272 586 534 633 adgenerari:
557 594 642 632 quae
663 586 748 622 sola
768 585 954 622 relatione
983 584 1137 621 differre
1159 594 1204 620 cx
1225 585 1337 621 dictis
1356 590 1472 630 patet.

163 634 250 677 Sed,
272 634 362 680 quia
378 633 591 679 Apostolus
610 632 745 669 Filium
768 632 832 668 Dei
853 632 943 669 dicit
971 632 1130 668 verbum
1152 631 1308 674 habere,
1332 642 1376 668 cx
1397 642 1474 679 quo
1497 634 1608 679 sequi
1629 633 1735 670 vide-

117 683 182 717 tur
200 680 305 727 quod
328 680 408 716 Filii
428 680 478 716 sit
500 679 603 716 silius
624 684 658 715 et
679 679 787 716 Verbi
809 680 984 724 verbum,
1004 679 1335 716 considerandum
1358 683 1414 715 est
1432 681 1597 724 filialiter
1617 681 1736 718 verba,

118 727 294 774 Apostoli
312 726 389 764 hoc
407 726 574 764 dicentis
597 726 676 763 sint
695 726 962 773 intelligenda.
986 726 1082 763 Dicit
1102 725 1205 762 enim
1226 738 1232 761 :
1256 727 1388 761 Diebus
1411 728 1487 761 istis
1519 728 1654 763 meatus
1683 731 1736 763 cst

118 774 219 810 nobis
236 775 275 810 in
294 775 398 818 Filio,
420 778 457 810 et
475 778 610 820 postea
633 785 640 810 :
663 773 744 817 Qui,
764 784 871 818 quum
891 776 938 809 sic
963 774 1133 818 splendor
1159 774 1281 817 qlcrz'ae
1318 776 1350 808 et
1378 776 1497 818 stylum
1527 775 1737 810 substantia?

119 821 209 866 ejus,
226 825 444 866 portansque
462 823 582 856 onmia
598 822 700 856 verbo
719 822 865 856 virtutis
885 831 970 859 suge,
993 823 1065 857 etc.
1090 820 1205 866 (Παλ,
1235 830 1260 863 1,
1281 824 1315 859 2,
1339 822 1388 866 3.)
1414 821 1643 866 llujusmodi
1666 832 1734 858 au—

119 871 195 905 tem
219 869 459 905 intellectum
482 877 637 904 suiucre
661 871 814 914 oportet
849 878 895 904 ex
931 867 992 904 liis
1012 877 1098 913 qute
1114 868 1195 913 jam
1232 867 1332 904 dicta
1365 871 1470 904 sunt.
1505 868 1654 905 Dictum
1676 871 1737 906 est

121 915 224 952 enirn
246 915 349 962 qnod
371 915 574 960 conceptio
597 915 808 960 saruc-ntiae.
840 924 925 960 quae
947 918 1006 951 est
1026 915 1206 959 Verbum,
1228 915 1428 960 sapientise
1464 915 1537 951 sibi
1568 916 1737 952 vindicat

122 971 281 999 nomen.
302 962 470 999 Ulterius
493 967 622 998 autem
644 962 946 1007 procedentibus
965 965 1123 1008 apparet
1143 962 1249 1008 quod
1278 962 1395 998 etiam
1429 963 1598 999 exterior
1619 962 1735 999 effec-

121 1013 185 1046 tus
204 1019 251 1046 ex
271 1009 529 1054 conceptione
552 1009 751 1054 sapientiae
773 1009 1007 1054 proveniens
1028 1009 1219 1054 sapientia
1240 1008 1313 1045 dici
1337 1011 1476 1053 potest,
1493 1018 1561 1054 per
1574 1009 1735 1046 modum

121 1065 199 1102 quo
221 1055 385 1092 effectus
408 1064 550 1092 nomen
572 1065 701 1092 causa}
723 1055 796 1092 sibi
815 1056 977 1092 assumi!
997 1069 1005 1099 3
1038 1056 1179 1092 dicitur
1211 1056 1313 1091 enim
1345 1056 1535 1102 sapientia
1569 1056 1736 1101 alicujus

58 1123 64 1129 κ
121 1111 210 1139 esse
232 1111 311 1139 non
333 1103 459 1139 solunt
482 1103 516 1138 id
539 1103 643 1148 quod
663 1102 860 1148 sapienter
877 1103 1084 1149 excogitat,
1108 1103 1176 1138 sed
1195 1103 1310 1138 etiam
1334 1102 1370 1138 id
1402 1103 1505 1148 quod
1538 1104 1738 1148 sapienter

121 1149 215 1185 facit
234 1161 242 1193 ;
263 1159 308 1186 ex
333 1158 411 1195 quo
433 1148 621 1194 contingit
645 1152 683 1184 ut
704 1149 818 1185 etiam
841 1149 1046 1194 explicatio
1070 1149 1210 1185 divinae
1242 1149 1443 1193 sapientiae
1477 1159 1545 1194 per
1577 1158 1677 1195 opus
1697 1150 1736 1185 in

120 1195 239 1233 rebus
258 1195 399 1233 creatis
421 1196 484 1232 Dei
502 1196 691 1240 sapientia
712 1197 875 1240 dicatur,
892 1196 1110 1232 secundum
1130 1195 1226 1232 illud
1245 1208 1252 1231 ε
1274 1197 1352 1240 Ipse
1371 1198 1505 1231 creavit
1525 1197 1639 1237 illam,
1663 1197 1738 1233 sci-

110 1236 211 1280 ‘licet
228 1242 473 1289 sapientiam,
494 1244 529 1277 in
547 1243 688 1288 Spiritu
705 1245 848 1284 εαηοῐος
871 1247 908 1278 et
929 1246 1065 1288 postea
1079 1243 1170 1279 dicit
1188 1252 1195 1276 :
1217 1245 1263 1278 Et
1281 1242 1410 1287 effudit
1427 1244 1528 1278 illam
1545 1254 1652 1289 super
1671 1254 1741 1279 om-

119 1292 184 1326 nia
201 1300 310 1335 opera
327 1300 408 1326 sua.
431 1290 570 1336 (Ecetra.
589 1299 615 1333 1,
636 1293 670 1327 9.
696 1289 766 1335 lo.)
786 1290 846 1326 Sic
866 1290 987 1336 igitur
1007 1293 1041 1326 et
1056 1290 1091 1326 id
1115 1289 1219 1336 quod
1242 1300 1288 1326 ex
1308 1290 1431 1326 Verbo
1449 1290 1618 1327 efficitur
1634 1291 1738 1327 verbi

120 1345 266 1374 nomen
290 1336 462 1382 accepit;
489 1346 576 1373 nam
598 1341 635 1373 et
656 1337 694 1372 in
717 1337 831 1374 nobis
853 1336 1054 1382 expressio
1089 1337 1285 1373 interioris
1316 1336 1422 1373 verbi
1442 1346 1511 1382 per
1531 1346 1666 1374 vocem
1687 1337 1741 1374 di·

120 1384 221 1421 citur
239 1383 415 1423 verbum,
432 1383 545 1430 quasi
560 1383 608 1420 sit
629 1384 789 1420 verbum
811 1384 932 1428 verbi,
954 1384 1047 1431 quia
1068 1387 1128 1420 est
1144 1384 1340 1420 interioris
1354 1384 1459 1420 verbi
1479 1384 1736 1421 ostensivum.

120 1430 187 1468 Sic
203 1430 323 1477 igitur
348 1439 429 1468 non
447 1430 577 1468 solum
598 1430 716 1467 divini
737 1431 961 1468 intellectus
981 1431 1186 1477 conceptio
1209 1431 1349 1467 dicitur
1365 1431 1544 1475 Verbum,
1559 1431 1664 1478 quod
1680 1435 1742 1468 est

123 1477 255 1518 Filius,
281 1477 350 1514 sed
369 1477 483 1514 etiam
505 1477 713 1523 explicatio
742 1477 860 1514 divini
880 1482 1097 1523 conceptus
1120 1487 1186 1523 per
1213 1487 1333 1523 opera
1352 1478 1545 1515 exteriora
1576 1479 1739 1515 verbum

122 1524 234 1561 Verbi
259 1524 497 1561 nominatur.
521 1526 563 1560 Et
583 1524 640 1561 sic
661 1527 814 1570 oportet
831 1525 996 1571 intelligi
1013 1525 1118 1571 quod
1150 1524 1269 1561 Filius
1304 1528 1432 1570 portet
1461 1525 1594 1562 omnia
1620 1525 1739 1562 verbo

122 1571 278 1608 virtutis
299 1580 394 1614 suae,
417 1571 518 1607 sicut
535 1574 572 1607 et
591 1571 626 1607 id
647 1571 751 1617 quod
774 1571 940 1618 legitur:
959 1573 1073 1616 anz's,
1104 1571 1258 1616 arando,
1293 1574 1372 1612 πίω,
1410 1572 1554 1616 9lacz‘es,
1587 1573 1741 1617 spiritus

122 1619 377 1664 procellarum,
413 1629 490 1663 qtae
517 1619 658 1662 faciunt
689 1619 835 1654 verbum
865 1619 956 1663 ejus.
996 1619 1159 1663 (Psalm,
1189 1627 1348 1662 cnvm,
1384 1620 1444 1662 8),
1472 1620 1561 1665 quia
1591 1619 1741 1656 scilicet

122 1675 191 1749 pel}
219 1665 381 1701 virtutes
412 1670 680 1702 creaturarum
715 1666 958 1711 explicantur
996 1665 1134 1702 divinae
1171 1666 1443 1711 conceptionis
1483 1666 1648 1702 effectus
1698 1666 1739 1702 in

122 1721 163 1749 re
194 1721 255 1749 us.
678 1714 689 1723 ·

169 1759 299 1804 Quum
317 1768 411 1796 vero
430 1760 548 1802 Deus,
568 1759 827 1806 intelligendo
848 1759 1037 1806 seipsum,
1059 1760 1194 1798 omnia„
1213 1761 1288 1797 alia
1308 1761 1515 1808 intelligat,
1535 1765 1575 1798 ut
1593 1761 1740 1798 dictum

122 1809 195 1847 est,
217 1809 371 1852 oportet
389 1806 495 1852 quod
517 1806 682 1843 Verbum
707 1808 749 1842 in
769 1807 849 1843 Deo
869 1810 1117 1852 conceptum,
1141 1816 1189 1844 ex
1218 1817 1264 1844 co
1284 1808 1389 1854 quod
1424 1808 1599 1853 seipsum
1630 1808 1744 1845 intel-

122 1852 225 1900 ligit,
247 1853 301 1890 sit
317 1853 434 1890 etiam
454 1853 614 1889 verbum
636 1861 759 1890 unum
781 1857 819 1890 et
838 1853 939 1890 idem
963 1855 1141 1891 omnium
1174 1863 1320 1891 reruni.
1343 1857 1427 1892 Non
1450 1860 1579 1891 tamen
1592 1856 1739 1892 codem

120 1899 241 1937 modo
261 1902 323 1937 est
340 1899 507 1937 Verbum
528 1900 594 1936 Dei
617 1903 655 1937 et
687 1900 853 1937 aliarum
886 1909 1042 1944 1·e1<um;
1074 1910 1164 1938 nam
1197 1902 1263 1938 Dei
1297 1902 1455 1948 quidem
1481 1902 1648 1939 Verbum
1680 1905 1742 1939 est

120 1947 227 1984 sicut
243 1947 291 1984 ab
312 1955 360 1984 eo
380 1947 614 1992 procedens,
636 1947 801 1984 aliarum
824 1952 953 1984 autem
974 1957 1104 1984 rerum
1125 1957 1207 1985 non
1228 1949 1332 1985 sicut
1351 1958 1399 1986 ex
1417 1950 1476 1986 eis
1494 1949 1740 1995 procedens;

121 2001 204 2030 non
235 1994 340 2030 enim
369 1995 474 2031 Deus
505 2003 526 2030 a
557 1994 677 2031 rebus
707 1995 914 2031 scientiam
947 1995 1081 2038 sumit,
1117 1996 1186 2032 sed
1211 1996 1340 2042 magis
1367 2005 1436 2042 per
1466 2004 1579 2033 suam
1610 1997 1740 2033 scien·

119 2041 215 2077 tiam
235 2041 363 2078 resin
390 2049 479 2078 esse
509 2041 702 2087 producit,
725 2046 767 2078 ut
799 2050 920 2087 supra
951 2045 1158 2079 ostensum
1188 2046 1262 2080 est.
1297 2043 1457 2089 Oportet
1483 2044 1604 2090 igitur
1634 2042 1739 2090 quod

118 2087 288 2135 Verbum
313 2087 394 2139 ‘Dei
431 2088 606 2124 omnium
639 2097 726 2134 quae
762 2087 866 2125 facta
893 2092 988 2126 sunt
1023 2089 1126 2126 ratio
1161 2089 1335 2136 perfecta
1363 2090 1538 2127 exsistat.
1567 2090 1742 2134 Qualiter

121 2137 252 2170 autem
289 2134 538 2174 Singulorum
571 2134 735 2177 propria,
767 2136 869 2171 ratio
903 2144 993 2172 esse
1031 2136 1180 2177 possit,
1217 2145 1264 2173 ex
1302 2137 1365 2175 his
1403 2146 1489 2182 quae
1527 2137 1567 2173 in
1609 2137 1746 2182 primo

127 2179 230 2217 libro
277 2183 439 2216 tractata
474 2183 567 2216 sunt
611 2180 862 2216 manilesturn
903 2185 988 2224 est,
1033 2181 1099 2217 ubi
1138 2184 1341 2218 ostensum
1387 2185 1447 2218 est
1487 2181 1591 2228 quod
1632 2183 1735 2218 Deus

129 2226 308 2264 omnium
345 2226 542 2272 propriam
574 2226 841 2272 cognitionem
868 2226 996 2263 habet.
1034 2227 1278 2274 Quicumque
1309 2230 1438 2264 autem
1470 2228 1563 2265 facit
1586 2227 1738 2274 aliquid.

125 2282 198 2319 per
239 2272 479 2310 intellectum
520 2274 703 2318 operatur
741 2281 810 2319 per
851 2274 1042 2310 rationem
1088 2282 1218 2310 rerum
1256 2274 1445 2310 factarum
1481 2283 1596 2320 quam
1632 2274 1738 2320 apud

127 2327 173 2357 se
206 2318 350 2363 habet3
388 2320 530 2357 domus
563 2319 682 2363 enim,
717 2328 804 2365 quae
844 2323 902 2356 est
940 2320 981 2355 in
1016 2320 1198 2364 materia,
1236 2319 1278 2356 fit
1313 2322 1362 2356 ab
1396 2320 1629 2358 aedificatore
1667 2330 1739 2366 per

131 2365 274 2403 domus
294 2366 485 2402 rationem
505 2374 623 2412 quam
641 2365 759 2402 habet
776 2365 815 2401 in
837 2369 980 2402 mente.
1002 2367 1211 2403 ostensum
1241 2369 1302 2403 est
1323 2370 1452 2403 autem
1485 2376 1605 2413 supra
1628 2367 1735 2414 quod

133 2413 238 2449 Deus
257 2420 320 2448 res
340 2411 381 2448 in
400 2420 492 2449 esse
512 2412 703 2458 producit,
724 2420 803 2448 non
825 2412 991 2449 naturali
1017 2413 1266 2456 necessitate,
1288 2413 1355 2450 sed
1378 2414 1489 2460 quasi
1524 2423 1592 2458 per
1620 2413 1739 2450 intel·

131 2458 277 2495 lectum
295 2461 334 2494 et
351 2458 591 2495 voluntatem
609 2467 748 2505 agens.
776 2459 878 2495 Fecit
899 2459 1018 2505 igitur
1038 2460 1141 2496 Deus
1161 2460 1296 2496 omnia
1320 2468 1388 2505 per
1410 2460 1574 2496 Verbum
1601 2468 1737 2501 suum,

133 2504 238 2551 quod
259 2507 318 2542 est
338 2505 438 2541 ratio
459 2514 589 2541 rerum
608 2505 796 2542 saetarum
817 2504 864 2541 ab
882 2504 983 2551 ipso.
1005 2505 1102 2541 Hinc
1123 2509 1182 2542 est
1201 2505 1304 2551 quod
1333 2506 1476 2542 dieitur
1495 2516 1503 2541 :
1525 2507 1655 2543 Omnia
1670 2516 1740 2552 per

124 2553 247 2597 ipsum
263 2552 463 2594 factasunt
482 2550 640 2597 (Joann.‚
660 2559 687 2594 1,
709 2550 770 2597 3);
799 2551 865 2588 cui
897 2555 1091 2588 consonat
1119 2552 1223 2597 quod
1252 2553 1420 2598 Moyses,
1444 2553 1581 2589 mundi
1609 2553 1733 2599 origi-

129 2606 218 2634 nem
237 2597 478 2642 describens‚
498 2597 540 2633 in
570 2596 741 2643 singulis
768 2596 953 2642 operibus
982 2597 1049 2633 tali
1077 2599 1199 2634 utitur
1229 2598 1348 2635 modo
1369 2598 1554 2645 loquendi
1587 2611 1597 2635 ε
1630 2601 1740 2636 Dz'oeit

126 2645 221 2680 Deus
241 2655 253 2678 .-
271 2645 354 2680 Fiat
372 2644 450 2687 lum,
481 2646 514 2679 et
540 2644 641 2687 facta
670 2646 723 2679 est
749 2643 814 2678 lux
818 2669 889 2679 .....
915 2645 1019 2679 Dixit
1049 2653 1185 2689 quoque
1214 2646 1304 2680 Deus
1327 2656 1338 2680 :
1364 2647 1446 2681 Fiat
1474 2648 1737 2691 firmamentum

129 2689 247 2737 (Gem,
267 2699 295 2734 1,
317 2692 337 2727 3
357 2694 395 2726 et
414 2690 448 2736 6)
465 2700 474 2734 ;
494 2692 532 2726 et
550 2690 609 2726 sic
627 2689 676 2726 de
694 2689 797 2726 aliis.
825 2690 919 2733 Quae
938 2689 1073 2726 omnia
1106 2691 1316 2728 psalmista
1345 2692 1654 2738 comprehendit,
1678 2693 1738 2730 di·

127 2745 224 2774 cens
242 2737 352 2784 :ipse
369 2737 488 2779 dimin
505 2739 539 2772 et
555 2737 657 2779 facta
675 2738 770 2771 sunt.
800 2735 934 2772 Psalm.
956 2744 1115 2781 cnvm,
1133 2736 1184 2783 5.)
1204 2737 1338 2774 Dicere
1364 2738 1467 2775 enim
1493 2743 1554 2776 est
1574 2739 1737 2776 verbum

131 2783 360 2827 producere.
382 2783 445 2820 Sic
465 2791 559 2829 ergo
578 2782 781 2828 intelligen
813 2789 878 2818 um
898 2785 958 2818 est
984 2782 1090 2830 quod
1110 2784 1204 2819 Deus
1223 2783 1334 2831 dimit,
1355 2787 1389 2820 et
1404 2786 1507 2829 facta
1524 2789 1620 2827 sunt,
1643 2787 1738 2833 quia

129 2828 296 2866 Verbum
312 2829 508 2875 produxit,
535 2838 605 2874 per
630 2828 734 2875 quod
754 2836 818 2865 res
842 2828 882 2864 in
904 2836 992 2865 esse
1012 2828 1196 2874 produxit
1214 2829 1318 2867 sicut
1348 2840 1417 2876 per
1452 2841 1585 2869 earum
1615 2833 1736 2869 ratio-

129 2883 220 2912 nem
257 2875 483 2922 perfectam.
526 2874 614 2920 Sed,
648 2874 742 2921 quia
776 2874 881 2911 idem
916 2876 978 2912 est
1015 2883 1138 2912 causa
1181 2878 1496 2916 conservationis
1534 2887 1664 2916 rerum
1696 2881 1738 2915 et
