1894 3223
660 135 747 171 ΗΒ.
776 135 835 179 IV,
862 135 963 172 CAP.
990 135 1104 172 LXXI.
1624 136 1691 172 607

69 214 164 251 dicit
181 214 286 251 enim
306 214 522 260 Apostolus
542 226 552 251 t
572 216 695 261 Neque
711 216 919 260 fornicarii,
945 225 1059 260 neque
1074 215 1182 252 idolis
1212 219 1415 257 servientes,
1446 226 1558 262 neque
1589 216 1692 252 adul-

70 263 182 298 teri...
203 271 354 305 rcqnum
372 262 436 296 Dei
453 261 699 306 possidebunt.
729 263 776 298 Et
805 263 878 298 ltaec
911 263 1056 307 quidem
1082 264 1232 306 fuistis;
1264 264 1326 298 secl
1357 265 1474 299 abluti
1505 265 1602 304 estis,
1629 265 1692 299 secl

68 309 286 353 sanctificati
304 309 400 347 estis,
418 308 481 343 scd
494 308 689 354 justificati
707 310 805 353 estis,
826 311 865 344 in
880 310 1022 344 nomine
1043 311 1189 346 Domini
1206 313 1322 345 nostri
1339 312 1422 347 Jrsu
1442 311 1588 350 Christi,
1604 313 1637 346 et
1652 312 1691 346 in

69 355 211 400 Spiritu
230 355 295 390 Dei
309 357 437 389 nostri.
461 356 494 401 (Ι
511 356 607 398 σωκ,
627 364 685 400 vi,
707 355 819 402 9·ll.)
838 357 1087 392 Manifestum
1124 361 1184 394 est
1212 358 1327 394 etiam
1361 358 1465 405 quod
1499 357 1623 403 gralia
1650 357 1692 394 in

70 401 329 438 sacramentis
349 401 493 439 collata
522 406 672 440 naturae
701 402 850 439 bonum
870 410 950 439 non
971 403 1128 447 minuit,
1148 403 1218 440 sed
1245 408 1375 451 auget.
1414 406 1586 441 Pertinet
1619 413 1688 441 au-

68 452 146 484 tem
168 448 243 484 hoc
264 447 312 485 ad
330 448 479 486 bonurn
500 453 650 486 naturae
666 449 771 496 quod
787 458 810 486 a
829 452 989 494 peccato
1010 449 1240 488 reducibilis
1261 451 1312 487 sit
1338 451 1378 487 in
1400 455 1550 488 statum>
1574 451 1691 497 justi-

70 495 153 538 tiae;
175 503 267 531 nam
285 497 462 541 potentia
481 496 528 533 ad
560 496 708 533 bonum
729 495 928 542 quoddam
954 495 1103 533 bonum
1133 501 1206 534 est.
1246 498 1382 542 teritur,
1423 499 1456 534 si
1485 499 1692 544 contingat

68 550 231 624 pectc'iffe
258 545 349 588 post
377 542 546 590 gratiam
576 546 814 590 perceptam,
844 542 974 580 adhuc
987 542 1108 580 homo
1134 525 1364 582 seducibilis
1385 544 1459 580 erit
1475 545 1523 581 ad
1544 548 1691 582 statum

86 597 132 626 us
153 599 162 625 1
184 597 242 626 ite.

65 598 80 636 J
115 635 260 680 Adhuc,
283 637 316 674 si
337 641 548 683 peccantes
570 640 661 684 post
681 637 924 682 Baptismum
955 635 1002 673 ad
1033 637 1199 683 gratiam
1226 638 1354 675 redire
1388 648 1469 676 non
1504 643 1690 685 possunt,

68 682 222 720 tollitur
240 683 298 721 eis
313 693 406 730 spes
425 684 582 722 salutis.
602 683 828 730 Desperatio
852 688 981 719 autem
1003 688 1064 720 est
1093 684 1158 721 via
1186 684 1235 721 ad
1268 685 1390 721 libero
1421 687 1691 731 peccandum;

71 729 216 766 dicitur
236 731 342 768 enim
364 731 412 768 de
431 730 668 777 quibusdam
690 730 795 777 quod
814 730 1042 775 desperantes
1059 732 1262 777 semetipsos
1282 731 1513 768 tradiderunt
1531 734 1692 779 impudi-

68 777 176 820 citiae,
200 779 240 813 in
260 780 502 823 operationem
519 777 760 814 immunditiae
778 779 905 821 omnis,
927 779 966 812 in
993 779 1203 814 avaritiam.
1226 778 1386 824 (Ephes,
1409 788 1463 816 lv.
1486 779 1558 825 19.)
1591 780 1694 816 Peri·

69 823 408 908 gulosissimadest
436 825 558 872 igitur
591 824 677 862 haec
706 824 869 871 positio,
901 832 988 870 quie
1018 824 1059 860 in
1091 827 1240 863 tantam
1270 826 1468 863 sentinam
1507 826 1690 864 vitiorum

100 870 254 908 omines
274 872 312 908 in
348 872 440 908 ucit.

117 918 308 959 matter-ea,
328 923 534 955 ostensum
555 921 616 955 est
634 927 756 964 supra
781 918 830 964 (c.
849 917 911 963 70)
944 918 1051 964 quod
1082 918 1211 966 gratia
1239 919 1282 956 in
1314 920 1576 957 sacramentis
1604 929 1692 967 per-

68 967 188 1010 cepta
209 973 289 1002 non
312 965 518 1003 constituit
541 964 742 1002 hominem
762 964 1072 1010 impeccabilem.
1105 966 1144 1002 Si
1176 966 1297 1012 igitur
1326 971 1418 1012 post
1450 968 1615 1014 gratiam
1650 967 1692 1004 in

69 1012 334 1050 sacramentis
364 1015 586 1058 perceptam
618 1020 787 1058 peccans
820 1011 867 1048 ad
899 1015 1046 1048 statum
1073 1012 1236 1058 Justitiae
1267 1014 1394 1050 redire
1428 1022 1509 1050 non
1540 1018 1691 1060 posset,

68 1058 338 1103 periculosum
359 1063 466 1096 esset
484 1062 732 1096 sacramenta
751 1059 975 1104 percipere;
1007 1059 1112 1105 quod
1140 1063 1245 1105 patet
1266 1069 1356 1097 csse
1388 1061 1689 1099 inconveniens.

68 1106 156 1188 gion
192 1105 315 1153 igitur
340 1105 597 1152 peccantibus
624 1109 715 1152 post
733 1110 980 1142 sacramenta
1014 1110 1198 1152 percepta
1229 1107 1381 1144 reditus
1421 1107 1470 1144 ad
1498 1108 1691 1153 justiliam

100 1160 171 1188 ene
205 1156 305 1189 atur.

118 1160 202 1235 Hocg
236 1199 354 1236 etiam
394 1199 627 1237 auctoritate
665 1208 788 1236 sacrae
816 1199 1027 1245 Scripturae
1053 1200 1323 1238 confirmatur.
1358 1201 1506 1238 Dicitur
1539 1201 1645 1238 enim
1681 1214 1688 1238 :

66 1245 191 1282 Filioli
203 1248 285 1287 mei,
310 1247 382 1282 haec
400 1246 515 1282 scribo
533 1246 646 1291 vobis,
667 1249 708 1281 ut
723 1256 795 1282 non
809 1248 977 1291 peccatis.
996 1247 1079 1290 Sed,
1100 1249 1182 1283 etsi
1199 1249 1282 1293 quis
1304 1251 1521 1293 peccaverit,
1543 1249 1695 1284 advoca-

69 1295 147 1328 tum
166 1293 334 1329 habemus
356 1293 458 1339 apud
475 1295 633 1338 Patrem,
653 1294 772 1329 Jesum
789 1293 1147 1337 Christumjustum3
1168 1297 1203 1330 et
1225 1297 1304 1340 ipse
1322 1298 1374 1331 est
1396 1297 1612 1341 propitiatio
1624 1305 1695 1341 pro

65 1341 227 1386 peccatis
243 1341 378 1376 nostris
398 1340 434 1387 (I
448 1341 595 1381 Joann„
615 1349 658 1384 11,
684 1343 717 1382 l,
737 1340 789 1386 2);
811 1350 898 1387 quae
918 1340 1077 1386 quidem
1098 1342 1218 1379 verba
1232 1342 1486 1379 manifestum
1509 1347 1567 1379 est
1588 1341 1693 1389 quod

69 1385 256 1424 fidelibus
275 1387 355 1432 jam
377 1387 526 1424 renatis
541 1387 876 1433 proponebantur.
908 1388 1056 1424 Paulus
1091 1389 1210 1425 etiam
1243 1389 1445 1426 Corinthio
1480 1389 1694 1427 fornicario

70 1433 207 1470 scribit
227 1445 236 1470 z
258 1434 404 1479 Sufficit
422 1435 492 1478 illi,
514 1435 578 1478 qui
593 1434 771 1479 eiusmodi
788 1437 852 1474 est,
871 1433 1076 1479 objttrqatio
1094 1436 1167 1472 haec
1189 1445 1269 1482 quae
1286 1438 1364 1481 sita
1377 1437 1562 1481 pluribus,
1580 1438 1633 1471 ita
1652 1438 1695 1472 ut

68 1490 88 1516 e
107 1482 288 1516 contrario
305 1483 423 1525 ma9is
442 1481 596 1524 donetis,
625 1484 659 1516 et
686 1481 916 1517 consolemini
944 1480 995 1527 (ΙΙ
1012 1482 1107 1527 Cor„
1137 1491 1181 1526 11,
1214 1485 1249 1527 6,
1278 1482 1331 1529 7);
1362 1487 1400 1520 et
1431 1483 1534 1520 infra
1566 1483 1690 1519 dicit:

69 1526 228 1572 Gaudeo,
247 1538 319 1564 non
347 1529 435 1573 quia
463 1529 668 1563 contristati
697 1529 780 1564 estis
816 1528 864 1563 acl
890 1529 1141 1572 poenitentiam
1174 1530 1226 1575 (II
1242 1529 1337 1570 Gor„
1357 1538 1444 1571 VIII,
1467 1530 1516 1576 9);
1547 1529 1693 1567 dicitur

69 1573 186 1610 etiam
212 1584 220 1609 t
245 1576 298 1610 Tu
317 1578 436 1610 autem
453 1576 639 1618 fornicata
655 1584 690 1611 es
709 1585 788 1610 cum
817 1575 1039 1611 amatoribus
1057 1576 1203 1619 multis;
1224 1579 1345 1612 tamen
1363 1581 1537 1613 revertere
1557 1577 1606 1613 ad
1624 1587 1690 1621 me,

68 1620 160 1657 dicit
177 1623 350 1657 Dominus
372 1621 526 1667 Herem„
542 1630 602 1666 111,
625 1622 675 1668 1);
693 1625 731 1658 et
752 1633 760 1657 :
784 1622 951 1658 Converte
969 1632 1045 1663 nos,
1066 1625 1228 1668 Domine,
1247 1623 1297 1658 ad
1313 1626 1358 1665 te,
1376 1628 1410 1659 et
1431 1627 1689 1668 convertemur3

68 1669 206 1704 ‘lnnova
223 1668 298 1704 clies
316 1672 468 1708 nostros,
489 1670 582 1704 sicut
610 1678 633 1704 a
662 1669 858 1714 principio.
893 1668 1054 1713 (Taren,
1074 1677 1114 1706 v.
1137 1670 1214 1715 21.)
1248 1671 1302 1707 Ex
1332 1671 1477 1717 quibus
1507 1671 1692 1709 omnibus

69 1718 231 1799 agparlet
251 1715 371 1762 quod,
393 1716 427 1752 si
448 1715 586 1753 fideles
602 1719 693 1761 post
705 1711 878 1762 'gratiam
898 1716 1000 1761 lapsi
1014 1716 1174 1762 fuerint,
1188 1717 1331 1755 iterum
1346 1721 1453 1763 patet
1467 1718 1525 1754 eis
1540 1718 1689 1756 reditus

71 1770 95 1799 a
143 1771 186 1798 sa
209 1768 325 1798 utem.
1216 1779 1218 1781 >

120 1809 192 1845 Per
208 1808 285 1846 hoc
307 1811 436 1846 autem
458 1808 683 1846 excluditur
701 1818 811 1847 error
843 1811 1168 1856 Novatianorum‚
1203 1811 1270 1858 qui
1307 1813 1563 1858 peccantibus
1601 1815 1693 1859 post

68 1855 313 1901 Baptismum
334 1855 621 1903 indulgentiam
641 1856 902 1903 denegabant.
926 1857 1129 1894 ponebant
1161 1863 1293 1895 autem
1315 1859 1377 1897 sui
1408 1859 1555 1896 erroris
1576 1868 1690 1897 occa·

69 1902 224 1939 Sionem
247 1912 294 1939 ex
314 1911 360 1940 eo
381 1903 486 1950 quod
507 1902 680 1940 dicitur:
707 1904 930 1949 Impossibile
960 1907 1011 1939 cst
1039 1914 1096 1939 eos
1127 1906 1192 1949 qui
1222 1906 1329 1941 semel
1360 1909 1444 1942 sunt
1474 1907 1688 1948 illuminati,

68 1952 305 1994 qustaverunt
324 1951 432 1986 etiam
450 1950 585 1986 donum
601 1950 747 1992 caeleste,
767 1954 800 1986 et
815 1952 1014 1996 participes
1032 1952 1126 1994 facti
1136 1954 1223 1987 sunt
1241 1953 1403 1997 Spiritus
1421 1956 1554 1995 sancti,
1571 1957 1693 1998 qustu-

66 1999 198 2032 verunt
217 1997 450 2033 nihilominus
470 1997 599 2033 bonum
614 1998 680 2033 Dei
696 1998 857 2042 verbum,
874 2000 1096 2043 virtutesque
1126 2000 1250 2034 saeculi
1272 2001 1431 2046 venturi,
1462 2004 1496 2036 et
1526 2001 1694 2047 prolapsi

70 2046 170 2088 sunt,
191 2053 317 2080 rursus
339 2045 510 2079 renovari
527 2044 577 2080 ad
596 2046 858 2089 poenitentiam.
891 2045 1030 2092 (Hebr.‚
1051 2053 1108 2086 vi,
1124 2048 1160 2089 4,
1182 2046 1234 2093 6.)
1268 2047 1341 2083 Sed
1379 2057 1426 2084 ex
1458 2057 1537 2094 quo
1569 2056 1691 2087 sensu

68 2088 147 2126 hoc
166 2090 379 2135 Apostolus
401 2089 543 2127 dixerit
568 2095 730 2137 apparet
749 2101 796 2128 ex
812 2092 888 2128 lioc
908 2092 1014 2138 quod
1034 2092 1218 2130 subditur
1239 2102 1248 2127 :
1269 2095 1427 2130 Rursum
1447 2096 1693 2140 orucifiqentes

67 2137 303 2182 sibimetipsis
321 2138 454 2173 Filium
471 2138 550 2178 Dei,
571 2140 605 2173 et
617 2140 772 2173 ostentui
791 2139 972 2174 habentes.
995 2139 1118 2184 (Ibid.,
1139 2140 1190 2185 6.)
1212 2141 1265 2176 Ea
1283 2140 1407 2187 igitur
1426 2141 1594 2185 ratione,
1615 2150 1693 2188 qua

68 2183 245 2230 prolapsi
267 2187 361 2221 sunt
380 2187 471 2230 post
491 2184 655 2229 gratiam
677 2188 913 2230 perceptam,
943 2186 1125 2223 renovari
1158 2195 1300 2223 rursus
1335 2187 1382 2224 ad
1416 2188 1692 2234 poenitentiam

69 2239 150 2268 non
177 2234 361 2276 possunt,
383 2230 478 2277 quia
498 2230 619 2268 Filius
639 2231 707 2267 Dei
739 2241 879 2268 rursus
909 2231 1202 2278 crucifigendus
1238 2241 1319 2270 non
1355 2237 1428 2271 est.
1465 2236 1693 2281 Denegatur

67 2277 192 2323 igitur
208 2277 277 2314 illa
297 2277 501 2314 renovatio
520 2277 562 2313 in
585 2277 857 2323 poenitentiam
889 2287 958 2324 per
990 2287 1107 2330 quam
1140 2279 1262 2316 homo
1291 2280 1408 2317 simul
1444 2281 1690 2327 crucifigitur

69 2324 239 2368 Christo,
262 2325 367 2371 quod
389 2324 547 2371 quidem
568 2328 628 2361 est
647 2334 716 2370 per
736 2325 978 2370 Baptismum
996 2336 1004 2368 ;
1025 2325 1168 2362 dicitur
1187 2327 1293 2363 enim
1317 2336 1326 2361 t
1349 2328 1566 2374 Quicumque
1577 2329 1691 2372 iqitur

69 2371 248 2416 baptizati
265 2381 388 2407 sumus
407 2373 446 2406 in
467 2371 607 2408 Christo
625 2373 720 2411 Jesu,
740 2374 780 2407 in
799 2375 910 2408 morte
929 2374 1046 2418 ipsius
1066 2372 1246 2417 baptizati
1263 2383 1400 2410 sumus.
1421 2375 1549 2420 (Romu,
1566 2383 1620 2418 vt,
1638 2375 1689 2420 3.)

68 2417 178 2454 Sicut
200 2418 320 2464 igitur
337 2418 516 2456 Christus
537 2427 616 2455 non
639 2422 699 2455 est
729 2418 872 2455 iterum
904 2418 1211 2465 crucifigendus,
1250 2420 1306 2458 ita
1335 2421 1402 2467 qui
1439 2425 1572 2468 peccat
1600 2426 1691 2468 post

69 2464 313 2510 Baptismum
334 2473 415 2501 non
437 2469 498 2502 est
523 2474 663 2503 rursus
681 2465 963 2510 baptizandus3
986 2469 1116 2511 potest
1134 2469 1266 2503 tamen
1288 2477 1428 2505 rursus
1448 2469 1623 2505 converti
1642 2468 1691 2506 ad

68 2511 235 2557 gratiam
254 2520 324 2556 per
343 2512 618 2548 poenitentiam
637 2524 645 2553 ;
666 2513 769 2548 unde
791 2516 828 2548 et
846 2513 1059 2558 Apostolus
1081 2521 1162 2549 non
1184 2513 1280 2549 dixit
1310 2515 1416 2560 quod
1443 2515 1690 2560 impossibile

68 2556 122 2593 sit
143 2565 213 2594 eos
234 2558 300 2604 qui
322 2558 444 2594 semel
463 2558 564 2603 lapsi
585 2562 678 2595 sunt
698 2567 838 2596 rursus
858 2559 1034 2596 revocari
1053 2559 1113 2595 vel
1134 2560 1310 2596 converti
1331 2561 1378 2598 ad
1399 2563 1688 2607 poenitentiam,

70 2603 141 2640 sed
161 2605 267 2650 quod
288 2604 538 2650 impossibile
570 2605 621 2641 sit
650 2606 831 2642 renovari
869 2606 975 2651 quod
1002 2605 1202 2651 Baptismo
1246 2607 1458 2644 attribuere
1496 2609 1611 2653 solet,
1649 2613 1692 2645 ut

72 2653 182 2696 patet
201 2663 209 2687 t
232 2651 433 2686 Secundum
449 2661 553 2686 suam
567 2651 854 2688 misericordiam
869 2652 987 2688 salvos
1004 2662 1069 2687 nos
1087 2653 1186 2696 fecit,
1206 2662 1275 2698 per
1293 2654 1477 2691 lavacrum
1501 2665 1690 2701 rcqcnera-

67 2698 178 2733 tionis
193 2698 353 2743 Spiritus
373 2699 504 2733 sancti.
527 2697 629 2744 (Tit.‚
651 2706 709 2742 111,
731 2698 781 2744 5.)
