1894 3223
141 140 212 176 462
710 132 799 168 LIB.
828 132 890 170 111,
920 131 1021 167 CAP.
1049 131 1194 168 CXLIV.

144 219 248 256 sicut
268 217 394 253 forma
414 213 602 250 materiae.
623 211 816 249 Voluntas
845 211 968 258 igitur
1000 221 1080 249 non
1114 215 1382 260 consequetur
1416 212 1600 250 ultimum
1633 211 1775 262 finem,

144 264 223 302 nisi
254 263 371 299 fuerit
395 260 592 306 disposita
628 258 924 295 convenienter.
947 258 1180 304 Disponitur
1213 263 1343 297 autem
1363 259 1410 297 ad
1441 259 1561 297 finem
1582 259 1779 308 voluntas(

143 321 212 358 per
238 308 499 345 intentionem
519 309 557 344 et
577 305 821 343 desiderium
841 304 947 342 finis.
970 308 1058 343 Non
1082 306 1204 353 igitur
1222 310 1490 354 consequetur
1508 306 1629 345 finem
1654 307 1772 354 cujus

144 355 311 394 intentio
335 364 356 391 a
378 353 457 391 fine
478 353 680 390 avertitur.
1771 354 1782 361 ”

188 405 380 441 Ρνκεενεα,
403 401 444 437 111
484 400 547 437 his
587 409 674 447 quae
701 402 796 436 sunt
816 399 997 436 ordinata
1027 399 1074 436 ad
1096 399 1339 444 finem‚talis
1358 400 1550 439 habitudo
1570 401 1774 438 invenitur

144 449 264 497 quod,
284 449 318 486 si
351 447 444 484 finis
480 451 541 484 est
568 446 627 484 vel
665 446 751 491 erit,
780 455 946 483 necesse
981 450 1042 483 est
1073 457 1120 484 ea
1140 456 1227 492 quae
1257 451 1352 487 sunt
1383 448 1431 485 ad
1463 447 1581 485 finem
1611 447 1771 492 fore3si

144 499 274 534 autem
297 505 342 532 ea
363 504 450 541 quae
472 497 567 531 sunt
593 493 642 531 ad
660 494 778 530 finem
801 502 881 530 non
903 497 1009 538 sunt,
1035 502 1107 530 nec
1139 492 1234 531 finis
1255 494 1350 539 erit3
1372 495 1407 532 si
1438 495 1542 532 enim
1566 495 1660 533 finis
1682 504 1772 532 esse

143 546 287 590 potest,
325 542 443 579 etiam
482 551 564 578 non
600 540 862 578 existentibus
901 540 982 578 illis
1014 549 1102 587 quae
1134 543 1229 578 sunt
1260 540 1308 577 ad
1341 540 1475 585 finem,
1512 543 1658 580 frustra
1706 551 1774 588 per

145 589 375 636 hujusmodi
402 587 533 625 media
561 588 751 635 quaeritur
770 587 876 624 finis.
903 588 1115 625 ostensum
1134 591 1195 624 est
1215 591 1346 624 autem
1366 588 1471 635 apud
1503 598 1645 627 omnes
1665 588 1773 635 quod

145 637 266 674 homo
287 646 356 682 per
377 645 497 682 opera
523 635 726 679 virtutum,
748 634 788 670 in
810 634 954 681 quibus
976 634 1219 681 praecipuum
1240 638 1301 671 est
1331 635 1500 672 intentio
1521 636 1613 673 finis
1634 636 1772 679 debiti,

146 683 405 730 consequitur
432 691 549 720 suum
570 682 754 719 ultimum
775 681 909 727 finem,
928 682 993 728 qui
1029 685 1090 719 est
1109 681 1293 719 felicitas.
1316 682 1355 719 Si
1390 691 1484 729 ergo
1507 683 1653 729 aliquis
1673 692 1768 720 con-

145 734 206 767 tra
234 731 416 767 virtutem
467 733 572 777 agat,
604 729 653 767 ab
685 729 906 766 intentione
936 728 1066 766 ultimi
1098 727 1191 766 finis
1228 738 1407 774 aversus,
1440 730 1683 767 conveniens
1713 732 1775 767 est

150 778 253 825 quod
274 777 414 814 ultimo
436 775 514 813 fine
532 776 721 823 privetur.

196 825 294 861 Hinc
314 828 373 861 est
409 824 513 870 quod
536 823 681 861 dicitur
701 835 710 860 :
732 823 912 860 Discedite
931 833 955 858 a
970 833 1036 863 me,
1056 833 1175 859 omnes
1211 824 1276 869 qui
1308 823 1511 869 operamini
1527 823 1775 869 iniquitatem.

150 871 297 918 (Psclm.
316 880 373 917 vl,
396 874 437 918 9;
460 875 497 908 et
515 871 664 916 Matth„
682 879 756 915 VII,
774 870 850 917 23.)

784 1011 952 1052 CAPUT
1003 1010 1170 1053 CXLIV.

387 1127 489 1161 QUOD
514 1126 589 1155 PER
613 1118 815 1154 PECCATUM
839 1125 1019 1153 MORTALE
1046 1125 1187 1154 ULTIMO
1212 1125 1301 1154 FINE
1326 1125 1479 1159 ALIQUIS
1505 1126 1546 1154 IN

751 1184 947 1213 AETERNUM
970 1184 1180 1213 PRIVATUR.

198 1294 360 1377 1)ρῖ11161
389 1296 518 1330 autem
541 1293 643 1330 hanc
675 1302 832 1338 poenam
862 1302 940 1340 qua
964 1293 1053 1340 quis
1074 1293 1249 1339 privatur
1277 1292 1418 1330 ultimo
1439 1291 1517 1330 fine
1545 1301 1634 1330 esse
1655 1292 1776 1330 inter-

152 1349 261 1377 mina
291 1348 398 1376 iem.

199 1386 370 1424 Privatio
385 1386 491 1423 enim
511 1385 681 1432 alleujus
702 1396 782 1424 11011
797 1391 855 1424 631
874 1386 951 1423 nisi
974 1387 1133 1433 quando
1154 1390 1291 1424 natum
1310 1390 1371 1424 est
1389 1386 1526 1424 haberi
1544 1398 1554 1431 ;
1570 1395 1652 1424 non
1667 1387 1773 1424 enim

152 1433 310 1470 catulus
337 1441 431 1470 mox
459 1436 576 1470 natus
610 1433 753 1470 dicitur
772 1435 861 1472 visu
880 1434 1070 1480 privatus.
1090 1434 1278 1471 Ultimum
1312 1437 1444 1470 autem
1471 1433 1590 1470 finem
1613 1442 1693 1471 non
1715 1437 1775 1470 est

152 1480 274 1518 bomo
300 1485 416 1526 aptus
436 1483 554 1517 natus
575 1481 766 1527 consequi
788 1481 829 1517 in
850 1481 923 1517 hac
942 1481 1035 1526 vita,
1055 1484 1097 1518 ut
1126 1480 1336 1527 probatum
1357 1485 1418 1517 est
1438 1480 1486 1526 (c.
1505 1480 1580 1528 45).
1603 1480 1777 1518 Privatio

153 1536 248 1574 ergo
270 1526 501 1574 hujusmodi
534 1525 627 1564 finis
664 1532 817 1573 oportet
838 1527 943 1574 quod
962 1527 1014 1564 sit
1041 1537 1159 1574 poena
1176 1531 1268 1574 post
1301 1528 1405 1564 lianc
1437 1527 1570 1565 vitam.
1592 1527 1664 1565 Sed
1686 1530 1779 1574 post

152 1574 257 1611 hanc
288 1575 411 1611 vitam
445 1583 525 1610 non
544 1578 722 1611 remanet
756 1575 908 1612 homini
929 1574 1096 1612 facultas
1133 1574 1380 1622 adipiscendi
1413 1575 1596 1612 ultimum
1631 1574 1774 1619 finem3

153 1621 287 1658 anima
306 1621 411 1658 enim
432 1620 585 1668 indiget
603 1630 766 1668 corpore
784 1623 832 1659 ad
854 1622 1180 1660 consecutionem
1213 1622 1276 1659 sui
1297 1621 1404 1666 finis,
1426 1615 1466 1659 i²n
1493 1625 1685 1669 quantum
1705 1631 1777 1668 per

154 1677 300 1715 corpus
325 1668 608 1714 perfectionem
631 1669 814 1715 acquirit,
837 1673 875 1706 et
894 1669 935 1706 in
963 1669 1131 1706 scientia
1151 1673 1189 1706 et
1210 1669 1251 1706 in
1271 1669 1440 1714 virtute;
1463 1670 1598 1706 anima
1627 1672 1774 1713 autem,

151 1719 364 1763 postquam
399 1715 517 1753 suerit
536 1725 560 1752 a
591 1725 757 1762 corpore
786 1720 982 1763 separata,
1002 1725 1084 1754 non
1116 1716 1218 1753 redit
1242 1716 1385 1754 iterum
1419 1716 1467 1754 ad
1501 1717 1608 1753 hunc
1628 1720 1772 1753 statum

152 1762 259 1809 quod
277 1772 347 1809 per
365 1771 511 1809 corpus
530 1763 812 1810 perfectionem
829 1764 1010 1810 accipiat,
1027 1764 1131 1801 sicut
1144 1763 1330 1801 dicebant
1342 1764 1775 1810 transcorporationem

151 1814 362 1855 ponentes,
383 1813 521 1847 contra
541 1819 643 1857 quos
673 1811 858 1857 superius
881 1811 1124 1856 disputatum
1153 1814 1226 1848 est.
1249 1812 1421 1849 Necesse
1450 1815 1511 1848 est
1527 1810 1650 1858 igitur
1669 1810 1775 1857 quod

152 1856 220 1893 1116
239 1857 303 1903 qui
326 1857 399 1894 hac
419 1866 537 1903 poena
562 1857 740 1904 punitur,
762 1858 902 1895 ultimo
935 1857 1012 1895 fine
1045 1858 1220 1904 privetur
1251 1861 1289 1895 et
1312 1858 1355 1894 in
1389 1861 1579 1895 aeternum
1598 1857 1776 1904 privatus

151 1907 368 1940 remaneat.

197 1950 342 1990 Adhuc,
365 1949 399 1986 si
418 1949 508 1997 quis
528 1950 704 1997 privatur
720 1960 767 1988 eo
789 1951 892 1998 quod
912 1954 972 1988 est
989 1951 1029 1987 in
1052 1954 1193 1988 natura
1220 1950 1307 1998 eJ'us
1335 1954 1379 1988 ut
1398 1951 1602 1995 habeatur,
1624 1951 1775 1996 impos-

152 1996 268 2034 sibile
290 2000 350 2034 est
376 1996 475 2034 illud
496 1998 683 2044 reparari,
705 1997 783 2034 nisi
813 1997 879 2034 fiat
906 1998 1094 2035 resolutio
1115 1998 1157 2035 in
1188 1998 1463 2045 praejacentem
1490 1999 1710 2044 materiam,
1732 2002 1776 2036 ut

151 2043 296 2080 iterum
332 2043 439 2080 aliud
460 2043 508 2081 de
539 2054 642 2081 novo
663 2048 887 2090 generetur,
910 2045 1014 2082 sicut
1034 2054 1157 2092 quum
1190 2045 1339 2082 animal
1372 2045 1516 2082 amittit
1547 2046 1678 2082 visum
1707 2049 1775 2082 aut

153 2090 273 2127 alium
312 2100 489 2127 sensum.
512 2091 764 2137 Impossibile
790 2096 849 2129 est
870 2096 999 2129 autem
1022 2092 1128 2138 quod
1148 2091 1187 2129 id
1220 2093 1325 2139 quod
1342 2091 1424 2139 J'am
1462 2096 1693 2139 generatum
1714 2096 1776 2130 est

151 2137 293 2174 iterum
314 2139 634 2184 gene1·etur‚nisi
667 2139 838 2184 primum
869 2143 1165 2185 corrumpatur3
1188 2143 1225 2176 et
1245 2144 1340 2177 tunc
1361 2150 1408 2176 ex
1442 2139 1578 2176 eadem
1608 2140 1775 2177 materia

151 2184 294 2230 poterit
325 2184 433 2222 aliud
455 2185 596 2222 iterum
617 2185 811 2232 generari,
835 2195 915 2223 non
945 2186 1049 2222 idem
1080 2195 1260 2230 numero,
1284 2186 1354 2224 sed
1374 2187 1521 2233 specie.
1543 2188 1620 2224 Res
1640 2190 1771 2224 autem

152 2231 386 2277 spiritualis,
409 2235 451 2268 ut
470 2232 604 2270 anima
622 2233 683 2269 vel
703 2233 885 2279 angelus,
907 2242 985 2270 non
1007 2237 1137 2279 potest
1156 2234 1302 2271 resolvi
1323 2243 1393 2280 per
1414 2234 1710 2280 corruptionem
1733 2234 1774 2270 in

151 2278 325 2325 aliquam
346 2278 621 2326 praejacentem
660 2280 880 2326 materiam,
898 2284 939 2317 ut
969 2281 1110 2317 iterum
1139 2284 1351 2328 generetur
1383 2280 1482 2318 illud
1501 2281 1604 2318 idem
1626 2281 1759 2327 specie

151 2325 189 2371 Si
208 2325 331 2372 igitur
347 2326 521 2372 privetur
541 2336 587 2363 60
609 2327 716 2374 quod
737 2330 797 2364 est
819 2327 861 2364 in
883 2331 1025 2365 natura
1045 2328 1173 2374 ipsius
1195 2332 1237 2365 ut
1256 2328 1413 2373 habeat,
1433 2332 1588 2374 oportet
1605 2328 1711 2376 quod
1731 2329 1771 2366 in

149 2376 381 2419 perpe-tuum
404 2377 562 2410 maneat
588 2374 680 2412 talis
701 2374 883 2421 privatio.
901 2376 967 2412 Est
993 2379 1123 2412 autem
1155 2375 1197 2412 in
1226 2379 1368 2413 natura
1395 2375 1539 2413 animae
1570 2379 1608 2412 et
1641 2375 1772 2422 angeli

150 2419 249 2456 ordo
278 2419 327 2457 ad
363 2420 545 2458 ultimum
567 2420 701 2465 finem,
721 2422 787 2468 qui
810 2426 867 2459 est
889 2424 1006 2459 Deus.
1029 2423 1067 2459 Si
1090 2432 1185 2470 ergo
1206 2422 1254 2459 ab
1273 2423 1350 2460 1106
1369 2422 1508 2460 ordine
1529 2422 1685 2460 decidat
1703 2431 1774 2470 per

149 2466 322 2512 aliquam
342 2476 514 2513 poenam,
531 2468 572 2505 in
591 2473 823 2515 perpetuum
846 2469 934 2506 talis
952 2478 1071 2516 poena
1089 2470 1279 2507 manebit.

195 2514 298 2560 Item,
313 2514 508 2553 naturalis
532 2515 700 2563 aequitas
718 2515 794 2553 1106
815 2516 959 2553 habere
990 2516 1146 2554 videtur
1173 2517 1278 2564 quod
1299 2517 1578 2564 unusquisque
1600 2517 1773 2563 privetur

146 2558 254 2612 bono
293 2566 432 2598 contra
451 2562 557 2608 quod
585 2562 689 2609 agit;
712 2573 760 2600 ex
779 2563 855 2601 hoc
876 2563 981 2601 enim
1003 2563 1132 2601 reddit
1166 2572 1210 2602 se
1245 2564 1314 2601 tali
1337 2564 1445 2602 bono
1481 2564 1710 2611 indignum;
1732 2565 1771 2599 et

146 2607 241 2644 inde
273 2612 334 2646 est
368 2609 488 2656 quod,
530 2610 751 2647 secundum
787 2610 942 2648 civilem
968 2611 1180 2658 justitiam,
1218 2612 1286 2659 qui
1313 2615 1453 2649 contra
1483 2610 1769 2657 rempublicam

145 2658 286 2706 peccat
321 2656 511 2694 societate
545 2657 773 2703 reipublicae
810 2658 986 2704 privatur
1020 2658 1199 2699 omnino,
1220 2659 1282 2695 vel
1314 2668 1385 2705 per
1422 2661 1587 2695 mortem
1620 2656 1681 2693 vel
1701 2666 1772 2703 per

149 2700 312 2738 exilium
341 2707 596 2750 perpetuum;
618 2713 690 2742 nec
719 2705 936 2742 attenditur
959 2710 1108 2753 quanta
1146 2705 1265 2743 fuerit
1285 2715 1397 2743 mora
1414 2704 1605 2751 temporis
1625 2704 1666 2740 in
1683 2713 1771 2750 pec-

147 2746 291 2799 cando,
311 2749 381 2800 sed
410 2750 505 2796 quid
532 2751 741 2789 sitcontra
778 2752 881 2800 quod
902 2753 1091 2799 peccavit.
1112 2753 1256 2790 Eadem
1283 2756 1413 2790 autem
1446 2755 1506 2789 est
1526 2751 1776 2803 comparatio*

147 2794 272 2846 1011113
292 2798 380 2832 v1tae
412 2798 620 2841 praesentis
641 2799 688 2836 ad
720 2799 1006 2846 rempublicam
1025 2804 1222 2837 terrenam
1249 2803 1286 2837 et
1317 2799 1440 2836 totius
1460 2801 1692 2835 aeternitatis
1719 2798 1768 2835 ad

148 2843 380 2894 soeietatem
402 2841 622 2890 beatorum,
645 2846 726 2892 qui,
761 2851 803 2883 ut
836 2856 957 2893 supra
989 2848 1037 2894 (c.
1070 2847 1129 2894 62)
1169 2851 1375 2884 ostensum
1411 2849 1484 2889 est,
1517 2845 1658 2882 ultimo
1690 2844 1769 2882 fine

147 2887 385 2926 aeternaliter
404 2890 624 2936 potiuntur.
647 2893 722 2937 Qui
741 2903 836 2940 ergo
869 2898 1007 2932 eontra
1039 2894 1222 2931 ultimum
1254 2893 1372 2930 finem
1410 2896 1547 2939 peccat
1573 2896 1610 2930 et
1631 2896 1771 2931 contra
