1894 3223
131 152 204 190 450
696 144 785 180 Llss.
811 144 883 185 111,1
905 144 1007 180 GAP.
1033 143 1189 181 CXXXV.

134 230 354 270 necessitas
394 224 601 264 laborandi
636 224 702 262 1115
741 224 809 272 qui
855 224 956 262 alias
992 224 1140 263 habent
1185 224 1250 262 vel
1276 223 1421 262 habere
1449 228 1622 271 possunt
1653 223 1759 262 unde

133 279 239 316 licite
263 276 407 311 vivant.
429 273 521 310 Sola
536 272 643 309 enim
663 271 887 309 necessitas
905 271 1035 309 victus
1054 272 1163 318 cogit
1177 271 1365 309 manibus
1385 271 1562 318 operari;
1595 271 1700 308 unde
1717 274 1759 308 et

133 322 346 371 Apostolus
368 320 474 362 dicit,
493 322 506 356 1
526 319 678 363 Thess„
700 327 760 363 111,
783 321 826 355 10
845 330 855 355 :
875 318 946 362 Qui
963 328 1035 355 non
1051 320 1132 355 vult
1147 319 1306 364 operari,
1325 328 1389 354 ‘nec
1406 319 1611 355 manducet.

182 371 352 413 Quartus
371 367 488 403 etiam
521 365 664 402 modus
683 365 855 406 vivendi,
878 365 926 402 de
946 365 1011 403 1115
1030 374 1118 412 quae
1139 366 1187 402 ab
1205 365 1295 402 aliis
1318 365 1555 410 inferuntur,
1579 367 1641 402 est
1659 372 1762 402 con-

135 417 300 453 veniens
323 414 402 450 illis
423 413 491 460 qui
524 416 793 458 paupertatem
825 412 1089 449 voluntariam
1112 416 1336 449 assumunt.
1360 414 1447 449 Non
1475 412 1582 450 enim
1605 412 1681 449 lioc
1702 415 1764 449 est.

133 461 421 501 inconveniens
450 464 492 496 iit
515 460 581 506 qui
603 468 677 496 sua
709 458 860 496 dimisit
880 463 1040 505 propter
1061 459 1210 506 aliquid
1231 459 1338 506 quod
1361 459 1402 495 in
1423 459 1634 496 utilitatem
1661 458 1762 496 alio-

134 518 222 548 rum
241 508 382 554 vergit,
402 506 450 543 de
472 506 535 543 1115
565 515 652 553 quae
675 505 722 543 ab
747 506 838 543 aliis
866 506 1011 543 dantur
1030 509 1288 543 sustentetur.
1311 505 1393 542 Nisi
1415 506 1522 542 enim
1543 506 1620 543 hoc
1640 510 1767 549 esset,

135 556 309 593 socletas
329 555 503 591 humana
521 562 757 598 permanere
779 562 859 589 non
876 556 1028 599 posset.
1047 553 1084 590 Si
1105 553 1210 589 enim
1231 552 1376 598 aliquis
1392 553 1496 589 circa
1517 562 1590 590 sua
1604 553 1768 598 propria

136 606 289 640 tantum
319 600 628 638 sollicitudinem
666 604 833 646 gereret,
856 609 935 637 non
957 604 1063 637 esset
1083 600 1149 645 qui
1171 600 1373 636 communi
1395 600 1555 636 utilitati
1589 600 1763 636 deservi-

135 654 206 687 ret.
236 649 436 695 Optimum
466 651 526 684 est
555 647 677 693 igitur
705 647 901 684 bonorum
935 647 1116 684 societati
1153 646 1259 692 quod
1290 646 1347 682 illi
1383 646 1466 693 qui,
1498 646 1772 692 praetermissa.

136 697 386 743 propriorum
421 703 529 737 cura,
562 694 721 730 utilitati
756 694 960 730 communi
997 693 1226 730 deserviunt
1247 692 1294 729 ab
1316 693 1379 730 liis
1408 702 1578 739 quorum
1606 693 1767 730 utilitati

138 742 373 780 deserviunt
408 744 694 778 sustententur.
723 742 886 787 Propter
914 741 991 778 1100
1009 741 1113 777 enim
1136 744 1172 776 et
1204 740 1352 777 milites
1373 740 1419 776 de
1441 739 1652 786 stipendiis
1672 739 1771 777 alio·

143 799 232 827 rum
250 790 400 832 vivunt,
423 792 461 824 et
483 788 705 824 rectoribus
726 788 954 833 reipublicae
974 787 1022 825 de
1043 787 1245 825 communi
1274 787 1515 832 providetur.
1537 786 1612 830 Qui
1632 790 1765 824 autem

145 836 409 873 voluntariam
430 838 699 881 paupertatem
731 839 956 879 assumunt,
978 837 1021 871 ut
1037 835 1236 871 Christum
1258 837 1491 880 sequantur,
1512 833 1561 871 ad
1592 832 1769 885 hoc-uti-

146 893 222 930 que
256 883 459 919 dimittunt
503 885 546 918 ut
574 881 777 919 communi
823 882 982 918 utilitati
1015 881 1260 925 deserviant,
1287 880 1484 926 sapientia
1499 908 1509 924 ,
1544 878 1771 918 eruditione

144 935 183 967 et
205 930 396 975 exemplis
424 929 615 975 populum
647 928 909 973 illustrantes,
931 928 991 964 vel
1025 928 1205 965 oratione
1225 931 1264 964 et
1294 926 1585 964 intercessione
1609 930 1770 965 susten·

141 981 287 1014 tantes.

189 1026 243 1061 Ex
264 1032 343 1070 quo
362 1022 482 1059 etiam
502 1025 608 1068 patet
626 1022 731 1069 quod
747 1031 829 1059 non
849 1022 1017 1068 turpiter
1031 1022 1169 1059 vivunt
1189 1021 1236 1059 de
1251 1021 1316 1058 1115
1336 1030 1423 1068 quae
1439 1021 1488 1058 ab
1503 1021 1595 1058 aliis
1611 1021 1772 1066 dantur,

142 1081 191 1109 ex
210 1080 288 1117 quo
309 1070 385 1116 ipsi
406 1069 557 1115 majora
579 1069 814 1115 rependunt,
838 1069 886 1106 ad
907 1070 1239 1107 sustentationem
1261 1069 1496 1114 temporalia
1512 1068 1769 1114 accipientes,

141 1122 180 1156 et
199 1118 237 1154 iu
273 1117 548 1163 spiritualibus
582 1116 673 1153 aliis
688 1116 958 1162 proficientes.
983 1117 1092 1153 Unde
1114 1120 1152 1153 et
1171 1116 1384 1163 Apostolus
1405 1116 1514 1160 dicit,
1534 1116 1551 1152 I
1572 1115 1767 1159 Corinth.,

141 1173 229 1208 vin,
262 1168 306 1201 -14
337 1175 348 1199 .-
382 1164 511 1200 Vestra
567 1164 813 1203 abundantia,
837 1164 989 1201 scilicet
1027 1164 1067 1199 in
1106 1163 1405 1209 temporalibus,
1426 1163 1573 1198 illorum
1608 1163 1773 1207 inopiam

138 1212 338 1257 suppleat.-
359 1210 457 1247 etin
478 1210 612 1246 eadem
637 1222 645 1246 :
670 1211 715 1247 Ut
732 1213 766 1246 et
792 1211 937 1247 illorum
974 1209 1215 1254 abundantia,
1238 1210 1392 1247 scilicet
1411 1208 1452 1245 in
1478 1208 1767 1255 spiritualibus¹

143 1263 269 1295 vcstrae
287 1259 419 1302 inopia?
438 1258 487 1293 sit
503 1258 799 1302 supplementum.
821 1258 895 1302 Qui
913 1257 1019 1294 enim
1040 1257 1205 1294 alterurn
1223 1256 1336 1303 juvit,
1358 1256 1556 1302 particeps
1572 1254 1618 1292 fit
1635 1255 1772 1302 operis

145 1305 234 1352 eJ‘us
254 1305 296 1341 in
316 1304 423 1341 bono
444 1303 538 1340 etin
562 1304 682 1340 malo.

194 1354 292 1388 Dum
315 1355 445 1388 autem
478 1351 670 1395 exemplis
709 1351 796 1388 suis
817 1351 919 1388 alios
954 1354 1171 1396 provocant
1195 1350 1243 1387 ad
1273 1348 1536 1393 virtutem‚fit
1568 1352 1612 1386 ut
1640 1348 1681 1386 hi
1701 1349 1770 1396 qui

144 1408 283 1437 eorum
303 1397 493 1441 exemptis
511 1398 736 1441 proficiunt,
762 1398 897 1434 minus
911 1398 959 1434 ad
976 1398 1133 1434 divitias
1156 1397 1393 1437 afficiantur,
1409 1396 1502 1432 dum
1514 1395 1650 1433 vident
1668 1397 1773 1433 alios

143 1450 303 1492 propter
334 1444 616 1490 perfectionem
653 1444 742 1480 vitae
764 1444 924 1481 divitias
953 1444 1119 1482 omnino
1153 1443 1348 1481 deserere.
1370 1444 1526 1487 Quanto
1547 1446 1679 1480 autem
1699 1444 1765 1480 ali«

175 1493 236 1529 uis
270 1492 404 1528 minus
434 1490 593 1528 divitias
615 1494 734 1534 amat,
768 1494 805 1528 et
839 1495 900 1528 est
929 1491 1063 1527 virtuti
1091 1491 1221 1537 magis
1256 1491 1446 1534 intentus,
1468 1493 1578 1526 tanto
1613 1489 1770 1528 facilius

145 1503 305 1577 givitias
338 1539 379 1574 i'n
412 1537 580 1574 aliorum
617 1538 736 1574 etiam
765 1538 1002 1577 necessitate
1032 1537 1235 1575 distribuit
1257 1549 1265 1574 :
1287 1537 1392 1574 unde
1413 1536 1479 1583 qui
1500 1539 1773 1583 paupertatem

147 1585 412 1622 voluntariam
445 1588 712 1629 assumentes,
743 1585 791 1622 de
812 1585 875 1622 his
895 1595 983 1631 quae
1003 1585 1051 1621 ab
1070 1584 1162 1622 aliis
1190 1585 1334 1622 dantur
1351 1583 1501 1629 vivunt,
1523 1583 1653 1630 magis
1672 1582 1775 1621 fiunt

148 1633 239 1671 aliis
258 1631 499 1678 pauperibus
531 1632 664 1677 utiles,
687 1632 789 1669 alios
814 1632 861 1669 ad
893 1631 1178 1669 misericordiae
1211 1641 1332 1678 opera
1362 1631 1494 1668 verbis
1514 1635 1552 1667 et
1580 1631 1774 1677 exemptis

149 1679 417 1726 provocando,
439 1688 556 1725 quam
579 1679 876 1716 tiuntdamnosi
900 1679 948 1716 ad
981 1679 1313 1716 sustentationem
1340 1678 1431 1716 vitae
1463 1678 1633 1715 aliorum
1651 1678 1774 1716 bene-

146 1727 236 1763 ficia
257 1727 512 1772 accipientes.
1759 1765 1765 1771 ,

197 1776 304 1810 Patet
321 1774 438 1809 etiam
467 1773 571 1820 quod
608 1773 793 1811 homines
815 1773 856 1810 in
885 1773 1027 1810 virtute
1060 1773 1236 1820 perfecti,
1258 1773 1397 1820 quales
1424 1781 1513 1809 esse
1533 1775 1689 1818 oportet
1703 1774 1774 1819 qui¹

145 1820 408 1857 voluntariam
430 1823 698 1866 paupertatem
720 1824 936 1864 sectantur,
956 1820 1114 1857 divitias
1129 1823 1443 1864 contemnentes,
1460 1819 1678 1856 libertatem
1691 1819 1776 1855 ani-

149 1868 203 1903 mi
226 1876 306 1903 non
336 1867 505 1912 perdunt
533 1871 691 1913 propter
723 1868 857 1914 aliqua
889 1867 1047 1904 modica
1078 1876 1165 1920 quae
1184 1867 1232 1904 ad
1263 1866 1593 1904 sustentationem
1611 1866 1700 1903 vitae
1721 1865 1772 1904 ab

148 1914 239 1951 aliis
258 1914 456 1958 accipiunt
474 1926 482 1958 ;
502 1924 591 1950 011111
626 1915 745 1951 1101110
777 1914 998 1951 libertatem
1030 1914 1152 1951 animi
1175 1922 1255 1950 non
1275 1913 1426 1959 perdat,
1449 1912 1527 1949 nisi
1548 1916 1709 1958 propter
1726 1922 1777 1950 ea.

147 1970 234 2007 quae
252 1960 292 1996 in
313 1960 454 1997 affectu
477 1969 551 1997 suo
570 1961 839 1998 dominantur.
865 1961 972 1997 Unde
985 1964 1146 2007 propter
1164 1970 1210 1997 ea
1227 1969 1315 2007 quae
1335 1960 1456 1997 homo
1478 1959 1711 2005 contemnit,
1735 1960 1772 1997 si

149 2007 223 2044 sibi
243 2007 397 2051 dentur,
419 2007 638 2044 libertatem
658 2017 738 2044 non
758 2007 898 2053 perdit.

195 2054 300 2090 Licet
333 2058 461 2090 autein
484 2055 722 2092 sustentatio
756 2064 892 2092 eorum
912 2055 979 2102 qui
998 2054 1135 2092 vivunt
1165 2053 1213 2092 de
1233 2053 1298 2091 his
1324 2063 1411 2101 quae
1433 2053 1482 2091 ab
1506 2054 1597 2091 aliis
1627 2053 1774 2091 dantur

149 2111 196 2138 ex
215 2101 418 2138 voluntate
440 2101 614 2137 dantium
651 2101 883 2148 dependeat,
906 2110 985 2138 non
1011 2105 1145 2139 tamen
1165 2105 1326 2148 propter
1346 2102 1421 2138 boc
1439 2100 1691 2139 insufficiens
1710 2104 1772 2138 est

147 2148 194 2185 ad
219 2148 519 2185 sustentandam
541 2149 660 2185 vitam
676 2158 892 2194 pauperum
913 2149 1055 2186 Christi
1079 2160 1087 2184 :
1111 2156 1192 2185 non
1210 2148 1317 2185 enim
1351 2147 1545 2194 dependet
1564 2158 1612 2185 ex
1630 2147 1777 2184 volun·

146 2199 225 2232 tate
244 2195 379 2240 unius,
403 2195 471 2232 sed
487 2205 534 2231 ex
557 2196 756 2233 voluntate
772 2196 1002 2232 multorum.
1031 2197 1116 2232 Non
1139 2199 1199 2233 est
1217 2199 1349 2233 autem
1371 2195 1575 2241 probabile
1599 2195 1706 2242 quod
1727 2195 1771 2232 in

146 2242 401 2280 multitudine
422 2241 551 2278 fidelis
571 2243 706 2289 populi
730 2252 809 2280 non
834 2243 914 2280 sint
940 2243 1053 2279 multi
1071 2242 1138 2290 qui
1165 2245 1348 2289 prompto
1372 2242 1507 2280 animo
1532 2241 1780 2280 subveniant

145 2289 453 2342 necessitatibus
488 2298 625 2326 eorum
665 2299 767 2336 quos
804 2290 842 2326 in
882 2289 1104 2326 reverentia
1125 2289 1272 2326 liabent
1289 2292 1451 2336 propter
1484 2289 1775 2336 perfectionem

145 2340 318 2374 virtutis.

192 2385 280 2420 Bon
301 2387 362 2420 est
384 2387 513 2421 autem
548 2384 849 2429 inconveniens,
870 2383 905 2421 si
926 2383 1045 2421 etiam
1076 2383 1339 2422 necessitates
1368 2392 1465 2421 suas
1498 2386 1713 2430 exponant,
1734 2385 1777 2420 et

146 2431 376 2468 necessaria
408 2434 543 2477 petant
565 2431 626 2468 vel
659 2440 730 2478 pro
764 2430 855 2468 aliis
886 2431 947 2467 vel
977 2439 1049 2477 pro
1084 2439 1143 2468 50.
1166 2432 1249 2470 Hoc
1281 2431 1389 2468 enim
1421 2430 1593 2476 apostoli
1625 2430 1774 2467 secisse

146 2477 345 2524 leguntur,
367 2487 446 2514 non
469 2478 599 2515 50111111
619 2478 668 2515 ab
690 2478 772 2516 11115
792 2477 940 2525 quibus
959 2477 1227 2524 praedicabant
1263 2478 1493 2515 necessaria
1512 2476 1774 2524 accipientes,

146 2525 251 2571 quod
272 2525 401 2571 magis
420 2526 629 2571 potestatis
650 2530 734 2562 erat
752 2534 872 2572 quam
893 2525 1176 2570 mendicitatis,
1198 2528 1358 2572 propter
1377 2524 1669 2562 ordinationem
1693 2524 1766 2560 Do-

145 2572 258 2616 mini,
282 2572 409 2619 utqui
439 2573 651 2619 Evangelio
683 2573 912 2610 deserviunt
947 2572 995 2610 de
1028 2573 1241 2620 Evangelio
1269 2572 1429 2617 vivant3
1451 2571 1522 2609 sed
1551 2571 1668 2609 etiam
1696 2577 1772 2621 pro

144 2619 386 2663 pauperibus
401 2619 592 2666 quierant
612 2620 651 2656 in
665 2620 898 2661 Jerusalem,
915 2619 1083 2667 qui,sua
1100 2619 1412 2663 dimittentes,in
1429 2621 1656 2665 paupertate
1668 2624 1773 2653 vive-

143 2663 241 2701 bant
258 2677 265 2707 ;
283 2674 355 2701 nec
377 2670 507 2703 tamen
529 2667 714 2713 gentibus
730 2667 1096 2714 praedicabant,sed
1116 2675 1254 2704 eorum
1275 2666 1495 2712 spiritualis
1516 2662 1769 2701 conversatio

145 2714 300 2756 poterat
320 2713 400 2749 illis
426 2713 550 2750 valere
570 2723 594 2751 a
613 2713 758 2761 quibus
786 2715 1127 2752 sustentabantur.
1150 2713 1258 2751 Unde
1279 2713 1494 2760 Apostolus
1509 2710 1669 2762 talibus,
1686 2717 1769 2748 non

147 2766 195 2809 011
213 2759 463 2803 necessitate,
484 2760 553 2797 sed
574 2770 622 2797 ex
655 2761 858 2799 voluntate
890 2762 1084 2806 dantium,
1114 2760 1326 2806 persuadet
1343 2760 1608 2804 eleemosynis
1630 2756 1771 2808 subve-

146 2804 336 2841 mendum
350 2817 364 2856 3
385 2806 490 2851 quod
510 2807 609 2844 nihil
630 2811 689 2846 est
719 2809 826 2845 aliud
849 2818 968 2855 quam
1002 2807 1242 2845 mendicare,
1266 2808 1355 2844 Haec
1374 2809 1505 2842 autem
1526 2803 1768 2856 mendicitas

144 2858 226 2888 non
248 2851 377 2888 reddit
396 2853 578 2890 homines
596 2855 928 2901 contemptibiles,
951 2855 986 2893 si
1009 2855 1211 2892 moderate
1230 2853 1297 2890 fiat
1312 2852 1361 2890 ad
1380 2854 1660 2888 necessitatem
1683 2859 1764 2888 non

145 2897 196 2936 ad
210 2898 536 2944 superfluitatem,
555 2903 593 2936 et
612 2901 700 2938 51110
720 2902 1034 2948 importunitate,
1054 2899 1307 2940 considerata
1322 2898 1553 2936 conditione
1574 2906 1767 2944 persona·
