1894 3223
144 98 210 136 364
720 92 807 127 LIB.
835 91 899 130 111,
926 90 1027 126 CAP.
1055 89 1181 126 LXXX.

141 177 366 219 continens,
400 174 470 212 sed
498 173 593 219 quia
620 171 840 209 secundum
870 169 947 207 hoc
976 170 1057 208 alia
1087 174 1126 209 et
1155 170 1235 209 alia
1262 173 1324 208 est
1357 170 1443 218 ejus
1474 170 1758 211 considera-tio.

186 226 288 265 Item,
308 223 412 259 inter
432 221 543 266 ipsos
577 218 787 255 inferiores
823 216 1002 263 spiritus,
1022 218 1090 264 qui
1126 216 1250 256 divini
1289 217 1443 256 ordinis
1475 227 1545 264 per
1581 227 1650 256 eos
1673 229 1764 256 exe-

143 270 286 318 quendi
318 267 532 313 perfectam
567 264 838 312 cognitionem
875 272 945 309 per
972 264 1203 311 superiores
1240 264 1405 311 spiritus
1439 269 1762 312 consequuntur,

141 318 296 362 oportet
315 314 494 350 ordinem
515 321 619 350 esse.
639 313 736 349 Nam
757 311 824 358 qui
846 310 950 347 inter
966 320 1036 349 eos
1058 315 1153 349 sunt
1171 311 1325 349 altioris
1340 312 1512 356 virtutis,
1534 313 1651 349 etiam
1670 315 1766 350 sunt

143 361 443 401 universalioris
456 360 500 396 in
519 358 801 406 cognoscendo
821 369 830 401 ;
850 357 955 394 unde
977 359 1248 405 cognitionem
1270 358 1424 396 ordinis
1441 359 1702 405 providentiae
1719 359 1764 396 in

142 407 348 455 principiis
373 410 411 443 et
431 406 565 444 causis
585 405 713 452 magis
738 404 1038 443 universalibus
1066 405 1354 452 adipiscuntur,
1376 406 1587 443 inferiores
1605 414 1698 442 vero
1719 406 1764 442 in

141 455 275 493 causis
312 454 441 500 magis
472 451 792 498 particularibus.
814 451 979 489 Altioris
1016 452 1123 489 enim
1161 452 1388 489 intellectus
1420 456 1526 489 esset
1553 453 1673 490 homo
1694 452 1764 499 qui

141 501 320 539 ordinem
335 501 513 537 omnium
530 499 772 537 naturalium
785 498 1042 535 considerare
1056 502 1194 544 posset
1207 499 1249 536 in
1263 499 1497 544 corporibus
1515 499 1762 543 coelestibus,

141 557 259 595 quam
289 548 356 595 qui
383 547 536 593 indiget
567 546 615 583 ad
636 546 848 592 perfectam
879 545 1153 592 cognitionem
1174 546 1221 582 ad
1244 545 1434 583 inferiora
1462 555 1629 592 corpora
1649 555 1763 592 pros·

168 604 285 632 icere.

140 604 164 641 p
188 642 248 677 Illi
271 640 392 687 igitur
425 639 493 687 qui
530 639 570 675 in
610 638 745 675 causis
765 638 1077 683 universalibus,
1099 647 1187 686 quae
1207 643 1300 676 sunt
1338 639 1478 676 mediae
1497 639 1601 676 inter
1622 641 1762 685 Deum,

142 688 208 735 qui
238 691 298 724 est
327 685 672 724 universalissima
699 694 834 729 causa,
859 688 898 721 et
914 694 1058 722 causas
1079 686 1354 731 particulares,
1376 691 1546 731 possunt
1575 686 1761 723 ordinem

140 735 397 781 providentiae
428 734 598 779 perfecte
627 741 888 779 cognoscere,
909 732 1029 769 medii
1052 735 1145 769 sunt
1174 732 1385 769 interillos
1407 733 1474 779 qui
1494 732 1643 778 inipso
1682 735 1764 771 Deo

140 781 336 819 rationem
372 780 534 825 perfecti
573 779 725 817 ordinis
764 778 1021 816 considerare
1054 778 1274 824 sufficiunt,
1297 783 1335 816 et
1354 788 1424 816 eos
1463 779 1530 826 qui
1565 780 1605 815 in
1628 780 1764 818 causis

141 827 446 874 particularibus
477 835 642 864 necesse
662 826 810 863 habent
831 826 1100 863 considerare.
1122 827 1167 863 Et
1185 825 1226 863 hi
1247 835 1271 864 a
1287 825 1479 873 Dionysio
1498 829 1704 871 ponuntur
1722 827 1765 864 in

142 875 273 912 media
301 874 537 917 hierarchia,
558 883 645 919 quae
666 874 772 910 sicut
801 882 825 909 a
846 882 1033 920 suprema
1057 872 1256 920 dirigitur,
1277 873 1333 910 ita
1353 873 1488 919 dirigit
1507 871 1700 918 infimam,
1720 876 1764 911 ut

142 922 239 958 dicit
258 922 298 957 in
319 922 487 967 septimo
510 921 644 959 Coelest.
665 921 847 956 hierarch.

191 971 295 1004 Inter
332 968 405 1005 has
440 968 558 1005 etiam
579 967 870 1004 intellectuales
907 966 1155 1003 substantias
1175 969 1330 1012 oportet
1356 966 1462 1013 quod
1484 966 1582 1004 ordo
1601 966 1764 1014 quidam

143 1016 298 1053 existat.
318 1016 414 1052 Nam
430 1015 518 1061 ipsa
536 1014 777 1052 universalis
797 1013 1056 1060 providentiae
1073 1013 1286 1060 dispositio
1308 1013 1559 1051 distribuitur
1576 1013 1735 1060 quidem
1754 1025 1763 1050 ε

142 1062 271 1108 primo
294 1062 334 1098 in
352 1062 499 1099 multos
523 1066 775 1104 executores3
805 1061 911 1107 quod
927 1060 1086 1106 quidem
1103 1059 1147 1097 fit
1164 1069 1235 1106 per
1255 1060 1435 1097 ordinem
1455 1062 1761 1098 Dominationum.

144 1110 403 1146 Domitiorum
438 1109 544 1145 enim
564 1112 625 1145 est
655 1108 870 1154 praecipere
898 1107 992 1154 quid
1023 1107 1090 1144 alii
1119 1111 1378 1154 exequantur.
1401 1107 1508 1144 Unde
1546 1107 1762 1153 Dionysius

144 1155 252 1196 dicit,
292 1159 430 1192 octavo
459 1165 544 1201 cap.
580 1155 713 1192 Goelest.
736 1155 931 1198 hierarch„
953 1153 1059 1201 quod
1086 1162 1234 1191 nomen
1262 1153 1548 1191 dominationis
1577 1154 1763 1200 designat

144 1201 316 1255 aliquam
339 1211 547 1249 anagogen
570 1201 818 1248 suppositam
841 1201 950 1238 omni
971 1200 1150 1238 servituti
1181 1205 1218 1237 et
1239 1201 1347 1237 omni
1376 1200 1614 1247 subjectioni
1646 1209 1762 1246 supe·

145 1257 307 1286 riorem.

193 1295 372 1332 Secundo
392 1298 521 1331 autem
543 1294 593 1331 ab
625 1298 813 1340 operante
846 1298 884 1330 et
914 1298 1133 1341 exequente
1152 1293 1405 1331 distribuitur
1425 1298 1463 1330 et
1479 1294 1765 1340 multiplicatur

145 1341 193 1380 ad
229 1342 361 1379 varios
401 1340 580 1385 effectus,
611 1341 718 1387 quod
755 1340 915 1388 quidem
950 1340 994 1377 fit
1028 1349 1099 1386 per
1133 1341 1313 1378 ordinem
1351 1342 1555 1384 Virtutum,
1596 1349 1764 1387 quarum

143 1397 306 1433 nomen,
330 1391 372 1425 ut
393 1388 608 1435 Dionysius
628 1387 774 1424 ibidem
794 1387 902 1432 dicit,
920 1386 1120 1433 significat
1140 1388 1353 1434 quamdam
1375 1388 1514 1424 fortem
1535 1388 1764 1426 virilitatem

142 1435 183 1472 in
207 1443 347 1472 omnes
375 1435 589 1471 deiformes
618 1435 884 1480 operationes,
906 1442 986 1470 non
1008 1434 1301 1481 relinquentem
1323 1435 1470 1471 suimet
1488 1434 1764 1472 imbecillitate

146 1482 316 1528 aliquem
347 1481 579 1518 deiformem
615 1484 779 1518 motum.
800 1483 844 1517 Et
887 1481 946 1517 sic
973 1484 1080 1526 patet
1116 1481 1221 1528 quod
1252 1481 1492 1527 principium
1523 1481 1763 1520 universalis

144 1528 387 1574 operationis
406 1528 453 1565 ad
476 1529 583 1565 hunc
603 1528 783 1565 ordinem
802 1528 985 1573 pertinet,
1009 1527 1114 1564 unde
1134 1527 1302 1573 videtur,
1318 1529 1424 1575 quod
1445 1528 1493 1565 ad
1528 1528 1635 1565 hunc
1655 1528 1762 1566 ordi·

145 1584 235 1611 nem
258 1575 451 1620 pertineat
472 1578 604 1612 motus
625 1575 847 1612 coelestium
867 1583 1096 1620 corporum,
1124 1584 1172 1612 ex
1191 1575 1339 1622 quibus
1356 1575 1460 1613 sicut
1477 1585 1500 1613 a
1520 1575 1761 1623 quibusdam

144 1622 438 1660 universalibus
473 1622 606 1659 causis
641 1625 942 1669 consequuntur
978 1622 1241 1667 particulares
1279 1621 1444 1659 effectus
1478 1622 1521 1659 in
1551 1625 1706 1667 natura,
1728 1625 1769 1660 et

144 1669 233 1706 ideo
253 1669 417 1706 virtutes
439 1669 629 1706 coelorum
643 1674 848 1713 vocantur,
871 1670 979 1713 Luc.,
1002 1676 1086 1712 xxi,
1114 1671 1175 1710 26,
1198 1668 1428 1707 ubidicitur
1448 1681 1457 1706 ε
1485 1670 1643 1706 Virtutes
1665 1669 1766 1706 coelo-

142 1726 224 1752 rum
243 1716 490 1753 movebuntur.
515 1716 572 1753 Ad
591 1725 661 1753 eos
677 1717 794 1753 etiam
814 1715 978 1761 spiritus
994 1715 1193 1761 pertinere
1211 1715 1368 1754 videtur
1400 1716 1584 1753 executio
1612 1716 1767 1754 divino-

142 1771 230 1800 rum
253 1772 416 1809 operum
437 1772 525 1809 quae
542 1766 682 1809 praeter
697 1767 847 1801 naturae
863 1763 1043 1799 ordinem
1064 1761 1177 1806 fiunt,
1198 1767 1235 1799 et
1252 1763 1343 1800 ideo
1362 1763 1440 1800 ista
1456 1766 1548 1800 sunt
1564 1762 1766 1801 sublimis-

145 1810 249 1846 sima
268 1811 310 1846 in
329 1810 475 1847 divinis
494 1810 749 1854 ministeriis3
771 1813 929 1855 propter
949 1809 1055 1855 quod
1076 1810 1292 1856 Gregorius
1314 1810 1412 1847 dicit
1433 1810 1586 1856 (homil.
1609 1812 1654 1847 34
1673 1819 1763 1856 sup.

145 1855 309 1902 Evang.)
328 1857 434 1903 quod
467 1857 638 1894 Virtutes
668 1857 854 1893 dicuntur
882 1855 941 1892 illi
962 1855 1141 1907 spiritus,
1168 1866 1239 1902 per
1260 1866 1362 1904 quos
1381 1856 1498 1903 signa
1518 1857 1766 1903 frequentius

143 1902 264 1947 fiunt;
281 1905 331 1947 et,
353 1903 388 1940 si
410 1903 503 1950 quid
539 1903 647 1941 aliud
683 1902 908 1940 universale
929 1905 966 1938 et
991 1911 1163 1948 primum
1192 1906 1254 1940 est
1283 1904 1325 1939 in
1358 1903 1594 1941 ministeriis
1614 1903 1760 1941 divinis

145 1948 403 1995 exequendis,
426 1950 668 1986 conveniens
684 1953 744 1987 est
763 1949 811 1986 ad
832 1950 939 1986 hunc
959 1948 1140 1986 ordinem
1159 1949 1372 1996 pertinere.

193 1996 319 2033 Tertio
339 2004 431 2033 vero
452 1996 690 2034 universalis
717 1996 973 2043 providentiae
1001 1996 1115 2041 ordo,
1139 1995 1223 2043 jam
1240 1997 1283 2033 in
1315 1996 1522 2035 effectibus
1539 1996 1761 2042 institutus,

141 2042 383 2081 inconfusus
411 2043 647 2087 custoditur,
667 2043 760 2080 dum
793 2043 1031 2081 cohibentur
1060 2052 1108 2080 ea
1134 2052 1224 2090 quae
1247 2047 1414 2090 possent
1445 2044 1552 2081 hunc
1584 2044 1765 2081 ordinem

141 2089 372 2136 perturbare
393 2101 403 2126 τ
425 2090 531 2136 quod
549 2090 708 2137 quidem
728 2090 897 2136 pertinet
921 2090 970 2127 ad
1002 2089 1183 2127 ordinem
1208 2091 1443 2128 Potestatum.
1478 2090 1586 2127 Unde
1619 2090 1766 2138 Diony·

142 2136 231 2174 sius
251 2136 397 2174 ibidem
418 2137 513 2174 dicit
531 2137 639 2184 quod
657 2146 805 2175 nomen
825 2139 1068 2174 potestatum
1087 2136 1276 2184 importat
1292 2137 1506 2185 quamdam
1525 2137 1627 2175 bene
1659 2137 1765 2175 ordi·

142 2187 276 2220 natam
296 2187 334 2220 et
358 2183 611 2222 inconfusam
642 2184 747 2223 circa
777 2183 932 2222 divinas
962 2184 1239 2230 susceptiones
1271 2184 1578 2223 ordinationem.
1600 2185 1644 2222 Et
1675 2183 1765 2222 ideo

144 2230 356 2277 Gregorius
394 2230 491 2269 dicit
517 2230 623 2278 quod
656 2231 705 2269 ad
744 2231 851 2269 hunc
882 2229 1064 2269 ordinem
1085 2231 1258 2278 pertinet
1290 2231 1511 2270 contrarias
1547 2233 1766 2278 potestates

145 2285 295 2315 arcere.
1350 2303 1354 2307 -

188 2324 320 2362 infimi
337 2327 469 2362 autem
489 2323 593 2362 inter
611 2325 840 2372 superiores
858 2324 1150 2363 intellectuales
1175 2324 1423 2363 substantias
1448 2328 1543 2362 sunt
1593 2325 1633 2362 ui
1661 2324 1768 2362 ordi-

142 2379 234 2410 nem
252 2371 395 2409 divinae
408 2370 664 2419 providentiae
685 2372 726 2409 in
757 2372 1063 2419 particularibus
1081 2372 1216 2410 causis
1234 2372 1547 2420 cognoscibilem
1596 2372 1762 2410 ivinitus

142 2419 358 2464 accipiunt,
377 2422 414 2455 et
434 2418 475 2456 hi
501 2418 729 2457 immediate
765 2419 884 2456 rebus
918 2419 1105 2457 humanis
1141 2423 1440 2466 praeponuntur.
1475 2418 1587 2457 Unde
1620 2418 1670 2457 de
1706 2419 1766 2456 eis

141 2465 359 2513 Dionysius
379 2464 474 2503 dicit
493 2466 600 2513 quod
618 2466 696 2504 ista
713 2466 829 2504 tertia
847 2465 1060 2512 dispositio
1080 2466 1293 2514 spirituum
1313 2465 1503 2505 humanis
1529 2464 1766 2504 hierarchiis

142 2520 214 2559 per
241 2513 530 2559 consequentia
556 2513 748 2560 praecipit.
770 2514 843 2550 Per
875 2522 940 2550 res
971 2517 1103 2550 autem
1132 2513 1331 2551 humanas
1362 2512 1633 2560 intelligendae
1669 2514 1765 2549 sunt

144 2567 285 2597 omnes
305 2559 517 2612 inferiores
539 2563 691 2597 naturae
711 2563 750 2597 et
777 2568 909 2597 causae
933 2560 1193 2607 particulares
1221 2569 1310 2608 quae
1338 2560 1388 2598 ad
1418 2560 1621 2597 hominem
1657 2557 1763 2595 ordi·

143 2609 290 2643 nantur
322 2610 360 2643 et
380 2615 421 2643 in
441 2615 559 2644 usum
580 2607 757 2644 hominis
774 2607 933 2652 cedunt,
954 2607 1059 2645 sicut
1077 2611 1184 2654 patet
1200 2616 1249 2644 ex
1267 2607 1502 2654 praemissis.

191 2653 296 2688 Inter
313 2652 388 2690 has
407 2653 526 2692 etiam
546 2654 708 2702 quidam
727 2654 824 2692 ordo
845 2654 992 2691 existit.
1013 2656 1111 2692 Nam
1128 2654 1171 2691 in
1188 2654 1308 2692 rebus
1327 2654 1514 2692 humanis
1525 2654 1585 2690 est
1596 2651 1760 2704 aliquod

142 2696 293 2735 bonurn
312 2708 537 2746 commune,
558 2701 665 2749 quod
684 2700 845 2748 quidem
862 2704 923 2738 est
939 2701 1090 2739 bonum
1111 2701 1282 2739 civitatis
1292 2701 1354 2738 vel
1371 2700 1516 2748 gentis,
1529 2698 1636 2746 quod
1655 2698 1761 2736 vide-

143 2747 208 2782 tur
227 2744 276 2780 ad
294 2746 568 2792 Principatuum
588 2748 768 2785 ordinem
787 2748 998 2794 pertinere.
1021 2747 1129 2785 Unde
1148 2748 1300 2786 etDion
1329 2747 1415 2785 sius
1434 2747 1477 2784 in
1493 2745 1634 2784 eodem
1656 2746 1760 2792 capi-

143 2790 228 2843 tulo
247 2790 356 2836 dicit,
376 2793 482 2839 quod
499 2803 646 2832 nornen
664 2795 961 2842 principatuum
981 2795 1164 2842 designat
1189 2757 1387 2842 quoddam
1414 2792 1636 2830 dominium
1666 2800 1759 2831 cum

144 2837 283 2877 ordine
302 2846 431 2878 sacro.
452 2841 615 2887 Propter
631 2842 738 2888 quod
757 2845 796 2881 et
813 2842 1005 2888 Danielis,
1025 2850 1064 2888 x,
1084 2845 1145 2888 20,
1164 2845 1224 2885 21,
1251 2840 1295 2880 fit
1313 2840 1469 2880 mensio
1490 2840 1539 2878 de
1566 2838 1759 2879 Michaele
