1894 3223
726 140 812 174 LIB.
841 139 898 180 IV,
928 140 1028 175 CAP,
1054 140 1113 175 xl.
1661 142 1680 175 5
1711 143 1731 176 9

112 231 153 259 re
173 220 387 263 intellecta,
420 227 536 265 quam
570 227 688 255 voces
712 220 928 257 exteriores
957 219 1208 266 significant3
1239 219 1342 256 unde
1372 223 1410 256 et
1442 219 1529 265 ipsa
1564 219 1733 257 intentio

110 267 272 306 verbum
302 265 467 302 interius
500 265 741 309 nominatur,
771 266 875 312 quod
916 270 976 304 est
1009 267 1192 304 exteriori
1222 266 1342 304 verbo
1374 266 1656 313 significatum.
1689 268 1734 303 Et

111 314 270 362 quidem
304 311 410 359 quod
443 311 629 358 praedicta
665 312 830 349 intentio
867 322 944 349 non
978 314 1031 349 sit
1065 314 1105 350 in
1142 313 1258 350 nohis
1294 322 1357 350 res
1392 314 1605 358 intellecta,
1641 314 1733 351 inde

111 364 271 408 apparet
288 359 392 406 quod
414 359 522 395 atiud
545 358 837 406 estintelligere
859 369 939 396 rem
958 364 995 396 et
1017 360 1121 397 aliud
1138 364 1197 397 est
1215 360 1437 406 intelligere
1460 361 1586 407 ipsam
1607 361 1733 398 inten-

109 409 259 445 tionem
294 406 548 449 intellectam,
573 405 678 452 quod
708 405 932 443 intellectus
959 407 1049 443 facit
1082 407 1174 444 dum
1197 416 1315 452 super
1336 416 1453 444 suum
1487 416 1588 453 opus
1620 407 1732 445 relle-

108 455 249 498 ctitur;
274 453 376 490 unde
395 457 433 489 et
449 453 536 489 aliae
558 453 733 489 scientiae
752 457 844 489 sunt
864 453 910 489 de
929 454 1048 489 rebus
1070 457 1107 490 et
1127 454 1214 490 aliae
1235 454 1280 490 de
1304 454 1593 492 intentionibus
1614 455 1730 491 intel-

109 502 250 538 lectus.
273 500 385 544 Quod
415 504 546 536 autem
569 499 734 536 intentio
756 500 955 536 intellecta
986 509 1064 536 non
1098 501 1150 537 sit
1185 500 1270 546 ipse
1287 500 1512 537 intellectus
1534 501 1573 538 in
1596 501 1727 544 nobis,

106 557 157 586 ex
171 547 250 585 hoc
266 550 372 593 patet
391 546 497 594 quod
520 555 608 584 esse
623 546 857 584 intentionis
878 547 1088 584 intellectae
1108 547 1224 584 etiam
1243 547 1283 584 in
1302 547 1390 593 ipso
1412 548 1613 585 intellectu
1633 557 1729 586 con-

109 595 229 640 sistit,
251 603 331 631 non
355 596 484 631 autem
501 602 590 630 esse
611 593 835 630 intellectus
857 594 997 638 nostri,
1021 593 1135 640 cujus
1157 601 1245 631 esse
1267 603 1346 630 non
1369 599 1428 630 est
1449 604 1565 632 suum
1588 595 1731 632 intelli-

107 642 223 695 gere—,J
241 641 369 686 Quum
393 650 486 688 ergo
508 640 548 677 in
571 642 650 678 Deo
670 640 722 678 sit
742 640 845 677 idem
867 650 955 678 esse
977 645 1014 677 ct
1034 641 1269 688 intelligere,
1291 641 1459 679 intentio
1482 642 1732 679 intellectam

108 697 197 742 ipso
217 692 276 725 est
297 687 383 735 ejus
405 687 656 731 intellectus;
677 691 727 732 et,
749 689 842 734 quia
869 688 1094 725 intellectus
1110 688 1150 724 in
1168 696 1215 725 eo
1231 691 1290 725 est
1308 697 1372 725 res
1392 688 1591 726 intellecta
1609 689 1733 736 (intel-

109 735 270 783 hgendo
289 735 392 772 enim
417 743 473 778 se,
495 735 683 780 intelligit
703 735 837 772 omnia
855 735 946 778 alia,
970 739 1011 771 ut
1031 739 1238 772 ostensum
1266 738 1328 772 est
1349 734 1389 782 (l.
1413 744 1440 780 1,
1461 745 1496 773 c.
1518 736 1592 782 49),
1613 737 1731 773 relin-

106 783 243 830 quitur
263 781 369 829 quod
392 781 431 818 in
455 783 534 818 Deo
557 781 801 827 intelligente
823 782 997 828 seipsum
1020 783 1073 819 sit
1094 782 1200 819 idem
1233 781 1460 820 intellectus
1479 786 1518 819 et
1549 793 1611 820 res
1645 792 1732 830 quae

108 829 345 876 intelligitur
366 832 403 865 et
425 829 590 865 intentio
614 829 828 865 intellecta.

161 877 228 914 His
258 876 380 923 igitur
409 875 687 919 consideratis,
713 879 924 922 utcumque
948 876 1156 922 concipere
1177 885 1393 922 possumus
1413 877 1582 923 qualiter
1602 877 1653 913 sit
1674 877 1730 914 di-

108 923 200 960 vina
225 923 429 970 generatio
457 922 699 969 accipienda.
723 924 831 959 Patet
863 923 968 959 enim
998 923 1103 969 quod
1133 931 1214 959 non
1235 927 1295 960 est
1314 924 1505 969 possibile
1527 925 1584 961 sic
1604 923 1730 970 accipi

109 971 405 1016 generationem
440 969 612 1006 divinam
642 969 745 1006 sicut
766 970 804 1005 in
834 969 952 1006 rebus
980 970 1210 1007 inanimatis
1231 971 1435 1016 generatio
1456 971 1668 1015 invenitur,
1689 971 1731 1007 in

108 1017 253 1064 quibus
275 1025 471 1063 generans
502 1017 692 1062 imprimit
712 1025 823 1053 suain
846 1017 1019 1062 speciem
1042 1016 1082 1052 in
1104 1016 1336 1054 exteriorem
1361 1018 1563 1054 materian]
1582 1030 1590 1062 ;
1614 1026 1731 1063 opor-

108 1067 160 1100 tet
181 1063 300 1106 enim‚
332 1063 550 1100 secundum
585 1063 823 1108 positionem
857 1063 960 1106 fidei,
987 1063 1092 1110 quod
1116 1064 1237 1100 Filius
1268 1074 1290 1101 a
1317 1066 1396 1101 Deo
1418 1065 1577 1110 genitus
1599 1073 1730 1101 veram

109 1109 251 1147 habeat
272 1110 455 1146 deitatem
477 1113 514 1146 et
541 1111 591 1147 sit
613 1119 728 1146 verus
752 1112 879 1154 Deus;
907 1111 993 1156 ipsa
1013 1115 1142 1146 autem
1166 1110 1292 1147 deitas
1312 1120 1394 1148 non
1415 1115 1473 1148 est
1500 1112 1627 1148 forma
1645 1121 1728 1148 ma-

108 1156 214 1194 teriae
234 1156 449 1197 inhaerens.
482 1165 608 1203 neque
638 1158 742 1193 Deus
776 1161 835 1194 est
864 1167 910 1193 ex
944 1157 1107 1193 materia
1128 1157 1338 1202 exsistens,
1375 1161 1416 1194 ut
1441 1158 1648 1204 probatum
1670 1161 1729 1194 est

107 1202 150 1250 (l.
168 1211 195 1248 1,
217 1213 250 1240 c.
273 1204 342 1249 17).
364 1203 553 1240 Similiter
574 1206 703 1240 autem
727 1212 806 1240 non
828 1207 957 1249 potest
977 1203 1101 1249 accipi
1121 1203 1253 1240 divina
1271 1205 1476 1250 generatio
1497 1204 1546 1242 ad
1567 1204 1726 1241 modum

109 1250 379 1297 generationis
402 1259 488 1296 quae
512 1249 552 1286 in
582 1250 725 1295 plantis
747 1251 957 1295 invenitur,
981 1254 1017 1286 et
1037 1250 1154 1287 etiam
1175 1251 1216 1286 in
1236 1251 1491 1296 animalibus,
1513 1260 1600 1298 quae
1623 1260 1729 1288 com-

112 1297 318 1334 municant
344 1306 433 1334 cum
453 1297 598 1343 plantis
619 1297 658 1333 in
681 1297 865 1334 nutritiva
891 1301 926 1333 et
955 1297 1180 1344 generativa
1198 1297 1363 1342 virtute;
1398 1302 1604 1344 separatur
1624 1299 1730 1335 enim

110 1343 259 1391 aliquid
281 1343 385 1391 quod
405 1348 486 1381 erat
507 1344 546 1380 in
568 1344 701 1390 planta
719 1344 778 1380 vel
800 1344 960 1381 animali
975 1344 1023 1381 ad
1042 1345 1337 1391 generationem
1353 1345 1497 1382 similis
1519 1346 1557 1381 in
1581 1346 1728 1391 specie,

108 1391 214 1438 quod
235 1391 277 1428 in
299 1391 376 1428 fine
407 1391 678 1444 generationis
709 1396 769 1428 est
800 1392 964 1427 omnino
994 1396 1103 1427 extra
1131 1397 1409 1438 generantem;
1440 1402 1462 1429 a
1483 1394 1561 1429 Deo
1583 1397 1728 1438 autem,

109 1447 232 1484 quum
265 1438 517 1475 indivisibilis
537 1438 603 1482 sit,
629 1447 708 1474 non
739 1442 869 1484 potest
895 1438 1042 1484 aliquid
1064 1439 1265 1484 separari3
1288 1439 1373 1485 ipse
1403 1440 1520 1476 etiam
1553 1439 1675 1476 Filius
1708 1448 1729 1477 a

110 1486 189 1522 Deo
219 1485 378 1532 genitus
404 1494 482 1522 non
503 1489 564 1521 est
591 1488 699 1521 extra
718 1486 871 1522 Patrem
893 1489 1162 1532 generantem,
1184 1485 1252 1522 sed
1275 1485 1315 1522 in
1337 1495 1398 1529 eo,
1420 1486 1524 1523 sicut
1544 1496 1592 1522 ex
1612 1495 1728 1531 supe-

109 1531 281 1569 rioribus
302 1532 603 1569 auctoritatibus
624 1536 741 1577 patet.
759 1533 892 1579 Neque
911 1532 1026 1568 etiam
1046 1536 1174 1577 potest
1188 1532 1321 1569 divma
1336 1533 1540 1579 generatio
1560 1533 1728 1579 intelligi

109 1578 330 1616 secundum
358 1579 518 1615 modum
547 1579 812 1616 emanationis
844 1587 930 1626 quae
960 1579 1156 1615 invenitur
1175 1578 1216 1615 in
1243 1580 1378 1616 anima
1396 1580 1611 1624 sensitiva;
1643 1588 1726 1616 non

109 1625 216 1663 enim
243 1627 347 1662 Deus
368 1625 416 1662 ab
437 1626 570 1672 aliquo
599 1625 779 1662 exteriori
803 1626 946 1671 accipit
976 1629 1017 1661 ut
1038 1626 1078 1661 in
1097 1625 1264 1662 alterum
1284 1626 1448 1663 influere
1470 1627 1622 1672 possit;
1646 1635 1728 1663 non

110 1673 216 1710 enim
235 1676 341 1710 esset
362 1673 531 1718 primum
555 1682 576 1708 a
607 1681 678 1709 ens
693 1684 708 1720 χ
724 1673 975 1718 operationes
994 1673 1110 1709 etiam
1133 1673 1274 1710 animae
1294 1674 1494 1711 sensitivae
1517 1683 1596 1711 non
1617 1682 1727 1710 com-

109 1719 267 1766 plentur
295 1719 381 1757 sine
415 1728 581 1765 corpora
600 1719 688 1756 ibus
717 1719 1016 1763 instrumentis3
1057 1721 1178 1755 Deum
1217 1725 1348 1757 autem
1382 1721 1637 1757 manifestum
1669 1723 1730 1758 est

110 1767 388 1812 incorporeum
417 1775 519 1803 esse.
547 1766 791 1813 Relinquitur
823 1767 943 1812 igitur
971 1766 1077 1812 quod
1109 1768 1310 1813 generatio
1344 1768 1478 1804 divina
1506 1768 1728 1805 secundum

109 1813 413 1850 intellectualem
436 1813 727 1849 emanationem
760 1813 811 1850 sit
834 1813 1104 1860 intelligenda.
1129 1815 1207 1850 lloc
1235 1818 1366 1852 autem
1388 1815 1447 1851 sic
1480 1814 1726 1852 manifestari

109 1868 135 1898 Ο
165 1864 280 1897 ortel..

137 1869 405 1944 pManifestum
434 1910 495 1944 est
514 1906 631 1951 enim,
662 1916 711 1943 ex
727 1906 791 1944 his
811 1916 897 1953 quae
919 1906 1116 1943 declarata
1136 1910 1230 1944 sunt
1249 1906 1291 1953 (l.
1312 1915 1339 1952 1,
1358 1917 1394 1945 c.
1414 1908 1474 1955 47)
1497 1908 1603 1956 quod
1623 1909 1728 1945 Deus

109 1954 285 2001 seipsum
320 1953 516 2006 intelligit.
553 1954 676 1990 Omne
710 1956 841 1990 autem
875 1953 1133 1998 intellectum,
1169 1954 1209 1990 in
1241 1957 1432 2007 quantum
1467 1955 1728 2000 intellectum,

109 2004 263 2048 oportet
283 2010 371 2038 esse
392 2000 431 2037 in
454 2000 725 2048 intelligente;
748 2000 945 2048 signifieat
966 2000 1068 2037 enim
1092 2001 1223 2047 ipsum
1255 2001 1476 2050 intelligere
1509 2002 1728 2048 apprehen-

110 2049 266 2086 sionem
287 2048 372 2094 ejus
389 2047 495 2094 quod
515 2047 752 2095 intelligitur
769 2057 839 2093 per
859 2047 1101 2084 intellectum
1120 2060 1128 2092 ;
1151 2047 1255 2084 unde
1276 2049 1392 2085 etiam
1413 2049 1636 2086 intellectus
1657 2058 1730 2086 no-

110 2097 206 2139 ster,
225 2094 402 2140 seipsum
424 2094 665 2141 intelligens,
687 2098 748 2131 est
767 2095 806 2130 in
826 2094 975 2140 seipso,
993 2104 1072 2131 non
1087 2095 1218 2131 solum
1242 2095 1399 2133 utidem
1419 2096 1493 2133 sibi
1513 2106 1581 2142 per
1597 2105 1730 2133 essen-

111 2141 218 2186 tiam,
247 2141 318 2178 sed
349 2140 465 2177 etiam
492 2145 534 2177 ut
566 2150 588 2177 a
614 2149 657 2177 se
685 2141 976 2186 apprehensum
1005 2142 1278 2189 intelligendo.
1303 2143 1463 2189 Oportet
1483 2144 1603 2190 igitur
1624 2142 1730 2190 quod

112 2189 216 2225 Deus
236 2187 276 2224 in
300 2187 433 2233 seipso
460 2186 509 2224 sit
532 2190 573 2223 ut
592 2186 832 2224 intellectum
853 2188 893 2224 in
912 2188 1170 2234 intelligente.
1191 2189 1438 2227 Intellectum
1460 2194 1589 2226 autem
1608 2190 1648 2226 in
1668 2190 1728 2226 in-

112 2234 313 2282 telligente
333 2238 394 2271 est
416 2234 582 2270 intentio
602 2233 801 2271 intellecta
826 2238 864 2270 et
894 2234 1070 2271 verbum.
1093 2237 1159 2272 Est
1178 2235 1299 2282 igitur
1325 2237 1365 2272 in
1385 2238 1464 2273 Deo
1485 2236 1730 2288 intelligente

110 2281 289 2327 seipsum
309 2281 471 2317 verbum
493 2280 560 2317 Dei
580 2281 695 2327 quasi
716 2282 818 2318 Deus
838 2281 1078 2326 intellectus,
1097 2282 1201 2319 sicut
1220 2283 1380 2319 verbum
1397 2283 1540 2329 lapidis
1555 2283 1596 2319 in
1617 2283 1731 2319 intel-

112 2329 216 2365 lectu
236 2331 296 2365 est
314 2327 415 2373 lapis
435 2327 673 2364 intellectus.
693 2328 792 2365 Hinc
812 2332 872 2364 est
888 2328 994 2374 quod
1015 2328 1159 2365 dicitur
1178 2340 1186 2365 :
1215 2329 1369 2365 Verbum
1387 2334 1464 2365 erat
1485 2329 1583 2375 apud
1601 2332 1725 2367 Deum.

112 2375 270 2421 Unam„
286 2383 316 2420 1,
341 2374 388 2421 l.)
413 2374 514 2418 Quia
533 2383 624 2411 vero
645 2374 870 2412 intellectus
891 2375 1047 2412 divinus
1069 2384 1149 2413 non
1167 2375 1308 2413 exitde
1323 2378 1499 2422 potentia
1518 2376 1559 2412 in
1581 2379 1727 2422 actum,

113 2421 181 2459 sed
203 2429 359 2468 semper
374 2426 435 2458 est
465 2424 555 2458 actu
584 2422 774 2466 existens,
793 2425 836 2458 ut
856 2421 1064 2468 probatum
1085 2425 1145 2459 est
1164 2421 1205 2505 51.
1227 2432 1255 2468 1,
1271 2432 1305 2459 c.
1326 2422 1401 2470 56),
1423 2433 1470 2460 ex
1491 2422 1729 2460 necessitate

112 2472 266 2514 oportet
287 2467 394 2515 quod
422 2476 579 2514 semper
603 2468 780 2514 seipsum
810 2468 1062 2506 intellexerit.
1083 2471 1137 2505 Ex
1179 2478 1244 2506 ioc
1264 2474 1395 2507 autem
1423 2470 1528 2517 quod
1550 2469 1728 2516 seipsum

110 2514 310 2563 intelligit,
331 2517 486 2561 oportet
515 2514 620 2562 quod
648 2515 810 2552 verbum
830 2515 955 2561 ipsius
982 2516 1131 2561 inipso
1163 2516 1226 2556 sit,
1260 2520 1301 2552 ut
1332 2520 1536 2554 ostensum
1560 2521 1632 2554 est.
1655 2518 1730 2554 Ne-

110 2571 225 2600 cesse
250 2565 310 2598 est
334 2561 456 2609 igitur
474 2570 630 2607 semper
654 2562 817 2598 verbum
838 2562 924 2607 ejus
946 2562 986 2598 in
1008 2564 1086 2599 Deo
1107 2563 1321 2600 exstitisse.
1343 2565 1410 2600 Est
1428 2563 1440 2600 i
1472 2564 1549 2600 itur
1566 2568 1728 2601 coaeter-

111 2617 206 2647 num
224 2610 304 2646 Deo
323 2608 485 2645 verbum
502 2608 644 2654 ipsius,
661 2617 734 2646 nec
751 2609 946 2645 acceditei
963 2619 1008 2645 ex
1026 2613 1214 2655 tempore,
1230 2610 1333 2647 sicut
1352 2610 1447 2647 intel
1467 2611 1568 2647 ectui
1590 2614 1728 2647 nostro

113 2655 262 2694 accedit
282 2665 329 2692 ex
351 2658 524 2702 tempore
545 2655 708 2692 verbum
728 2655 895 2692 interius
916 2659 1165 2702 conceptum,
1195 2656 1302 2703 quod
1332 2661 1394 2694 est
1425 2657 1590 2695 intentio
1614 2658 1728 2694 intel-

111 2702 224 2740 lecta.
246 2703 344 2740 Hinc
364 2705 426 2740 est
443 2701 549 2749 quod
569 2701 738 2738 dicitur:
759 2703 803 2738 In
817 2704 1000 2748 principio
1019 2705 1097 2737 erat
1115 2703 1281 2739 Verbum.
1301 2702 1462 2751 (Joann.‚
1480 2714 1506 2750 1,
1531 2704 1580 2752 t.)
1596 2704 1726 2749 Quum

111 2753 242 2786 autem
259 2749 484 2786 intellectus
503 2749 660 2786 divinus
682 2758 761 2785 non
776 2750 908 2786 solum
927 2750 979 2786 sit
995 2758 1150 2795 semper
1163 2750 1203 2785 in
1219 2754 1322 2795 actu,
1339 2752 1408 2788 sed
1427 2751 1544 2788 etiam
1567 2751 1620 2789 sit
1641 2752 1728 2797 ipre

108 2799 223 2834 actus
243 2805 381 2843 purus,
414 2800 455 2833 ut
474 2796 681 2842 probatum
702 2799 762 2833 est
780 2795 819 2843 (l.
841 2805 869 2840 1,
896 2806 930 2833 c.
956 2796 1025 2842 16),
1049 2799 1202 2841 oportet
1226 2797 1332 2844 quod
1360 2798 1585 2835 substantia
1607 2798 1725 2835 intel-

112 2841 238 2880 lectus
257 2843 378 2880 divini
396 2843 447 2880 sit
472 2844 602 2889 ipsum
621 2851 739 2880 suum
766 2842 998 2890 intelligere,
1021 2843 1126 2889 quod
1147 2846 1208 2880 est
1236 2847 1348 2882 actus
1367 2845 1606 2883 intellectus.
1630 2848 1726 2881 Esse

108 2891 243 2927 autem
262 2890 371 2927 verbi
395 2890 562 2927 interius
583 2889 762 2936 concepti
783 2889 865 2927 sive
887 2889 1122 2927 intentionis
1138 2889 1348 2929 intellectae
1369 2895 1429 2929 est
1452 2892 1583 2938 ipsum
1607 2900 1727 2929 suum
