1894 3223
200 108 265 144 108
801 103 902 146 ξῙᾸΒ.
930 103 978 146 ΙῘ,
1006 103 1106 138 CAP.
1134 103 1198 139 111.

243 188 365 224 Primo
383 186 556 233 quidem,
583 184 690 231 quia,
719 193 766 220 ex
786 183 981 219 factorum
1011 183 1279 229 meditatione,
1302 183 1474 220 divinam
1496 184 1730 230 sapientiam
1751 187 1812 221 ut-

199 243 366 280 cumque
385 240 600 278 possumus
625 234 663 267 et
691 230 877 266 admirari
907 233 944 266 et
975 231 1241 267 considerare.
1273 233 1325 267 Ea
1353 231 1458 267 enim
1480 240 1568 277 quae
1600 234 1681 267 arte
1711 230 1813 267 flunt

200 281 328 327 ipsius
349 280 444 316 artis
459 282 552 316 sunt
567 276 901 322 repraesentativa,
918 281 1052 322 utpote
1067 277 1114 314 ad
1133 277 1434 314 similitudinem
1455 277 1551 314 artis
1567 277 1681 314 facta.
1704 279 1809 314 Deus

200 332 329 364 autem
350 335 422 363 sua
442 324 636 370 sapientia
656 332 719 359 res
734 324 775 359 in
796 332 886 360 esse
906 324 1103 369 produxit,
1123 328 1282 370 propter
1301 325 1406 371 quod
1428 324 1572 361 dicitur
1593 336 1601 360 :
1625 324 1754 361 Omnia
1773 326 1813 359 in

199 375 378 419 sapientia
398 373 518 415 fecisti
538 370 655 416 (Psal.
674 370 839 417 0111‚24).
857 370 978 415 Unde,
1000 381 1048 408 ex
1068 371 1260 408 sactorum
1281 371 1615 414 consideratione,
1638 370 1811 407 divinam

202 419 436 466 sapientiam
457 417 645 464 colligere
665 426 894 462 possumus,
917 418 1019 454 sicut
1039 418 1077 454 in
1096 418 1214 455 rebus
1239 419 1354 455 factis
1374 428 1444 464 per
1472 418 1682 465 quamdam
1704 426 1813 454 com-

199 465 507 504 municationem
528 473 611 501 suae
640 464 916 501 similitudinis
935 464 1198 510 impressam;
1219 465 1362 502 dicitur
1380 466 1485 502 enim
1508 477 1517 501 ε
1547 465 1690 510 Effudit
1708 465 1813 500 illam

201 511 463 559 (sapientiam)
493 520 601 555 super
625 512 746 546 omnia
767 521 877 556 opera
907 521 974 547 sua
996 511 1128 557 (Eccli.
1149 521 1177 557 1,
1200 512 1271 559 10).
1304 512 1411 549 Unde
1433 512 1657 556 psalmista,
1690 520 1813 558 quum

200 560 344 597 diceret
366 570 375 595 ι
397 559 578 595 Mirabilis
603 558 705 601 facta
723 560 774 593 est
792 558 943 593 scientia
970 560 1034 593 tua
1052 569 1098 594 ea:
1115 569 1169 594 me
1187 570 1199 594 .·
1220 560 1425 603 confortata
1443 562 1506 599 est,
1539 562 1573 594 et
1600 568 1672 594 non
1690 561 1813 604 potero

201 606 249 642 ad
267 616 344 641 eam
363 605 569 651 (cxxxvm,
592 604 643 651 6),
665 608 702 641 et
719 604 952 651 adjungeret
971 605 1113 642 divinae
1134 605 1440 643 illuminationis
1464 606 1670 650 auxilium,
1690 613 1813 652 quum

201 653 295 690 dicit
319 665 328 689 t
349 654 430 690 Noa:
448 653 666 688 illuminatio
686 661 764 687 mea
782 653 822 687 in
842 652 981 687 deliciis
1000 653 1086 688 meis
1108 652 1308 698 (cxxxvffl,
1333 652 1403 699 il),
1425 663 1473 690 ex
1493 652 1813 690 consideratione

201 700 425 737 divinorum
457 708 620 744 operum
655 707 698 736 se
730 698 908 744 adjutum
938 698 986 735 ad
1016 698 1190 735 divinam
1219 699 1455 744 sapientiam
1490 699 1813 746 cognoscendam

200 746 421 791 confitetur,
461 746 598 839 di)cens
631 756 640 782 :
672 746 861 783 Mirabilia
895 755 1002 791 opera
1040 749 1116 787 tua,
1150 749 1184 781 et
1219 747 1342 782 anima
1378 757 1457 782 mea
1493 748 1671 790 coynoscit
1704 747 1813 781 nimis

202 794 409 840 (cxxxviii,
437 796 491 830 14.

247 841 420 884 Secundo,
443 840 526 877 haec
544 840 810 877 consideratio
829 840 870 876 in
885 840 1185 877 admirationem
1208 839 1413 877 altissimae
1429 840 1497 876 Dei
1512 839 1668 876 virtutis
1689 838 1812 882 ducit,

201 891 239 925 et
261 897 330 933 per
355 896 607 933 consequens
625 887 665 923 in
684 887 870 925 cordibus
893 887 1098 924 hominum
1128 887 1385 924 reverentiam
1415 887 1482 923 Dei
1514 887 1629 932 parit.
1652 886 1814 932 Oportet

202 935 305 971 enim
327 934 430 981 quod
463 935 588 971 virtus
610 934 790 971 facientis
823 935 1061 971 eminentior
1084 934 1201 972 rebus
1230 934 1345 971 sactis
1375 933 1703 980 intelligatur;et
1722 932 1813 970 ideo

202 982 345 1019 dicitur
365 993 373 1018 :
396 982 437 1018 Si
453 982 621 1017 virtutem
641 984 674 1016 et
692 991 801 1026 opera
819 991 951 1026 eoram,
974 982 1125 1019 scilicet
1144 981 1232 1018 coeli
1254 984 1290 1017 et
1312 981 1516 1018 stellarum
1537 985 1574 1017 et
1597 980 1813 1017 elemento-

201 1037 288 1066 rum
319 1028 471 1069 mundi,
498 1030 625 1064 mirati
653 1032 750 1073 sant,
772 1028 925 1065 scilicet
950 1029 1192 1074 philosophi,
1218 1029 1426 1073 intelliqant
1456 1029 1625 1074 quoniam
1645 1028 1709 1073 qui
1726 1027 1815 1070 fecit

202 1076 273 1112 haec
291 1076 421 1118 fortior
440 1079 492 1111 est
510 1076 583 1111 illis
602 1075 719 1121 (Sap,
741 1084 826 1120 xm,
845 1077 901 1122 4);
919 1080 956 1111 et
976 1076 1119 1112 dicitur
1137 1088 1144 1112 :
1166 1077 1373 1112 Invisibilia
1389 1076 1464 1120 Dei,
1481 1085 1549 1120 per
1561 1085 1602 1110 ea
1619 1084 1697 1119 quae
1712 1075 1814 1117 facta

202 1125 309 1162 sunt,
348 1123 528 1158 intellecta
561 1124 854 1167 conspiciuntur3
885 1125 1102 1167 sempiterna
1135 1133 1273 1168 quoque
1302 1122 1380 1168 ejus
1415 1123 1533 1158 virtus
1569 1124 1602 1157 et
1635 1121 1814 1172 divinitas

202 1169 343 1216 (Rom,
367 1179 394 1213 1,
413 1169 486 1215 20).
509 1170 562 1205 Ex
582 1169 654 1206 hac
674 1173 804 1206 autem
825 1169 1084 1207 admiratione
1102 1170 1170 1207 Dei
1191 1170 1310 1207 timor
1327 1168 1505 1216 procedit
1518 1171 1556 1206 et
1569 1171 1811 1210 reverentia3

201 1216 306 1253 unde
326 1216 469 1252 dicitur
490 1228 497 1252 :
519 1217 693 1260 Mctqnum
723 1220 775 1251 esi
803 1227 928 1252 nomen
948 1220 1048 1252 ticum
1079 1218 1118 1252 in
1147 1217 1363 1260 fortitudine
1383 1229 1393 1251 ε
1416 1218 1497 1262 quis
1519 1225 1587 1252 non
1607 1215 1745 1250 timebit
1765 1216 1810 1254 te,

200 1264 277 1300 Rex
296 1264 483 1307 centium?
504 1262 671 1309 (ierem,
694 1270 734 1307 X,
752 1266 784 1308 6,
806 1264 857 1309 7.)

251 1312 379 1350 Tertio,
403 1310 485 1346 liaec
505 1310 771 1347 consideratio
793 1311 948 1347 animos
973 1310 1181 1348 hominum
1202 1312 1242 1348 in
1264 1320 1437 1348 amorem
1457 1310 1599 1346 divinae
1620 1307 1812 1346 honitatis

201 1357 394 1394 accendit.
430 1356 628 1403 Quidquid
659 1357 764 1393 enim
794 1357 984 1394 bonitatis
1012 1362 1049 1394 et
1080 1359 1335 1404 perfectionis
1368 1358 1407 1394 in
1431 1357 1598 1394 diversis
1620 1355 1812 1393 creaturis

200 1403 491 1450 particulariter
514 1403 767 1440 distributum
790 1408 862 1449 est,
884 1408 1009 1441 totum
1037 1405 1078 1441 in
1112 1405 1200 1450 ipso
1221 1405 1497 1442 universaliter
1517 1407 1576 1440 est
1597 1403 1812 1440 adunatum

201 1450 306 1487 sicut
328 1451 369 1486 in
391 1450 498 1487 fonte
517 1451 639 1488 totius
659 1450 862 1495 honitatis,
882 1456 925 1488 ut
943 1455 1148 1488 ostensum
1171 1456 1228 1489 est
1251 1451 1291 1498 (l.
1313 1461 1341 1496 1,
1361 1462 1394 1488 c.
1411 1451 1484 1497 28).
1508 1451 1547 1487 Si
1568 1451 1689 1497 igitur
1709 1459 1812 1486 crea-

200 1500 378 1534 turarum
409 1497 582 1541 bonitas,
616 1497 868 1543 pulchritudo
901 1502 938 1535 et
970 1499 1144 1536 suavitas
1167 1500 1224 1536 sic
1254 1499 1410 1535 animos
1443 1498 1648 1534 hominum
1671 1496 1808 1539 allicit,

199 1544 329 1589 ipsius
347 1544 415 1581 Dei
437 1544 527 1581 fons
548 1544 750 1589 honitatis,
766 1545 905 1581 rivulis
925 1545 1147 1582 bonitatum
1168 1546 1209 1581 in
1229 1546 1400 1593 singulis
1431 1544 1622 1581 creaturis
1644 1543 1812 1589 repertis

200 1591 410 1638 diligenter
433 1596 696 1637 comparatus,
721 1592 877 1629 animos
898 1593 1106 1629 hominum
1126 1593 1393 1630 inflammatos
1411 1592 1584 1628 totaliter
1604 1591 1652 1628 ad
1670 1600 1713 1627 se
1733 1594 1810 1627 tra—

200 1637 279 1675 het.
302 1638 410 1675 Unde
436 1638 580 1676 dicitur
600 1650 609 1675 :
629 1639 821 1675 Delectasti
844 1649 909 1679 me,
923 1642 1085 1681 Domine,
1107 1642 1146 1675 in
1165 1642 1313 1684 factura
1333 1642 1410 1680 tua,
1431 1642 1464 1675 et
1482 1641 1523 1674 in
1554 1638 1718 1684 operibus
1734 1647 1812 1673 ma-

199 1695 310 1720 nuam
337 1688 482 1721 tuarum
502 1686 685 1722 exsultabo
719 1686 836 1731 (Psal.
857 1695 935 1731 xci,
958 1686 992 1732 5)
1010 1699 1018 1732 ;
1052 1691 1090 1724 et
1109 1687 1203 1724 alibi
1225 1687 1272 1724 de
1293 1686 1387 1724 filiis
1406 1686 1616 1723 hominum
1636 1684 1780 1722 dicitur
1801 1695 1810 1721 z

197 1732 477 1768 Inebriabuntur
495 1734 540 1768 ab
571 1733 733 1768 abertate
758 1734 882 1769 domus
904 1737 987 1775 tuae,
1015 1734 1129 1780 quasi
1151 1734 1273 1771 totius
1300 1736 1503 1778 creaturae,
1525 1736 1563 1770 et
1579 1732 1638 1770 sic
1658 1733 1813 1768 toi-reme

198 1779 393 1824 voluptatis
414 1782 483 1815 tuae
494 1780 639 1824 potabis
659 1789 726 1819 eos,
750 1782 919 1825 quoniam
937 1782 1035 1825 apud
1056 1785 1088 1816 te
1104 1783 1156 1816 est
1172 1782 1256 1825 fons
1275 1783 1358 1817 vitae
1379 1781 1498 1827 (Psal.
1518 1787 1644 1825 xxxv,
1665 1781 1700 1824 9,
1724 1777 1782 1825 10)
1801 1789 1809 1822 ;

199 1829 238 1862 et
260 1826 402 1863 dicitur
422 1830 559 1864 contra
587 1826 777 1873 quosdam
802 1838 810 1863 z
832 1829 883 1863 De
914 1827 970 1863 his
991 1838 1068 1872 quoe
1086 1827 1255 1863 videntur
1286 1828 1390 1873 bona,
1418 1827 1572 1864 scilicet
1600 1825 1807 1869 creaturis,

199 1881 286 1919 quae
310 1876 403 1910 sunt
436 1873 541 1910 bona
571 1882 641 1919 per
669 1874 879 1920 quamdam
908 1875 1263 1920 participationem,
1298 1885 1370 1910 non
1397 1876 1596 1920 potuerunt
1614 1873 1812 1917 intelliqere

196 1930 277 1955 eum
297 1921 368 2003 quit
379 1922 431 2014 εᾶτ
451 1920 675 2014 (S{D''3X¹)H'
700 1920 746 1967 l),
768 1921 920 1958 scilicet
940 1930 1029 1958 vere
1048 1922 1193 1966 bonus,
1210 1922 1290 1958 imo
1310 1922 1399 1968 ipsa
1419 1921 1591 1965 bonitas,
1614 1923 1656 1957 ut
1675 1923 1810 1957 osten-

197 1974 351 2004 sumes
419 1976 474 2012 .1,
518 1970 553 2012 7,
600 1970 648 2004 8.

245 2014 392 2065 Quarto,
428 2013 512 2051 haec
539 2014 805 2052 consideratio
826 2013 1009 2052 homines
1036 2015 1078 2052 in
1098 2015 1309 2062 quamdam
1341 2014 1644 2052 similitudinem
1665 2013 1808 2050 divinae

197 2060 453 2106 perfectionis
483 2061 701 2098 constituit.
725 2062 935 2099 Ostensum
961 2066 1021 2100 est
1038 2063 1142 2099 enim
1175 2063 1214 2110 (l.
1236 2073 1262 2107 1,
1285 2073 1319 2100 c.
1343 2065 1386 2099 48
1408 2066 1447 2099 et
1464 2062 1523 2108 49)
1561 2060 1668 2109 quod
1688 2062 1806 2103 Deus,

197 2107 477 2153 cognoscendo
499 2109 689 2154 seipsum,
711 2108 753 2145 in
773 2118 815 2146 se
831 2110 965 2146 omnia
985 2110 1062 2147 alia
1085 2111 1272 2147 intuetur.
1296 2110 1424 2154 Quum
1449 2109 1571 2156 igitur
1590 2107 1810 2145 christiana

197 2153 296 2206 fides
319 2154 518 2192 hominem
540 2155 587 2192 de
604 2157 684 2193 Deo
702 2156 973 2202 principaliter
992 2157 1165 2197 instruit,
1188 2161 1225 2194 et
1250 2166 1320 2203 per
1339 2157 1473 2194 lumen
1492 2156 1634 2192 divinae
1660 2154 1808 2191 revela-

196 2204 319 2238 tionis
340 2210 429 2238 eum
450 2205 717 2239 creaturarum
751 2204 995 2249 cognitorem
1026 2204 1133 2249 facit,
1159 2203 1202 2241 fit
1222 2204 1264 2240 in
1286 2203 1446 2240 homine
1466 2203 1646 2250 quaedam
1665 2201 1808 2238 divinae

197 2248 402 2294 sapientiae
423 2248 656 2286 similitudo.
680 2249 778 2286 Hinc
799 2253 858 2286 est
877 2251 982 2297 quod
1003 2251 1146 2288 dicitur
1166 2263 1174 2288 :
1195 2252 1268 2289 Nos
1286 2260 1369 2286 vero
1385 2260 1517 2290 omnes,
1539 2250 1697 2285 revelata
1715 2249 1812 2292 facie

196 2295 349 2340 gloriam
361 2297 508 2332 Domini
519 2296 752 2341 speculantes,
765 2298 804 2332 in
819 2297 976 2333 eamdem
989 2299 1182 2343 imaqinem
1192 2298 1496 2341 transformamur
1508 2296 1554 2343 (II
1570 2298 1654 2333 Cor.
1664 2304 1722 2340 ΠΙ,
1736 2294 1808 2340 18).

243 2343 307 2379 Sic
325 2342 447 2395 igitur
471 2345 577 2388 patet
607 2343 713 2390 quod
733 2343 1000 2381 consideratio
1026 2349 1294 2382 creaturarum
1319 2344 1488 2390 pertinet
1511 2343 1560 2380 ad
1579 2341 1808 2380 instructio-

195 2399 286 2427 nem
309 2390 399 2427 tidei
430 2389 672 2427 christianae.
705 2391 748 2426 Et
776 2390 865 2427 ideo
892 2390 1035 2428 dicitur
1059 2403 1068 2428 ε
1094 2393 1229 2428 Memor
1248 2401 1306 2427 ero
1324 2401 1470 2436 operum
1501 2391 1658 2431 Domini,
1683 2392 1716 2426 et
1732 2397 1811 2435 quae

193 2437 274 2474 vidi
292 2437 530 2474 annuntiabo.
551 2437 595 2473 In
619 2437 842 2474 sermonibus
860 2439 1005 2474 Domini
1022 2447 1131 2484 opera
1149 2439 1226 2484 ejus
1245 2438 1394 2485 (Eccli.,
1416 2445 1509 2483 XLII,
1532 2437 1603 2485 15).

867 2566 1035 2609 CAPUT
1071 2566 1141 2608 111.

405 2672 506 2707 QUOD
535 2673 715 2704 GOGNITIO
741 2674 1027 2704 CREATURARUM
1051 2675 1180 2705 VALET
1203 2675 1256 2705 AD
1281 2673 1596 2704 DESTRUGTIONEM

658 2721 841 2751 ERRORUM
865 2722 931 2756 QUI
957 2723 1055 2752 SUNT
1080 2723 1192 2752 CIRCA
1217 2722 1335 2751 DEUM.

241 2809 307 2846 Est
326 2807 441 2846 etiam
465 2811 692 2847 necessaria
712 2815 981 2850 creaturarum
1007 2812 1287 2852 consideratio,
1311 2820 1392 2849 non
1414 2810 1545 2849 solum
1565 2810 1613 2849 ad
1632 2811 1809 2851 veritatis

192 2855 513 2900 instructionem,
550 2857 619 2895 sed
648 2857 765 2895 etiam
796 2859 843 2896 ad
872 2868 1026 2897 errores
1058 2859 1340 2897 excludendos.
1364 2860 1524 2896 Errores
1549 2867 1718 2907 namque
1741 2859 1809 2908 qui
