1894 3223
165 121 238 163 ‚5¹88
779 113 866 148 Llss.
895 113 953 155 w,
983 113 1083 148 cAP.
1112 114 1181 148 ιτ.

172 202 266 236 sunt
280 196 405 233 multo
427 194 591 239 majora,
613 193 764 229 scilicet
783 191 904 238 quod,
925 201 995 237 per
1017 192 1214 229 Christum
1229 196 1266 229 et
1285 193 1333 230 ad
1351 193 1644 230 invocationem
1665 194 1791 231 nomi-

168 246 234 284 nis
262 243 359 288 ejus,
396 241 564 286 Spiritus
595 243 759 290 sanctus
792 239 964 281 daretur,
1001 247 1079 284 quo
1110 239 1419 290 accenderentur
1444 239 1565 277 corda
1583 239 1789 277 charitatis

169 290 312 328 divinae
335 286 547 330 affectu,et
566 289 720 323 mentes
740 288 1032 322 instruerentur
1051 285 1183 322 subito
1212 286 1254 322 in
1282 287 1449 323 scientia
1475 286 1715 329 divinorum,
1751 292 1789 323 et

169 338 315 382 lingua}
338 333 577 379 simplicium
598 332 854 369 redderentur
875 332 1031 368 disertae
1060 331 1108 368 ad
1129 331 1301 369 divinam
1328 334 1531 370 veritatem
1557 333 1789 370 hominibus

167 380 480 429 proponendam.
504 379 739 425 Hujusmodi
771 382 901 415 autem
923 387 1043 423 opera
1061 378 1210 415 indicia
1238 383 1333 415 sunt
1358 388 1546 425 expressa
1571 379 1788 417 divinitatis

170 428 328 471 Christi,
347 436 433 474 quae
449 426 584 463 nullus
603 435 728 472 purus
748 425 869 462 horno
891 425 1018 461 facere
1038 425 1178 471 potuit.
1201 425 1309 462 Unde
1336 427 1549 471 Apostolus
1568 427 1662 465 dicit
1681 427 1787 473 quod

168 475 279 513 salus
300 474 524 518 hominum,
557 483 669 519 quum
699 474 845 508 initium
866 473 1058 517 accepisset
1075 473 1244 508 enarrari
1258 482 1326 517 per
1355 475 1549 510 Dominum
1579 474 1625 509 ab
1653 475 1704 510 eis
1725 476 1790 519 qui

167 522 363 558 audierunt
381 522 419 555 in
438 531 501 556 nos
517 522 730 565 confirmata
744 523 795 555 est
812 521 1028 555 contestante
1046 520 1118 555 Deo
1136 520 1252 563 siquis
1272 521 1305 554 et
1317 522 1508 565 portentis,
1529 522 1562 556 et
1578 522 1694 557 variis
1715 523 1789 558 vir-

167 569 318 609 tutibus,
337 568 498 612 Spiritus
514 568 632 602 sancti
650 567 979 602 distributionibus.
996 566 1136 611 (Heliou,
1157 574 1200 607 Π,
1221 566 1298 612 34.)

217 615 320 652 Licet
353 618 484 651 autem
522 613 640 650 saluti
677 613 799 650 totius
832 612 995 649 humani
1024 612 1183 660 generis
1212 612 1282 649 Dei
1306 612 1527 650 incarnatio
1560 613 1791 652 necessaria

169 662 283 705 foret,
302 670 383 697 non
404 665 536 698 tamen
557 661 732 706 oportuit
752 660 856 706 quod
877 662 980 696 Deus
1001 669 1024 696 a
1049 659 1242 705 principio
1271 659 1408 696 mundi
1430 659 1717 705 incarnaretur,
1746 665 1790 698 ut

170 718 276 747 nono
298 708 557 753 objiciebatur
579 719 586 743 :
609 727 654 733 —
673 707 805 743 Primo
827 706 999 753 quidem,
1022 706 1116 752 quia
1131 715 1201 752 per
1219 708 1342 743 Deum
1363 706 1611 744 incarnatum
1631 711 1787 753 oporte·

169 755 233 797 bat
252 755 479 792 hominibus
500 754 736 791 medicinam
753 753 863 791 afferi
879 757 1017 790 contra
1026 757 1199 799 peccata,
1213 757 1256 790 ut
1267 753 1449 799 superius
1468 753 1515 799 (c.
1532 754 1591 800 54)
1610 753 1789 792 habitum

173 804 403 841 est.Contra
422 805 627 847 peccatum
662 805 793 838 autem
826 801 944 837 alicui
976 800 1256 837 convenienter
1286 800 1485 836 medicina
1516 809 1597 837 non
1628 800 1790 838 affertur

169 850 250 886 nisi
268 850 378 895 prius
399 858 517 885 snum
539 848 734 885 defectum
756 851 1029 894 recognoscat,
1053 851 1094 884 ut
1112 847 1170 884 sic
1195 856 1265 893 per
1295 847 1555 884 humilitatem
1590 847 1725 890 homo,
1741 848 1789 885 de

170 897 304 942 seipso
332 904 410 932 non
438 895 831 941 praesumens,jactet
863 904 971 940 spem
1007 903 1120 931 suam
1150 894 1189 930 in
1217 896 1355 937 Deum,
1380 903 1404 930 a
1431 903 1509 940 quo
1541 894 1627 931 solo
1660 898 1790 940 potest

170 943 303 981 sanari
321 948 540 989 peccatum,
562 946 604 979 ut
625 942 810 988 snpra(c.
833 942 890 987 54)
921 941 1098 978 habitum
1128 945 1201 978 est.
1229 943 1386 978 Poterat
1418 944 1548 977 autem
1582 941 1702 978 homo
1741 942 1789 978 de

171 990 302 1035 seipso
334 998 573 1035 praesumere
605 993 643 1026 et
674 993 864 1036 quantum
898 988 946 1025 ad
979 988 1186 1025 scientiam
1220 992 1257 1024 et
1287 991 1477 1034 quantum
1511 988 1558 1024 ad
1590 988 1786 1026 virtutem.

169 1036 467 1083 Relinquendus
487 1036 607 1082 igitur
626 1035 840 1082 aliquando
862 1035 936 1072 fuit
955 1035 1045 1079 sibi,
1069 1039 1110 1072 ut
1129 1035 1372 1080 experiretur
1390 1034 1496 1081 quod
1510 1035 1595 1081 ipse
1616 1035 1692 1072 sibi
1707 1045 1789 1072 non

171 1083 368 1122 sufficeret
387 1083 434 1120 ad
456 1084 639 1127 salutem,
659 1092 787 1129 neque
808 1092 876 1128 per
896 1083 1104 1119 scientiam
1124 1082 1357 1126 naturalem,
1389 1082 1483 1128 quia
1514 1085 1603 1119 ante
1630 1086 1788 1128 tempus

169 1131 272 1178 legis
295 1131 448 1176 scriptae
470 1131 590 1167 homo
609 1130 736 1176 legem
757 1134 905 1166 naturae
930 1133 1207 1176 transgressus
1239 1133 1313 1174 est,
1345 1138 1473 1175 neque
1504 1138 1575 1174 per
1603 1129 1787 1166 virtutem

170 1178 383 1224 propriam,
407 1178 510 1223 quia,
534 1177 624 1213 data
644 1177 720 1213 sibi
748 1177 976 1223 cognitione
996 1176 1146 1222 peccati
1163 1185 1232 1222 per
1251 1176 1393 1222 legem,
1409 1176 1538 1212 adhuc
1558 1185 1606 1213 ex
1622 1175 1787 1213 infirmi-

169 1228 248 1261 tate
266 1225 463 1270 peccavit3
486 1227 523 1260 et
543 1224 601 1261 sic
622 1224 797 1269 oportuit
817 1227 859 1260 ut
882 1223 1040 1260 demum
1062 1223 1229 1267 homini,
1252 1231 1378 1269 neque
1400 1223 1447 1259 de
1466 1223 1634 1259 scientia
1659 1231 1787 1270 neque

171 1271 217 1309 de
255 1272 396 1307 virtute
424 1271 693 1316 praesumenti,
724 1270 882 1307 daretur
916 1270 1056 1306 efficax
1085 1270 1275 1307 auxilium
1306 1273 1444 1306 contra
1473 1273 1678 1315 peccatum
1719 1279 1789 1316 per

171 1318 314 1356 Christi
331 1318 661 1361 incarnationem,
683 1317 835 1354 scilicet
855 1317 981 1364 gratia
1001 1317 1158 1361 Christi,
1180 1326 1249 1363 per
1269 1325 1386 1363 quam
1408 1320 1445 1353 et
1464 1316 1727 1354 instrueretur
1745 1317 1787 1354 in

171 1365 317 1408 dubiis,
340 1374 388 1401 ne
430 1365 471 1400 in
498 1365 727 1411 cognitione
766 1363 962 1408 deficeret,
1002 1367 1041 1401 et
1077 1364 1328 1401 roboraretur
1352 1366 1491 1401 contra
1523 1364 1787 1401 tentationum

169 1412 358 1455 insultus,
381 1421 428 1448 ne
450 1421 519 1457 per
537 1411 805 1448 infirmitatem
830 1410 1026 1447 deficeret.
1048 1410 1111 1447 Sic
1129 1411 1251 1457 igitur
1270 1410 1417 1447 sactum
1447 1413 1507 1447 est
1527 1410 1632 1456 quod
1653 1415 1790 1448 essent

171 1462 249 1495 tres
272 1462 398 1495 status
418 1458 581 1495 humani
597 1458 781 1505 generis:
804 1458 957 1503 primus
977 1461 1067 1494 ante
1087 1457 1230 1503 legem,
1249 1457 1451 1494 secundus
1484 1456 1559 1494 sub
1586 1457 1687 1503 lege,
1708 1462 1786 1495 ter-

170 1506 248 1542 tius
269 1506 341 1542 sub
356 1506 494 1551 gratia.
515 1525 562 1532 --
579 1504 741 1549 Deinde,
763 1514 832 1551 per
851 1506 985 1553 Deum.
1006 1504 1253 1541 incarnatum
1274 1507 1468 1551 praecepta
1493 1507 1531 1540 et
1551 1503 1789 1543 documenta

168 1552 343 1599 perfecta
363 1551 593 1589 hominihus
611 1551 741 1589 danda
761 1555 884 1589 erant.
913 1551 1091 1597 Requirit
1120 1555 1252 1588 autem
1285 1552 1360 1588 hoc
1389 1550 1566 1588 conditio
1602 1551 1787 1591 humanae

168 1603 318 1636 naturae
341 1599 445 1646 quod
466 1608 544 1636 non
558 1599 689 1636 statim
706 1598 755 1636 ad
771 1599 989 1645 perfectum
1008 1599 1186 1639 ducatur,
1208 1598 1278 1635 sed
1297 1597 1588 1636 manuducatur
1615 1608 1685 1645 per
1713 1599 1787 1636 im-

167 1647 340 1693 perfecta
360 1651 402 1684 ut
420 1646 467 1683 ad
486 1646 766 1692 perfectionem
789 1646 1011 1692 perveniat;
1037 1645 1143 1692 quod
1162 1649 1199 1684 et
1218 1646 1261 1682 in
1281 1645 1544 1683 instructione
1572 1654 1787 1692 puerorum

167 1693 362 1738 videmus,
387 1694 452 1740 qui
470 1694 597 1739 primo
627 1693 674 1730 de
695 1693 871 1730 minimis
905 1693 1171 1738 instruuntur,
1202 1702 1292 1729 nam
1331 1702 1354 1729 a
1384 1692 1581 1738 principio
1614 1693 1790 1738 perfecta

169 1750 307 1787 capere
329 1749 410 1777 non
427 1741 577 1784 valent3
600 1740 785 1777 similiter
805 1740 936 1781 etiam,
959 1740 993 1777 si
1024 1740 1142 1777 alicui
1171 1739 1415 1777 multitudini
1448 1739 1583 1786 aliqua
1607 1740 1789 1778 inaudita

168 1792 484 1834 proponerentur
503 1791 541 1824 et
554 1796 712 1834 magna,
729 1796 810 1824 non
831 1787 964 1824 statim
985 1790 1154 1833 caperet,
1168 1787 1246 1824 nisi
1263 1787 1312 1823 ad
1335 1796 1380 1823 ea
1402 1790 1654 1824 assuesceret
1675 1788 1787 1833 prius

167 1844 236 1881 per
255 1835 389 1881 aliqua
402 1835 570 1871 minora,
592 1836 654 1871 Sic
673 1834 795 1880 igitur
813 1834 1056 1871 conveniens
1077 1834 1150 1871 suit
1164 1843 1186 1870 a
1200 1834 1394 1880 principio
1414 1837 1457 1870 ut
1477 1833 1696 1871 humanum
1717 1843 1785 1881 ge-

169 1890 245 1917 nus
283 1882 546 1919 instrueretur
588 1881 635 1918 de
668 1881 731 1919 his
775 1890 862 1929 quae
898 1881 1096 1927 pertinent
1136 1881 1184 1918 ad
1217 1889 1332 1918 suam
1364 1880 1532 1917 salutem
1557 1889 1627 1927 per
1654 1880 1789 1928 aliqua

168 1927 268 1964 levia
289 1932 326 1964 et
344 1929 501 1965 minora
527 1928 776 1968 documenta,
805 1937 874 1974 per
902 1927 1146 1974 patriarchas
1177 1930 1216 1964 et
1245 1927 1373 1974 legem
1406 1931 1444 1964 et
1472 1928 1710 1973 prophetas;
1749 1932 1788 1964 et

168 1975 340 2019 tandem,
362 1976 403 2011 in
423 1975 768 2012 consummatione
787 1978 1023 2020 temporum,
1042 1974 1216 2020 perfecta
1235 1974 1415 2011 doctrina
1436 1974 1578 2011 Christi
1594 1983 1787 2020 propone-

167 2026 273 2058 retur
294 2022 478 2066 interris,
501 2021 720 2058 secundum
741 2021 847 2067 quod
866 2022 1079 2067 Apostolus
1099 2021 1214 2058 dicit:
1236 2022 1288 2057 At
1305 2021 1369 2056 ubi
1385 2022 1682 2066 venitplenitudo
1703 2024 1786 2057 tem-

163 2071 280 2114 poris,
303 2070 403 2104 misit
418 2071 511 2104 Deus
530 2069 663 2104 Filium
681 2079 786 2104 suum
811 2068 852 2105 in
884 2072 1009 2105 terras
1047 2068 1197 2114 (Galat,
1227 2077 1284 2112 IV,
1313 2068 1372 2114 4);
1395 2071 1432 2104 et
1460 2067 1606 2105 ibidem
1643 2068 1786 2106 dicitur

166 2115 272 2162 quod
287 2116 344 2150 leat
359 2116 580 2161 paedaqoqus
598 2118 717 2151 noster
735 2116 810 2159 fuit
827 2117 868 2151 in
889 2115 1051 2158 Christ03
1076 2115 1138 2151 sed
1152 2116 1233 2160 Jam
1250 2125 1322 2151 non
1346 2124 1468 2150 sumus
1491 2115 1556 2150 sub
1570 2115 1785 2160 paeda9090.

168 2162 318 2208 (Galat,
339 2172 396 2206 111,
418 2165 477 2206 24,
498 2163 573 2209 25.)
588 2182 633 2188 -
652 2163 776 2198 Simul
797 2162 915 2199 etiam
931 2162 1267 2199 considerandum
1297 2165 1357 2199 est
1375 2161 1495 2208 quod,
1518 2162 1622 2199 sicut
1641 2162 1786 2199 adven·

166 2213 249 2246 tum
270 2209 403 2256 magni
423 2209 530 2256 regis
551 2212 704 2255 oportet
724 2209 881 2256 aliquos
899 2209 1062 2246 nuntios
1082 2209 1315 2255 praecedere,
1346 2213 1388 2245 ut
1405 2213 1673 2255 praeparentur
1692 2210 1786 2247 sub-

168 2255 236 2293 diti
258 2256 306 2293 ad
328 2265 417 2293 eum
438 2256 683 2293 reverentius
703 2256 1017 2302 suscipiendum,
1039 2256 1093 2293 ita
1108 2256 1283 2302 oportuit
1297 2255 1506 2292 adventum
1524 2256 1645 2292 Deiin
1659 2260 1787 2294 terras

166 2303 290 2340 multa
309 2303 528 2348 praecedere
549 2303 696 2350 quibus
716 2303 900 2341 homines
920 2307 1055 2340 essent
1070 2303 1196 2349 parati
1212 2303 1261 2340 ad
1281 2304 1404 2340 Deum
1425 2303 1675 2340 incarnatum
1696 2312 1786 2341 sus-

167 2350 417 2396 cipiendum3
439 2350 546 2397 quod
573 2350 732 2397 quidem
753 2350 899 2388 factum
920 2353 981 2387 est
1008 2350 1101 2387 dum
1138 2359 1208 2397 per
1233 2349 1497 2396 praecedentia
1520 2350 1721 2396 promissa
1749 2354 1788 2387 et

167 2397 417 2441 documenta,
438 2397 646 2434 hominum
666 2401 820 2435 mentes
841 2397 1045 2443 dispositae
1066 2401 1160 2434 sunt
1178 2400 1220 2434 ut
1240 2397 1398 2434 facilius
1425 2397 1460 2433 ei
1490 2396 1695 2434 crederent
1716 2398 1786 2444 qui

166 2449 254 2495 ante
277 2445 565 2490 praenuntiatus
585 2447 686 2489 erat,
707 2447 746 2482 et
762 2444 1057 2482 desiderantius
1073 2444 1344 2491 susciperetur
1362 2445 1522 2490 propter
1547 2443 1681 2490 priora
1698 2452 1787 2491 pro-

164 2499 303 2529 missa.

214 2540 270 2583 Et,
291 2538 383 2575 licet
403 2539 596 2576 adventus
623 2539 691 2576 Dei
711 2539 907 2577 incarnati
939 2539 982 2576 in
1001 2538 1193 2576 mundum
1214 2541 1321 2577 esset
1339 2537 1511 2576 maxime
1531 2537 1785 2576 necessarius

166 2584 348 2622 liumanae
369 2586 502 2627 saluti,
520 2590 654 2623 tamen
668 2595 749 2623 non
770 2587 845 2623 suit
863 2586 1136 2624 necessarium
1157 2585 1263 2633 quod
1290 2593 1417 2631 usque
1434 2585 1483 2622 ad
1502 2584 1621 2622 finem
1645 2584 1784 2622 mundi

166 2640 254 2668 cuin
276 2632 508 2669 hominibus
530 2636 843 2674 conversaretur,
880 2636 924 2670 ut
954 2633 1108 2670 decima
1133 2633 1235 2670 ratio
1267 2632 1524 2678 proponebat.
1559 2633 1640 2669 Hoc
1676 2631 1783 2668 enim

167 2677 399 2723 derogasset
418 2680 646 2717 reverentiae
665 2689 785 2727 quam
816 2680 1001 2717 homines
1022 2679 1217 2717 debebant
1236 2680 1318 2717 Deo
1353 2679 1559 2716 incarnato
1582 2677 1783 2722 exhibere,

165 2723 271 2769 dum,
293 2726 472 2764 videntes
491 2726 624 2772 ipsum
644 2736 763 2764 carne
787 2727 970 2764 indutum
991 2726 1329 2764 aliis-hominibus
1348 2725 1534 2769 similem,
1550 2724 1651 2761 nihil
1672 2724 1719 2760 de
1735 2733 1783 2762 eo

164 2770 267 2807 ultra
286 2772 387 2808 alios
407 2773 591 2811 homines
611 2774 902 2818 aestimassent;
924 2773 994 2811 sed
1012 2783 1073 2815 eo,
1093 2776 1185 2820 post
1204 2773 1306 2810 mira
1323 2782 1411 2820 quae
1440 2772 1566 2823 gessit
1590 2771 1632 2807 in
1650 2771 1781 2816 terris,

166 2825 281 2853 suam
299 2820 548 2864 praesentiam
561 2820 792 2858 hominibus
805 2820 1076 2866 subtrahente,
1091 2820 1220 2868 magis
1234 2820 1364 2866 ipsum
1380 2827 1545 2856 revereri
1561 2821 1781 2863 coeperunt3

164 2868 323 2910 propter
342 2865 448 2912 quod
469 2867 587 2904 etiam
607 2867 693 2905 suis
714 2867 923 2915 discipulis
941 2868 1229 2915 plenitudinem
1249 2867 1418 2914 Spiritus
1435 2864 1562 2904 sancti
1578 2873 1659 2902 non
1676 2864 1783 2902 dedit

1865 2206 1889 2443 ¹⁴2*h”.u3.

1839 3100 1881 3223 *35:³³4
1854 3081 1859 3084 ·
