1894 3223
719 100 807 137 LIB.
834 101 892 140 lv,
921 99 1022 136 cAP.
1049 98 1138 137 xm.
1259 150 1262 152 .
1663 101 1729 136 63¹:

773 271 942 313 CAPUT
979 271 1082 312 XCI.

283 390 384 425 0¹:01)
409 391 544 420 ANIMAE
569 391 710 420 STATIM
733 390 828 419 POST
860 390 1155 419 SEPARATIONEM
1179 390 1205 418 A
1230 390 1402 418 CORPORE
1427 389 1573 418 POENAM

616 451 694 478 VEL
714 450 900 478 Pnffimmt
927 448 1240 481 CONSEQUUNTUR.

164 558 215 595 Ex
226 557 291 595 his
306 562 436 595 autem
450 558 626 604 accipere
642 566 859 603 possumus
873 556 993 602 quod,
1009 557 1140 593 statim
1155 561 1243 601 post
1257 560 1436 596 mortem.
1456 558 1598 595 animae
1612 558 1737 596 homi-

119 614 215 642 num
235 606 429 651 recipiunt
455 611 525 651 pro
553 605 700 641 meritis
723 604 782 640 vel
807 613 961 649 pennam
992 604 1051 639 vel
1083 605 1302 649 praemium.
1333 605 1430 641 Sunt
1462 605 1566 641 euim
1598 606 1738 643 animae

116 655 308 698 separatae
330 652 606 698 susceptibiles
622 660 824 697 poenarum
849 660 928 687 nou
957 650 1087 687 solum
1121 651 1399 695 spiritualium,
1423 652 1492 687 sed
1513 652 1628 689 etiarn
1649 661 1736 689 cor-

116 699 327 746 poralium,
350 702 392 736 ut
412 701 511 744 (cap.
534 699 715 744 praeced.)
739 702 944 734 ostensum
967 700 1043 749 est.
1074 697 1185 740 Quod
1211 702 1339 734 autem
1363 699 1441 735 sint
1459 699 1736 745 susceptibiles

116 746 268 794 gloriae,
289 746 542 783 manifestum
567 749 691 783 estex
712 745 774 781 his
792 754 877 791 quai
898 745 937 780 in
960 747 1071 780 tertio
1092 749 1185 780 sunt
1206 748 1381 782 tractata.

166 795 219 830 Ex
235 792 312 830 hoc
327 794 431 829 enim
452 793 556 839 quod
578 793 708 829 anima
724 795 928 837 separatur
945 800 1161 843 acorpore‚
1181 791 1219 827 iit
1237 801 1358 837 capax
1383 793 1550 831 visionis
1571 794 1735 840 divinae3

119 840 167 877 ad
190 849 322 886 quam,
344 839 435 876 dum
458 843 564 876 esset
586 840 796 885 conjuncta
814 838 1054 884 corruptibili
1071 839 1241 884 corpori,
1264 840 1464 884 pervenire
1479 845 1734 888 nonpoterat.

119 889 162 924 ln
182 886 335 924 visione
356 890 485 923 autem
517 887 583 923 Dei
612 887 749 923 ultima
771 885 945 922 hominis
966 884 1165 921 beatitudo
1185 886 1380 930 consistit,
1395 897 1481 934 quae
1502 892 1562 925 est
1581 889 1738 925 virtutis

118 933 339 980 praemium.
362 934 477 970 Nulla
497 938 627 970 autem
650 934 749 970 ratio
771 937 876 970 esset
893 942 1013 979 quare
1041 932 1265 968 differretur
1293 943 1423 978 poena,
1445 939 1484 971 et
1518 936 1735 981 praemium,

119 990 167 1017 ex
186 990 265 1027 quo
301 981 506 1027 utriusque
540 981 671 1017 anima
690 980 883 1026 particeps
913 988 1002 1016 csse
1025 982 1165 1025 potest.
1187 980 1319 1017 Statim
1354 983 1475 1029 igitur
1494 992 1584 1019 cum
1606 983 1738 1019 anima

118 1030 327 1080 separatur
345 1037 368 1064 a
387 1037 565 1074 corpore,
588 1028 791 1073 praemium
815 1027 876 1062 vel
903 1036 1058 1072 poenam
1080 1026 1214 1072 recipit
1235 1036 1305 1072 pro
1328 1028 1388 1066 his
1407 1039 1493 1076 quae
1513 1030 1553 1065 in
1574 1038 1737 1075 corpore

148 1079 259 1111 essit.

119 1084 147 1122 g
167 1122 312 1165 Adhuc,
332 1122 373 1158 in
391 1122 471 1158 vita
491 1122 566 1158 ista
596 1125 655 1158 est
675 1124 800 1158 status
821 1120 1012 1165 merendi,
1046 1121 1106 1158 vel
1139 1122 1365 1162 demerendi
1398 1136 1409 1163 :
1445 1125 1550 1163 unde
1585 1136 1740 1173 compa—

121 1172 230 1205 ratur
255 1168 414 1212 militiae,
431 1172 469 1205 et
499 1168 639 1205 dchus
668 1168 915 1212 mercenarii,
945 1170 989 1204 ut
1017 1171 1121 1213 patet
1150 1170 1236 1213 Job,
1254 1180 1319 1215 vir,
1344 1175 1358 1208 1
1379 1173 1546 1209 :Militia
1576 1176 1628 1209 est
1663 1176 1741 1210 vita

121 1216 276 1252 hominis
288 1218 540 1260 superterram
554 1218 610 1251 :et
627 1216 720 1251 sicut
737 1216 950 1250 mercenarii
965 1215 1040 1250 dies
1059 1215 1150 1260 ejus.
1167 1216 1354 1263 Sed,post
1368 1222 1512 1256 statum
1527 1220 1690 1266 militiae,
1703 1224 1742 1258 et

126 1262 303 1300 laborem
321 1262 571 1304 mercenarii,
593 1262 723 1299 statim
748 1261 911 1299 debetur
932 1262 1132 1307 praemium
1166 1264 1227 1300 vel
1259 1274 1377 1311 poena
1410 1267 1509 1303 bene
1543 1268 1604 1304 vel
1636 1269 1740 1305 male

121 1309 365 1347 certantibus
385 1321 395 1346 :
417 1310 521 1346 unde
541 1313 579 1345 et
598 1309 732 1351 Levit.,
747 1317 830 1353 xlx,
847 1312 903 1353 13,
918 1309 1060 1346 dicitur
1075 1321 1083 1346 :
1099 1311 1179 1347 Non
1197 1313 1399 1349 morabitur
1421 1324 1508 1359 opus
1528 1318 1741 1351 mercenarii

122 1358 177 1393 tui
206 1357 307 1403 apud
330 1359 364 1392 te
389 1366 502 1402 usque
528 1367 650 1399 mane3
673 1357 865 1393 Dominus
895 1356 1012 1393 etiam
1035 1356 1276 1402 dicit,Joelis
1309 1360 1395 1405 ult„
1411 1363 1433 1397 4
1450 1373 1458 1396 :
1475 1361 1551 1397 Cito
1576 1363 1741 1398 velociter

122 1403 274 1440 reddam
290 1404 575 1439 vicissitudinem
593 1404 693 1439 vobis
713 1413 819 1448 super
838 1407 947 1448 caput
964 1406 1134 1439 vestrum..
1156 1405 1294 1442 Statim
1314 1406 1435 1453 igitur
1449 1411 1538 1453 post
1557 1412 1738 1454 mortem,

122 1451 266 1488 animae
283 1451 345 1488 vel
366 1450 569 1497 praemium
586 1454 886 1496 consequuntur
901 1450 962 1487 vel
987 1459 1159 1497 poenam.

171 1498 355 1544 Amplius,
377 1497 594 1535 secundum
617 1497 795 1534 ordinem
817 1498 942 1544 culpae
963 1501 1001 1534 et
1019 1499 1146 1535 meriti
1167 1500 1449 1538 convenienter
1477 1506 1538 1540 est
1572 1503 1671 1541 ordo
1698 1504 1740 1541 in

124 1554 243 1592 poena
260 1547 300 1582 et
317 1545 492 1591 praemio.
514 1544 693 1581 Meritum
722 1548 853 1581 autem
882 1548 920 1580 et
950 1545 1066 1591 culpa
1086 1554 1167 1582 non
1187 1548 1375 1593 competit
1397 1549 1554 1596 corpori
1573 1551 1651 1588 nisi
1673 1561 1742 1597 per

124 1593 298 1630 animam
320 1602 328 1626 :
352 1591 448 1628 nihil
470 1591 573 1628 enim
594 1591 712 1628 habet
731 1591 920 1628 rationem
943 1592 1070 1628 meriti
1089 1593 1150 1629 vel
1171 1593 1363 1639 demeriti,
1395 1596 1472 1633 nisi
1504 1597 1739 1644 inquantum

123 1642 187 1677 est
205 1638 484 1676 voluntarium.
506 1639 629 1686 Igitur
646 1643 724 1675 tam
745 1639 947 1684 praemium
968 1649 1086 1685 quam
1108 1649 1226 1685 poena
1247 1643 1529 1680 convenienter
1543 1644 1592 1681 ab
1608 1646 1742 1682 anima

123 1686 325 1724 derivatur
344 1685 389 1722 ad
413 1694 571 1732 corpus.
590 1687 676 1722 Non
697 1690 827 1722 autem
860 1686 1002 1723 animae
1030 1687 1216 1724 convenit
1242 1694 1401 1734 propter
1434 1699 1592 1737 corpus.
1625 1692 1742 1729 Nulla

124 1734 247 1781 igitur
265 1732 364 1785 ratio
385 1735 446 1770 est
463 1741 583 1779 quare
602 1732 640 1769 in
662 1732 952 1784 punitione‚vel
966 1733 1234 1779 praemiatione
1253 1735 1471 1774 animarum
1494 1742 1743 1785 exspectetur

125 1783 343 1826 resumptlo
381 1789 590 1825 corporum
618 1791 627 1824 ;
662 1789 757 1826 quin
800 1781 928 1827 magis
971 1781 1210 1818 conveniens
1237 1782 1402 1820 'videtur
1439 1788 1482 1820 ut
1522 1786 1664 1823 animae
1699 1787 1741 1823 in

125 1827 271 1875 quibus
299 1836 370 1873 per
394 1827 503 1873 prius
531 1826 603 1863 suit
630 1827 760 1872 culpa,
775 1831 813 1863 et
837 1827 1035 1872 meritum,
1054 1828 1162 1873 prius
1185 1829 1302 1866 etiam
1328 1831 1554 1877 puniantur,
1572 1833 1634 1869 vel
1647 1842 1742 1879 prae-

125 1874 310 1912 mientur.
1640 1886 1642 1888 ’

174 1923 270 1962 Item,
293 1921 430 1958 eadem
451 1920 518 1957 Dei
537 1921 779 1966 providentia
807 1922 998 1959 creaturis
1019 1922 1279 1961 rationalibus
1301 1925 1459 1971 praemia
1484 1926 1676 1964 debentur
1704 1932 1742 1965 et

123 1977 266 2015 poenae,
288 1977 367 2015 qua
384 1968 503 2005 rebus
524 1968 769 2005 naturalibus
790 1969 1054 2015 perfectiones
1079 1969 1137 2007 eis
1169 1970 1307 2008 debitae
1333 1973 1580 2010 adhibentur.
1599 1975 1660 2011 Sic
1682 1978 1743 2012 est

124 2019 256 2053 autem
286 2015 327 2051 in
366 2015 485 2052 rebus
519 2015 764 2052 naturalibus
799 2016 902 2061 quod
941 2017 1253 2064 unumquodque
1286 2020 1416 2056 statim
1446 2021 1582 2067 recipit
1614 2022 1741 2068 perfe-

125 2063 294 2100 ctionem
317 2062 431 2107 cujus
451 2064 512 2099 est
529 2071 666 2107 capax,
682 2063 758 2099 nisi
775 2063 1159 2108 sitimpedimcntum
1174 2065 1234 2101 vel
1253 2075 1296 2102 ex
1312 2071 1420 2112 parte
1439 2068 1664 2113 recipientis
1680 2070 1742 2106 vel

128 2111 301 2155 exparte
335 2108 502 2156 agentis.
527 2109 654 2152 Quum
684 2109 804 2155 igitur
838 2112 994 2153 animae,
1014 2111 1144 2147 statim
1181 2121 1301 2158 quum
1329 2113 1475 2150 suerint
1507 2120 1696 2161 separatae
1719 2126 1743 2153 a

124 2165 305 2202 corpore,
324 2157 400 2192 sint
420 2159 643 2201 capaceset
663 2156 810 2201 gloriae,
833 2159 869 2192 et
889 2166 1028 2202 poenae,
1048 2158 1181 2194 statim
1206 2163 1415 2206 utrumque
1436 2161 1650 2207 recipient:
1668 2171 1742 2200 nec

128 2202 308 2240 differtur
338 2203 398 2239 vel
430 2203 626 2239 bonorum
657 2203 860 2247 praemium
890 2204 949 2239 vel
980 2205 1172 2240 malorum
1207 2215 1324 2250 poena
1357 2215 1565 2255 quousque
1598 2209 1741 2247 animae

124 2259 294 2296 corpora
311 2253 575 2286 reassumam.

174 2296 512 2335 Considerandum
531 2300 662 2348 tamen
683 2300 743 2333 est
762 2297 867 2349 quod
891 2307 937 2334 ex
963 2302 1071 2343 parte
1089 2298 1284 2336 bonorum
1305 2300 1466 2347 aliquod
1488 2301 1743 2348 impedimen-

124 2346 207 2381 tum
229 2353 318 2382 esse
340 2346 483 2390 potest,
505 2353 554 2379 ne
575 2353 715 2380 animae
736 2346 867 2380 statim
887 2353 910 2380 a
930 2353 1093 2390 corpore
1115 2346 1307 2383 absolutae
1323 2347 1498 2385 ultimam
1519 2351 1741 2387 mercedem

124 2391 327 2437 recipiant,
347 2400 434 2437 quae
455 2391 495 2426 in
518 2391 583 2426 Dei
607 2391 755 2426 visione
772 2391 967 2427 consistit.
989 2392 1045 2428 Ad
1074 2392 1182 2429 illam
1212 2394 1317 2430 enim
1338 2395 1534 2432 visionem
1562 2400 1741 2435 creatura

124 2438 331 2475 rationalis
350 2438 492 2474 elevari
516 2446 594 2473 non
616 2440 758 2482 potest,
781 2438 856 2474 nisi
879 2438 1050 2475 totaliter
1070 2439 1184 2475 fuerit
1207 2440 1419 2486 depurata3
1442 2451 1532 2479 cum
1552 2443 1619 2480 illa
1640 2445 1739 2482 visio

124 2487 247 2521 totam
269 2485 492 2520 facultatem
510 2485 725 2520 naturalem
742 2489 930 2521 creaturae
945 2485 1128 2522 excedat:
1147 2487 1265 2531 unde,
1281 2488 1467 2533 sapient„
1483 2498 1553 2534 vn,
1569 2493 1628 2533 25,
1644 2491 1740 2528 dici-

124 2535 190 2567 tur
209 2531 256 2567 de
275 2531 486 2576 Sapientia,
507 2531 611 2577 quod
632 2531 725 2566 nihil
744 2532 977 2576 inquinatum
995 2534 1034 2568 in
1060 2534 1161 2568 illam
1180 2536 1337 2569 incurrit
1357 2547 1369 2578 ς
1388 2540 1426 2572 et
1444 2538 1535 2581 Isa.‚
1559 2545 1681 2581 XXXV,
1704 2541 1738 2579 8,

124 2577 266 2614 dicitur
286 2590 295 2613 :
317 2579 396 2615 Non
409 2578 646 2623 pertransibit
660 2588 728 2623 per
751 2588 828 2613 eam
843 2580 1014 2623 pollutus.
1037 2580 1229 2617 Polluitur
1255 2584 1384 2618 autem
1417 2584 1551 2620 anima
1568 2593 1637 2630 per
1655 2595 1740 2631 pec-

125 2628 271 2669 catum,
292 2624 527 2670 inquantum
549 2625 665 2660 rebus
685 2624 937 2662 inferioribus
955 2626 1176 2663 inordinate
1197 2628 1451 2674 conjungitur
1471 2639 1480 2664 τ
1503 2640 1527 2667 a
1546 2641 1625 2677 qua
1653 2633 1739 2679 qui-

125 2671 215 2708 dem
235 2671 455 2717 pollutione
474 2670 753 2717 purificaturin
772 2672 844 2708 hac
858 2673 1015 2718 vitaper
1029 2674 1365 2718 Poenitentiam‚et
1382 2676 1459 2713 alia
1477 2682 1737 2724 sacramenta,

124 2720 169 2755 ut
187 2727 307 2763 supra
321 2718 468 2768 dictum
489 2722 561 2754 est.
584 2718 828 2764 Quandoque
849 2728 938 2755 vero
958 2720 1153 2766 contingit
1172 2722 1276 2767 quod
1298 2722 1518 2768 purificatio
1537 2725 1629 2762 talis
1657 2735 1738 2763 non

125 2765 301 2802 totaliter
331 2765 529 2811 perficitur
558 2765 598 2801 in
631 2765 706 2812 hac
732 2766 825 2809 vita,
855 2765 924 2802 sed
957 2771 1134 2802 remanet
1161 2768 1290 2805 adhuc
1320 2769 1473 2807 debitor
1506 2780 1645 2817 poenae,
1678 2773 1740 2809 vel

125 2816 286 2858 propter
305 2812 589 2864 negligentiam
610 2812 794 2859 aliquam,
817 2816 884 2848 aut
919 2813 1232 2858 occupationem,
1253 2819 1321 2852 aut
1339 2816 1455 2854 etiam
1476 2819 1570 2864 quia
1589 2819 1742 2857 debitor

125 2867 252 2904 poenae
268 2864 394 2896 morte
414 2862 650 2905 praevenitur
670 2871 679 2895 :
702 2867 775 2896 nec
791 2862 923 2896 tamen
942 2862 1100 2906 propter
1119 2860 1194 2898 hoc
1210 2867 1382 2900 meretur
1399 2865 1570 2902 totaliter
1585 2866 1740 2904 excludi
