1894 3223
156 152 226 188 202
737 146 824 182 LIB.
853 146 901 189 ΙΙ,
927 145 1030 183 CAP.
1059 145 1202 182 LXXIV.

157 231 252 279 quia
272 238 352 266 non
373 230 468 265 sunt
490 226 627 264 eadem
646 226 924 272 phantasmata
945 226 1049 272 apud
1069 235 1223 271 omnes,
1244 235 1317 264 nec
1338 225 1478 264 eodem
1511 225 1630 265 modo
1655 227 1791 274 dispo-

159 278 248 320 sita,
270 285 342 312 nec
361 273 554 321 quidquid
573 273 762 319 intelligit
782 282 886 310 unus
904 273 1092 320 intelligit
1111 273 1230 311 alius.
1245 275 1290 311 Et
1307 272 1464 310 videtur
1481 274 1565 311 haec
1577 275 1792 320 responsio

158 331 382 362 consonare
410 320 654 367 praemissis3
678 329 784 364 nam,
807 320 964 357 etiamsi
985 320 1211 358 intellectus
1243 320 1452 367 possibilis
1486 329 1568 358 non
1590 325 1651 358 est
1671 330 1790 366 unus,

159 379 240 407 non
278 367 544 415 intelligimus
577 376 624 404 ea
653 375 820 414 quorum
853 367 1007 413 species
1041 371 1135 405 sunt
1171 368 1212 404 in
1244 367 1448 405 intellectu
1484 367 1684 414 possibili,
1707 369 1789 406 nisi

161 416 294 454 adsint
316 415 597 461 phantasmata
616 413 665 451 ad
686 414 761 451 hoc
784 414 992 460 disposita.

210 462 286 499 Sed
310 462 416 509 quod
438 462 543 498 dicta
561 461 772 507 responsio
794 470 875 498 non
893 461 1024 508 possit
1052 462 1222 499 totaliter
1243 462 1532 499 inconveniens
1551 461 1713 508 evitare,
1735 464 1794 501 sic

188 513 278 547 atet.

158 520 182 557 p
209 558 335 601 Quam
369 556 596 593 intellectus
629 555 836 602 possibilis
869 555 998 592 factus
1020 559 1082 592 est
1101 560 1190 593 actu
1208 566 1277 602 per
1295 556 1467 602 speciem
1490 555 1790 603 intelligibilem

159 608 376 650 receptam,
399 607 530 649 potest
562 612 678 649 agere
712 612 781 648 per
813 602 1006 648 seipsum,
1028 606 1071 639 ut
1102 602 1198 640 dicit
1215 604 1447 641 Aristoteles
1471 604 1481 651 (
1502 606 1552 640 De
1573 606 1716 651 anima,
1734 612 1794 649 111,

159 655 254 688 text.
279 660 422 687 comm.
448 651 508 696 8);
534 650 638 686 unde
673 649 856 686 videmus
877 649 983 696 quod
1004 649 1105 686 illud
1127 650 1240 696 cujus
1261 651 1469 691 scientiam
1499 652 1623 688 semel
1641 651 1796 697 accepi-

158 707 250 736 mus
272 701 332 735 est
362 698 403 734 in
436 701 631 744 potestate
659 701 797 734 nostra
819 697 963 733 iterum
985 696 1239 734 considerare
1260 707 1382 744 quum
1402 698 1604 743 volumus,
1628 707 1701 735 nec
1723 697 1797 735 im·

159 746 345 791 pedimur
381 749 541 791 propter
577 745 889 790 phantasmata;
916 744 1010 790 quia
1046 743 1088 779 in
1121 747 1315 790 potestate
1354 750 1493 782 nostra
1534 749 1594 781 est
1624 745 1796 782 formare

162 793 441 837 phantasmata
462 792 768 829 accommodata
789 790 1103 828 considerationi
1119 800 1238 838 quam
1251 791 1452 836 volumus,
1470 792 1549 828 nisi
1565 792 1666 828 forte
1688 795 1795 829 esset

161 839 487 885 impedimentum
515 849 561 875 ex
582 843 694 885 parte
715 839 855 885 organi
885 838 999 884 cujus
1021 842 1108 883 est3
1132 838 1236 875 sicut
1258 838 1402 875 accidit
1429 839 1470 874 in
1494 838 1738 884 phreneticis
1759 842 1798 875 et

162 887 406 933 lethargicis,
430 886 497 933 qui
520 895 600 930 non
622 889 797 932 possunt
820 885 964 922 habere
986 885 1155 922 liberum
1190 888 1321 923 actum
1341 885 1563 932 phantasiae
1586 889 1624 922 et
1643 894 1793 922 memo-

161 934 308 970 rativse.
332 935 375 969 Et
409 937 569 979 propter
598 933 673 970 hoc
708 933 941 970 Aristoteles
972 932 1066 969 dicit
1094 932 1266 980 (Physic.
1287 932 1374 980 VIII)
1396 933 1500 980 quod
1534 933 1604 970 ille
1624 933 1692 980 qui
1713 932 1796 979 jam

162 981 280 1018 habet
312 981 492 1018 habitum
525 980 720 1023 scientiae,
743 980 833 1016 licet
865 980 918 1016 sit
937 979 1115 1026 potentia
1133 980 1409 1024 considerans,
1432 989 1514 1017 non
1534 980 1691 1027 indiget
1710 989 1794 1018 mo-

162 1032 246 1065 tore
282 1028 348 1074 qui
380 1028 543 1065 reducat
576 1037 667 1064 eum
703 1027 750 1064 de
784 1027 963 1073 potentia
983 1027 1023 1063 in
1048 1030 1192 1072 actum,
1216 1027 1543 1065 nisiremovents
1563 1026 1795 1073 prohibens,

163 1075 233 1112 sed
256 1078 384 1120 potest
404 1077 489 1120 ipse
511 1075 616 1111 exire
639 1075 681 1112 in
706 1077 837 1111 actum
858 1074 1212 1119 considerationis,
1233 1078 1277 1111 ut
1293 1074 1388 1111 vult.
1403 1074 1443 1111 Si
1464 1078 1597 1111 autem
1617 1074 1656 1110 in
1679 1074 1796 1112 intel-

164 1122 267 1159 lectu
307 1123 490 1168 possibili
522 1126 617 1159 sunt
656 1122 814 1167 species
849 1121 1124 1167 intelligibiles
1164 1121 1343 1158 omnium
1378 1122 1638 1159 scientiarum
1675 1120 1797 1169 (quod

164 1173 319 1215 oportet
351 1169 495 1213 dicere,
518 1170 551 1206 si
588 1172 646 1205 est
680 1178 785 1206 unus
822 1171 860 1204 et
895 1168 1103 1214 aeternus),
1126 1169 1348 1206 necessitas
1383 1169 1708 1214 phantasmatum
1746 1168 1797 1206 ad

162 1216 409 1253 intellectum
430 1216 664 1262 possibilem
686 1216 759 1252 erit
775 1215 880 1252 sicut
898 1219 956 1252 est
971 1215 1081 1252 illius
1102 1215 1169 1262 qui
1183 1215 1262 1262 jam
1287 1215 1627 1253 habetscientiam
1642 1215 1690 1252 ad
1705 1225 1798 1253 con-

164 1263 422 1300 siderandum
444 1263 664 1300 secundum
693 1263 901 1300 scientiam
923 1262 1048 1308 illam,
1071 1263 1177 1309 quod
1198 1263 1314 1300 etiam
1339 1263 1426 1300 sine
1446 1262 1795 1308 phantasmatibus

165 1319 245 1347 non
267 1314 415 1356 posset.
440 1312 568 1355 Quum
589 1311 716 1356 igitur
732 1309 899 1357 quilibet
920 1309 1040 1346 homo
1063 1310 1259 1356 intelligat
1274 1319 1343 1356 per
1362 1310 1607 1347 intellectum
1626 1309 1798 1356 possibi-

164 1357 255 1401 lem,
280 1357 500 1394 secundum
522 1358 627 1404 quod
650 1361 709 1394 est
732 1356 921 1393 reductus
943 1357 984 1393 in
1007 1360 1137 1393 actum
1152 1358 1222 1403 per
1234 1357 1389 1402 species
1407 1357 1697 1403 intelligibiles,
1713 1358 1797 1404 qui·

165 1405 261 1441 libet
278 1405 398 1441 homo
417 1406 559 1450 poterit
577 1404 844 1448 considerare,
862 1413 983 1450 quum
998 1404 1182 1448 voluerit,
1200 1404 1300 1441 scita
1312 1404 1491 1440 omnium
1508 1405 1766 1441 scientiarum
1784 1416 1792 1450 3

166 1451 269 1498 quod
291 1455 350 1488 est
381 1452 591 1488 manifeste
614 1451 782 1495 falsum3
805 1451 863 1488 sic
886 1451 992 1486 enim
1013 1451 1148 1488 nullus
1178 1450 1375 1498 indigeret
1409 1451 1571 1488 doctore
1592 1451 1640 1488 ad
1661 1451 1796 1498 acqui·

165 1498 333 1592 {endum
355 1499 579 1536 scientiam.
603 1500 686 1535 Non
707 1498 830 1591 {gitur
863 1501 923 1535 est
943 1507 1049 1535 unus
1071 1501 1108 1535 et
1130 1500 1302 1536 aeternus
1322 1497 1547 1536 intellectus
1569 1498 1792 1546 possibilis.

184 1547 195 1581 Ι
223 1550 338 1592 part„
361 1556 398 1592 q.
421 1554 553 1590 LXXVI,
577 1549 647 1582 art.
670 1549 705 1582 2.

798 1668 968 1710 CAPUT
993 1669 1167 1710 LXXIV.

165 1775 216 1805 DE
235 1774 417 1804 OPINIONE
444 1775 653 1807 AVIGENNAE
683 1777 749 1810 QUI
767 1776 906 1805 POSUIT
930 1777 1084 1806 FORMAS
1110 1776 1412 1807 INTELLIGIBILES
1437 1777 1516 1807 NON
1535 1777 1785 1808 GONSERVARI

718 1829 761 1857 IN
779 1829 1015 1858 INTELLECTU
1039 1829 1241 1859 POSSIBILI.

215 1918 418 1970 praedictis
443 1922 574 1956 autem
595 1919 818 1957 rationibus
839 1920 999 1958 obviare
1019 1920 1203 1957 videntur
1222 1930 1310 1967 quae
1329 1921 1530 1959 Avicenna
1546 1921 1672 1967 ponit.
1690 1921 1795 1960 Dicit

168 1974 274 2002 enim
296 1974 337 2002 in
355 1974 430 2003 suo
451 1965 552 2002 libro
571 1967 622 2002 De
645 1968 768 2002 anima
786 1967 835 2013 (c.
856 1967 905 2014 6),
929 1967 1035 2014 quod
1054 1967 1097 2004 in
1128 1967 1330 2005 intellectu
1352 1968 1537 2014 possibili
1557 1977 1639 2005 non
1659 1977 1790 2006 rema-

168 2016 262 2049 nent
283 2013 438 2058 species
458 2013 748 2059 intelligibiles,
770 2014 849 2051 nisi
871 2006 1158 2061 quandiuflctu
1178 2015 1472 2061 intelliguntur.

215 2060 327 2103 Quod
348 2060 507 2106 quidem
529 2070 576 2096 ex
596 2061 671 2098 hoc
690 2061 859 2107 probare
885 2061 1026 2098 nititur
1045 2062 1152 2108 quia,
1175 2062 1351 2109 quandiu
1372 2062 1508 2099 formae
1530 2062 1789 2108 apprehensae

166 2109 340 2158 manent.
358 2108 400 2143 in
429 2108 607 2153 potentia
634 2108 937 2153 apprehensiva,
973 2112 1063 2146 actu
1096 2109 1544 2155 appreheiiduiit111³3ex
1578 2109 1654 2146 hoc
1685 2109 1794 2147 enim

167 2161 312 2190 sensus
331 2163 372 2190 in
393 2158 482 2191 actu
502 2153 559 2199 fit,
582 2157 619 2191 et
638 2154 823 2192 similiter
846 2155 1072 2193 intellectus
1089 2155 1129 2193 in
1155 2160 1244 2193 actu
1265 2160 1325 2193 est
1340 2156 1586 2193 intellectum
1609 2156 1651 2193 in
1673 2160 1791 2202 actu;

167 2200 272 2237 unde
294 2200 446 2237 videtur
462 2201 580 2248 quod,
604 2201 937 2250 quandocumque
959 2212 1105 2240 sensus
1125 2203 1187 2240 vel
1203 2203 1430 2240 intellectus
1446 2207 1506 2240 est
1521 2204 1650 2241 sactus
1666 2211 1792 2241 unum

167 2256 257 2284 cum
279 2252 440 2285 sensato
459 2248 521 2285 vel
541 2248 758 2294 intellecto,
783 2250 1004 2287 secundum
1024 2250 1100 2288 hoc
1127 2251 1235 2297 quod
1256 2250 1375 2287 habet
1395 2251 1562 2287 sormam
1583 2250 1725 2296 ipsius,
1749 2250 1796 2288 fit

167 2295 432 2340 apprehensio
453 2295 494 2332 in
517 2299 607 2333 actu
634 2305 704 2342 per
736 2305 901 2334 sensum
929 2297 990 2334 vel
1024 2306 1095 2344 per
1123 2297 1383 2334 intellectum.
1407 2298 1518 2335 Vires
1551 2301 1684 2335 autem
1705 2306 1794 2345 quae

167 2345 407 2379 conservant
439 2342 589 2381 formas
621 2352 704 2380 non
734 2344 1006 2390 apprehensas
1039 2345 1081 2381 in
1114 2348 1204 2382 actu
1237 2344 1334 2381 dicit
1374 2353 1456 2382 non
1489 2353 1578 2382 csse
1595 2345 1701 2382 vires
1722 2353 1791 2391 ap-

166 2389 439 2435 prehensivas,
457 2390 528 2427 sed
545 2391 757 2428 thesauros
777 2391 967 2428 virtutum
989 2391 1368 2437 apprehensivarum
1387 2403 1395 2436 ;
1417 2392 1522 2429 sicut
1542 2392 1791 2439 imaginatio,

168 2446 255 2482 quae
285 2440 345 2473 est
375 2437 589 2475 thesaurus
621 2437 840 2475 formarum
875 2439 1214 2485 apprehensarum
1232 2448 1302 2486 per
1323 2447 1503 2484 sensum,
1525 2443 1563 2476 et
1583 2439 1790 2484 memoria,

168 2483 389 2521 secundum
411 2485 558 2530 ipsum,
580 2494 667 2532 quae
689 2489 748 2522 est
769 2487 972 2523 secundus
992 2486 1206 2524 thesaurus
1239 2486 1506 2523 intentionum
1525 2486 1791 2533 apprehensa-

167 2539 255 2567 rum
288 2531 438 2577 absque
460 2541 610 2576 sensu;
643 2532 748 2570 sicut
771 2542 894 2581 quum
922 2533 1009 2571 ovis
1039 2533 1301 2580 apprehendit
1319 2533 1572 2571 inimicitiam
1592 2532 1689 2579 lupi.
1709 2532 1791 2570 Hoc

169 2580 300 2614 autem
322 2578 519 2626 contingit
546 2579 777 2625 hujusmodi
806 2580 1019 2618 virtutibus
1050 2580 1157 2627 quod
1187 2585 1425 2618 conservant
1446 2580 1596 2618 formas
1617 2587 1701 2616 non
1721 2588 1788 2626 ap-

168 2623 389 2668 prehensas
409 2630 513 2671 actu,
533 2625 575 2662 in
595 2630 788 2673 quantum
807 2627 955 2665 habent
985 2627 1166 2675 quaedam
1188 2637 1341 2675 organa
1358 2628 1401 2665 in
1422 2627 1567 2674 quibus
1586 2625 1787 2672 recipiun-

167 2672 233 2706 tur
267 2671 404 2708 formae
437 2673 664 2719 receptione
697 2674 921 2722 propinqua
953 2675 1344 2721 apprehensioni3et
1373 2677 1534 2720 propter
1567 2672 1644 2710 hoc
1662 2673 1790 2712 virtus

169 2717 470 2762 apprehensiva,
492 2724 728 2758 convertens
759 2730 802 2759 se
834 2721 883 2759 ad
913 2722 1145 2769 hujusmodi
1183 2722 1411 2766 thesauros,
1452 2719 1722 2773 apprehendit,
1746 2721 1790 2758 in

168 2767 276 2800 actu.
304 2764 467 2802 Constat
491 2769 620 2804 autem
643 2768 751 2814 quod·
778 2769 1005 2807 intellectus
1035 2768 1244 2816 possibilis
1265 2771 1326 2806 est
1342 2767 1469 2804 virtus
1486 2767 1788 2813 apprehensura,

168 2813 208 2863 et
224 2810 330 2857 quod
350 2819 431 2848 non
451 2812 569 2850 habet
599 2823 795 2861 organum
826 2825 1087 2862 corporeum3
1107 2815 1213 2854 unde
1244 2813 1448 2853 concludit
1467 2814 1574 2862 quod
1597 2814 1786 2862 impossi-

168 2855 249 2909 bile
281 2860 341 2895 est
371 2858 662 2912 quod-species
690 2862 965 2909 intelligibiles
986 2865 1273 2901 conserventur
1301 2861 1345 2899 in
1364 2861 1568 2899 intellectu
1586 2862 1787 2908 possibili,

170 2912 250 2941 n1s1
271 2905 462 2951 quamdiu
482 2906 670 2953 lntelllgit
704 2913 808 2946 actu.
831 2911 992 2955 Oportet
1021 2918 1118 2956 ergo
1146 2907 1253 2956 quo'd
1271 2908 1333 2946 vel
1350 2908 1447 2956 ipsae
1466 2909 1623 2956 species
1640 2909 1789 2948 intelli·
