1894 3223
676 127 762 161 ΗΒ.
790 126 848 165 lv,
877 126 978 161 CAP.
1005 125 1150 161 xxxiv.
1654 126 1723 162 553

145 210 245 249 Item,
266 217 314 245 ex
334 207 410 244 1100
431 206 575 243 dicitur
587 206 733 253 aliquis
753 205 860 244 silius
879 207 1047 252 alicujus
1067 206 1217 246 matris,
1235 206 1328 254 quia
1341 215 1485 252 eorpus
1505 205 1591 253 ejus
1611 215 1659 243 ex
1678 215 1725 244 ea

101 257 285 298 sumitur,
307 254 398 290 licet
419 253 552 290 anima
572 262 652 290 6011
675 257 855 290 sumatur
875 264 921 290 ex
953 257 1092 297 matre,
1116 253 1185 290 sed
1207 253 1255 290 ab
1278 254 1458 290 exteriori
1480 254 1545 290 sit.
1573 254 1724 299 Corpus

99 308 230 342 autem
255 301 364 338 illius
385 301 560 337 hominis
580 310 628 337 ex
648 301 805 347 Virgine
823 304 945 337 matre
967 304 1167 346 sumptum
1186 304 1246 337 651
1260 312 1270 345 ;
1285 305 1491 338 ostensum
1513 303 1573 336 est
1593 305 1724 337 autem

99 357 245 396 corpus
283 347 392 385 illius
426 347 600 385 1101611115
633 357 721 385 6556
742 357 887 394 corpus
907 348 992 384 Filii
1034 348 1100 384 Dei
1120 348 1344 399 *naturalis
1368 348 1404 383 id
1430 352 1491 383 est
1508 347 1619 384 Verbi
1641 347 1722 384 Dei.

99 394 384 434 convenienter
405 395 524 439 igitur
543 394 686 432 dicitur
703 395 808 441 quod
828 395 943 432 beata
961 395 1078 440 Virgo
1095 398 1144 430 sit
1164 398 1288 431 mater
1308 395 1418 430 vorbi
1441 395 1523 439 Dei,
1543 399 1580 430 et
1605 395 1724 432 etiam

101 441 183 487 Dei,
205 442 293 479 licet
326 442 509 479 divinitas
529 442 640 478 Verbi
659 451 681 478 a
700 444 825 479 mater
859 450 938 477 non
960 445 1165 485 sumatur;
1194 449 1274 477 non
1295 442 1398 477 euim
1437 445 1590 486 oportet
1618 441 1725 488 quod

100 489 208 528 filius
241 491 365 526 totum
406 489 511 535 quod
544 492 605 526 051
641 488 688 525 de
738 497 814 526 sua
846 488 1069 526 substantia
1106 497 1130 524 a
1164 490 1286 524 matre
1321 493 1466 532 suniat,
1487 488 1555 524 sed
1593 489 1724 525 solum

99 546 168 575 cor
197 545 258 574 us.

146 546 330 630 Apmplius,
371 583 584 630 Apostolus
623 583 744 621 dicit:
766 584 870 620 Misit
900 585 994 619 Deus
1029 583 1163 618 Filium
1200 592 1305 618 suum
1335 584 1475 625 factum
1499 593 1543 618 ea:
1577 584 1727 619 muliere

98 631 328 677 (Galat.,1v,
349 631 411 678 4);
433 640 480 667 ex
515 630 660 677 quibus
695 630 825 667 verbis
847 629 1069 667 ostenditur
1087 628 1256 676 qualiter
1290 629 1431 666 missio
1465 628 1548 666 Filii
1570 631 1638 666 Dei
1674 630 1726 667 sit

100 678 370 724 intelligenda.
394 679 446 715 Eo
484 678 590 714 enim
629 678 770 714 dicitur
803 677 952 714 missus
973 676 1078 722 quod
1115 676 1244 713 sactus
1262 678 1323 714 est
1345 686 1392 713 ex
1419 677 1597 721 muliere,
1619 676 1725 723 quod

99 725 258 772 (uidem
285 733 420 761 verum
440 733 529 762 0556
551 733 631 761 606
663 727 813 771 posset,
835 724 912 761 nisi
932 723 1052 761 Filius
1073 723 1139 759 Dei
1172 725 1264 760 ante
1292 723 1434 760 fuisset
1454 733 1570 770 quam
1594 724 1721 761 sactus

102 776 210 810 esset
231 781 275 808 ex
296 773 484 815 muliere;
519 771 625 819 quod
664 772 768 808 enim
788 772 825 807 in
859 770 1005 816 aliquid
1038 770 1208 808 mittitur
1236 769 1347 816 prius
1381 780 1469 808 esse
1493 770 1727 817 intelligitur

101 828 219 866 quain
253 819 364 856 sitin
400 828 446 856 eo
466 819 519 855 in'
541 818 645 865 quod
666 819 842 855 mittitur.
863 819 938 855 Sed
960 817 1164 854 1106101116
1184 818 1251 864 qui
1282 822 1344 855 est
1364 817 1471 855 filius
1503 818 1725 863 adoptivus,

105 866 326 903 secuudum
346 866 584 910 Nestorium,
605 875 686 902 non
717 866 788 903 l'uit
807 868 1017 912 antequam
1052 867 1169 901 natus
1199 869 1307 901 esset
1335 874 1383 902 ex
1404 864 1583 902 muliere.
1612 865 1726 909 Quod

104 922 199 959 ergo
223 913 318 950 dicit
339 924 347 949 :
368 915 469 949 Misit
488 915 579 948 Deus
601 914 733 948 Filium
761 923 877 952 suum,
900 921 981 949 non
1013 914 1143 958 potest
1162 911 1330 959 intelligi
1352 912 1399 948 de
1420 912 1503 949 silio
1525 912 1724 957 adoptivo,

103 960 172 998 sed
194 964 347 1006 oportet
367 959 470 1007 quod
493 960 737 1005 intelligatur
753 960 799 996 de
819 959 900 996 filio
915 959 1098 997 naturali,
1120 958 1160 995 id
1181 962 1242 995 est
1259 959 1306 995 de
1321 961 1399 996 Deo
1413 960 1479 996 Dei
1494 959 1633 996 Verbo.
1650 959 1725 997 Sed

103 1016 152 1044 ex
173 1007 246 1044 1100
267 1007 371 1053 quod
412 1007 556 1053 aliquis
596 1008 722 1044 sactus
744 1011 803 1043 651
823 1016 870 1043 ex
904 1006 1069 1044 muliere
1089 1005 1234 1043 dicitur
1262 1005 1371 1043 filius
1403 1007 1598 1044 mulieris.
1620 1008 1725 1045 Deus

103 1063 197 1101 ergo
221 1055 287 1090 Dei
306 1053 474 1090 Verbum
490 1053 668 1090 estsilius
688 1053 1020 1090 mulieris—Sed
1042 1054 1140 1090 forte
1155 1052 1302 1090 diceret
1321 1054 1466 1100 aliquis
1488 1063 1568 1091 6011
1583 1054 1726 1091 debere

103 1101 266 1137 verbum
287 1100 466 1147 Apostoli
487 1101 545 1138 sic
583 1101 749 1147 intelligi
783 1101 889 1147 quod
913 1101 979 1136 Dei
1003 1100 1123 1137 Filius
1157 1099 1205 1136 ad
1244 1100 1319 1137 1100
1353 1101 1403 1136 sit
1438 1101 1587 1137 missus
1608 1104 1651 1138 61
1677 1101 1728 1137 511

103 1147 232 1185 sactus
253 1157 298 1184 ex
316 1148 496 1191 muliere,
530 1147 674 1184 sedita
697 1148 802 1194 quod
824 1147 890 1184 Dei
909 1147 1042 1189 Filius,
1073 1147 1139 1193 qui
1164 1150 1225 1183 est
1256 1148 1384 1184 1601115
1416 1157 1463 1183 ex
1496 1148 1660 1184 muliere
1689 1151 1728 1184 et

103 1193 179 1232 sub
200 1194 300 1241 lege,
323 1194 371 1230 ad
392 1194 467 1230 1100
487 1194 539 1230 sit
556 1194 706 1231 missus
726 1198 768 1231 ut
788 1203 857 1231 eos
881 1194 948 1240 qui
974 1194 1047 1230 sub
1071 1193 1158 1239 lege
1172 1196 1284 1230 erant
1297 1194 1520 1239 redimeret,
1534 1198 1725 1231 etseeun-

103 1241 198 1279 dum
219 1240 308 1282 hoc,
330 1241 435 1287 quod
456 1241 571 1278 dicit:
591 1242 725 1277 Filium
740 1251 857 1285 suum,
871 1249 951 1278 non
970 1241 1167 1286 oportebit
1181 1240 1350 1287 intelligi
1372 1242 1420 1278 de
1438 1240 1520 1278 silio
1541 1241 1725 1286 naturali,

105 1288 177 1325 sed
199 1288 245 1325 de
265 1287 425 1325 homine
447 1288 516 1325 illo
537 1288 603 1335 qui
621 1292 681 1325 est
702 1288 810 1326 silius
836 1287 1076 1334 adoptionis.
1096 1287 1171 1325 Sed
1192 1287 1254 1324 1116
1275 1297 1420 1325 sensus
1441 1289 1661 1325 excluditur
1680 1298 1728 1325 ex

103 1335 208 1381 ipsis
228 1335 404 1381 Apostoli
434 1335 578 1373 verbis.
601 1337 686 1372 Non
708 1335 813 1372 enim
842 1345 864 1372 a
895 1335 981 1381 lege
1002 1338 1132 1380 potest
1161 1334 1366 1372 absolvere
1387 1335 1464 1372 nisi
1485 1336 1552 1372 illo
1572 1336 1639 1382 qui
1660 1344 1726 1373 su-

103 1391 176 1429 per
210 1382 336 1428 legem
386 1382 532 1427 existit,
568 1383 633 1430 qui
657 1385 717 1419 est
753 1385 890 1419 auctor
927 1382 1042 1428 legis.
1082 1383 1159 1418 Lex
1177 1387 1307 1419 autem
1330 1392 1352 1419 a
1372 1384 1452 1419 Deo
1484 1383 1613 1428 posita
1651 1386 1724 1420 est.

103 1429 236 1466 Solius
260 1430 381 1475 igitur
398 1430 466 1466 Dei
486 1433 545 1466 est
565 1440 588 1466 a
609 1430 794 1466 servitute
816 1429 917 1475 logis
936 1429 1098 1474 eripere.
1120 1431 1200 1466 Hoc
1212 1433 1343 1466 autern
1366 1429 1543 1467 attribuit
1561 1433 1726 1476 Aposto-

104 1475 170 1513 lus
191 1476 286 1513 Filio
307 1476 388 1516 Dei,
411 1477 457 1513 de
481 1486 559 1523 quo
580 1477 768 1523 loquitur.
789 1477 909 1513 Filius
928 1485 1022 1522 ergo
1043 1476 1123 1516 Dei,
1158 1476 1206 1513 de
1226 1485 1305 1524 quo
1326 1477 1514 1522 loquitur,
1540 1482 1600 1514 051
1619 1476 1727 1514 1111115

107 1523 314 1561 naturalis.
343 1525 483 1560 Verum
521 1532 614 1570 ergo
645 1526 705 1560 est
738 1524 865 1560 dicere
899 1522 1005 1570 quod
1034 1523 1225 1560 naturalis
1255 1523 1323 1560 Dei
1344 1523 1465 1568 iilius,
1486 1523 1525 1560 id
1546 1527 1606 1561 est
1622 1525 1727 1561 Deus

108 1570 178 1607 Dei
197 1570 380 1613 Verbum,
403 1574 462 1607 est
480 1570 607 1607 sactus
626 1580 672 1607 ex
693 1571 871 1607 muliere.

153 1618 345 1662 Praeterm,
373 1617 476 1653 idem
494 1621 600 1662 patet
619 1627 687 1663 per
703 1617 779 1654 1166
811 1617 914 1664 quod
935 1617 1152 1663 redemptio
1186 1616 1349 1655 humani
1367 1617 1526 1664 generis
1550 1618 1627 1665 ipsi
1647 1620 1728 1657 Deo

107 1664 332 1702 attribuitur
352 1675 360 1700 ε
381 1664 574 1700 Redemistz'
591 1675 656 1704 me,
678 1666 839 1705 Domine,
861 1667 954 1700 Deus
967 1666 1144 1701 veritatis.
1166 1664 1316 1711 (Psalm.
1335 1672 1430 1709 XXX,
1451 1665 1503 1712 6.)

154 1711 298 1751 Adhuc,
321 1711 478 1756 adoptio
506 1711 675 1748 filiorum
696 1712 762 1748 Dei
782 1711 824 1747 fit
846 1721 914 1757 per
932 1711 1118 1756 Spiritum
1137 1716 1335 1755 sanetum,
1356 1713 1574 1750 5666601661
1595 1713 1693 1751 illud
1716 1726 1725 1751 t

106 1759 492 1803 Acceptstz's.spz·m·tum
515 1759 719 1804 adoptionis
739 1760 907 1804 filiorum.
929 1758 1058 1803 (Rom.,
1078 1767 1166 1802 vm,
1189 1757 1262 1805 15.)
1289 1760 1457 1804 Spiritus
1483 1763 1613 1797 autem
1636 1770 1728 1798 san-

107 1809 195 1842 6165
215 1813 296 1841 non
317 1809 378 1841 est
397 1805 545 1842 donum
567 1805 757 1848 hominis,
779 1806 848 1842 sed
882 1806 963 1843 Dei.
988 1807 1087 1852 Ergo
1108 1805 1279 1843 filiorum
1301 1806 1460 1852 adoptio
1476 1816 1555 1844 6011
1580 1817 1726 1846 causa-

106 1855 171 1888 tur
188 1852 236 1889 ab
265 1852 440 1896 homine,
474 1852 544 1889 sed
573 1862 597 1889 a
616 1854 710 1889 Deo.
743 1854 935 1890 causatur
968 1855 1099 1890 autem
1131 1862 1153 1889 a
1174 1852 1270 1890 Filio
1291 1853 1373 1896 Dei,
1395 1854 1520 1891 misso
1544 1864 1568 1892 a
1592 1856 1673 1892 Deo
1692 1859 1730 1892 et

106 1898 212 1936 facto
233 1908 281 1935 ex
300 1899 490 1943 muliere;
513 1899 619 1946 quod
639 1902 744 1946 patet
780 1909 850 1945 per
870 1899 906 1937 id
939 1900 1045 1946 quod
1075 1900 1289 1945 Apostolus
1317 1900 1449 1937 subdit
1471 1913 1479 1936 :
1501 1902 1545 1937 Ut
1564 1902 1728 1947 adoptio-

105 1955 185 1982 nem
207 1946 363 1990 filiorum
392 1947 641 1992 reciperemus,
676 1946 826 1993 (Galat,
855 1955 911 1992 1v,
942 1946 992 1992 5.)
1025 1947 1186 1991 Oportet
1216 1947 1338 1992 igitur
1366 1948 1528 1984 verbum
1548 1949 1727 1994 Apostoli

105 1992 276 2039 intelligi
293 1993 340 2030 de
360 1993 458 2030 Filio
478 1993 546 2030 Dei
574 1993 757 2032 naturali.
785 1994 890 2031 Deus
920 1993 1041 2041 igitur
1058 1993 1128 2031 Dei
1151 1993 1320 2031 Verbum
1340 1993 1468 2031 faetus
1491 1999 1552 2032 651
1572 2005 1619 2033 ex
1643 2005 1729 2034 mu-

105 2039 217 2085 liere,
236 2039 275 2077 id
292 2042 353 2077 est
368 2049 416 2077 ex
433 2040 588 2088 Virgine
610 2043 747 2078 matre.

155 2088 255 2127 Item,
276 2088 451 2124 Joannes
471 2087 567 2124 dicit
588 2098 597 2124 :
617 2090 666 2124 Et
684 2088 839 2125 Verbum
862 2097 944 2125 euro
963 2089 1103 2132 factum
1134 2090 1200 2125 est.
1224 2089 1384 2134 (Jocz7m„
1412 2099 1439 2133 1,
1460 2090 1532 2136 14.)
1551 2092 1637 2127 Νο6
1661 2099 1730 2128 au-

107 2136 187 2170 tem
206 2133 324 2170 habet
341 2142 501 2170 carnem
522 2134 601 2171 nisi
622 2144 669 2171 ex
688 2134 870 2173 muliere.
891 2135 1060 2172 Verbum
1083 2135 1206 2181 igitur
1225 2136 1370 2172 sactum
1395 2139 1455 2172 est
1480 2146 1527 2172 ex
1548 2137 1728 2182 muliere,

108 2180 149 2218 id
171 2184 233 2218 est
252 2189 301 2217 ex
321 2180 481 2227 Virgine
501 2184 626 2217 matre
647 2192 657 2226 3
677 2183 793 2227 Virgo
814 2181 920 2218 enim
938 2185 997 2218 est
1017 2185 1142 2219 mater
1162 2182 1231 2218 Dei
1250 2183 1379 2219 Verbi.

155 2227 339 2272 Amplius,
360 2227 576 2273 Apostolus
597 2227 811 2274 dicitquod
833 2228 996 2264 Christus
1012 2231 1065 2264 est
1084 2237 1133 2265 ex
1152 2228 1332 2275 patribus
1357 2230 1552 2266 secuudum
1571 2241 1728 2276 curnem,

109 2276 174 2321 qui
192 2277 369 2320 estsuper
387 2276 509 2310 omnia
524 2276 618 2311 Deus
640 2275 842 2310 benedictus
861 2277 902 2311 in
919 2275 1064 2313 saecula.
1087 2274 1216 2321 (Rom.,
1238 2282 1296 2320 IX,
1329 2275 1380 2322 5.)
1410 2278 1497 2313 Non
1524 2281 1655 2314 autern
1683 2287 1731 2315 ex

108 2321 287 2368 patribus
308 2321 385 2359 6151
405 2321 601 2358 mediante
621 2321 790 2369 Virgine.
812 2322 1064 2368 Deusigitur‚
1085 2322 1153 2369 qui
1186 2325 1248 2359 est
1278 2331 1398 2368 super
1430 2324 1577 2368 omnia,
1607 2328 1666 2360 est
1684 2333 1731 2361 ex

110 2368 266 2416 Virgine
284 2368 506 2406 secundum
522 2377 695 2405 carnem.
716 2368 831 2415 Virgo
850 2368 974 2415 igitur
989 2372 1049 2406 est
1067 2372 1193 2406 mater
1213 2369 1280 2406 Dei
1303 2370 1521 2407 secundum
1556 2379 1728 2408 earnem.

156 2416 302 2460 Adhuc,
322 2415 536 2461 Apostolus
558 2415 651 2453 dicit
667 2416 715 2452 de
733 2416 888 2453 Christo
906 2417 999 2453 Jesu
1017 2428 1028 2452 :
1047 2416 1127 2459 Qui,
1150 2426 1261 2462 quum
1280 2418 1319 2452 iu
1338 2418 1459 2460 forma
1484 2419 1551 2453 Dei
1580 2421 1728 2463 osseam,

108 2464 338 2507 semetipsum
374 2463 591 2507 exinanivit,
622 2464 778 2506 formam
822 2463 918 2500 servi
950 2464 1141 2509 accipiens,
1162 2464 1202 2498 in
1241 2463 1516 2500 similitudmem
1549 2464 1732 2501 homiuum

110 2511 232 2554 factus
263 2508 388 2553 (Phia,
422 2518 466 2553 11,
497 2511 532 2553 6,
560 2509 621 2555 7);
658 2509 725 2546 ubi
754 2509 1008 2548 manifestum
1041 2512 1115 2555 est,
1152 2509 1201 2550 si,
1233 2510 1452 2547 secundum
1489 2511 1730 2556 Nestorium,

112 2556 309 2593 Christum
330 2555 551 2593 dividamus
575 2556 617 2593 in
649 2555 766 2601 duos,
800 2556 952 2594 scilicet
981 2556 1024 2594 in
1056 2556 1259 2594 hominem
1288 2557 1401 2594 illum
1432 2557 1499 2604 qui
1530 2561 1589 2595 est
1622 2557 1729 2596 filius

111 2603 334 2649 adoptivus,
357 2605 395 2639 et
412 2602 451 2639 16
472 2602 597 2640 filium
618 2602 687 2640 Dei
707 2603 925 2642 naturalem
944 2604 1012 2650 qui
1032 2607 1092 2640 est
1112 2604 1277 2641 Verbum
1311 2604 1395 2649 Dei,
1426 2604 1532 2651 quod
1552 2613 1634 2642 non
1658 2614 1728 2651 po-

110 2653 191 2688 test
205 2649 374 2702 intelligi
393 2649 441 2686 de
469 2649 628 2702 homine
653 2649 736 2687 1110.
771 2650 839 2687 1116
871 2650 974 2687 66116
1013 2649 1158 2702 110160,-
1179 2650 1213 2688 51
1246 2659 1371 2697 purus
1404 2650 1524 2689 homo
1559 2652 1622 2696 sit,
1648 2660 1730 2690 non

111 2696 224 2744 prius
243 2696 373 2733 fuitin
396 2696 523 2733 forma
542 2698 610 2733 Del
628 2700 671 2734 ut
689 2696 943 2743 postmodum
969 2696 1011 2734 in
1043 2696 1340 2735 similitudinem
1373 2698 1578 2736 hominum
1605 2698 1729 2743 fieret,

113 2743 184 2782 sed
200 2743 329 2790 magis
351 2753 372 2780 e
390 2752 583 2780 converso
601 2743 722 2781 homo
751 2743 925 2783 existens
957 2743 1173 2781 divinitatis
1205 2745 1399 2791 particeps
1436 2746 1564 2783 factus
1596 2749 1657 2783 est
1687 2746 1730 2783 16

113 2799 194 2837 quo
213 2799 295 2828 non
312 2789 384 2828 1611
401 2790 639 2835 exinanitus,
660 2789 730 2828 sed
745 2791 954 2829 exaltatus.
976 2791 1138 2837 Oportet
1155 2790 1279 2836 igitur
1296 2791 1402 2838 quod
1423 2792 1667 2840 intelligatur
1681 2793 1729 2830 de

113 2837 240 2874 Verbo
258 2837 327 2874 Dei
348 2837 454 2884 quod
471 2837 580 2882 prius
594 2837 718 2890 ⁸fuerit
736 2837 785 2875 ab
800 2841 948 2876 aeterno
967 2837 1009 2874 in
1030 2837 1158 2875 forma
1174 2837 1255 2883 Dei,
1276 2838 1317 2875 id
1345 2842 1406 2876 est
1421 2839 1461 2875 in
1485 2843 1626 2878 natura
1646 2839 1726 2880 Dei,

117 2887 157 2920 61
174 2883 427 2931 postmodum
446 2884 660 2922 exinanivit
677 2884 933 2932 semetipsum
964 2883 1006 2923 in
1026 2884 1326 2923 similitudinem
1351 2886 1558 2924 hominum
1585 2886 1726 2924 faetus.
