1894 3223
1570 0 1574 2 ,
1667 0 1722 6 ,7.,7
1739 0 1894 52 221>ssth

1510 54 1514 62 A
1713 39 1715 42 r
1766 46 1772 48 “
1788 34 1822 59 Ἄ.

159 167 226 203 546
538 184 541 185 ⁷
749 158 834 194 LIB.
863 159 922 199 n,
950 154 1191 194 CAP-XXXL

204 245 348 286 Adhuc,
384 240 591 287 apostolus
623 239 740 276 dicit:
763 239 832 281 Qui
862 239 1076 282 sanctificat,
1104 238 1255 275 scilicet
1275 238 1466 285 Christus,
1488 251 1525 274 ec
1541 238 1606 282 qui
1622 238 1785 283 sanctifi·

159 295 302 333 cantur,
321 289 469 326 scilicet
489 287 627 324 fideles
648 285 804 328 Christi,
826 295 870 320 ea:
890 295 960 320 uno
981 294 1123 320 omnes.-
1141 287 1291 330 propter
1318 295 1425 329 quam
1444 294 1591 320 causam
1610 293 1682 320 non
1701 294 1783 320 con·

157 337 331 383 funditur
348 337 484 380 fratres
512 344 567 370 cos
600 343 740 372 vocare.
779 332 899 367 dicens
920 330 1070 377 [Psalm.
1092 339 1175 374 XXI,
1201 331 1284 378 23]:
1313 332 1495 369 Nuntiabo
1528 341 1653 366 nomen
1679 333 1781 366 tuum

159 384 342 429 fratribus
360 383 447 417 meis
467 381 604 426 (Hebr.,
626 389 668 424 ΙΙ,
696 382 751 423 11,
776 378 831 424 12)
851 390 859 422 ;
883 381 920 415 et
935 377 1037 414 infra
1059 389 1068 414 t
1089 378 1182 421 Quia
1201 388 1283 422 erqo
1299 380 1406 423 pueri
1431 379 1785 424 communicaverunt

160 432 262 467 corni
287 432 319 465 et
348 429 534 473 sanquini,
566 430 600 463 ct
624 428 701 472 ipse
719 426 889 462 similiter
908 425 1148 470 participavit
1175 425 1319 460 eisdem.
1343 425 1464 471 (ibici,
1498 425 1570 472 14.)
1593 424 1781 461 stantem

160 477 338 515 Christus
360 484 505 521 corpus
527 475 687 511 coeleste
709 473 842 510 solum
860 472 1010 515 habuit,
1030 472 1283 509 manifestum
1307 475 1379 515 est,
1399 481 1521 518 quum
1542 481 1617 508 nos
1636 480 1782 517 corpus

158 527 360 561 terrenum
394 522 626 565 habeamus,
658 520 762 567 quod
801 528 881 556 non
912 527 1052 556 sumus
1084 528 1132 555 ex
1152 527 1233 555 uno
1255 527 1344 554 cum
1366 519 1467 564 ipso,
1491 523 1528 555 et
1555 528 1625 565 per
1645 527 1784 555 conse-

161 580 288 618 quens
313 579 439 616 neque
470 569 610 605 fratres
647 569 732 613 cjus
764 574 981 612 possumus
1015 565 1103 610 dici,
1140 575 1266 612 neque
1291 565 1406 601 etiam
1437 565 1521 611 ipse
1541 564 1784 611 participavit

161 617 269 654 carni
291 619 327 652 ot
359 615 566 663 sanguini3
597 624 690 650 nam
711 618 849 650 notum
871 616 930 649 est
950 612 1056 659 quod
1076 622 1167 649 caro
1189 616 1225 648 et
1247 612 1412 658 sanguis
1432 622 1478 649 ex
1499 612 1704 649 elementis
1724 612 1783 648 in·

162 663 373 700 serioribus
395 664 688 708 componuntur
709 664 748 697 et
767 669 845 696 non
877 664 969 696 sunt
1002 663 1151 695 naturae
1170 659 1358 696 coelestis.
1382 660 1491 695 Patet
1507 659 1626 706 igitur
1647 662 1784 695 contra

162 710 423 756 apostolicam
445 708 679 745 sententiam
699 707 924 753 praedictam
946 706 1185 751 positionem
1207 715 1309 742 esse.

214 759 265 793 Ea
285 766 376 793 vero
396 757 540 803 quibus
559 755 782 791 innituntur
803 754 1058 790 manifestum
1081 756 1140 790 est
1159 753 1300 790 frivola
1320 761 1426 789 esse.
1452 754 1536 789 Non
1559 753 1662 789 enim
1677 752 1785 790 Chri-

163 808 251 841 stus
273 803 475 839 descendit
491 803 536 839 de
551 802 650 839 coelo
666 801 885 838 secundum
899 810 1043 846 corpus
1065 803 1132 836 aut
1147 800 1332 845 animam,
1355 799 1424 836 sed
1446 799 1665 836 secundum
1679 799 1785 846 quod

162 853 266 888 Deus
285 863 292 894 ς
328 853 364 886 ct
394 849 469 886 hoc
504 860 548 885 ex
569 849 668 894 ipsis
687 848 816 884 verbis
838 848 993 884 Domini
1029 847 1151 893 accipi
1172 849 1313 893 potest.
1337 847 1465 891 Quum
1486 847 1591 883 enim
1613 846 1783 884 diceret:

163 899 272 935 Nemo
293 897 453 932 ascendit
472 898 512 931 in
531 898 667 936 ctrlum,
690 897 764 931 nisi
784 896 846 940 qui
866 894 1048 930 descendit
1067 894 1110 929 de
1132 894 1226 935 coelo,
1250 894 1424 940 adjunxit
1447 903 1455 928 :
1482 895 1596 930 Filius
1617 894 1785 938 hominis,

163 947 226 990 qm·
248 948 298 979 est
320 946 356 979 m
377 945 458 979 coelo
480 944 639 988 (haiim,
656 951 714 986 111,
739 944 795 988 13)
815 954 823 986 ;
844 942 881 978 in
906 950 983 987 quo
1006 941 1179 978 ostendit
1202 950 1244 978 se
1265 941 1318 977 ita
1338 941 1595 978 descendisse
1616 941 1662 977 de
1684 940 1785 977 c-oelo

164 991 267 1038 quod
300 993 430 1026 tamen
463 990 502 1025 in
524 990 623 1026 coelo
644 998 732 1026 esse
762 998 843 1025 non
866 988 1040 1025 desierit.
1070 989 1149 1024 Hoc
1171 991 1303 1024 autem
1323 987 1525 1033 proprium
1546 987 1706 1024 Deitatis
1727 991 1789 1023 est

164 1041 207 1074 ut
227 1038 279 1074 ita
300 1037 341 1073 in
364 1037 478 1074 terris
499 1037 550 1074 sit
566 1036 671 1083 quod
692 1039 729 1073 et
747 1036 889 1073 coelum
913 1035 1085 1080 impleat,
1110 1035 1326 1072 secundum
1350 1034 1448 1072 illud
1472 1046 1479 1071 :
1503 1035 1634 1072 Coelum
1659 1037 1694 1070 et
1719 1037 1789 1069 ter-

162 1095 244 1120 ram
272 1095 333 1129 csso
363 1085 508 1130 impleo.
545 1083 700 1129 (Jerem.,
732 1091 847 1127 XXIII,
879 1083 956 1128 24.)
977 1085 1062 1119 Non
1082 1091 1176 1129 ergo
1194 1082 1286 1119 Filio
1308 1081 1388 1126 Dei,
1411 1081 1453 1118 in
1498 1085 1663 1119 uantum
1681 1082 1788 1118 Deus

165 1134 239 1176 est,
262 1131 500 1168 descendere
522 1131 568 1167 de
589 1130 690 1167 coelo
722 1129 911 1176 competit
931 1129 1150 1166 secundum
1180 1133 1331 1166 motum
1352 1129 1519 1165 localem
1537 1140 1546 1174 ;
1567 1137 1659 1165 nam
1680 1127 1786 1175 quod

165 1178 343 1214 localiter
362 1182 543 1214 movetur
571 1177 628 1214 sic
657 1177 705 1214 ad
728 1186 850 1214 unum
870 1176 1003 1213 locum
1025 1176 1175 1213 accedit
1195 1176 1299 1223 quod
1324 1175 1371 1212 ab
1393 1176 1517 1212 altero
1538 1175 1698 1212 recedit.
1723 1174 1786 1210 Di·

165 1225 266 1262 citur
284 1224 403 1271 igitur
424 1225 546 1261 Filius
567 1224 635 1260 Dei
655 1223 910 1261 descendisse
932 1223 1151 1260 secundum
1168 1222 1245 1260 hoc
1267 1222 1368 1268 quod
1392 1226 1587 1259 terrenam
1604 1221 1791 1259 substan·

165 1270 259 1308 tiam
280 1271 354 1308 sibi
376 1271 585 1317 copulavit,
610 1271 712 1307 sicut
732 1274 768 1306 ct
785 1270 998 1316 Apostolus
1029 1279 1117 1306 eum
1140 1270 1383 1306 exinanitum
1403 1269 1511 1314 dixit,
1533 1269 1573 1306 in
1594 1272 1786 1315 quantum

166 1318 333 1355 formam
355 1319 456 1354 servi
478 1318 643 1363 accepit,
665 1319 719 1354 ita
740 1321 868 1354 tamen
891 1317 996 1363 quod
1018 1316 1232 1354 divinitatis
1252 1319 1431 1353 naturam
1453 1325 1532 1353 non
1554 1315 1732 1362 perdidit.

212 1365 254 1401 Id
285 1374 376 1402 vero
410 1365 512 1411 quod
543 1373 615 1410 pro
640 1364 771 1401 radice
803 1363 923 1410 hujus
960 1363 1172 1410 positionis
1203 1367 1425 1406 assumunt,
1450 1373 1497 1399 ex
1517 1362 1788 1409 superioribus

167 1415 270 1458 patet
305 1420 392 1448 esse
426 1411 594 1458 falsum3
620 1415 827 1448 ostensum
848 1414 907 1447 est
938 1411 1043 1447 enim
1066 1410 1109 1456 (l.)
1128 1420 1171 1455 11,
1192 1421 1228 1447 c.
1250 1413 1270 1446 6
1291 1413 1328 1446 et
1350 1410 1406 1457 15)
1429 1410 1535 1456 quod
1555 1410 1633 1446 ista
1653 1418 1790 1455 corpo-

173 1458 270 1495 ralia
288 1467 366 1495 non
389 1467 411 1494 a
431 1457 602 1503 diabolo,
624 1457 694 1494 sed
716 1467 738 1494 a
763 1459 840 1494 Deo
863 1460 954 1494 sunt
975 1458 1089 1493 sucta.

807 1604 974 1646 CAPUT
1002 1604 1143 1645 XXXI.

474 1726 524 1753 DE
547 1725 701 1753 ERRORE
725 1724 979 1753 APOLLLrAnrs
1006 1724 1121 1753 cmm
1146 1724 1290 1753 conpos
1316 1724 1481 1753 cnmsn.

216 1834 525 1871 irrationabilius
556 1836 686 1870 autem
722 1833 786 1870 his
818 1834 922 1870 circa
950 1832 1241 1870 incarnationis
1275 1833 1508 1880 mysterium
1547 1833 1793 1879 Apollinaris

167 1882 319 1923 erravit,
339 1881 377 1917 in
398 1880 475 1917 hoo
501 1885 633 1917 tamen
653 1879 850 1926 praedictis
885 1880 1135 1916 concordans
1155 1879 1259 1926 quod
1280 1889 1426 1926 corpus
1448 1880 1592 1917 Christi
1613 1889 1695 1917 non
1716 1881 1789 1917 fuit

166 1927 212 1964 de
242 1928 400 1974 Virgine
434 1929 695 1973 assumptum,
728 1927 810 1970 sed,
835 1927 939 1973 quod
962 1929 1021 1963 est
1040 1926 1168 1973 magis
1195 1926 1373 1972 impium,
1397 1926 1544 1974 aliquid
1562 1926 1676 1964 Verbi
1697 1926 1793 1964 dicit

164 1974 205 2011 in
235 1983 391 2011 carnem
423 1974 565 2011 Christi
598 1973 721 2010 fuisse
751 1982 1002 2018 conversum,
1034 1973 1287 2010 occasionem
1319 1973 1465 2010 erroris
1487 1982 1652 2010 sumens
1673 1983 1720 2011 ex
1740 1984 1788 2011 eo

165 2020 271 2068 quod
292 2020 456 2057 dicitur:
479 2023 527 2056 Et
555 2021 709 2056 Verbum
735 2030 817 2055 caro
836 2021 975 2064 facium
995 2023 1047 2056 est
1067 2020 1232 2066 (Joamz.,
1264 2029 1291 2065 Ι,
1322 2019 1378 2066 14)
1397 2032 1405 2064 ;
1428 2019 1533 2067 quod
1557 2020 1613 2058 Sic
1646 2020 1791 2057 intelli·

167 2067 339 2114 gendum
373 2068 522 2112 putavit
554 2067 668 2114 quasi
698 2067 829 2113 ipsum
851 2067 1018 2104 Verbum
1040 2067 1088 2104 sit
1109 2075 1345 2104 conversum
1365 2067 1406 2103 in
1431 2077 1605 2112 carnem,
1627 2067 1732 2105 sicut
1751 2071 1791 2105 et

166 2114 399 2160 intelligitur
418 2114 516 2150 illud
543 2113 649 2161 quod
671 2113 813 2161 legitur
834 2126 841 2149 :
866 2115 912 2150 Ut
929 2116 1091 2158 qustavit
1111 2114 1382 2150 architriclinus
1412 2124 1546 2160 aquam
1564 2116 1690 2150 vinum
1708 2116 1787 2159 fac-

165 2163 239 2196 tam
254 2161 409 2207 (Iocum,
427 2171 468 2206 Π,
486 2164 534 2208 9),
549 2161 654 2208 quod
675 2170 721 2198 ea
742 2161 894 2197 ratione
913 2161 1053 2198 dicitur
1066 2161 1158 2208 quia
1172 2170 1364 2198 conversa
1383 2166 1440 2199 est
1461 2170 1562 2209 aqua
1577 2161 1618 2198 in
1635 2161 1785 2198 vinum.

213 2208 336 2254 Hujus
357 2212 488 2245 autem
512 2208 656 2245 erroris
669 2207 1028 2254 impossibilitatem
1055 2218 1103 2246 ex
1122 2207 1184 2245 his
1204 2217 1292 2255 quae
1312 2217 1431 2254 supra
1453 2208 1492 2255 (l.
1513 2217 1541 2253 1,
1557 2217 1592 2246 c.
1616 2211 1657 2246 13
1676 2209 1791 2255 et15)

167 2258 328 2292 ostensa
348 2257 442 2292 sunt
461 2254 575 2292 facile
597 2258 658 2292 est
678 2254 984 2300 deprehendere.

212 2302 425 2339 ostensum
457 2306 518 2339 est
548 2302 654 2339 enim
681 2310 802 2348 supra
833 2302 938 2349 quod
968 2303 1072 2339 Deus
1101 2301 1264 2340 omnino
1283 2302 1545 2340 immutabilis
1565 2304 1640 2340 est.
1662 2303 1789 2340 Omne

165 2352 295 2386 autem
324 2348 429 2395 quod
461 2349 503 2386 in
535 2349 643 2387 aliud
666 2349 906 2387 convertitur
922 2349 1176 2386 manifestum
1200 2352 1261 2387 est
1288 2349 1330 2386 in
1358 2349 1456 2386 illud
1475 2349 1634 2386 mutari.
1657 2350 1786 2394 Quum

163 2395 284 2442 igitur
315 2396 483 2433 Verbum
514 2395 584 2433 Dei
604 2396 655 2434 sit
673 2405 790 2433 verus
808 2397 927 2437 Deus,
947 2398 990 2433 ut
1011 2400 1217 2434 ostensum
1239 2399 1313 2442 est,
1332 2395 1580 2443 impossibile
1600 2398 1662 2434 est
1679 2395 1787 2444 quod
1892 2418 1894 2426 ·

163 2443 331 2479 Verbum
356 2444 421 2480 Dei
445 2442 621 2480 fueritin
642 2452 800 2480 carnem
819 2447 1027 2481 mutatum.
1795 2448 1805 2452 “
1886 2463 1894 2491 t

209 2491 309 2534 Item,
336 2490 498 2527 verbum
531 2490 611 2532 Dei,
634 2499 756 2537 quum
789 2491 840 2527 sit
859 2492 976 2531 Deus,
1000 2490 1167 2537 simplex
1184 2494 1243 2528 est
1261 2502 1270 2536 ;
1291 2494 1498 2528 ostensum
1520 2494 1579 2528 est
1599 2490 1702 2528 enim
1718 2499 1786 2528 su·
1887 2504 1894 2519 τ

164 2545 232 2581 pra
265 2537 304 2583 (l.
334 2546 361 2581 1,
383 2546 417 2575 c.
450 2537 510 2584 28)
540 2537 580 2574 in
613 2538 693 2574 Deo
713 2537 1045 2583 compositionem
1066 2546 1146 2574 non
1174 2546 1277 2575 esse.
1304 2538 1343 2575 Si
1366 2537 1488 2585 igitur
1507 2537 1655 2584 aliquid
1668 2536 1784 2575 Verbi

164 2584 230 2619 Dei
264 2588 324 2621 cst
355 2593 591 2622 conversum
621 2585 663 2622 in
696 2594 868 2629 carnem,
903 2588 1057 2631 oportet
1085 2587 1210 2622 totum
1230 2584 1397 2622 Verbum
1420 2593 1655 2622 conversum
1677 2592 1782 2621 esse.

166 2630 276 2681 Quod
305 2633 434 2668 autem
467 2631 507 2668 in
539 2631 646 2669 aliud
677 2631 920 2669 convertitur
946 2631 1093 2669 desinit
1121 2639 1211 2670 esse
1242 2631 1283 2669 id
1302 2631 1407 2679 quod
1429 2631 1540 2678 prius
1559 2631 1659 2675 suit3
1681 2639 1787 2677 aqua

165 2684 268 2712 enim
287 2686 481 2716 conversa
500 2678 541 2715 in
559 2679 697 2716 vinum
713 2678 795 2724 jam
816 2687 897 2715 non
916 2683 976 2716 est
993 2687 1109 2726 aqua,
1131 2678 1202 2717 sed
1221 2678 1372 2716 vinum.
1395 2679 1529 2725 Igitur,
1549 2681 1640 2724 post
1658 2677 1787 2714 incar-

164 2723 380 2768 nationem,
401 2725 621 2762 secundum
640 2725 879 2772 positionem
897 2726 1136 2773 praedictam,
1149 2725 1318 2763 Verbum
1329 2725 1398 2762 Dei
1416 2725 1571 2770 penitus
1589 2731 1672 2760 non
1688 2724 1785 2769 erit;
1880 2740 1883 2754 2

165 2768 270 2816 quod
302 2775 461 2815 apparet
490 2772 750 2818 impossibile,
782 2776 864 2810 tum
896 2782 943 2810 ex
976 2773 1052 2810 hoc
1085 2772 1189 2819 quod
1221 2773 1390 2810 Verbum
1410 2771 1476 2808 Dei
1496 2772 1557 2808 est
1573 2773 1780 2812 aeternum‚
1884 2783 1894 2811 ι

166 2816 384 2868 secundum
404 2817 526 2856 illud:
547 2821 590 2856 In
601 2821 788 2866 principio
805 2823 882 2855 erat
902 2820 1058 2858 Verbum
1086 2819 1244 2866 (Joamz.,
1265 2829 1292 2864 1,
1314 2819 1371 2866 1);
1393 2823 1476 2855 tum
1495 2817 1587 2863 quia
1605 2821 1697 2863 post
1721 2818 1786 2854 in·
1875 2814 1894 2852 Ξ

165 2865 434 2901 carnationem
455 2865 631 2903 Christus
651 2867 819 2904 Verbum
841 2866 997 2912 dicitur,
1020 2867 1239 2904 secundum
1262 2865 1360 2902 illud
1383 2875 1391 2900 :
1413 2865 1570 2901 Vestitus
1593 2867 1672 2901 erat
1689 2867 1790 2905 veste

165 2919 314 2957 aspersa
329 2912 527 2955 sanquine3
549 2915 582 2948 et
605 2917 755 2949 vocatur
773 2924 899 2949 nomen
918 2913 996 2959 eJ'us
1018 2914 1171 2951 Verbum
1185 2914 1264 2949 Dei.
1287 2912 1428 2958 (Ama,
1449 2919 1530 2957 xlx,
1555 2911 1629 2958 13.)
