1894 3223
145 129 215 165 298
717 123 804 157 Ltss.
836 122 898 164 ΙΙΙ,
928 122 1029 158 CAP.
1055 121 1203 160 xxxiv.

190 209 291 249 Item,
311 205 535 241 intellectus
556 206 618 239 est
647 202 790 239 melior
806 210 942 239 sensu.
966 203 1119 239 Bonum
1142 202 1264 249 igitur
1294 201 1521 239 intellectus
1541 205 1602 239 est
1623 202 1765 240 melius

145 263 263 300 quam
284 253 431 288 bonum
449 259 609 287 sensus.
629 250 715 286 Non
731 249 854 296 igitur
872 257 1073 286 summum
1092 249 1269 287 hominis
1285 248 1436 287 bonum
1462 249 1505 286 in
1527 258 1651 286 sensu
1673 257 1768 287 con-

150 300 268 337 sistit.

191 346 334 384 Adhuc,
357 343 539 380 maximae
562 341 843 380 delectationes
870 342 1090 380 secundum
1111 352 1275 380 sensum
1296 346 1390 380 sunt
1410 342 1451 380 in
1472 342 1572 379 cibis
1595 346 1632 378 et
1651 351 1767 379 vene-

146 392 283 435 i·eis,in
306 391 450 437 quibus
470 393 778 436 oporteret-esse
798 398 999 427 summum
1018 389 1182 434 bonnm,
1207 390 1240 427 si
1259 390 1300 426 in
1318 398 1440 427 sensu
1461 393 1580 427 esset.
1602 391 1687 426 Non
1710 392 1770 426 est

146 443 277 476 autem
299 438 339 473 in
360 437 436 474 his.
456 439 540 474 Non
562 440 622 473 est
641 436 763 483 igitur
782 436 820 472 in
845 445 967 474 sensu
990 445 1190 474 summum
1214 436 1390 474 hominis
1415 436 1580 474 bonum.

192 485 375 530 Amplius,
399 493 543 521 sensus
576 483 796 530 diliguntur
812 487 972 530 propter
999 484 1208 520 utilitatem
1236 487 1274 521 et
1303 486 1462 530 propter
1482 482 1768 529 cognitionem.

145 534 239 568 Tota
260 535 390 567 antem
425 531 576 568 utilitas
609 539 801 568 sensuum
823 530 872 567 ad
905 530 1084 577 corporis
1103 531 1210 568 bona
1241 530 1421 575 refertur,
1441 530 1617 576 cognitio
1637 532 1769 580 autem
1823 549 1826 553 ,

147 588 292 616 sensus
331 578 379 614 ad
418 578 698 615 intellectivam
734 577 965 622 ordiiiatur;
988 577 1092 614 unde
1131 577 1320 614 animalia
1357 577 1559 613 intellectu
1594 579 1769 613 carentia

146 635 226 663 non
249 625 491 662 delectantur
507 625 548 661 in
564 624 773 662 sentiendo
792 623 870 662 nisi
892 633 960 670 per
977 624 1314 670 comparationem
1329 624 1376 661 ad
1395 623 1600 661 utilitatem
1620 623 1668 660 ad
1683 631 1769 659 cor-

145 682 220 718 pus
242 672 516 718 pertinentem,
539 671 758 709 secundum
780 671 886 718 quod
912 681 981 717 per
1001 679 1146 708 sensus
1167 671 1438 717 cognitionem
1471 673 1772 721 consequuntur

148 720 259 756 cibos
282 719 341 755 vel
375 728 552 756 venerea.
574 719 659 756 Non
687 722 747 756 est
778 718 900 762 igitur
920 718 962 755 in
995 722 1102 764 parte
1140 718 1332 756 sensitiva
1363 726 1564 758 summum
1593 717 1770 754 hominrs

145 766 308 809 bonum.
327 766 432 813 quod
454 769 514 803 est
534 765 716 804 felicitas.
743 765 838 812 (1-11‚
862 776 899 812 q.
919 774 978 809 iii,
1003 768 1074 801 art.
1097 764 1161 812 3.).

774 906 941 948 CAPUT
969 907 1147 947 XXXIV.

336 1022 436 1056 QUOD
457 1022 605 1051 ULTIMA
634 1021 795 1051 HOMINIS
821 1020 1019 1050 FELICITAS
1044 1021 1124 1050 NON
1142 1020 1341 1050 GONSISTIT
1358 1020 1399 1050 IN
1423 1019 1585 1050 AGTIBUS

734 1080 934 1109 VIRTUTUM
966 1079 1182 1109 MORALIUM.

150 1236 167 1272 f
192 1192 362 1272 lApparelt
395 1192 524 1240 autem
556 1188 661 1235 quod
682 1188 816 1226 necin
838 1187 1138 1235 operationibus
1171 1187 1390 1225 moralibus
1419 1186 1605 1224 consistit
1636 1186 1774 1223 ultima

167 1240 320 1273 eieitas
354 1244 532 1272 iominis.

198 1283 377 1319 Felicitas
399 1282 504 1318 enim
539 1282 712 1318 bumana
744 1290 825 1318 non
849 1285 908 1318 est
928 1281 976 1318 ad
998 1281 1227 1318 ulteriorem
1254 1280 1373 1318 finem
1394 1280 1644 1324 ordinabilis,
1669 1280 1701 1317 si
1722 1279 1774 1317 sit

150 1329 300 1366 ultima.
322 1331 467 1365 Omnes
501 1332 631 1365 autem
659 1328 911 1374 operationes
947 1328 1119 1365 morales
1151 1331 1245 1364 sunt
1264 1327 1507 1365 ordinabiles
1541 1327 1588 1364 ad
1619 1327 1770 1373 aliquid

149 1376 267 1420 aliud,
293 1376 396 1421 quod
418 1379 523 1421 patet
543 1385 586 1411 ex
610 1375 672 1411 his
701 1385 787 1421 quae
807 1375 909 1412 inter
929 1384 996 1412 eas
1016 1379 1109 1411 sunt
1129 1374 1364 1420 praecipuae;
1387 1374 1640 1420 operationes
1662 1375 1769 1410 enim

150 1423 407 1465 fortitudinis,
427 1432 513 1468 quae
547 1426 641 1458 sunt
671 1422 712 1458 in
746 1422 863 1458 rebus
895 1421 1064 1465 bellicis,
1087 1421 1321 1458 ordinantur
1353 1421 1401 1458 ad
1431 1421 1637 1457 victoriam
1663 1424 1700 1457 et
1720 1420 1769 1458 ad

148 1479 309 1515 paceiii;
332 1469 497 1505 stultum
519 1469 624 1505 enim
656 1473 762 1505 esset
791 1473 948 1514 propter
968 1477 1011 1505 se
1043 1471 1195 1505 tantum
1228 1468 1399 1511 bellare,
1423 1467 1607 1504 similiter
1627 1476 1765 1514 opera-

149 1516 278 1552 tiones
304 1515 467 1561 justitiae
492 1515 540 1552 ad
572 1515 806 1553 servandam
835 1525 971 1561 pacem
992 1515 1095 1552 inter
1115 1515 1299 1553 homines
1331 1515 1578 1559 ordinantur,
1600 1524 1670 1560 per
1693 1515 1769 1552 hoc

149 1563 254 1609 quod
288 1563 563 1608 unusquisque
598 1562 728 1608 quiete
749 1563 854 1609 quod
882 1572 998 1599 suum
1021 1566 1081 1599 est
1108 1562 1307 1608 possidet;
1330 1565 1367 1599 et
1387 1562 1572 1598 similiter
1602 1565 1709 1607 patet
1728 1562 1770 1598 in

148 1609 335 1693 (Γπῖῃιώυε
356 1610 460 1646 aliis.
483 1612 567 1646 Non
587 1613 647 1646 est
667 1610 788 1656 igitur
808 1610 848 1646 iii
869 1609 1168 1655 operationibus
1193 1609 1409 1647 moralibus
1431 1609 1570 1646 ultima
1588 1608 1765 1646 hominis

168 1666 187 1693 e
207 1661 335 1693 icitas.

194 1704 337 1743 Adhuc,
362 1703 525 1739 virtutes
546 1703 717 1741 morales
738 1703 786 1740 ad
806 1703 882 1740 hoc
914 1706 1007 1740 sunt
1027 1706 1067 1739 ut
1081 1712 1151 1749 per
1167 1712 1235 1740 eas
1255 1707 1512 1740 conservetur
1532 1702 1707 1739 medium
1728 1702 1770 1740 in

148 1750 403 1797 passionibus
442 1750 670 1786 intrinsecis
694 1754 731 1786 et
767 1749 1030 1787 exterioribus
1066 1750 1196 1787 rebus.
1219 1752 1304 1787 Non
1332 1753 1391 1787 est
1422 1753 1554 1788 autem
1575 1749 1770 1796 possibile

147 1798 253 1844 quod
275 1796 515 1833 modificatio
537 1798 771 1842 passionum
788 1797 849 1833 vel
868 1807 997 1834 rerum
1013 1797 1249 1834 exteriorum
1273 1797 1325 1834 sit
1344 1797 1509 1834 ultimus
1525 1796 1616 1834 finis
1636 1796 1772 1833 huma-

149 1853 209 1881 nae
227 1844 330 1889 vitae,
354 1853 475 1891 quunn
495 1844 591 1890 ipsae
609 1844 819 1890 passiones
839 1848 877 1880 et
896 1844 1111 1881 exteriores
1133 1852 1195 1881 res
1210 1844 1291 1881 sint
1312 1843 1361 1881 ad
1376 1844 1481 1880 aliud
1504 1843 1766 1880 ordinabiles.

147 1892 232 1975 igion
255 1895 315 1927 est
340 1890 462 1974 ifgiltur
492 1891 683 1936 possibile
718 1891 824 1938 quod
841 1891 882 1927 in
915 1890 1069 1929 actibus
1090 1890 1277 1928 virtutum
1312 1891 1522 1927 moralium
1552 1890 1604 1927 sit
1627 1889 1768 1928 ultima

164 1938 326 1975 “ominis
362 1947 381 1974 e
400 1937 528 1978 icitas.

194 1985 377 2029 Amplius,
400 1994 520 2031 quum
543 1984 662 2022 homo
681 1985 733 2021 sit
750 1984 870 2027 homo
885 1994 932 2021 ex
952 1994 998 2021 eo
1018 1984 1123 2030 quod
1137 1987 1198 2022 est
1212 1984 1405 2021 rationem
1428 1983 1594 2029 liabens,
1616 1987 1774 2030 oportet

149 2032 254 2078 quod
275 2031 478 2077 proprium
499 2031 584 2077 ejus
607 2031 771 2075 bonum,
794 2031 899 2078 quod
918 2035 978 2068 est
1005 2031 1188 2076 felicitas,
1210 2031 1262 2068 sit
1281 2031 1501 2068 secundum
1525 2031 1563 2068 id
1584 2031 1690 2077 quod
1711 2035 1773 2068 est

146 2078 350 2124 proprium
382 2078 562 2115 rationis.
582 2078 707 2124 Magis
740 2083 871 2115 autem
892 2081 950 2115 est
980 2079 1184 2124 proprium
1216 2078 1385 2115 rationis
1418 2077 1523 2125 quod
1558 2078 1646 2124 ipsa
1665 2078 1707 2114 in
1728 2087 1771 2116 se

147 2125 267 2162 habet
285 2124 391 2172 quod
411 2125 452 2162 in
465 2125 544 2162 alio
565 2125 671 2162 facit.
689 2126 817 2170 Quum
839 2125 959 2170 igitur
978 2125 1128 2162 bonum
1150 2125 1314 2163 moralis
1328 2125 1486 2162 virtutis
1501 2125 1553 2162 sit
1573 2125 1772 2174 quoddam

148 2181 172 2209 a
193 2173 345 2208 ratione
366 2171 407 2208 in
428 2172 546 2209 r‘ebus
567 2172 657 2209 aliis
677 2182 700 2209 a
726 2181 768 2209 se
789 2172 1028 2216 institutum,
1050 2181 1130 2210 non
1150 2172 1292 2218 poterit
1317 2181 1406 2210 esse
1427 2172 1620 2219 optimum
1643 2172 1770 2209 homi-

147 2219 224 2261 nis,
245 2219 349 2265 quod
370 2222 431 2255 est
451 2219 642 2263 felicitas;
667 2219 737 2256 sed
755 2220 885 2266 magis
905 2219 1055 2257 bonum
1076 2219 1182 2267 quod
1206 2222 1267 2257 est
1288 2219 1329 2256 in
1350 2220 1438 2266 ipsa
1458 2219 1611 2256 ratione
1633 2219 1768 2256 situm.

191 2267 292 2310 Item,
314 2269 520 2303 ostensum
542 2271 601 2303 est
619 2276 739 2312 supra
756 2265 804 2313 (c.
827 2266 885 2314 19)
904 2267 1010 2314 quod
1041 2265 1134 2304 finis
1155 2266 1335 2304 omnium
1366 2275 1497 2304 rernm
1525 2266 1689 2303 ultimus
1711 2269 1773 2303 est

146 2313 361 2350 assimilari
384 2313 430 2350 ad
454 2315 590 2350 Deum.
613 2313 712 2350 Illud
746 2314 868 2359 igitur
899 2313 1119 2351 secundum
1140 2314 1246 2361 quod
1277 2314 1398 2351 homo
1420 2313 1592 2351 maxime
1610 2313 1769 2351 assimi-

145 2360 250 2397 latur
267 2362 347 2397 Deo
368 2361 440 2397 erit
462 2360 547 2407 ejus
568 2360 750 2398 felicitas.
775 2362 855 2398 Hoc
875 2365 1006 2397 autem
1026 2370 1107 2398 non
1129 2365 1189 2398 est
1206 2361 1426 2399 secundum
1448 2364 1558 2398 actus
1578 2360 1767 2404 morales,

146 2416 265 2452 quum
299 2407 399 2444 tales
420 2411 531 2445 actus
560 2409 639 2444 Deo
660 2407 820 2444 attribui
851 2417 930 2445 non
951 2408 1107 2454 possint
1128 2408 1206 2445 nisi
1228 2407 1522 2453 metaphorice3
1572 2416 1624 2444 on
1661 2407 1767 2443 enim

146 2455 226 2490 Deo
259 2455 445 2491 convenit
477 2454 620 2492 habere
650 2455 862 2500 passiones
893 2455 954 2491 vel
986 2455 1120 2501 aliqua
1151 2455 1381 2501 hujusmodi
1413 2464 1499 2502 quae
1587 2457 1629 2491 nt
1661 2453 1768 2505 circa

146 2504 258 2551 actus
278 2501 464 2538 morales.
486 2503 570 2538 Non
593 2505 653 2538 est
673 2502 793 2548 igitur
822 2502 962 2539 ultima
993 2501 1162 2540 felicitas
1195 2501 1384 2546 hominis,
1404 2511 1491 2548 quae
1524 2504 1584 2538 est
1605 2499 1769 2537 ultimus

148 2555 233 2592 eJus
259 2546 366 2593 sinis,
389 2548 616 2586 consistens
636 2548 676 2584 in
698 2548 853 2586 actibus
873 2548 1105 2586 moralibus.

192 2595 381 2645 Praeterea,
403 2595 572 2632 felicitas
608 2599 666 2632 est
697 2596 900 2641 proprium
931 2596 1108 2633 hominis
1139 2594 1303 2633 bonum.
1325 2594 1427 2633 Illud
1444 2594 1566 2641 igitur
1582 2592 1688 2645 quod
1706 2597 1768 2630 est

146 2646 316 2691 maxime
334 2642 537 2688 proprium
559 2642 735 2680 hominis
767 2643 870 2680 inter
901 2643 1037 2681 omnia
1053 2642 1160 2680 bona
1187 2642 1375 2685 humana,
1393 2644 1573 2687 respectu
1599 2639 1768 2677 aliorum

147 2687 394 2733 animalium,
413 2692 474 2725 est
502 2689 543 2725 in
574 2698 653 2736 quo
685 2689 898 2737 quaerenda
929 2693 989 2727 est
1020 2688 1106 2736 ejus
1138 2689 1280 2726 ultima
1312 2687 1495 2725 felicitas.
1531 2686 1767 2732 Hujustnodi

145 2734 277 2785 autem
298 2742 379 2770 non
400 2735 667 2787 estvirtutum
703 2735 914 2774 moralium
948 2739 1088 2782 actus;
1109 2744 1198 2773 nam
1221 2735 1299 2773 alia
1315 2733 1503 2772 animalia
1516 2733 1664 2781 aliquid
1686 2743 1770 2780 par-

144 2781 211 2815 tici
244 2783 311 2815 ant
346 2780 408 2816 vel
449 2781 698 2820 liberalitatis
726 2784 787 2820 vel
820 2783 1065 2821 fortitudinis
1082 2794 1092 2827 ;
1111 2780 1392 2819 intellectualis
1432 2784 1564 2818 autem
1599 2780 1768 2819 actionis

146 2825 215 2878 nul
236 2835 300 2878 uni
320 2826 466 2863 animal
488 2828 638 2879 aliquid
667 2830 889 2877 participat.
911 2832 999 2867 Non
1020 2833 1080 2867 est
1099 2829 1221 2876 igitur
1240 2827 1380 2866 ultima
1399 2827 1576 2866 hominis
1598 2828 1768 2866 felicitas

146 2880 188 2909 in
207 2873 361 2911 actibus
382 2874 614 2913 moralibus.
