1894 3223
620 105 706 141 LlB.
733 105 780 149 11,
809 105 910 142 CAP-
940 105 1118 142 Lxxvltt.
1604 105 1673 140 2¹3

657 255 824 297 CAPUT
866 255 1075 308 LXXVIII.

129 370 230 405 QUOD
249 369 328 400 NON
351 369 440 399 FUIT
465 369 683 399 SENTENTIA
706 368 955 398 ARISTOTELIS
983 369 1083 402 QUOD
1110 369 1366 400 INTELLECTUS
1392 361 1602 399 AGENsslT

219 428 459 458 SUBSTANTIA
479 428 698 462 SEPARATA,
728 428 796 456 SED
821 427 941 457 MAGIS
969 427 1068 461 QUOD
1097 428 1157 456 SIT
1175 429 1333 462 ALIQL'ID
1359 429 1506 458 AMMAE.

102 527 203 572 Quia
224 535 315 564 vero
336 526 470 573 plures
491 525 679 572 opinioni
701 525 960 571 suprapositae
979 526 1215 568 assentiunt,
1231 527 1434 563 credentes
1450 537 1534 563 eain
1551 528 1673 564 fuisse

63 574 293 622 opinionem
315 573 559 617 Aristotelis,
584 572 874 610 ostendendum
906 578 979 616 est,
1000 583 1047 609 ex
1075 573 1205 609 verbis
1239 573 1337 619 ejus,
1359 574 1464 621 quod
1494 574 1577 620 ipse
1600 574 1674 611 hoc

58 630 147 660 non
166 621 286 658 sentit
307 620 355 658 de
376 620 577 657 intellectu
597 624 738 664 agente
760 620 864 666 quod
887 620 939 656 sit
958 620 1180 656 substantia
1197 624 1396 664 separatas

104 668 327 706 Dicitenim
351 668 478 714 primo
500 667 565 714 (De
595 669 736 708 anima,
767 676 823 706 ιιι,
861 670 950 703 text.
978 676 1121 703 comm.
1150 670 1189 702 Π
1210 671 1248 702 et
1270 667 1325 713 18)
1353 668 1470 713 quod,
1503 668 1606 705 sient
1633 669 1673 704 in

57 715 166 754 omni
188 719 327 752 natura
344 719 404 752 est
425 714 574 762 aliquid
595 714 712 760 quasi
746 714 911 750 materia
949 714 985 749 in
1022 722 1260 759 unoquoque
1279 723 1419 761 genere
1443 714 1494 761 (et
1517 716 1593 752 lioc
1614 719 1674 752 est

58 763 99 799 in
119 762 294 808 potentia
314 762 362 798 ad
383 762 517 799 omnia
537 772 623 808 quie
651 764 746 798 sunt
780 761 889 797 illius
919 760 1105 811 generis),
1129 764 1166 796 et
1186 760 1336 806 aliquid
1356 761 1471 807 quasi
1493 761 1674 800 efficiens

59 808 179 856 (quod
217 809 309 846 facit
333 809 468 846 omnia
486 818 572 855 quae
601 812 694 845 sunt
722 807 831 844 illius
865 816 1036 854 generis,
1060 807 1160 843 sicut
1185 816 1227 844 se
1263 807 1377 844 habet
1401 817 1465 844 ars
1484 809 1531 845 ad
1553 813 1673 846 mate-

61 857 366 901 1·iai‘n),necesse
383 859 442 893 est
463 860 498 892 et
520 856 558 892 in
580 855 712 891 anima
724 863 812 891 esse
827 854 899 890 has
915 852 1171 897 differentias,
1194 858 1230 890 et
1250 854 1477 901 hujusmodi
1499 856 1672 901 quidem,

70 903 222 941 scilicet
245 915 252 939 ε
276 903 381 949 quod
411 903 450 939 in
479 902 612 939 anima
643 905 703 938 est
734 901 836 938 sicut
861 901 1026 937 materia
1046 904 1106 937 est
1140 901 1365 939 intellectus
1392 903 1611 947 possibilis,
1634 904 1674 939 in

65 960 144 997 quo
166 950 265 986 liunt
286 950 421 987 omnia
441 949 730 995 intelligibilia3
755 948 820 984 ille
841 957 932 984 vero
954 948 1020 994 qui
1043 948 1082 984 in
1104 948 1236 984 anima
1267 953 1327 985 est
1362 950 1464 986 sicut
1496 949 1674 988 efficiens

62 1006 185 1034 causa
208 1000 268 1034 est
289 996 512 1033 intellectus
533 1005 610 1042 quo
635 999 695 1032 cst
715 995 850 1032 omnia
871 995 1012 1039 faeere,
1037 995 1189 1031 scilicet
1220 996 1487 1042 intelligibilia
1507 997 1547 1033 in
1569 1001 1673 1042 actu,

59 1044 100 1081 id
119 1047 182 1081 est
199 1043 428 1080 intellectus
448 1052 586 1089 agens,
608 1042 673 1088 qui
697 1045 755 1078 est
777 1042 880 1078 sicut
898 1042 1056 1078 habitus
1075 1046 1112 1077 et
1130 1051 1209 1079 non
1233 1044 1336 1079 sicut
1358 1044 1546 1088 potentia..
1570 1045 1672 1088 Qua-

57 1091 150 1127 liter
180 1094 310 1126 autem
346 1090 488 1126 dixerit
522 1090 764 1126 intellectum
795 1093 976 1135 agentem
1011 1089 1203 1132 habitum,
1233 1091 1393 1135 exponit
1426 1091 1673 1137 subjungens

55 1137 170 1184 (text.
187 1146 331 1174 comm.
355 1137 412 1183 18)
434 1136 538 1183 quod
558 1140 618 1173 est
637 1136 741 1173 sicut
761 1136 915 1179 lumem
938 1136 1108 1182 quodam
1139 1136 1244 1173 enim
1279 1137 1398 1174 modo
1425 1138 1556 1174 lumen
1582 1138 1673 1174 facit

58 1184 235 1231 potentia
255 1184 411 1221 colores
430 1193 519 1221 esse
540 1187 629 1220 actu
650 1183 819 1227 colores,
840 1183 879 1219 in
899 1187 1089 1229 quantum
1112 1183 1264 1220 scilicet
1286 1184 1377 1221 facit
1401 1194 1470 1221 eos
1490 1184 1672 1222 visibiles

59 1235 171 1275 actu;
195 1231 270 1268 hoc
291 1235 421 1268 autem
444 1231 549 1267 circa
570 1230 838 1277 intelligibilia
858 1230 1084 1267 attribuitur
1117 1231 1333 1268 intellectui
1355 1232 1500 1278 agenti.
1529 1234 1581 1268 Ex
1611 1232 1674 1269 his

59 1282 189 1318 auten]
209 1278 420 1315 manifeste
442 1278 611 1314 habetur
630 1277 733 1324 quod
756 1277 979 1314 intellectus
1002 1287 1124 1323 agens
1146 1287 1225 1315 non
1247 1278 1299 1314 sit
1319 1279 1541 1315 substantia
1558 1288 1673 1325 sepa-

60 1329 158 1369 rata,
181 1325 249 1362 sed
286 1326 415 1372 magis
442 1325 594 1372 aliquid
628 1325 788 1366 animae;
822 1334 1007 1370 expresse
1038 1325 1143 1361 enim
1178 1325 1272 1362 dicit
1309 1326 1413 1372 quod
1447 1326 1674 1363 intellectus

57 1372 268 1419 possibilis
305 1376 342 1409 et
371 1376 621 1419 agenssunt
655 1371 886 1408 differentiae
936 1372 1091 1417 animae,
1115 1376 1151 1409 et
1181 1373 1286 1419 quod
1317 1377 1410 1410 sunt
1443 1373 1482 1410 in
1517 1374 1672 1417 aninia;

62 1423 202 1456 neutra
226 1428 320 1466 ergo
339 1428 472 1456 earum
497 1423 556 1456 est
577 1418 801 1456 substantia
820 1423 1013 1464 separata.

109 1466 255 1506 Adhuc.
279 1466 378 1503 ratio
394 1466 480 1512 ejus
500 1466 576 1503 hoc
594 1465 697 1502 idem
719 1466 919 1503 ostendit:
943 1467 1042 1510 Quia
1061 1466 1101 1502 in
1124 1466 1231 1502 omni
1253 1470 1389 1503 natura
1408 1467 1446 1503 in
1468 1477 1545 1513 qua
1567 1467 1674 1503 inve-

62 1512 170 1550 nitur
188 1513 361 1558 potentia
382 1517 419 1549 et
438 1516 564 1556 actus,
584 1516 646 1549 est
663 1513 812 1559 aliquid
829 1513 943 1559 quasi
963 1513 1139 1556 materia,
1162 1513 1266 1559 quod
1291 1518 1350 1550 est
1371 1514 1409 1549 in
1437 1515 1610 1559 potentia
1625 1514 1674 1551 ad

62 1569 110 1597 ea
129 1568 215 1606 quae
237 1563 330 1597 sunt
349 1559 460 1596 illius
480 1559 651 1606 generis,
672 1563 709 1595 et
729 1559 878 1605 aliquid
911 1561 1025 1606 quasi
1060 1569 1196 1606 agens,
1230 1561 1333 1606 quod
1367 1561 1517 1597 reducit
1538 1565 1675 1607 poten·

61 1606 157 1644 tiam
177 1607 219 1643 in
245 1610 389 1651 actum,
415 1606 519 1644 sicut
539 1606 580 1642 in
600 1605 874 1643 artificialibus
896 1610 956 1643 est
992 1616 1056 1643 ars
1089 1611 1126 1643 et
1157 1608 1341 1652 mutel-iffi
1371 1608 1437 1644 sed
1467 1608 1599 1645 anima
1620 1609 1676 1644 in-

61 1653 257 1690 tellectiva
286 1657 346 1690 est
375 1652 554 1700 quaedam
587 1657 728 1689 natura
764 1653 803 1689 in
832 1663 909 1700 qua
929 1654 1127 1690 invenitur
1147 1654 1322 1700 potentia
1343 1658 1380 1691 et
1402 1659 1529 1695 actus,
1553 1664 1673 1702 quum

62 1701 299 1748 quandoque
314 1701 365 1737 sit
385 1704 474 1737 actu
495 1700 725 1746 intelligens
757 1704 794 1736 et
814 1700 1051 1747 quandoque
1073 1701 1113 1736 in
1146 1701 1340 1746 potentia;
1375 1706 1435 1738 est
1468 1702 1602 1749 igitur,
1635 1703 1674 1738 in

62 1752 206 1785 natura
225 1747 367 1784 animae
389 1747 652 1790 intellectivae,
675 1747 825 1793 aliquid
859 1748 974 1793 'quasi
1012 1748 1190 1792 materia,
1213 1749 1316 1794 quod
1339 1753 1398 1786 est
1430 1749 1469 1785 in
1501 1750 1677 1795 potentia

63 1794 111 1832 ad
132 1794 267 1832 omnia
285 1794 566 1841 intelligibilia,
586 1794 692 1840 quod
713 1794 1092 1832 diciturintellectus
1107 1795 1326 1840 possibilis,
1345 1799 1382 1832 et
1395 1796 1544 1842 aliquid
1560 1796 1674 1843 quasi

63 1851 188 1879 causa
209 1840 401 1885 efficiens,
435 1841 542 1887 quod
571 1841 665 1878 facit
692 1841 827 1878 omnia
852 1841 893 1877 in
913 1845 1017 1886 actu,
1046 1845 1084 1878 et
1116 1842 1259 1879 dicitur
1290 1843 1514 1879 intellectus
1536 1853 1672 1890 agens.

61 1889 229 1935 Uterque
248 1887 370 1935 igitur
387 1888 626 1933 intellectus,
649 1888 869 1925 secundum
891 1888 1273 1926 demonstrationem
1299 1890 1523 1927 Aristotelis
1543 1895 1603 1928 est
1633 1891 1675 1927 in

60 1939 203 1973 natura
223 1936 379 1979 animae,
401 1939 438 1972 et
457 1944 536 1972 non
559 1935 707 1982 aliquid
723 1939 963 1981 separatum,
990 1936 1210 1973 secundum
1241 1946 1343 1981 esse,
1367 1947 1389 1974 a
1417 1947 1581 1983 corpore
1608 1947 1675 1975 cu-

57 1982 125 2030 ius
146 1983 279 2019 anima
292 1986 353 2020 est
372 1985 498 2019 actus.

110 2030 300 2075 Amplius,
316 2029 551 2066 Aristoteles
570 2029 665 2076 dicit
686 2029 748 2076 (De
767 2031 904 2073 anima,
926 2038 984 2074 111,
1003 2032 1096 2067 text.
1117 2040 1265 2067 comm.
1294 2031 1352 2075 18)
1371 2031 1476 2078 quod
1499 2031 1675 2069 intellec·

62 2078 132 2114 tus
154 2085 278 2123 agens
298 2080 359 2114 est
378 2076 482 2113 sicut
501 2076 674 2117 habitus,
699 2077 804 2123 quod
825 2080 885 2114 est
902 2076 1050 2113 lumen.
1071 2077 1235 2114 Habitus
1252 2081 1382 2114 autem
1396 2088 1475 2115 non
1495 2079 1676 2124 signatur

64 2126 108 2162 ut
128 2123 279 2170 aliquid
298 2133 368 2169 per
384 2132 427 2160 se
448 2123 637 2168 existens,
655 2124 725 2161 sed
745 2123 915 2170 alicujus
937 2123 1133 2161 habentis.
1155 2126 1239 2161 Non
1262 2128 1322 2162 est
1350 2125 1472 2171 igitur
1499 2126 1674 2162 intellec-

60 2173 125 2208 tus
145 2179 270 2218 agens
299 2170 432 2217 aliqua
451 2170 676 2208 substantia
700 2171 913 2216 separatim
946 2180 1015 2217 per
1044 2180 1088 2207 se
1116 2172 1306 2215 existens,
1328 2173 1396 2209 sed
1433 2177 1492 2210 est
1526 2172 1675 2218 aliquid

59 2217 205 2255 animae
224 2217 426 2256 huinanae.
449 2219 534 2255 Non
554 2221 686 2255 autem
706 2218 942 2264 intelligitur
961 2218 1091 2255 littera
1108 2218 1331 2256 Aristotelis
1342 2222 1384 2256 ut
1400 2220 1559 2257 habitus
1575 2220 1676 2256 dica-

61 2266 127 2301 tur
147 2273 236 2302 esse
261 2263 425 2302 effectus
444 2265 672 2302 intellectus
693 2265 861 2312 agentis,
884 2264 954 2302 sed
975 2268 1016 2302 ut
1043 2265 1093 2302 sit
1113 2274 1258 2303 sensus
1281 2278 1290 2302 ε
1311 2267 1537 2303 Intellectus
1552 2275 1675 2313 agens

62 2310 159 2348 facit
172 2311 386 2362 ,hominem
403 2312 625 2358 intelligere
645 2312 792 2356 omnia,
815 2312 920 2359 quod
940 2315 1000 2349 est
1017 2312 1120 2349 sicut
1153 2312 1324 2350 habitus.
1360 2314 1447 2349 Haec
1477 2313 1581 2348 enim
1616 2316 1676 2350 est

62 2355 240 2394 definitio
261 2357 434 2403 habitus,
456 2362 500 2395 ut
527 2363 818 2396 commentator
835 2359 1056 2396 Avcrrhoes
1088 2359 1233 2396 ibidem
1265 2359 1371 2399 dicit,
1396 2360 1501 2405 quod
1523 2359 1674 2396 liabens

62 2403 240 2455 habitum
256 2403 453 2451 intelligat
470 2414 541 2451 per
557 2406 689 2451 ipsum
707 2405 814 2453 quod
845 2409 906 2443 est
939 2406 1015 2443 sibi
1048 2406 1267 2451 proprium,
1290 2416 1336 2441 ex
1357 2414 1415 2449 se,
1445 2410 1482 2442 et
1515 2406 1674 2452 quando

61 2450 243 2491 voluerit,
265 2449 415 2498 absque
442 2450 519 2488 hoc
547 2452 654 2498 quod
684 2452 861 2499 indigeat
892 2452 933 2488 in
962 2461 1008 2489 eo
1042 2452 1175 2498 aliquo
1208 2452 1454 2496 ext1·inseco;
1486 2461 1673 2498 expresse

61 2497 168 2535 enim
187 2497 382 2535 assimilat
398 2497 550 2535 habitui
569 2507 649 2536 non
670 2498 803 2544 ipsum
829 2499 994 2541 factum,
1012 2499 1081 2536 sed
1099 2498 1339 2536 intellectum
1363 2508 1440 2545 quo
1462 2502 1522 2536 est
1540 2500 1674 2538 omnia

62 2544 204 2582 facere.
224 2546 300 2581 Nec
320 2548 453 2581 tamen
470 2544 772 2591 intelligendum
807 2549 866 2582 est
905 2545 1009 2591 quod
1041 2545 1266 2582 intellectus
1297 2555 1419 2592 agens
1441 2546 1492 2583 sit
1514 2546 1674 2584 habitus

61 2601 131 2639 per
150 2591 309 2628 modum
331 2601 409 2638 quo
432 2590 591 2628 habitus
610 2595 670 2628 est
688 2592 727 2628 in
750 2591 925 2628 secunda
946 2591 1076 2636 specie
1098 2592 1313 2638 qualitatis,
1333 2593 1551 2631 secundum
1567 2594 1673 2641 quod

62 2639 222 2686 quidam
244 2638 427 2676 dixerunt
455 2638 700 2675 intellectum
733 2641 914 2685 agentem
934 2647 1023 2675 esse
1047 2638 1224 2675 habitum
1253 2639 1558 2686 principiorum3
1581 2641 1674 2687 quia

62 2685 222 2723 habitus
241 2685 308 2723 ille
327 2685 612 2732 principiorum
632 2688 693 2722 est
707 2689 892 2731 acceptus
909 2694 931 2721 a
951 2685 1224 2730 sensibilibus,
1241 2690 1282 2724 ut
1300 2687 1673 2732 probatAristoteles

60 2731 226 2779 (Postera,
246 2741 290 2777 11,
311 2736 405 2770 text.
425 2741 570 2770 comm.
592 2731 694 2779 ult.),
714 2735 752 2768 et
772 2733 830 2769 sic
858 2736 1011 2778 oportet
1039 2732 1145 2779 quod
1175 2733 1228 2770 sit
1253 2733 1416 2771 effectus
1447 2735 1674 2772 intellectus

64 2780 232 2826 agentis,
254 2779 369 2826 cujus
389 2783 448 2817 est
476 2780 768 2825 phantasmata,
790 2788 878 2826 quae
911 2782 1005 2816 sunt
1034 2779 1235 2817 intellecta
1265 2780 1307 2818 in
1334 2781 1523 2828 potentia,
1546 2781 1673 2818 facere

66 2825 266 2878 intellecta
287 2827 328 2864 in
348 2831 451 2865 actu.
475 2826 549 2864 Sed
568 2827 761 2874 accipitur
779 2826 938 2864 habitus
959 2826 1176 2865 secundum
1198 2827 1304 2874 quod
1331 2828 1517 2866 dividitur
1537 2832 1673 2866 contra

63 2876 338 2920 privationem,
371 2874 476 2914 sicut
509 2874 641 2913 omnis
675 2873 801 2912 forma
833 2876 871 2911 et
898 2876 1011 2912 actus
1041 2877 1171 2921 potest
1204 2874 1281 2913 dici
1319 2875 1497 2921 habitus3
1529 2879 1566 2912 et
1597 2875 1673 2912 hoc
